1894 3059
207 112 262 140 ars

935 108 1097 138 orucsms
1686 91 1695 97 “
1771 109 1813 137 me

207 177 298 199 castra
320 178 379 203 sua,
407 177 453 205 per
470 170 582 197 verbum
611 170 727 197 Domini.
748 179 757 195 ι
781 169 828 196 Est
853 175 917 203 ergo
940 175 992 195 una
1008 168 1030 196 A
1044 168 1116 194 sit-int
1138 176 1225 196 suam.
1244 168 1299 196 Sed
1313 169 1369 195 haec
1387 172 1463 203 petra
1477 189 1484 200 .
1503 167 1553 195 nisi
1574 166 1655 194 fuerit
1681 169 1814 203 percussa,

208 217 316 252 quidem
330 223 466 251 synagoga
494 216 610 247 Domini,
632 215 677 242 sed
699 216 757 242 haec
776 215 801 241 in
818 220 936 250 quatuor
947 222 992 241 ca-

207 270 263 290 stra
279 263 419 291 dividitur.
450 262 571 295 Quatuor
592 269 708 296 namque
725 268 818 288 castra
834 261 993 288 describun—

207 314 252 336 tur
266 309 341 336 circa
358 307 560 335 tabernaculum
576 307 682 334 Domini
704 307 802 341 posita,
824 308 894 334 sicut
909 306 991 333 refer-

210 361 254 381 tur
270 355 295 381 in
311 354 435 380 Numeris
449 353 482 380 ⁸⁸.
498 353 530 379 Ει
547 357 572 379 ιιι
585 361 649 387 ergo
662 353 684 380 si
707 361 815 388 semper
837 353 943 388 vigiles,
965 358 993 380 et

207 407 314 435 semper
332 405 452 426 armatus
473 400 522 431 sis,
535 404 562 426 et
583 400 654 426 scias
673 403 698 426 te
714 399 740 425 in
774 399 870 426 castris
885 398 991 425 Domini

206 446 336 478 militare,
351 446 464 472 observa
478 445 543 472 illud
559 445 725 476 mandatum,
743 445 805 479 quia
825 454 835 469 ί
851 453 929 472 nemo
943 445 991 471 mi-

205 490 289 518 litans
304 491 368 522 Deo,
381 490 505 525 implicat
529 498 559 517 se
573 490 689 524 negotiis
713 490 900 519 saecularibus.
922 495 951 516 ut
967 490 991 516 ei

205 535 311 570 placeat
325 535 368 562 cui
391 543 420 562 se
441 534 569 569 probavit
586 533 721 569 "pqaia
732 534 752 560 si
773 534 810 560 ita
832 534 941 564 milites,
964 539 992 560 ut

206 576 219 608 εἰ
240 582 320 609 rebus
344 581 520 609 saecularibus
549 580 620 607 liber
631 581 670 608 sis
687 585 714 607 et
734 581 759 606 in
773 580 872 606 castris
887 579 991 606 Domini

207 634 270 661 agas
303 634 411 661 semper
437 626 576 658 exeubias,
593 631 620 652 et
640 625 673 652 de
695 630 721 651 te
735 624 847 654 dicitur.
866 624 927 658 quia
945 632 994 659 per

206 672 319 698 verbum
331 671 437 698 Domini
460 678 541 698 exeas
562 671 594 697 de
618 669 726 697 deserto
746 668 794 696 Sin
810 673 837 696 et
857 670 953 696 venias
966 669 992 696 itt

207 717 354 752 ltaphidin.
372 717 419 744 Sin
434 717 505 744 enim
524 717 635 743 tentatio
661 716 869 749 interpretatur;
891 715 993 750 llaphi-

206 765 251 791 diu
270 771 334 791 vero
346 763 446 790 sanitas
458 763 555 797 judicii
579 762 646 798 (64).
665 762 715 794 Qui
739 761 807 789 bene
823 761 923 789 cxitde
936 766 994 787 ten‘

208 810 320 842 latione,
344 815 372 836 et
389 817 469 845 quem
498 809 612 835 lentatio
633 808 800 843 probabilem
822 807 925 838 reddit,
940 807 992 834 iste

207 855 281 883 venit
296 855 329 882 ad
346 855 487 882 sanitatem
502 853 608 887 iudicii.
630 852 657 879 lu
674 853 718 880 die
743 854 814 880 enim
832 852 927 887 judicii
950 860 993 879 sa-

208 909 259 928 nus
274 901 337 932 erit,
354 899 434 935 169
456 905 484 926 et
506 900 611 926 sanitas
627 906 688 926 cum
702 906 734 926 eo
750 900 814 930 erit,
829 899 874 933 qui
893 899 919 925 itt
936 902 993 925 teu—

209 947 311 973 tutioue
329 953 381 973 non
397 945 478 972 fuerit
502 945 662 971 vulneratus
679 952 685 970 :
701 944 772 971 sicut
793 949 820 970 et
841 944 867 970 in
883 943 990 978 Apoca-

209 993 277 1028 lypsi
292 993 422 1027 scriptum
435 997 474 1019 est
488 992 511 1007 ’θ
526 1001 533 1018 :
552 1001 560 1017 ι
581 991 630 1024 Qui
647 995 738 1018 autent
756 990 866 1022 vicerit,
883 990 955 1017 dabo
967 991 992 1017 ei

207 1041 242 1067 tle
255 1039 327 1074 ligno
349 1040 419 1070 vine,
436 1037 508 1073 quod
519 1043 560 1065 est
584 1038 609 1064 in
631 1038 757 1072 paradiso
770 1036 818 1064 Dei
834 1036 896 1063 mei.
914 1046 924 1063 ι
942 1037 994 1064 Ve-

208 1087 248 1113 nit
262 1094 325 1121 ergo
340 1085 374 1113 ad
389 1086 534 1112 sanitatem
547 1085 654 1120 judicii,
667 1085 712 1119 qui
726 1085 793 1112 bene
807 1085 926 1120 disponit
936 1092 994 1112 ser-

207 1139 302 1159 mones
316 1139 380 1159 suos
403 1132 428 1158 in
440 1127 554 1165 judicio.

241 1177 268 1204 2.
290 1175 345 1204 Sed
362 1177 425 1212 quid
443 1181 484 1203 est
505 1177 575 1211 quod
593 1177 738 1210 sequitur?
756 1186 764 1202 ι
785 1176 859 1203 Sitiit
885 1177 934 1210 ibi,
954 1176 995 1204 itt-

206 1224 265 1258 quit
278 1223 312 1256 “,
330 1223 444 1257 populus
459 1231 569 1257 aquam,
582 1228 608 1249 et
625 1223 834 1249 murmurabant
849 1222 993 1249 adversum

207 1269 329 1303 Moysen.
354 1278 362 1293 ι
389 1267 514 1294 Videatur
530 1266 645 1293 fortasse
660 1274 691 1292 ex
711 1266 848 1300 superfluo
871 1266 971 1292 dictum
986 1285 994 1297 ,

207 1313 278 1346 quod
292 1312 370 1345 dixit,
396 1312 459 1347 quia
475 1319 572 1344 aquam
587 1311 687 1338 sitierit
701 1311 827 1346 populus.
845 1310 996 1338 Sull'eeerat

208 1360 281 1387 enitn
296 1359 397 1390 dicere,
416 1359 480 1392 quia
496 1358 575 1389 sitiit,
603 1357 666 1391 quid
687 1365 754 1392 opus
777 1357 859 1384 fuerit
875 1357 994 1390 addere,

208 1412 305 1440 aquam
321 1405 408 1432 sitiit?
420 1403 477 1431 Non
493 1409 535 1432 est
550 1404 685 1438 superﬂua
698 1403 824 1438 adjectio.
838 1403 907 1430 Sunt
923 1404 994 1431 enim

207 1453 322 1478 diversae
334 1451 354 1477 si
361 1455 410 1482 tes,
427 1455 454 1478 et
471 1451 655 1484 unusquisque
667 1450 748 1477 habet
761 1451 896 1485 propriam
910 1451 993 1478 sitiut.

1044 222 1128 248 aquas
1147 222 1200 241 tton
1227 214 1323 242 dabit:
1352 221 1481 248 percussa
1499 221 1563 240 vero
1590 213 1677 239 fontes
1693 214 1813 247 produt-it.

1044 260 1193 287 Percussus
1205 260 1277 286 enim
1291 259 1426 291 Christus,
1441 264 1469 286 et
1481 258 1508 285 in
1526 265 1634 285 crucem
1660 263 1748 290 actus,
1759 257 1815 286 Novi

1043 304 1212 331 Testamcnti
1229 304 1317 331 fontes
1334 304 1462 339 produxit
1478 313 1485 330 :
1514 307 1540 330 et
1557 308 1698 338 propterea
1725 304 1813 331 dictum

1043 354 1084 376 est
1100 350 1131 375 de
1144 356 1176 376 eo
1192 350 1225 381 θ’,
1241 349 1304 383 quia
1322 358 1331 374 ‹
1357 349 1508 383 percutiam
1525 353 1663 382 pastorem
1680 353 1708 375 et
1725 349 1816 383 disper-

1043 399 1141 429 gentur
1154 402 1228 422 oves.
1246 404 1255 421 ›
1273 394 1391 422 Necesse
1401 402 1466 428 ergo
1480 399 1537 421 erat
1552 394 1625 421 illum
1643 393 1756 429 percuti.
1767 393 1814 422 Nisi

1043 442 1114 468 enim
1131 441 1175 468 ille
1192 441 1287 468 fuisset
1301 448 1456 475 percussus,
1470 445 1497 467 et
1514 441 1614 468 exisset
1629 441 1662 467 de
1676 440 1758 467 latere
1767 440 1816 473 ejus

1044 495 1114 522 aqua
1132 491 1158 514 et
1175 487 1298 522 sanguis,
1313 494 1408 513 oumes
1423 494 1473 514 nos
1486 487 1558 514 sitim
1574 487 1646 514 verbi
1661 487 1706 514 Dei
1722 492 1816 521 patere—

1044 541 1114 560 tnttr.
1126 532 1181 560 Hoc
1193 540 1257 567 ergo
1266 537 1308 560 est
1316 533 1350 565 ",
1361 532 1432 567 quod
1444 537 1471 559 et
1482 532 1628 566 Apostolus
1637 533 1817 565 interpretatus

1043 584 1095 611 est,
1106 579 1168 613 quia
1180 588 1188 604 ι
1203 585 1298 606 omnes
1306 578 1429 605 eumdem
1438 579 1667 605 manducaverunt
1677 578 1763 604 cibum
1770 577 1818 611 spi-

1045 625 1161 658 ritalem,
1170 629 1294 651 etomt:es
1306 625 1428 651 eumdem
1435 624 1583 658 spiritalem
1593 623 1717 650 biberunt
1727 629 1817 658 potum.

1044 671 1178 698 Dibebant
1194 676 1284 698 autem
1301 671 1333 697 de
1345 670 1474 704 spiritali,
1495 675 1624 704 sequente
1640 675 1730 704 petra,
1752 675 1818 703 petra

1044 726 1109 746 vero
1121 718 1323 746 eratChristus.
1338 727 1347 743 ι
1360 717 1480 745 Observa
1492 717 1657 751 tamenquod
1669 716 1785 743 dixitboc
1793 716 1818 743 in

1044 764 1103 792 loco
1113 765 1184 792 Deus
1197 765 1230 791 ad
1241 763 1350 799 Moysen
1365 764 1387 779 "
1402 772 1408 789 :
1425 772 1434 789 ι
1448 763 1582 790 Antecede
1593 762 1731 796 populum,
1741 766 1766 788 et
1776 762 1819 788 duc

1046 816 1133 838 tecum
1145 810 1260 844 majores
1276 815 1351 842 italu,
1363 810 1388 836 id
1400 814 1440 836 cst
1448 809 1621 844 presbyteros
1636 807 1735 842 populi.
1749 817 1757 833 ›
1770 807 1819 834 Non

1045 857 1120 885 solus
1130 857 1238 893 Moyses
1252 857 1326 883 ducit
1339 858 1464 890 populum
1478 856 1510 882 ad
1526 863 1611 889 aquas
1627 860 1709 889 petra:
1722 875 1730 888 ,
1745 855 1786 881 sed
1798 857 1821 880 et

1044 904 1166 931 seniores
1178 903 1269 938 populi
1282 910 1342 929 cum
1358 902 1426 936 ipso.
1442 901 1500 928 Non
1516 901 1586 928 enim
1600 900 1655 927 sola
1669 900 1712 927 lex
1728 907 1822 926 antron-

1044 950 1093 976 tiat
1107 949 1245 976 Christum
1257 969 1264 980 ,
1288 948 1334 975 sed
1353 953 1381 975 et
1407 947 1545 982 prophetas
1561 967 1568 980 ,
1587 951 1612 974 et
1628 946 1822 981 patriarchac,et

1047 1002 1142 1022 omnes
1157 995 1274 1028 majores
1306 999 1381 1021 natu.

1098 1043 1125 1069 5.
1151 1042 1216 1069 Post
1243 1042 1300 1069 haec
1328 1040 1428 1068 bellum
1456 1040 1620 1067 describitur
1643 1043 1747 1074 gestum
1770 1044 1823 1063 cum

1044 1087 1216 1121 Amalecitis,
1237 1093 1371 1122 pugnasse
1396 1085 1515 1112 refertur
1541 1084 1655 1119 populus
1679 1089 1706 1110 et
1726 1083 1822 1110 vicisse.

1045 1134 1200 1167 Antequam
1218 1132 1395 1159 manducaret
1412 1137 1507 1165 panem
1528 1131 1561 1157 de
1578 1130 1657 1161 cado,
1681 1134 1709 1155 et
1727 1129 1823 1156 bihcret

1047 1186 1144 1212 aquam
1162 1179 1196 1205 de
1211 1183 1297 1213 petra,
1327 1185 1379 1204 non
1400 1176 1518 1203 refertur
1545 1175 1659 1210 populus
1685 1181 1825 1209 pugnasse.

1046 1225 1092 1252 sed
1110 1225 1211 1251 dicitur
1227 1224 1260 1250 ad
1277 1231 1339 1250 eum
1359 1222 1398 1248 ’δι
1431 1231 1440 1247 ‹
1470 1222 1598 1248 Dominus
1626 1220 1755 1255 pugnabit
1783 1225 1827 1252 pro

1046 1272 1133 1303 vobis,
1155 1277 1182 1298 et
1198 1278 1246 1297 vos
1265 1269 1401 1297 tacebitis.
1417 1278 1425 1293 ι
1446 1269 1492 1295 Est
1520 1275 1584 1302 ergo
1607 1271 1714 1300 tempus
1729 1265 1827 1300 quando

1047 1317 1178 1345 Dominus
1195 1320 1297 1351 pugnat
1312 1323 1361 1349 pro
1376 1314 1464 1345 nobis,
1493 1321 1541 1340 nec
1559 1313 1692 1347 pertnittit
1710 1319 1758 1338 nos
1776 1316 1828 1337 tert-

1049 1363 1100 1391 tari
1120 1370 1201 1397 supra
1218 1362 1244 1388 id
1262 1361 1333 1395 qttod
1351 1367 1506 1394 possumus,
1524 1367 1573 1386 nec
1589 1359 1708 1392 impares
1733 1357 1828 1384 viribus

1047 1409 1113 1437 sinit
1132 1409 1165 1435 ad
1188 1408 1268 1434 fortis
1287 1408 1380 1434 venire
1395 1413 1582 1439 congressum.
1600 1405 1722 1438 Denique
1743 1408 1769 1430 et
1785 1401 1829 1429 Job

1048 1463 1129 1482 omne
1144 1454 1208 1482 illud
1224 1453 1383 1480 tentatiouis
1397 1459 1452 1479 sua!
1469 1451 1685 1478 famosissimum
1697 1455 1828 1477 certamen

207 1498 259 1531 Qui
276 1498 345 1524 beati
363 1502 423 1524 sunt
439 1496 588 1524 secundum
613 1497 727 1523 verbum
752 1496 860 1524 Domini
877 1497 911 1530 ⁸⁸,
930 1505 993 1524 esu-
1009 1499 1032 1529 C
1046 1501 1102 1535 jam
1123 1501 1262 1535 perfectus
1293 1498 1425 1533 implevit.
1444 1497 1477 1524 Et
1500 1503 1526 1524 tu
1554 1504 1618 1530 ergo
1640 1504 1705 1523 cutn
1721 1495 1830 1529 cmperis

209 1545 294 1576 riunt,
312 1549 339 1570 et
360 1543 493 1577 justitiam
510 1543 625 1573 sitiunt;
652 1546 680 1568 et
699 1541 743 1568 alii
762 1542 939 1570 nihilmuirms
956 1544 995 1570 di-

208 1594 272 1616 cunt
295 1588 338 1615 '9:
360 1598 369 1614 ‹
390 1588 481 1615 Sitivit
497 1588 587 1615 anima
614 1595 673 1614 utea
691 1587 724 1614 ad
746 1592 784 1620 te,
803 1588 884 1616 Deus.
904 1598 913 1615 ι
942 1590 993 1622 Qui

209 1643 276 1662 vero
292 1640 449 1669 peccatores
470 1638 544 1667 sunt,
563 1635 706 1669 patiuntur
728 1642 780 1662 non
805 1635 879 1661 sitim
901 1643 994 1669 aquas,

209 1687 300 1716 neque
319 1681 417 1707 famem
439 1680 515 1715 panis
531 1700 539 1712 ,
566 1680 612 1707 scd
638 1681 711 1708 sitim
730 1682 856 1708 audiendi
885 1681 996 1709 verbum

211 1726 259 1753 Dei
273 1726 306 1753 ’°.
322 1725 426 1752 Idcirco
446 1726 528 1760 Igitur
541 1730 566 1752 et
578 1725 623 1752 hic
638 1726 725 1758 addit,
744 1727 807 1761 quia
832 1726 947 1761 populus
960 1727 997 1754 si-

211 1771 254 1798 tiit
268 1779 377 1806 aquam,
395 1770 441 1805 qui
457 1770 550 1798 debuit
576 1771 659 1798 Deum
681 1771 769 1806 sitire,
787 1772 833 1806 qui
851 1773 944 1800 debuit
960 1773 997 1800 si-

210 1817 262 1843 tire
275 1815 421 1850 justitiam.
437 1815 536 1843 Verum
555 1816 617 1850 quia
630 1815 703 1844 Deus
729 1825 792 1845 vere
808 1818 932 1844 erttditor
956 1823 998 1845 est

210 1861 408 1893 infantiutn,et
432 1861 561 1896 magister
578 1860 777 1896 insipientimn.
803 1862 918 1898 corrigit
940 1863 996 1890 eul-

211 1917 269 1944 pas,
285 1913 311 1936 et
324 1908 450 1936 emendat
467 1915 588 1940 errores,
603 1913 630 1935 et
645 1908 711 1935 dicit
725 1909 757 1936 ad
773 1908 882 1944 Moysen
911 1913 940 1936 ut
954 1917 997 1936 su-

213 1960 269 1981 mat
291 1955 417 1989 virgatn,
446 1959 473 1981 et
498 1954 654 1988 percutiens
680 1959 805 1988 petram,
831 1955 930 1982 educat
958 1955 998 1982 eis

212 2007 322 2034 aquam.
337 1999 399 2026 Vult
414 1999 487 2025 ettim
501 2006 547 2025 eos
557 1998 613 2033 jam
630 1999 663 2025 de
676 2004 752 2033 petra
766 1999 868 2033 bibere,
885 1999 939 2027 vult
951 2008 998 2028 eos

212 2046 357 2080 prolicere,
370 2049 395 2072 et
409 2044 442 2071 ad
458 2044 587 2071 interiora
604 2045 699 2072 venire
720 2045 859 2080 mysteria.
878 2045 998 2073 Murrnu-

213 2094 345 2118 raverunt
357 2089 430 2117 enirn
444 2089 573 2117 adversus
593 2090 703 2125 Moysen
713 2111 720 2123 ,
733 2095 760 2118 et
771 2095 912 2126 propterea
922 2092 999 2127 jubet

212 2136 343 2164 Dominus
355 2139 386 2162 ut
403 2135 529 2162 ostendat
543 2136 584 2162 eis
601 2141 716 2169 petram,
733 2144 767 2163 ex
779 2145 830 2171 qua
847 2137 952 2165 bibant.
969 2138 997 2165 Si

1048 1546 1214 1572 manducare
1230 1552 1339 1576 manna,
1363 1551 1458 1579 panem
1487 1543 1624 1569 cmleSIem
1642 1543 1718 1569 verbi
1739 1541 1792 1572 Dei,
1806 1543 1830 1566 et

1047 1591 1142 1618 bibere
1167 1597 1265 1624 aquam
1296 1591 1329 1617 de
1344 1594 1433 1623 petra,
1449 1595 1564 1622 cumque
1586 1589 1619 1615 ad
1632 1588 1766 1615 interiora
1787 1585 1829 1612 ιιι)-

1048 1638 1144 1665 ctrina:
1164 1636 1295 1672 spiritalis
1318 1635 1470 1662 accesseris
1485 1653 1491 1665 ,
1511 1639 1622 1668 sperato
1649 1641 1785 1668 pugnam;
1806 1635 1831 1657 et

1048 1689 1170 1716 pra‘para
1187 1686 1212 1708 te
1227 1681 1259 1708 ad
1275 1681 1387 1707 bellum.
1404 1678 1478 1705 Bello
1508 1679 1591 1714 igitur
1605 1679 1777 1709 imminente,
1796 1675 1832 1702 Vi-

1048 1728 1161 1756 deamus
1179 1727 1243 1761 quid
1270 1726 1411 1761 pra-cipiat
1426 1725 1532 1760 Moyses
1548 1735 1553 1752 :
1573 1733 1583 1750 ‹
1600 1725 1684 1756 Dixit,
1702 1723 1830 1758 inquit",

1051 1775 1083 1802 ad
1097 1773 1188 1801 Jrsum
1202 1782 1209 1800 :
1225 1773 1301 1807 Elige
1317 1773 1362 1799 tibi
1381 1772 1432 1806 ipsi
1451 1772 1536 1802 viros,
1556 1775 1582 1798 et
1594 1771 1647 1803 exi,
1679 1777 1706 1798 et.
1723 1769 1831 1803 conﬂige

1048 1829 1110 1848 cuttt
1132 1820 1244 1847 Amalec
1273 1819 1403 1845 crastino.
1433 1827 1442 1844 ι
1477 1817 1567 1852 Usque
1594 1817 1627 1844 ad
1656 1817 1733 1844 hunc
1751 1816 1831 1842 loctttn

1049 1866 1122 1894 beati
1141 1865 1197 1901 (65)
1208 1865 1326 1892 nominis
1340 1864 1403 1891 Jesu
1421 1871 1553 1898 nusqtmm
1576 1863 1645 1889 facta
1667 1868 1710 1890 est
1727 1861 1830 1888 mentio.

1049 1911 1098 1938 Hic
1108 1911 1225 1946 primum
1235 1909 1357 1936 vocabuli
1368 1909 1446 1942 hujus
1459 1908 1583 1942 splendor
1592 1907 1706 1934 cliulsit.
1724 1907 1774 1933 llic
1783 1905 1833 1940 pri-

1051 1965 1124 1984 tnum
1141 1956 1247 1983 vocavit
1259 1954 1366 1990 Moyses
1384 1953 1484 1983 Jesum.
1499 1959 1525 1980 et
1548 1953 1615 1979 divit
1629 1953 1654 1979 ei
1675 1953 1698 1968 "
1713 1962 1720 1979 :
1740 1961 1750 1977 ι
1767 1951 1833 1983 Elige

1052 2003 1100 2030 tibi
1118 2002 1169 2037 ipsi
1187 2002 1269 2028 viros.
1289 2010 1299 2026 ι
1321 2000 1425 2035 Moyses
1453 2004 1529 2026 vocat
1546 1998 1638 2026 .lesum
1657 2018 1665 2031 ,
1695 1998 1746 2025 lex’
1766 2000 1835 2024 vocat

1052 2048 1202 2080 Christum,
1220 2052 1250 2074 ut
1266 2047 1349 2081 eligat
1373 2046 1480 2081 sibiipsi
1509 2045 1583 2071 viros
1603 2050 1729 2078 potentes
1743 2045 1776 2070 de
1791 2051 1834 2077 pu-

1050 2095 1125 2130 pulo.
1139 2093 1197 2121 Non
1223 2097 1331 2128 poterat
1360 2092 1466 2127 Moyses
1480 2092 1589 2126 eligere,
1606 2092 1652 2118 sed
1670 2090 1751 2119 Jesus
1768 2089 1836 2117 solus

1051 2145 1094 2168 est
1111 2141 1157 2175 qui
1178 2139 1262 2174 possit
1277 2143 1403 2174 potentes
1424 2139 1497 2165 viros
1524 2138 1635 2173 eligere,
1652 2138 1699 2172 qui
1718 2135 1834 2164 dixit”:

210 2184 272 2218 quis
284 2187 324 2210 est
337 2183 382 2216 qui
394 2182 486 2216 legens
498 2181 607 2217 Moysen
621 2187 771 2208 murmurat
783 2185 913 2210 adversus
923 2191 995 2216 eum,
1015 2172 1038 2200 θ
1054 2194 1064 2211 ι
1083 2172 1141 2212 Non
1159 2172 1206 2212 vos
1227 2172 1415 2218 mevelegistis
1427 2204 1435 2216 ,
1453 2183 1501 2210 sed
1518 2172 1572 2217 ego
1593 2190 1639 2210 vos
1656 2183 1737 2217 elegi.
1755 2191 1765 2207 ι
1783 2180 1837 2215 Ipse

211 2235 239 2256 et
255 2228 378 2263 displicet
391 2227 431 2254 eis
444 2227 499 2259 lex,
517 2234 576 2261 qua!
590 2227 739 2254 secundum
754 2227 871 2255 litteram
896 2230 998 2263 scripta

211 2280 265 2308 est,
280 2275 352 2309 quod
367 2274 394 2300 in
410 2273 503 2301 multis
517 2281 569 2300 non
586 2273 693 2301 videtttr
708 2281 818 2302 servare
836 2282 1001 2309 consequen-

212 2323 289 2352 tiam,
302 2320 421 2348 ostendit
440 2319 465 2346 ei
480 2318 586 2354 Moyses
607 2324 722 2354 petram,
735 2327 794 2354 qum
809 2325 849 2347 est
862 2320 998 2356 Christus,

211 2373 238 2394 et
254 2367 364 2399 adducit
378 2373 439 2393 eum
461 2365 493 2392 ad
513 2365 610 2400 ipsam,
635 2369 664 2392 ut
682 2365 744 2392 inde
760 2365 834 2392 bibat
852 2371 879 2393 et
895 2368 998 2396 reliciut

247 2460 272 2478 ⁸⁸
283 2460 362 2488 Num.
381 2468 411 2489 ιι.
451 2459 502 2487 "ll
523 2460 593 2496 Tim:
608 2468 639 2492 ll,
652 2459 679 2487 4.
742 2461 765 2477 ⁸⁸
785 2461 870 2496 Apoc.
888 2470 919 2494 tt,
936 2463 964 2491 7.
1000 2465 1022 2481 ⁸⁷
1040 2463 1123 2492 Exod.
1140 2470 1208 2494 twn,
1221 2462 1264 2490 l2.

209 2497 236 2514 ὀ
251 2497 333 2533 Amos
359 2496 497 2533 νιιιλε-ῌ.
535 2495 556 2533 ff
574 2495 657 2533 _Zach.
675 2495 777 2533 vnn].
812 2495 815 2496 ⁷
834 2497 857 2513 ⁹²
873 2497 882 2524 1
896 2498 960 2527 Cor.
976 2508 991 2527 ιι

1057 2501 1084 2527 4.

211 2539 268 2560 xvu
282 2552 289 2564 ,
309 2531 337 2558 9.
374 2531 397 2547 ’³⁸
413 2531 479 2558 ibid.
534 2530 556 2546 ⁸⁷
572 2529 650 2558 Joan.
667 2538 709 2563 xv,
725 2530 768 2558 l6.

226 2625 230 2629 .
247 2601 303 2638 (64)
313 2601 362 2638 Sin
374 2602 443 2638 enim
455 2603 565 2638 tentorio
580 2602 779 2637 interpretatur,
794 2603 925 2638 Ruphidin
941 2613 1000 2632 vero

213 2637 316 2675 sonitus
327 2636 439 2675 ,Ῑιιάίιξὶἶ
457 2636 535 2675 pnde
545 2636 596 2675 Sin
616 2638 730 2665 tentatio
744 2636 923 2675 interpretari
940 2648 1000 2674 pos-

213 2674 250 2699 sit
267 2671 372 2704 ignaro,
388 2671 440 2697 nisi
455 2670 526 2699 forte
536 2673 652 2699 ducatur
666 2681 680 2699 a
695 2673 778 2700 verbo
791 2670 1001 2703 deiicientem:

212 2705 316 2744 mttere,
344 2707 417 2738 quod
445 2705 470 2744 in
489 2707 550 2734 Pih.
564 2712 653 2744 sonat,
667 2709 785 2744 tentavit,
798 2709 930 2744 probavit.
949 2709 1000 2736 tta-

211 2740 306 2778 phitlin
323 2747 387 2766 vero
412 2740 514 2778 optime
533 2742 664 2778 redditur
682 2743 781 2770 sanitas
789 2740 886 2778 j’udicii
901 2753 915 2770 a
933 2744 998 2772 Ver-

212 2775 255 2802 bis
262 2776 319 2801 RD".
327 2774 428 2800 sanavit
440 2777 479 2808 ἶτι
488 2775 627 2808 judicavit.

249 2809 304 2843 (ηδ)
318 2809 403 2838 Exod.
419 2809 484 2844 .\\'n,
499 2810 528 2844 9,
545 2811 662 2845 printutn
688 2811 758 2840 LXX
774 2812 938 2848 interpretes
952 2812 996 2842 Jo-

1052 2232 1126 2258 enim
1142 2230 1292 2257 electorum
1309 2230 1375 2262 dux,
1391 2229 1449 2263 ipse
1462 2228 1613 2263 potetttiunt
1626 2229 1767 2262 princeps,
1785 2227 1837 2260 ipse

1050 2278 1096 2312 qui
1116 2276 1235 2311 conﬂigit
1249 2283 1311 2303 cum
1328 2274 1450 2301 Amalec.
1471 2273 1529 2308 Ipse
1550 2279 1591 2301 est
1605 2274 1678 2301 enim
1694 2275 1741 2308 qui
1760 2274 1836 2300 intrat

1050 2324 1076 2350 itt
1092 2323 1202 2350 doumtn
1220 2322 1299 2349 fortis
1323 2327 1349 2349 et
1363 2321 1457 2356 alligat
1473 2321 1583 2354 fortem,
1599 2326 1627 2348 et
1642 2329 1708 2349 vasa
1728 2321 1786 2356 ejus
1800 2320 1837 2346 di-

1049 2370 1123 2404 ripit.

1321 2462 1344 2478 ⁸⁸
1356 2461 1452 2489 Matth.
1473 2470 1498 2493 v,
1517 2461 1542 2488 6.

1122 2499 1145 2515 ”
1158 2498 1225 2526 Cen.
1251 2505 1317 2530 xvn,
1331 2497 1359 2524 5.
1396 2496 1419 2512 ⁸⁵
1439 2497 1522 2523 Exod.
1547 2504 1602 2528 xtv,
1628 2496 1672 2523 14.

1598 2460 1621 2477 ⁸⁸
1636 2460 1713 2488 Psal.
1731 2467 1796 2492 tht,
1810 2459 1836 2486 2.

1714 2496 1738 2511 "
1755 2495 1837 2522 [ἀκού.

1053 2612 1101 2632 sue
1117 2604 1289 2638 appellarunt
1304 2601 1406 2629 Jesum.
1424 2601 1494 2628 Hinc
1508 2601 1666 2638 allegoriam
1692 2607 1745 2626 suo
1758 2604 1839 2638 .more

1052 2634 1140 2666 ducit'
1151 2634 1283 2673 Origenes
1298 2658 1305 2670 ,
1323 2644 1416 2673 quam
1431 2643 1464 2662 ne
1493 2634 1574 2669 putes
1585 2634 1836 2673 omninouotiOsaIn

1050 2682 1122 2706 esse,
1137 2668 1248 2701 adnotat
1261 2668 1452 2699 Certe—brartlus
1466 2668 1528 2698 eum
1545 2671 1590 2705 qui
1612 2670 1678 2706 olim
1696 2668 1838 2706 dicebatur

1051 2704 1145 2739 Iosue,
1161 2712 1222 2742 post
1238 2708 1426 2741 captivitatem
1441 2705 1636 2742 Babylonicum
1649 2704 1773 2742 b_revius_
1792 2710 1838 2736 ap-

1052 2737 1181 2777 pellatum
1205 2737 1296 2770 Jesuin
1315 2742 1438 2776 Syriace.
1458 2737 1532 2767 Unde
1559 2746 1586 2767 et
1608 2739 1737 2777 (iltristus
1759 2737 1838 2764 Iosue

1049 2775 1147 2805 nomen
1164 2775 1343 2811 habuitjuxta
1358 2782 1444 2812 tctus,
1465 2777 1545 2803 Jesus
1561 2782 1624 2803 vero
1640 2775 1723 2809 juxta
1746 2780 1839 2801 recens

1047 2812 1200 2841 Jutltcotum
1217 2813 1326 2841 ilioma.
