1902 3063
85 99 138 128 ΞΠ

689 101 720 128 ΙΝ
743 102 885 131 ΕΧΟΠΕΜ
906 103 1045 131 llOillLlA
1062 103 1109 131 XI.

1672 101 1724 130 378

119 161 148 189 4.
159 160 333 190 Sedinterim
343 162 551 197 videamusquid
559 170 630 190 nunc
638 164 750 190 historia
762 172 881 199 praesens
896 168 917 195 A
934 170 1002 195 tuos,
1019 166 1107 191 clama
1121 164 1154 191 ad
1171 164 1253 191 Deum
1265 183 1272 195 ,
1290 167 1318 190 ut
1332 162 1398 190 dicit
1417 162 1562 197 Apostolus
1578 162 1589 178 '
1604 172 1611 190 :
1630 173 1638 189 t
1652 163 1723 190 Ora-

86 213 208 235 ntexat:
223 217 232 233 I
248 209 389 240 Ascendit.
401 208 529 243 inquit”,
539 208 678 243 Moysesiu
689 210 819 237 verticem
829 210 881 237 eol-

85 253 131 281 lis.
142 262 152 279 ι
164 253 288 280 Nondum
297 254 421 281 ascendit
429 254 455 280 in
465 254 594 281 verticem
604 255 714 287 tnontis,
726 256 773 283 sed
785 256 810 282 in
821 264 880 283 ver-

84 299 168 326 ticem
177 299 264 327 collis.
273 298 518 326 Servabaturenim
526 299 550 326 ei
563 305 625 326 tunc
632 300 778 328 ascendere
787 301 812 327 in
823 308 881 328 ver-

84 348 168 374 ticem
183 347 291 377 montis,
302 347 695 380 cumaseensurnseratlesus,
704 353 732 375 et
748 356 807 375 ctnn
821 349 879 383 ipso

85 393 207 429 Moyses,
223 398 251 420 et
264 393 346 425 Elias,
363 399 390 422 et
410 394 446 421 ibi
466 393 705 421 transformandus
721 395 747 421 in
774 396 877 430 gloria.

85 438 164 466 Nunc
177 447 244 475 ergo
262 440 334 467 velut
361 441 479 467 nomlmn
506 439 674 475 glorillcatus
693 447 726 467 ex
744 441 879 468 transfor-

86 485 212 512 matione
225 485 299 519 .Icsu,
321 486 440 513 nondum
458 486 580 513 ascendit
595 487 621 513 in
641 486 768 512 verticem
799 494 877 514 mou-

85 531 135 563 Iis.
152 532 201 558 sed
218 532 340 559 ascendit
352 532 379 558 in
393 532 523 559 verticem
538 531 632 559 collis:
647 543 656 558 ί
673 533 706 560 Ει
719 533 817 562 factum
826 539 876 566 est.

84 578 175 611 inquit
201 578 236 611 ",
255 585 316 605 cum
338 577 459 605 elcvarct
484 577 593 613 Moyses
615 585 711 605 manus
726 598 733 610 ,
752 579 873 613 superior

85 623 168 650 ﬁebat
186 622 281 650 Israel.
303 633 311 649 ι
329 623 436 658 Moyses
449 623 557 658 quidem
571 624 660 651 elevat
678 632 775 651 mamts
789 644 796 656 ,
823 632 876 652 non

85 669 231 700 extendit;
249 667 326 695 Jcsus
340 673 431 695 autem
447 668 492 702 qui
511 668 668 696 universqu
688 669 780 695 orbem
798 673 878 696 terrae

84 714 225 741 exaltatus
245 714 272 741 in
283 721 364 741 cruce
384 714 577 749 eomplexurus
592 719 652 741 erat
673 714 791 742 brachiis
808 715 877 746 suis,

85 760 154 787 dicit
172 759 179 774 '
196 759 341 786 :tExlendi
355 767 450 786 manus
466 767 539 786 meas
557 759 590 787 ad
607 759 733 794 populum
750 767 802 787 non
817 767 876 787 cre-

85 806 197 832 dentem
210 825 217 837 .
238 810 266 832 et
297 805 529 832 comradicentem
550 805 627 832 mihi.
648 815 657 832 ι
680 805 784 840 Moyses
813 812 877 841 ergo

935 212 1000 237 tioui
1018 212 1164 242 instantes,
1181 215 1209 237 et
1226 210 1367 244 vigilantes
1383 210 1408 236 in
1423 217 1467 236 ea.
1484 219 1493 235 ι
1509 209 1571 237 llaec
1584 209 1657 235 enim
1680 213 1720 236 est

933 256 1079 283 Christiani
1101 263 1201 290 pugna,
1214 263 1268 289 qua
1287 259 1397 289 superat
1414 255 1563 282 initnictun.
1589 254 1658 281 Puto
1673 262 1723 280 au-

934 306 985 327 tem
1000 300 1071 334 quod
1099 308 1145 335 per
1161 301 1230 327 hanc
1260 300 1374 333 liguram
1391 300 1473 326 etiam
1495 300 1610 326 duorum
1639 306 1723 334 popu-

933 346 1017 373 lorum
1032 345 1137 380 Moyses
1154 344 1267 372 formam
1286 345 1421 380 designet,
1450 350 1478 372 et
1492 346 1620 372 ostendat
1637 352 1720 372 unum

931 400 990 419 esse
1006 391 1133 426 populum
1148 399 1181 418 ex
1200 391 1328 425 gentilms
1345 391 1391 425 qui
1402 391 1490 418 elevet
1508 398 1604 418 tnanus
1621 389 1720 426 Moysi,

931 443 958 464 et
971 439 1060 472 erigat
1073 445 1137 468 eas,
1152 437 1177 463 id
1193 442 1235 464 est
1248 437 1292 471 qui
1310 437 1337 464 in
1351 437 1466 464 sublime
1480 438 1594 464 extollat
1612 445 1643 464 ea
1659 445 1721 472 qua

931 483 1040 516 scripsit
1056 482 1173 518 Moyses,
1189 489 1216 510 et
1231 484 1257 510 in
1273 483 1380 511 excelso
1407 491 1501 510 eorum
1517 483 1721 519 intelligentiam

930 532 1052 561 statuat,
1070 534 1098 556 et
1114 537 1162 563 per
1177 530 1226 556 hoc
1247 529 1354 562 vincat;
1371 529 1452 556 alium
1471 533 1562 556 autem
1582 537 1642 556 esse
1660 528 1720 564 qui,

930 575 1062 608 quoniam
1078 583 1129 602 non
1141 575 1228 602 elevat
1242 583 1338 602 manus
1350 575 1445 610 Moysi,
1459 582 1509 601 nec
1525 574 1632 602 extollit
1644 582 1690 602 eas
1704 583 1720 602 a

935 623 1019 653 terra,
1045 629 1093 648 nec
1111 621 1196 647 altum
1214 622 1238 648 in
1258 629 1291 648 eo
1306 621 1407 656 aliquid
1423 626 1451 648 et
1476 621 1578 648 subtile
1594 621 1722 648 conside-

932 671 984 698 rat,
1010 666 1128 693 vincitur
1143 668 1177 694 ab
1197 667 1373 698 adversariis,
1392 671 1418 694 et
1437 666 1632 701 prosternitur.

966 711 993 738 5.
1011 712 1073 738 Post
1089 713 1145 739 haec
1162 713 1236 739 venit
1256 713 1289 739 ad
1305 717 1422 739 montem
1441 712 1486 739 Dei
1501 712 1616 748 Moyses,
1632 717 1658 739 et
1675 719 1722 740 oc-

931 758 1016 784 currit
1030 758 1054 785 ei
1065 757 1162 785 .lethro
1179 766 1257 785 socer
1274 765 1340 785 suus
1355 758 1387 784 '°.
1400 757 1436 784 At
1453 757 1496 785 ille
1512 758 1602 785 exitei
1613 757 1720 785 obviam

931 804 965 830 de
982 804 1092 834 castris,
1109 809 1136 830 et
1153 812 1205 831 non
1219 811 1280 831 eum
1298 804 1371 830 ducit
1388 804 1422 830 ad
1445 809 1564 832 montem
1593 804 1649 838 Dei,
1671 803 1720 830 sed

85 854 176 881 elevat
194 860 292 880 manus
310 860 386 884 snas,
403 857 428 879 et
445 860 505 880 cum
520 852 641 879 elevat-ct
660 860 768 884 manus,
787 852 877 879 vince-
895 853 914 879 Β
931 849 1003 876 ducit
1017 857 1078 876 eum
1092 849 1125 876 ad
1142 849 1348 876 taberuaculnm
1367 857 1456 877 suum.
1474 849 1532 876 Non
1556 850 1627 876 enim
1645 854 1722 884 pote-

85 900 169 927 batur
193 899 316 926 Amalec.
333 898 447 925 Elevare
475 905 582 930 manus,
601 900 652 924 hoc
679 903 721 925 est
740 905 821 933 opera
850 903 877 924 et

85 950 164 972 actus
179 944 288 971 elevare
302 944 335 971 ad
362 944 457 975 Deum,
471 948 498 970 et
515 951 567 970 non
589 944 690 971 habere
705 949 782 971 actus
796 945 877 971 deor-

85 998 146 1017 sum
175 990 309 1023 deiectos,
324 994 351 1016 et
367 990 441 1016 lmtni
457 989 580 1022 jacentcs
594 1010 601 1022 ,
617 990 662 1016 sed
681 989 734 1015 Deo
751 989 876 1024 placitos,

84 1042 112 1063 et
128 1036 162 1062 ad
178 1036 277 1063 ccelum
295 1041 411 1064 erectos.
434 1036 528 1063 Elevat
543 1043 607 1070 ergo
631 1043 735 1068 manus,
756 1035 801 1069 qui
818 1035 877 1061 Ibe-

84 1082 210 1109 saurilat
225 1082 252 1108 in
265 1082 375 1113 caelum,
395 1083 440 1109 tibi
456 1082 528 1108 enim
544 1082 689 1108 thesaurus
702 1082 771 1115 ejus,
796 1081 830 1108 ibi
850 1085 878 1108 et

84 1128 182 1155 oculos
198 1128 269 1162 ejus,
285 1127 322 1154 ibi
336 1132 363 1155 et
383 1135 476 1155 manus
490 1127 557 1162 ejtts.
573 1127 664 1154 Elevat
681 1135 778 1154 manus
791 1131 819 1153 et
832 1126 878 1154 ille

84 1173 210 1207 quidicit
224 1173 250 1198 ':
266 1181 275 1198 ι
295 1172 416 1199 Elevatio
432 1180 563 1199 manumn
587 1172 667 1206 170
691 1179 813 1198 mearum
833 1179 877 1198 sa-

83 1219 219 1245 crificium
238 1218 435 1252 vespertinum.
452 1227 461 1243 ι
491 1218 519 1245 Si
540 1225 605 1253 ergo
631 1217 772 1244 elcvcntur
799 1223 877 1245 actus

83 1264 184 1297 nostri,
205 1269 233 1290 et
249 1271 301 1290 non
320 1264 373 1291 sint
391 1264 416 1290 in
432 1269 516 1294 terra.
540 1263 657 1290 vincitur
673 1263 795 1290 Amalec.
823 1263 876 1291 Sed

83 1315 110 1337 et
128 1310 277 1345 Apostolus
300 1310 310 1325 ³
326 1310 450 1344 praecipit
466 1310 558 1337 levare
576 1314 685 1337 sanctas
706 1317 803 1336 manus
819 1310 878 1338 sine

83 1356 126 1383 ira
154 1361 182 1383 et
199 1356 422 1390 disceptatione;
449 1361 475 1382 et
502 1355 535 1382 ad
562 1356 694 1389 quosdam
713 1356 822 1383 dicebat
845 1356 876 1382 δε

91 1411 100 1427 ι
121 1402 262 1429 Demissas
286 1409 383 1428 manus
395 1422 402 1433 ,
421 1406 448 1428 et
464 1401 593 1427 dissoluta
617 1409 703 1435 genua
720 1401 816 1436 erigite
829 1423 836 1434 ,
852 1406 878 1428 et

83 1451 174 1475 rectos
202 1454 312 1481 gressus
332 1446 414 1474 facite
438 1447 551 1481 pedibus
581 1447 689 1473 vestris.
714 1456 723 1472 ι
753 1447 781 1473 Si
809 1455 878 1481 ergo

84 1497 176 1520 servat
205 1493 322 1526 populus
339 1492 427 1527 legem
443 1513 450 1524 ,
475 1493 563 1520 elevat
580 1492 688 1527 Moyses
706 1500 800 1519 manus
817 1513 824 1524 ,
850 1498 877 1519 et

84 1538 259 1565 adversarius
272 1538 399 1565 vincitur.
409 1538 437 1565 Si
454 1547 507 1565 non
523 1543 614 1565 servat
628 1538 875 1572 legem,invalcscit

84 1585 208 1612 Amalec.
228 1585 298 1618 Quia
318 1584 400 1619 igitur
417 1589 443 1611 el
462 1585 541 1612 nobis
568 1593 658 1619 pugna
675 1589 717 1611 est
743 1585 875 1612 adversus

83 1630 235 1665 principes,
250 1634 277 1657 et
286 1633 447 1664 potestates,
463 1635 490 1656 et
503 1630 594 1657 mundi
612 1629 690 1663 hujus
702 1635 820 1657 rectores
836 1634 873 1657 lc-

83 1678 234 1704 nebrarum
248 1696 256 1708 ,
276 1676 299 1703 si
314 1676 354 1702 vis
367 1675 476 1703 vincere
488 1696 495 1708 ,
518 1677 540 1703 si
568 1677 609 1702 vis
640 1677 763 1703 obtinere
776 1697 783 1709 ,
797 1677 873 1704 eleva

83 1731 193 1754 manus,
213 1727 239 1749 et
251 1723 327 1750 eleva
346 1725 424 1749 actus
440 1726 510 1752 tuos,
529 1726 557 1748 et
573 1721 745 1748 conversatio
762 1726 806 1749 tua
822 1729 873 1749 non

83 1769 120 1796 sit
138 1769 165 1796 in
179 1769 274 1800 terris,
296 1769 344 1796 sed
362 1769 431 1795 sicut
448 1768 519 1795 dixit
534 1767 680 1802 Apostolus
695 1768 726 1795 ‘:
757 1777 766 1793 ι
786 1768 875 1803 Super

83 1821 185 1843 terram
215 1814 384 1842 ambulantes
399 1833 406 1846 ,
424 1813 662 1841 conversationem
686 1813 817 1842 habemus
846 1815 872 1841 in

81 1862 162 1890 cwlo.
183 1871 193 1888 ι
216 1861 247 1888 Et
264 1861 300 1888 ita
319 1861 420 1895 poteris
435 1867 566 1894 superare
579 1859 707 1894 populum
720 1860 872 1887 adversan-

82 1914 137 1936 tem
155 1908 204 1935 tibi
228 1907 362 1939 Amalec,
388 1906 425 1933 ita
441 1911 469 1933 ut
494 1905 602 1932 dicatur
629 1907 663 1934 de
691 1912 715 1934 te
745 1907 827 1934 etiam
843 1907 872 1934 ες

84 1963 93 1979 ί
108 1954 179 1987 Quia
198 1954 223 1980 in
240 1961 318 1980 manu
339 1952 446 1980 occulta
461 1952 635 1986 expugnabat
649 1952 780 1980 Dominus
791 1953 874 1980 Ama-

80 1999 132 2027 lec.
152 2009 162 2026 ι
181 1999 262 2025 Eleva
282 2002 310 2025 et
324 2003 350 2024 tu
369 2005 464 2024 manus
480 1997 513 2023 ad
531 1998 626 2030 Deum,
640 2002 668 2024 et
697 1997 778 2032 imple
797 2006 875 2024 man-

80 2047 188 2076 datum,
203 2051 257 2078 quo
269 2043 416 2078 Apostolus
432 2043 519 2070 dicit"
534 2051 540 2069 :
561 2053 570 2069 ι
589 2043 653 2070 Siue
668 2044 872 2072 intermissione

79 2096 159 2118 orate
174 2089 249 2125 (66):
265 2098 274 2115 ι
291 2093 318 2116 et
332 2093 397 2116 tunc
411 2088 456 2116 fiet
472 2089 544 2124 quod
563 2090 696 2124 scriptum
711 2094 754 2116 est
770 2090 791 2122 ",
807 2091 871 2124 quia

81 2146 92 2162 ς
107 2137 179 2163 sicut
203 2135 305 2162 vitulus
319 2134 432 2169 ablingit
443 2135 470 2161 in
486 2135 590 2170 campis
606 2135 718 2162 berbatu
736 2135 870 2169 viridem,

930 900 973 922 rat
986 895 1112 922 sacerdos
1127 895 1231 922 Madian
1246 896 1395 923 ascendere
1410 896 1444 922 ad
1462 901 1579 923 montem
1597 895 1655 928 Dei,
1673 894 1721 922 sed

930 948 978 967 nec
996 941 1023 967 in
1049 940 1197 976 Egyptum
1213 942 1380 968 descendere
1405 941 1493 976 potuit
1511 941 1551 968 vel
1576 941 1634 975 ipse
1648 961 1655 973 ,
1680 941 1721 968 vel

931 992 999 1012 uxor
1016 986 1111 1022 Moysi,
1138 987 1184 1014 sed
1202 995 1275 1013 nunc
1287 988 1319 1013 ad
1333 994 1394 1013 enm
1412 987 1485 1013 venit
1498 995 1559 1014 cum
1577 987 1639 1014 filiis
1652 987 1720 1021 ejus.

931 1031 986 1058 Non
1005 1032 1076 1058 enim
1091 1036 1180 1066 potest
1192 1033 1359 1059 descendere
1372 1033 1399 1059 in
1412 1031 1571 1067 Egyptum.
1586 1038 1613 1059 et
1627 1033 1722 1060 subire

931 1085 1030 1112 agones
1043 1077 1196 1113 Aigyptios,
1214 1079 1266 1105 nisi
1282 1079 1327 1112 qui
1344 1079 1426 1105 fuerit
1442 1079 1547 1105 athleta
1562 1079 1721 1114 probabilis.

929 1129 957 1151 ct
973 1124 1032 1151 talis
1049 1125 1155 1158 qualem
1171 1123 1236 1151 dicit
1259 1125 1403 1159 Apostolus
1417 1125 1449 1158 “,
1465 1126 1527 1160 quia
1545 1135 1553 1150 I
1570 1126 1660 1152 oumis
1674 1126 1720 1160 qui

930 1171 955 1197 iu
972 1178 1058 1205 agone
1070 1171 1222 1202 contendit,
1238 1171 1271 1197 ab
1286 1172 1415 1198 onmibus
1429 1172 1572 1199 continens
1585 1177 1627 1199 est
1641 1171 1719 1208 (6'1);

930 1222 956 1243 et
971 1216 1007 1242 illi
1025 1217 1135 1250 quidem
1151 1220 1179 1242 ut
1196 1216 1402 1250 corruptibilem
1419 1225 1550 1244 coronam
1572 1218 1720 1252 accipiant,

930 1270 979 1289 nos
995 1267 1086 1288 autem
1104 1262 1302 1296 incorruptam.
1321 1262 1376 1297 Ego
1394 1263 1477 1298 igitur
1494 1263 1533 1290 sic
1557 1271 1650 1296 curro,
1666 1271 1721 1290 tton

928 1308 1007 1342 quasi
1024 1308 1049 1335 in
1065 1309 1217 1341 incertum;
1230 1309 1270 1336 sic
1282 1316 1382 1344 pugno,
1397 1317 1449 1335 non
1465 1309 1543 1343 quasi
1557 1317 1647 1336 aerem
1660 1316 1721 1335 ver-

929 1354 1039 1380 berans.
1059 1363 1068 1379 ι
1088 1353 1194 1388 Moyses
1210 1361 1273 1389 ergo
1286 1355 1348 1388 quia
1367 1362 1479 1389 magnus
1501 1360 1561 1381 erat
1579 1359 1606 1381 et
1624 1359 1720 1388 potens

929 1399 1041 1432 athleta,
1060 1399 1198 1426 descendit
1211 1401 1244 1426 ad
1263 1408 1364 1434 agones
1389 1405 1416 1427 ct
1431 1401 1559 1428 exercitia
1576 1401 1718 1428 virtutum.

930 1445 983 1472 Sed
1000 1451 1027 1472 ct
1043 1446 1181 1472 Abraham
1202 1446 1342 1474 descendit
1357 1447 1382 1473 itt
1401 1447 1559 1482 Egyptum,
1580 1446 1641 1481 quia
1657 1450 1717 1473 erat

932 1491 988 1524 ipse
1005 1499 1119 1526 magnus
1136 1497 1162 1518 et
1179 1497 1275 1525 potens
1296 1492 1408 1518 athleta.
1424 1492 1491 1519 Nam
1510 1493 1543 1519 de
1556 1492 1639 1519 Jacob
1653 1492 1718 1526 quid

890 1526 911 1553 (ἶ
929 1537 1035 1569 dicant,
1053 1538 1099 1571 qui
1118 1537 1176 1572 ipso
1202 1537 1310 1565 nomine
1330 1539 1429 1565 athleta
1450 1544 1492 1565 est
1519 1539 1560 1565 1'?
1591 1537 1720 1565 Luctator

926 1583 999 1610 cuitu
1028 1588 1056 1610 et
1085 1585 1271 1619 supplantator
1293 1585 1349 1620 (68)
1378 1586 1584 1619 interpretatur.
1605 1585 1636 1611 Et
1660 1585 1719 1612 ideo

926 1637 987 1656 cum
1004 1629 1192 1657 descendisset
1209 1631 1235 1657 in
1250 1632 1422 1666 septuaginta
1441 1631 1562 1665 quinque
1575 1630 1719 1656 animabus

930 1675 955 1701 in
972 1674 1119 1711 [Egyptum
1134 1674 1230 1710 Iacob,
1254 1676 1344 1704 factus
1360 1682 1400 1703 est
1416 1677 1488 1703 sicut
1513 1676 1596 1703 stellae
1613 1676 1674 1703 cudi
1693 1676 1718 1702 in

928 1721 1140 1749 multitudinem.
1169 1723 1222 1750 Sed
1239 1731 1335 1751 omnes
1347 1724 1392 1759 qui
1408 1723 1576 1750 descendunt
1590 1722 1615 1748 in
1632 1721 1718 1757 Aigy-

925 1772 1013 1801 ptum,
1043 1768 1080 1794 ita
1095 1774 1219 1803 pugnant
1244 1775 1272 1796 et
1289 1769 1325 1796 ita
1344 1769 1492 1803 expediunt
1508 1775 1620 1803 agones,
1638 1773 1666 1793 ut
1692 1766 1718 1792 in

926 1806 1127 1841 multitudinem
1144 1814 1219 1847 lianl,
1234 1820 1260 1841 et
1274 1822 1300 1842 ut
1316 1815 1401 1842 stella:
1415 1815 1477 1842 cadi
1490 1814 1714 1847 multipliceutur.

925 1859 992 1885 Aliis
1011 1859 1036 1886 in
1051 1861 1221 1893 contrarium
1241 1861 1313 1888 cedit
1330 1861 1503 1888 descendisse
1517 1861 1542 1886 in
1556 1858 1716 1893 {Egyptunn

928 1905 991 1932 Scio
1007 1914 1058 1940 ego
1075 1905 1218 1934 Jeroboam
1236 1906 1382 1942 fugientem
1400 1915 1414 1934 a
1432 1907 1577 1934 Salomone
1602 1907 1717 1933 descen-

925 1951 997 1978 disse
1013 1952 1039 1978 in
1062 1951 1218 1987 Egyptum,
1237 1957 1264 1980 et
1280 1961 1332 1980 non
1362 1953 1449 1980 solum
1480 1960 1532 1980 nou
1549 1952 1670 1980 crevisse
1688 1952 1717 1979 in

926 1998 1138 2032 multitudinem,
1154 1999 1201 2026 sed
1221 2004 1249 2026 et
1271 1999 1387 2026 scidisse
1406 2004 1433 2026 et
1454 1999 1608 2034 corrupisse
1632 2006 1717 2034 popu-

929 2044 982 2071 lum
999 2045 1057 2078 Dei,
1074 2045 1136 2079 quia
1157 2045 1327 2072 descendcns
1356 2045 1382 2072 in
1396 2045 1543 2080 [Egyptum
1565 2046 1674 2080 accepit
1701 2055 1716 2074 a

930 2090 1073 2118 Susaebim
1091 2098 1153 2126 rege
1170 2088 1282 2118 uiorem
1301 2092 1475 2118 Tbecimcnae
1490 2092 1582 2119 uxoris
1598 2092 1656 2127 ejus
1669 2100 1715 2119 so-

926 2144 1015 2163 rorem
1030 2136 1052 2152 ”
1066 2136 1133 2171 (69‘).
1147 2137 1200 2164 Sed
1216 2137 1327 2165 interim
1344 2138 1416 2164 venit
1429 2136 1525 2165 Jethro
1542 2139 1576 2165 ad
1590 2138 1715 2174 Moysen,

80 2183 117 2210 ita
136 2182 257 2216 ablinget
273 2181 388 2216 populus
403 2180 448 2208 hic
463 2181 591 2216 populant
608 2181 654 2216 qui
669 2188 750 2215 super
770 2187 870 2208 terram
890 2193 911 2221 ο
926 2183 1064 2210 adducens
1079 2190 1172 2210 secum
1188 2183 1270 2210 ﬁliam
1292 2192 1368 2210 suam
1384 2191 1497 2211 exorent
1523 2184 1619 2219 Moysi,
1635 2189 1663 2211 et
1681 2185 1715 2211 li-

79 2233 132 2256 est.
153 2237 162 2254 ι
182 2227 235 2254 Per
249 2227 332 2262 quod,
350 2231 381 2255 ut
399 2234 413 2254 a
433 2227 582 2261 majoribus
603 2227 772 2262 accepimus,
800 2227 872 2254 iudi-

79 2275 134 2302 cari
154 2273 258 2300 dicitur
271 2293 279 2306 ,
296 2273 360 2308 quia
378 2273 492 2308 populus
510 2273 557 2300 Dei
585 2280 638 2300 non
658 2278 713 2299 tam
731 2281 813 2300 manu
842 2277 871 2300 et

79 2320 174 2351 armis,
190 2325 272 2354 quam
290 2326 356 2346 voce
366 2322 395 2345 et
411 2318 501 2352 lingua
529 2319 684 2354 pugnabat,
701 2320 725 2346 id
744 2324 784 2346 est
801 2327 868 2346 ora-
888 2340 891 2342 .

80 2366 180 2392 tionem
208 2363 324 2390 fundens
348 2363 382 2390 ad
399 2363 494 2394 Deum,
519 2365 710 2398 prosterucbat
735 2365 870 2393 inimicos.

78 2411 115 2438 Ita
133 2418 200 2445 ergo
217 2414 244 2437 et
262 2414 299 2442 tu,
318 2409 340 2436 si
358 2409 399 2436 vis
424 2410 533 2437 vincere
549 2410 686 2444 inimicos,
705 2411 779 2439 eleva
792 2417 871 2439 actus

111 2508 135 2525 "
153 2506 238 2534 Exod.
255 2514 328 2536 xui.
349 2506 392 2532 10.
441 2508 463 2523 θ’
479 2506 544 2534 ibid.
562 2508 604 2535 ll.

80 2551 128 2575 In,
146 2543 188 2573 1‘2.
205 2541 247 2568 l3.
287 2541 378 2567 'l‘hil.
398 2548 438 2576 ιιι,
455 2542 498 2568 10.
556 2543 566 2558 ⁶
580 2543 662 2570 Exod.
680 2551 746 2576 xvtt,
763 2545 805 2572 l6.

79 2579 100 2594 ιο
111 2578 198 2605 Exod.
215 2584 294 2604 xvtn.
353 2576 373 2591 ”
398 2575 407 2602 Ι
423 2577 485 2604 Cor.
499 2585 524 2604 ιι
538 2597 545 2610 ,
560 2578 605 2605 ‘25.
648 2579 684 2608 .“
698 2575 766 2607 Gen.
781 2588 854 2610 xxvi.

112 2635 170 2668 (66)
185 2636 271 2670 Alias,
292 2646 301 2662 ι
320 2643 442 2665 orantes.
463 2647 473 2664 ι

113 2671 169 2711 (ρῖ)
189 2671 275 2703 Alias,
295 2681 304 2697 ι
319 2674 355 2700 ab
369 2673 498 2700 omnibus
513 2681 542 2700 se
559 2673 688 2701 abstinet.
705 2683 714 2699 ι
732 2673 785 2701 Sed
803 2683 868 2702 mss.

81 2711 106 2732 ιιι
122 2714 147 2732 ιιι
163 2712 258 2734 nostro
273 2712 363 2734 textu.

113 2741 168 2776 (68)
182 2741 392 2769 Lnrtutorenim
408 2748 432 2769 et
450 2742 644 2777 supplantator,
671 2748 726 2771 etc.
747 2744 787 2770 Ab
812 2750 870 2777 λῖν]

79 2769 230 2804 (uicarium
247 2777 334 2804 lenuit
350 2782 373 2804 et
394 2769 583 2812 suppllitiluvit.
639 2769 644 2776 ’
813 2769 838 2785 ’Ἴ

113 2813 167 2848 (ϋυ)
183 2814 291 2848 .lcrrpt’t
322 2821 337 2840 tt
362 2813 502 2841 Susurln'nt
531 2821 613 2848 trgum
644 2821 751 2841 urerent
773 2813 865 2842 Tltrci-

643 2509 652 2524 ¹
671 2509 722 2536 lsa.
740 2517 802 2541 va,
819 2510 848 2544 2,
864 2517 888 2538 et
906 2511 984 2538 Rom.
998 2520 1025 2544 ιι,
1041 2512 1086 2538 2i.

864 2547 873 2561 ⁷
890 2547 900 2574 ι
919 2547 1016 2574 Thess.
1047 2555 1078 2578 ν,
1104 2548 1146 2575 ιιι.

918 2583 939 2598 ¹³
951 2583 982 2609 Ill
999 2583 1066 2609 Rea.
1080 2591 1110 2609 ιι.

1024 2592 1066 2618 eg.
1080 2591 1110 2609 ιι.

926 2228 976 2255 lios
994 2229 1060 2262 ejus.
1080 2238 1089 2255 ι
1106 2229 1137 2257 Ει
1157 2231 1231 2258 vertit
1246 2251 1253 2264 ,
1271 2232 1359 2266 inquit
1384 2231 1406 2246 ³⁵
1421 2251 1429 2264 ,
1455 2232 1546 2258 Aaron
1574 2236 1602 2258 et
1618 2238 1714 2258 omnes

924 2274 1077 2309 presbyteri
1094 2275 1126 2302 de
1139 2275 1220 2302 Israel
1248 2276 1413 2302 manducare
1430 2283 1526 2309 panem
1543 2283 1603 2302 cutn
1618 2282 1715 2302 socero

924 2320 1008 2356 Moysi
1029 2321 1056 2347 in
1073 2327 1220 2356 conspectu
1237 2322 1294 2349 Dei.
1311 2332 1321 2348 ι
1339 2321 1398 2348 Non
1415 2329 1510 2348 omnes
1526 2329 1621 2355 panem
1637 2328 1714 2347 man-

924 2368 1025 2395 ducant
1039 2369 1064 2395 in
1083 2373 1231 2403 conspectu
1246 2368 1315 2401 Dei,
1333 2369 1379 2396 sed
1401 2369 1446 2403 qui
1462 2366 1615 2402 presbyteri
1633 2370 1712 2398 sunt,

923 2414 970 2449 qui
987 2416 1119 2448 seniores,
1135 2415 1180 2450 qui
1199 2414 1312 2450 perfecti
1330 2419 1392 2441 sunt
1406 2435 1413 2448 ,
1430 2420 1456 2442 et
1473 2414 1578 2441 meritis
1593 2412 1712 2448 probati,

1389 2510 1399 2525 ³
1417 2509 1424 2536 l
1440 2508 1510 2536 Tim.
1531 2515 1560 2534 ιι.
1599 2508 1608 2523 ⁸
1627 2506 1710 2534 llcbr.

1125 2513 1134 2526 '
1153 2511 1223 2538 Psal.
1244 2519 1306 2543 ch,
1323 2510 1349 2537 2.
1389 2510 1399 2525 ³
1417 2510 1424 2536 l
1440 2510 1510 2536 Tim.
1531 2515 1560 2534 ιι.
1599 2510 1608 2523 ⁸
1627 2510 1710 2534 llebr.

1125 2548 1146 2575 li.
1203 2547 1214 2562 ⁸
1230 2546 1309 2573 Νιιιιι.
1322 2553 1390 2575 xxtt.
1409 2545 1435 2571 ιι.
1490 2545 1500 2560 ⁹
1511 2543 1617 2571 Coloss.
1632 2550 1667 2576 tv,
1680 2543 1710 2570 2.

1203 2547 1214 2562 ⁸
1230 2546 1309 2573 Νιιιιι.
1322 2553 1390 2575 xxtt.
1409 2545 1435 2571 ιι.

1167 2583 1189 2600 ³³
1203 2582 1288 2609 Exod.
1306 2580 1426 2613 xnt,12.

924 2651 1007 2669 meum
1022 2642 1112 2669 uxoris
1128 2641 1184 2676 (jus
1204 2649 1330 2667 sororem.
1357 2641 1410 2667 Aut
1436 2639 1580 2676 Origenes,
1596 2641 1642 2664 aut
1667 2637 1710 2664 in-

924 2683 1029 2712 terpres
1043 2677 1101 2712 ejus
1119 2673 1233 2703 ft'uliuus
1250 2676 1305 2712 hoc
1316 2675 1374 2712 loco
1403 2674 1532 2712 memoria
1551 2673 1643 2712 lapsus
1657 2677 1711 2712 est.

922 2707 980 2740 Non
996 2707 1070 2739 enim
1086 2711 1240 2742 lerohoam,
1260 2711 1306 2737 sed
1330 2711 1402 2737 Ader
1420 2709 1525 2741 accepit
1549 2708 1583 2734 ab
1600 2707 1712 2742 Μωυιί

924 2755 986 2782 rege
1003 2754 1118 2776 uxorczn
1138 2745 1309 2774 'l‘hccimcmc
1322 2753 1454 2773 sororem.
1472 2743 1539 2772 Vide
1553 2742 1583 2771 Ill
1600 2742 1665 2778 lleg.
1679 2749 1711 2777 ιι,

921 2782 964 2810 19.

1356 2874 1372 2883 4
