1902 3063
201 114 252 142 579

920 107 1080 136 ()RlGlCNlS

1775 112 1832 141 380

199 172 247 206 ipsi
271 171 434 198 manducent
449 178 546 205 panem
567 170 591 197 iu
606 174 751 204 conspectu
773 169 819 196 Dei
833 188 841 200 ,
868 167 913 202 qui
935 167 984 194 ob-
1001 169 1020 196 A
1038 167 1151 201 genarii,
1165 168 1275 202 praesint
1292 168 1570 203 minoribusjudiciis,
1586 177 1646 204 qua»
1659 171 1691 196 ad
1704 171 1832 206 singulos

198 222 310 244 servant
327 217 391 244 illud
407 217 478 251 quod
494 216 640 250 Apostolus
655 215 720 243 dicit
736 215 757 230 ¹⁵
774 223 781 245 ;
802 224 810 240 ι
833 214 897 241 Sive
913 221 986 239 utan-

198 263 316 294 dulcatis,
333 264 391 290 sive
404 263 504 294 bibitis,
517 263 575 290 sive
601 262 673 289 aliud
689 262 755 297 quid
777 261 879 294 facitis,
893 260 984 287 omnia

198 309 231 336 ad
255 309 370 344 gloriam
391 309 434 336 Dei
461 308 554 335 facite.
572 318 580 333 ι
600 307 697 336 Omnia
723 314 788 342 ergo
805 315 864 341 qua:
881 306 986 333 faciunt

199 356 300 387 sancti,
319 356 345 381 in
371 359 515 389 conspectu
541 354 586 382 Dei
605 354 716 381 iaciunt.
741 353 871 381 Peccator
894 358 984 380 autem

198 407 213 426 a
241 404 388 434 conspectu
414 399 458 426 Dei
488 399 565 434 fugit.
597 400 718 434 Denique
752 399 882 433 scriptum
915 403 958 426 est
976 418 984 428 .

197 444 258 477 quia
275 443 372 476 Adam,
389 449 532 478 postquaut
550 444 693 478 peccavit,
711 443 777 478 fugit
793 451 808 470 a
836 447 984 477 conspectu

197 488 256 520 Dei,
271 492 298 515 et
323 488 510 522 interrogatus
531 488 669 523 respondit
686 488 724 516 ”:
754 498 763 515 ι
781 489 876 516 Audivi
891 496 983 516 vocem

196 539 280 566 tuam,
293 539 320 561 et
338 534 466 562 abscondi
484 542 526 562 me
542 535 604 568 quia
623 542 698 562 eram
727 535 825 563 nudus.
854 545 864 561 ›
892 534 943 562 Sed
956 539 984 562 et

194 579 262 606 Cain
277 584 420 614 postquam
439 588 489 615 pro
514 581 668 608 fratricidio
684 580 740 616 (70)
759 581 952 608 condemnatus
967 588 982 607 a

196 623 250 650 Deo
263 628 316 656 est,
338 633 347 649 ι
365 625 443 657 exiit,
457 625 545 659 inquit
559 626 592 657 ”,
611 633 624 652 a
644 625 712 653 facie
731 625 792 657 Dei,
808 630 835 652 et
851 625 983 652 habitavit

195 670 221 696 itt
237 674 308 697 terra
321 669 399 697 Naitl.
418 680 426 697 t
445 671 519 698 Exiit
534 679 597 706 ergo
611 679 624 698 a
640 671 709 699 faeie
724 671 782 701 Dei,
797 671 842 705 qui
856 671 983 706 ittdigntts

193 721 235 743 est
247 721 393 751 conspectu
410 717 467 744 Dei.
486 718 581 745 Sancti
596 723 687 746 autem
705 718 871 745 tuanducant
897 722 924 745 et
941 717 982 745 bi-

193 761 261 788 bunt
275 762 301 788 in
318 768 466 797 conspectu
491 763 560 795 Dei,
585 768 613 790 et
638 764 728 791 omnia
743 771 803 798 quae
826 767 931 798 agunt,
954 763 980 790 in

192 813 338 842 conspectu
368 808 427 842 ejus
455 813 550 844 agunt.
578 809 633 844 Ego
654 809 769 844 amplius
790 809 878 836 adhuc
892 809 980 836 locum

1036 221 1158 249 quosque
1181 215 1318 249 pertinent
1345 215 1513 243 dirimentes.
1544 215 1611 242 Puto
1634 221 1723 243 autent
1754 218 1832 244 hanc

1037 258 1123 292 ipsam
1137 260 1250 294 figuram
1267 267 1319 286 non
1334 259 1421 286 solum
1437 259 1464 286 in
1479 261 1604 294 praesenti
1621 262 1719 288 seculo
1732 261 1832 289 Eccle-

1036 305 1084 332 siae
1099 306 1200 337 datatn,
1214 313 1308 332 verum
1326 305 1407 333 etiam
1423 306 1449 332 iu
1463 305 1556 332 futuro
1567 308 1737 333 servandttut.
1755 308 1829 335 Audi

1036 350 1152 385 denique
1172 350 1237 384 quid
1260 350 1392 378 Dominus
1409 351 1478 378 dicat
1494 352 1519 378 in
1542 351 1687 386 Evangelia
1703 361 1710 379 τ
1732 360 1742 378 ‹
1757 353 1830 380 Cum

1035 397 1149 430 sederit,
1177 397 1265 432 inquit
1290 398 1324 430 Μ,
1341 397 1428 424 Filius
1455 398 1574 424 hominis
1597 405 1678 432 super
1696 399 1828 425 thronum

1035 443 1128 478 gloriae
1144 451 1216 476 suze,
1234 443 1365 471 sedebitis
1379 449 1403 470 et
1417 451 1466 471 vos
1483 450 1563 478 super
1586 443 1726 470 duodecim
1748 444 1827 470 thro-

1035 497 1094 521 nos,
1120 489 1276 524 judicantcs
1302 489 1446 516 duodecim
1473 489 1560 516 tribus
1592 489 1684 516 Israel.
1704 499 1713 514 ι
1741 488 1830 516 Vides

1035 542 1100 568 ergo
1118 534 1181 569 quia
1205 542 1258 561 non
1283 535 1372 561 solum
1390 534 1519 561 Dominus
1544 533 1666 568 judicat,
1683 534 1726 560 cui
1742 541 1830 560 onute

1032 579 1162 613 judicium
1180 578 1262 606 Pater
1278 579 1362 610 dedit,
1375 579 1422 605 sed
1440 583 1467 605 et
1483 578 1626 605 constituit
1643 578 1693 604 sibi
1707 581 1734 604 et
1755 577 1828 604 alios

1034 625 1171 660 principes
1188 625 1233 659 qui
1247 624 1369 660 judicent
1390 623 1517 659 populum
1540 623 1572 650 de
1587 623 1736 650 mineribus
1758 630 1827 650 cau-

1034 672 1071 699 sis
1082 671 1150 706 (7'2),
1167 671 1277 698 verbum
1294 675 1385 697 autem
1399 671 1469 705 qttod
1484 670 1593 705 gravius
1608 669 1688 696 fuerit
1703 670 1827 696 referant

1034 717 1067 746 ad
1084 719 1183 753 ipsum.
1207 717 1313 744 idcirco
1335 717 1440 743 dicebat
1457 721 1484 743 ct
1509 716 1639 743 Dominus
1654 716 1687 743 de
1703 716 1826 750 quodam

1034 765 1153 799 quidem,
1174 763 1237 798 quia
1267 773 1276 789 ι
1291 770 1354 790 reus
1372 763 1424 790 erit
1439 762 1578 792 consilio,»
1591 763 1623 789 de
1645 762 1698 789 alio
1716 767 1825 795 autem,

1036 820 1045 836 ‹
1066 818 1128 838 reus
1145 810 1198 836 erit
1215 809 1336 844 judicio,
1350 818 1358 834 ι
1377 813 1405 836 et
1420 809 1452 836 de
1471 807 1536 840 alio,
1555 817 1564 832 ι
1579 815 1639 834 reus
1652 807 1704 834 erit
1717 808 1822 842 gehen-

192 860 353 887 praesentem
370 854 520 882 discutiens
535 876 542 888 ,
569 855 647 882 video
672 855 735 890 quia
761 855 805 889 qui
832 855 980 889 pleniorem
997 849 1017 878 Β
1034 865 1074 884 mn
1092 857 1160 892 ignis
1172 857 1204 884 “.
1223 865 1232 882 ι
1251 855 1304 883 Sed
1320 860 1345 883 et
1358 855 1390 882 de
1410 854 1483 881 onmi
1500 853 1581 880 verbo
1597 853 1684 880 otioso
1705 854 1827 880 dicimur

193 900 336 927 scientiam
359 901 406 927 Dei
433 901 573 936 accipiunt
597 906 624 928 ct
645 901 751 935 plenius
768 901 866 929 divinis
884 901 978 929 imbuti

192 950 257 972 sunt
272 945 434 981 disciplinis,
451 946 495 973 isti
511 947 592 974 etiam
609 947 631 974 si
648 947 747 974 malum
761 947 874 980 faciunt,
887 954 980 974 coram

193 990 247 1017 Deo
263 990 379 1024 faciunt,
394 996 421 1018 et
439 992 464 1018 in
481 997 630 1027 conspectu
647 992 705 1026 ejus
722 992 833 1025 faciunt,
850 993 920 1020 sicut
935 993 980 1020 ille

191 1036 261 1062 dixit
274 1036 294 1051 ¹⁸
311 1045 318 1063 :
337 1044 346 1061 ‹
373 1036 432 1063 Tibi
456 1037 506 1064 soli
532 1038 655 1072 peccavi,
671 1042 698 1065 et
727 1038 827 1065 malum
843 1046 936 1065 coram
954 1043 980 1065 te

191 1080 253 1107 feci.
275 1090 284 1106 ι
300 1081 370 1114 Quid
385 1089 451 1117 ergo
475 1081 535 1117 plus
546 1082 628 1110 habet
640 1083 686 1117 qui
702 1083 801 1110 utalunt
817 1091 908 1110 coram
925 1084 979 1111 Deo

190 1126 272 1154 facit?
288 1127 353 1153 lllud
370 1127 492 1161 profecto
509 1128 580 1162 quod
603 1128 733 1155 continuo
754 1129 877 1163 pmoitet,
894 1134 921 1156 et
938 1129 979 1156 di-

189 1174 227 1200 cit
241 1174 282 1199 "z
303 1183 312 1199 ι
330 1173 455 1202 Peccavi.
474 1183 483 1199 ι
503 1174 553 1207 Qui
569 1179 658 1202 autem
673 1175 788 1202 discedit
801 1183 815 1201 a
832 1179 978 1209 conspectu

192 1219 250 1252 Dei,
274 1220 364 1247 nescit
389 1219 523 1252 converti,
542 1224 568 1247 et
585 1224 725 1255 peccatum
744 1221 900 1254 pmuiteudo
915 1229 979 1256 pur-

189 1272 262 1298 gare.
277 1265 332 1292 Hoc
346 1272 412 1300 ergo
429 1266 559 1298 interest,
580 1265 678 1292 malum
693 1273 785 1292 coram
805 1265 860 1293 Deo
876 1266 976 1299 facere,

190 1315 216 1338 et
231 1318 245 1338 a
266 1311 312 1338 Dei
332 1316 477 1346 conspectu
494 1320 546 1340 non
562 1312 720 1340 discessisse
734 1317 905 1347 peccantem.

224 1357 250 1383 6.
272 1356 325 1384 Sed
341 1361 370 1384 ut
385 1357 461 1384 video
485 1357 578 1385 Jcthro
601 1366 654 1385 non
676 1358 777 1386 frustra
794 1359 868 1386 venit
898 1360 975 1394 171

189 1402 222 1429 ad
250 1402 370 1438 Moysen,
397 1411 447 1431 nec
471 1404 571 1431 frustra
598 1406 774 1433 manducavit
797 1413 894 1440 panem
915 1413 977 1433 cum

189 1449 344 1477 senioribus
360 1450 450 1484 populi
474 1450 499 1477 in
520 1457 667 1486 conspectu
695 1452 813 1479 Domini.
839 1453 889 1479 Dat
904 1453 976 1479 enim

189 1494 332 1521 consilium
358 1494 441 1529 Moysi
462 1495 602 1529 probabile
618 1496 685 1523 satis
701 1501 728 1524 et
744 1497 826 1530 utile,
852 1501 881 1524 ut
896 1497 975 1531 eligat

189 1538 273 1571 viros,
293 1545 320 1566 et
342 1541 490 1568 constituat
505 1541 643 1576 principes
659 1541 771 1576 populi,
795 1542 870 1569 viros
893 1543 976 1570 Deum

188 1583 307 1611 colentes
321 1604 328 1616 ,
354 1585 427 1612 viros
443 1590 569 1620 potentes
582 1607 589 1618 ,
608 1591 635 1614 et
657 1587 783 1614 odientes
805 1587 974 1621 superbiam.

188 1628 269 1656 Tales
284 1630 356 1657 enim
372 1635 481 1665 oportet
495 1639 557 1659 esse
575 1632 712 1667 principes
727 1632 831 1667 populi,
853 1633 899 1667 qui
923 1641 975 1660 non

189 1673 274 1700 solum
292 1675 401 1709 superbi
422 1683 473 1703 ttou
495 1676 566 1709 sint,
583 1676 630 1704 sed
652 1681 677 1704 et
695 1677 740 1712 qui
756 1677 864 1704 oderint
878 1685 976 1712 supcr-

188 1720 274 1751 biam,
296 1720 320 1747 id
345 1726 387 1747 est
419 1726 448 1748 ut
469 1729 521 1748 non
539 1722 626 1750 solum
643 1723 693 1757 ipsi
710 1723 812 1756 absque
827 1724 893 1751 vitio
910 1725 975 1757 sint,

189 1767 236 1793 sed
256 1772 283 1794 et
303 1768 329 1794 iu
355 1768 416 1795 aliis
446 1768 553 1796 oderint
580 1769 655 1797 vitia.
683 1768 740 1796 Non
765 1770 890 1797 homines
915 1771 977 1799 dico

188 1812 287 1845 odisse,
315 1814 362 1840 sed
393 1814 479 1841 vitia:
496 1814 551 1842 «Et
574 1815 725 1848 ordinabis,
753 1816 842 1850 inquit
869 1816 902 1850 '°,
928 1824 976 1844 eos

189 1858 330 1889 tribunos,
348 1864 373 1886 et
391 1860 568 1891 centuriones
582 1880 590 1893 ,
614 1864 642 1887 et
665 1861 924 1897 quinquagenarios,
950 1868 976 1890 et

188 1905 316 1936 decanos,
332 1905 534 1940 etjndicabuut
553 1906 682 1942 populum
705 1908 778 1935 omni
800 1908 876 1936 hora.
906 1908 974 1937 Ver-

189 1951 250 1977 bum
273 1956 364 1978 autent
390 1952 461 1986 quod
480 1953 593 1988 gravius
615 1952 696 1980 fuerit
717 1953 835 1982 referent
860 1955 893 1982 ad
909 1959 943 1981 te.
964 1964 972 1981 t

188 1997 305 2024 Audiant
320 1997 455 2032 principes
471 1998 560 2032 populi
578 2004 605 2026 et
630 1999 780 2034 presbyteri
802 1999 897 2034 plebis,
911 2001 975 2034 quia

188 2043 288 2070 debent
317 2043 390 2070 omni
416 2043 482 2070 hora
508 2039 636 2078 populum
654 2045 795 2079 judicare,
820 2052 928 2079 semper
949 2050 976 2072 et

187 2087 247 2114 sine
262 2088 464 2116 intermissione
479 2089 574 2116 sedere
588 2090 613 2116 in
625 2089 739 2124 judicio,
760 2090 889 2117 dirimere
904 2090 973 2124 lites,

189 2133 365 2160 reconciliare
377 2134 550 2166 dissidentes,
565 2136 591 2162 in
605 2136 719 2170 gratiam
733 2144 860 2164 revocare
873 2137 975 2164 discor-

1031 903 1182 939 praestaturi
1198 903 1329 930 rationem
1342 923 1349 935 ,
1364 906 1392 929 et
1408 908 1462 928 non
1478 900 1545 927 dixit
1560 900 1623 934 quia
1640 899 1693 926 [)eo
1707 904 1827 934 prmsla-

1031 949 1119 976 bintus
1138 948 1283 980 rationem,
1299 947 1371 974 sicut
1394 946 1426 972 de
1442 944 1562 980 perjurio
1580 945 1646 971 dicit
1659 945 1682 959 ¹³
1697 953 1703 970 ε
1725 954 1734 970 ι
1751 944 1825 971 Red-

1031 996 1079 1022 des
1109 999 1199 1021 atttent
1226 993 1339 1020 Doutino
1366 991 1522 1026 iuramenta
1553 994 1635 1017 tua.»
1667 989 1768 1016 Verum
1798 995 1826 1017 et

1033 1049 1042 1066 ‹
1057 1040 1150 1075 regina
1171 1038 1259 1066 austri
1277 1043 1371 1073 surget
1389 1038 1415 1064 in
1431 1036 1534 1070 judicio
1547 1043 1608 1062 cum
1624 1035 1689 1061 viris
1707 1042 1825 1069 genera-

1032 1087 1113 1114 tionis
1129 1086 1221 1121 hnjus,
1237 1090 1263 1112 ct
1278 1083 1473 1112 condemnabit
1492 1090 1539 1110 eos
1551 1082 1583 1108 “.
1598 1092 1607 1108 t
1622 1082 1689 1109 Ecce
1706 1086 1733 1108 et
1749 1081 1824 1108 aliud

1026 1132 1120 1166 judicii
1135 1138 1232 1166 genus.
1244 1129 1309 1163 «Qui
1325 1129 1405 1156 habet
1419 1135 1498 1155 aures
1512 1127 1636 1154 audiendi
1649 1126 1745 1153 audiat
1769 1126 1822 1154 π’.»

1030 1177 1094 1205 llzec
1113 1177 1185 1204 enim
1197 1177 1291 1203 omnia
1306 1180 1385 1210 typus
1409 1179 1437 1201 ct
1457 1173 1550 1200 utnbra
1572 1177 1632 1199 sunt
1654 1172 1823 1205 caelestium,

1029 1228 1056 1252 et
1076 1223 1166 1257 imago
1185 1222 1347 1248 futurorum.
1378 1219 1476 1247 Verum
1497 1219 1570 1246 sicut
1595 1218 1727 1253 scriptunt
1757 1218 1824 1252 legi-

1031 1278 1089 1298 mus
1118 1270 1151 1302 “,
1181 1269 1245 1304 quia
1271 1278 1280 1295 ι
1297 1276 1351 1296 non
1376 1267 1494 1294 satiatur
1517 1266 1611 1293 oculus
1627 1267 1743 1293 videndo
1772 1274 1823 1293 nec

1029 1317 1103 1344 auris
1127 1316 1262 1343 audiendo
1278 1314 1346 1350 (75),
1362 1324 1371 1340 ι
1400 1321 1449 1341 nec
1478 1321 1527 1340 nos
1556 1312 1650 1340 satiari
1673 1320 1821 1346 possumus

1029 1363 1159 1390 intuendo
1183 1366 1210 1389 et
1231 1360 1429 1388 considerando
1449 1367 1509 1394 qua:
1531 1358 1633 1392 scripta
1654 1361 1716 1384 sunt
1729 1377 1738 1389 ,
1756 1362 1824 1391 quot

1029 1417 1061 1436 ex
1077 1408 1201 1443 partibus
1223 1415 1273 1434 nos
1296 1406 1448 1438 aedificent,
1477 1405 1586 1440 quantis
1610 1412 1660 1431 nos
1680 1405 1823 1431 instruant

1029 1454 1126 1481 modis.
1151 1452 1256 1480 Etenim
1278 1459 1340 1479 cmn
1361 1451 1494 1486 perspicio
1522 1450 1593 1484 quod
1616 1449 1723 1484 Moyses
1755 1457 1821 1484 pro-

1030 1501 1109 1534 pheta
1132 1499 1187 1526 Deo
1209 1498 1317 1533 plenus,
1333 1497 1376 1524 cui
1394 1497 1463 1523 Deus
1477 1496 1547 1523 facie
1562 1497 1595 1523 ad
1608 1495 1706 1522 faciem
1722 1494 1822 1529 loque-

1030 1545 1119 1577 batur,
1134 1544 1278 1571 consilium
1295 1542 1399 1576 acccpit
1409 1550 1422 1568 a
1435 1541 1531 1568 Jctbro
1544 1541 1686 1568 sacerdote
1698 1540 1822 1573 Madian,

1028 1589 1208 1616 admiratione
1225 1587 1308 1614 uintia
1322 1591 1460 1620 stuporem
1476 1586 1576 1613 mentis
1601 1585 1720 1612 incurro.
1749 1584 1822 1612 Dicit

1028 1635 1100 1661 enim
1124 1633 1265 1668 Scriptura
1293 1632 1338 1658 '7:
1364 1641 1373 1657 ι
1390 1631 1423 1658 Ει
1452 1631 1555 1658 audivit
1585 1630 1690 1665 Moyses
1723 1637 1820 1658 vocent

1028 1679 1115 1708 soceri
1130 1679 1184 1712 sui,
1201 1683 1227 1706 et
1243 1678 1309 1706 fecit
1324 1685 1493 1712 qtuecunque
1509 1677 1576 1704 dixit
1588 1677 1624 1704 ei.
1643 1686 1652 1702 ι
1677 1675 1736 1704 Non
1753 1677 1821 1704 dixit

1028 1727 1090 1761 quia
1107 1726 1172 1752 milii
1191 1725 1262 1752 Dens
1285 1724 1421 1758 loquitur,
1447 1723 1557 1757 etquid
1579 1730 1660 1757 agere
1681 1723 1817 1754 debeam,

1028 1772 1132 1801 catlcsti
1149 1772 1182 1798 ad
1197 1778 1239 1798 me
1253 1777 1379 1798 sermone
1394 1769 1525 1803 defertur,
1538 1773 1565 1796 et
1580 1769 1714 1804 quomodo
1727 1771 1821 1797 consi-

1028 1819 1093 1846 lium
1118 1817 1152 1845 ab
1175 1817 1286 1844 homine
1301 1815 1444 1850 accipiam,
1473 1820 1500 1842 et
1525 1815 1558 1842 ab
1582 1815 1691 1843 homine
1711 1816 1819 1850 gentili.

1028 1863 1116 1890 alieno
1129 1870 1144 1889 a
1157 1861 1255 1896 populo
1271 1860 1341 1887 Dei?
1359 1859 1412 1887 Sed
1426 1859 1501 1886 audit
1515 1867 1608 1886 vocem
1626 1859 1693 1893 ejus,
1709 1865 1739 1887 et
1757 1860 1820 1887 facit

1026 1909 1118 1936 omnia
1134 1916 1194 1943 qum
1209 1907 1288 1939 dicit,
1305 1911 1397 1934 etnon
1417 1906 1477 1940 quis
1488 1905 1581 1938 dicat,
1596 1906 1643 1933 sed
1657 1906 1721 1940 quid
1735 1906 1817 1937 dicat,

1027 1954 1173 1982 auscultat.
1189 1953 1267 1981 Unde
1281 1957 1310 1980 et
1325 1959 1374 1980 nos
1386 1952 1407 1978 si
1425 1951 1495 1979 forte
1508 1951 1653 1986 aliquamlo
1665 1951 1819 1979 invenimus

1027 2000 1129 2034 aliquid
1145 1999 1285 2034 sapienter
1301 2006 1316 2025 a
1328 1997 1476 2032 gentilibus
1490 1997 1603 2029 dictum,
1616 2005 1669 2024 nou
1685 1998 1819 2024 continuo

1027 2053 1088 2073 cuttt
1111 2044 1230 2071 auctoris
1256 2044 1364 2070 nomine
1392 2049 1522 2077 spernere
1537 2043 1667 2070 debemus
1688 2048 1715 2069 et
1734 2044 1817 2074 dicta.

1027 2099 1077 2118 ttec
1091 2098 1139 2125 pro
1152 2097 1184 2117 eo
1200 2089 1271 2124 quod
1286 2089 1372 2124 legem
1391 2096 1405 2116 a
1429 2088 1483 2115 Deo
1499 2088 1587 2115 datam
1601 2092 1736 2121 tenemus,
1752 2097 1817 2115 cou-

1027 2137 1101 2164 venit
1116 2143 1164 2163 nos
1180 2141 1283 2163 tumere
1297 2135 1434 2169 superbia,
1458 2139 1485 2161 et
1497 2141 1627 2168 spernere
1644 2134 1726 2161 verba
1755 2142 1816 2168 pru-

187 2178 234 2204 des
250 2177 316 2213 (7i).
334 2179 425 2206 Discat
448 2181 633 2215 unusquisque
653 2189 686 2208 cx
702 2181 849 2216 Scripturis
871 2184 974 2211 sanctis
990 2191 1012 2220 ο
1028 2183 1166 2214 dentium,
1195 2182 1242 2209 sed
1266 2182 1337 2209 sicut
1361 2180 1506 2216 Apostolus
1534 2180 1600 2207 dicit
1628 2180 1651 2195 "‘
1666 2189 1673 2206 :
1691 2188 1700 2205 ι
1718 2179 1815 2207 Omnia

187 2222 303 2250 alliciunt
319 2232 410 2251 sttttnt.
430 2225 548 2260 Moyses,
564 2227 662 2260 inquit,
677 2232 704 2253 ιιι
719 2228 753 2254 sit
769 2228 794 2254 iu
809 2228 850 2256 Itis
866 2237 926 2263 qua:
939 2230 972 2257 ad

189 2269 270 2295 Demu
288 2274 361 2302 sunt,
378 2276 405 2297 et
421 2272 533 2298 verbum
550 2272 595 2299 Dei
617 2273 754 2299 edisserat
779 2274 886 2308 populo.
915 2275 974 2302 Cte-

188 2314 236 2340 tcri
252 2319 341 2340 autem
367 2315 504 2350 principes
520 2323 588 2350 quos
613 2316 749 2350 appellant
767 2317 890 2346 tribunos
906 2318 972 2354 (tri--

186 2359 249 2385 ιμιηί
273 2360 344 2386 enittt
361 2368 393 2386 ex
419 2368 452 2387 eo
469 2361 608 2392 dicuntur,
632 2361 703 2396 quod
728 2363 808 2390 tribui
832 2365 971 2400 pnesiut),

186 2405 276 2433 ca'teri
296 2413 361 2442 ergo
383 2406 495 2440 tribuni,
511 2407 554 2434 vel
569 2408 757 2442 centuriones,
775 2409 816 2435 vel
841 2412 973 2447 quinqua-

223 2501 266 2528 ’⁵1
286 2501 347 2529 Cor.
372 2511 399 2533 κ,
420 2503 465 2529 51.

186 2545 257 2568 χγιιι,
276 2537 306 2563 21
347 2539 368 2554 ι’
385 2539 478 2564 Matth.
500 2546 557 2567 XIX.
574 2538 619 2565 9.8.

183 2573 207 2587 ""
233 2573 320 2599 Eccle.
344 2581 372 2605 ι,
388 2574 415 2600 8.
453 2573 474 2589 ’⁷
503 2574 587 2600 Exod.
617 2580 699 2605 xvttt,
727 2575 772 2601 Eli.

524 2503 546 2519 ¹⁶
563 2502 630 2530 Gen.
651 2511 690 2535 ιιι1
712 2504 755 2531 10.

670 2541 691 2554 ²²
705 2539 800 2566 Matth.
819 2548 833 2565 ν
867 2542 911 2568 :22.

202 2646 276 2686 im)
303 2647 388 2679 Alias,
405 2657 414 2673 ι
443 2647 602 2682 parricidio.
633 2658 643 2674 ›
662 2648 714 2676 Sed
739 2656 816 2680 ιιιςς».Ι
847 2659 855 2675 ι
881 2650 974 2678 fratri-

184 2689 265 2708 ClulO.
284 2691 293 2706 I

221 2716 268 2748 (7t
282 2717 291 2750 >
306 2717 390 2756 Alias.
411 2727 419 2742 ι
434 2718 459 2744 ἱιι
475 2719 561 2752 gratia
579 2719 723 2746 recordare
740 2719 892 2747 discordes.
908 2730 917 2742 ι
939 2721 974 2747 At

186 2758 250 2777 luas.
267 2757 293 2776 ιιι
309 2760 334 2777 ιιι
351 2757 443 2779 nostro
463 2758 545 2779 textu.

222 2785 278 2815 (7‘2)
291 2795 310 2822 ri
332 2786 407 2813 Alios
426 2788 561 2821 principes
588 2788 631 2822 qui
656 2789 776 2822 judicent
796 2789 924 2822 populum
942 2791 974 2815 de

189 2821 339 2848 minoribus
370 2822 469 2849 causis.
488 2832 496 2848 ι
535 2823 659 2851 Cavenda
689 2824 744 2851 haec
775 2821 848 2851 recti:
883 2830 973 2852 monet

813 2506 833 2521 ¹⁷
851 2506 949 2535 Cenes.
970 2517 1006 2539 tv,
1027 2507 1068 2533 16.

819 2548 833 2565 ν
867 2542 911 2567 ⁸2⁸2.
964 2544 986 2558 ³³
1008 2543 1072 2567 ἰΙιίιΙ.
1093 2543 1106 2567 5

819 2548 833 2565 ν
867 2543 911 2568 22.
964 2544 986 2558 "
1008 2543 1072 2570 ibi-l.
1093 2543 1138 2569 53.

809 2576 833 2591 ’⁸³
853 2576 860 2602 l
878 2576 974 2605 Thess.
990 2587 1014 2609 ι’,
1028 2578 1072 2605 21.

1029 2230 1182 2264 probantes,
1197 2228 1268 2263 quod
1286 2228 1386 2255 bonum
1406 2230 1447 2254 est
1462 2231 1594 2254 tenentes.
1610 2237 1619 2254 ι
1637 2226 1706 2259 Quis
1726 2231 1814 2252 autem

1027 2275 1108 2302 hodie
1121 2283 1213 2302 cormn
1234 2276 1278 2310 qui
1299 2275 1407 2310 populis
1426 2280 1546 2310 prcesunt
1559 2294 1566 2308 ,
1582 2283 1633 2302 non
1647 2274 1708 2301 dico
1723 2273 1745 2300 si
1759 2273 1813 2307 jam

1027 2323 1115 2357 aliqua
1131 2323 1156 2350 ei
1176 2331 1190 2349 a
1205 2323 1260 2350 Deo
1277 2322 1397 2350 revelata
1409 2326 1489 2354 sunt,
1512 2321 1559 2348 sed
1575 2321 1601 2347 iit
1618 2321 1684 2355 legis
1699 2321 1813 2347 scicntia

1030 2370 1130 2404 aliquid
1153 2370 1243 2397 meriti
1261 2370 1360 2401 habet,
1375 2369 1518 2396 consiliutn
1533 2369 1660 2403 dignatur
1678 2366 1813 2393 inferioris

1029 2417 1124 2444 saltem
1141 2416 1290 2443 sacerdotis
1307 2417 1454 2451 accipere?
1475 2416 1574 2443 nedum
1595 2414 1711 2442 dixerint
1732 2412 1791 2440 laici
1803 2430 1811 2444 ,

1379 2505 1399 2521 ”
1415 2505 1433 2532 ll
1449 2505 1516 2539 Reg.
1531 2512 1579 2533 vlt.
1596 2503 1639 2530 15.
1690 2505 1713 2520 ὀ
1727 2501 1808 2539 Exod.

1126 2507 1146 2522 18

1162 2506 1233 2533 Psal.
1249 2514 1274 2535 ι..
1295 2506 1321 2533 4,
1379 2506 1399 2521 η
1415 2506 1433 2532 ll
1449 2506 1516 2539 lleg.
1531 2512 1579 2533 vlt.
1596 2506 1639 2530 15.
1690 2506 1713 2520 ιο
1728 2506 1808 2530 Εμυξ.

1192 2543 1215 2558 υ
1241 2541 1338 2569 Matth.
1360 2548 1409 2569 xu.
1427 2541 1470 2567 42.
1521 2540 1542 2555 ³⁸
1559 2540 1654 2566 Matth.
1674 2547 1740 2569 xui,
1768 2536 1810 2562 53-

1192 2543 1215 2558 υ
1241 2541 1338 2569 Matth.
1360 2548 1409 2573 xu,
1427 2541 1470 2567 42.

1024 2651 1228 2684 chebrardus,
1243 2659 1303 2678 nam
1320 2650 1406 2678 sancti
1423 2649 1455 2676 de
1474 2649 1525 2675 hoc
1539 2646 1639 2674 mundo
1651 2644 1809 2681 judicabant

1024 2687 1200 2722 approbando
1214 2692 1241 2714 et
1252 2686 1336 2721 judici
1350 2684 1513 2722 assistendo.
1595 2715 1600 2721 _
1732 2713 1747 2722 __

1060 2717 1116 2756 (73)
1130 2722 1216 2753 Alias,
1241 2717 1335 2748 (sicut
1350 2721 1478 2756 scriptum
1492 2722 1542 2749 est,
1556 2717 1618 2756 quia
1633 2723 1685 2741 non
1698 2717 1807 2756 satiath

1024 2751 1119 2783 oculus
1144 2751 1215 2787 visu,
1246 2764 1294 2785 nec
1321 2751 1543 2786 auris‘auditun
1571 2751 1618 2778 sed
1646 2758 1712 2777 tuss.
1734 2753 1762 2775 ut
1782 2754 1807 2774 tn

1024 2797 1116 2820 DOSlI‘O
1132 2796 1205 2819 textu
