1894 3059
73 96 125 124 581

679 94 713 122 IN
730 93 872 122 EXODUM
893 92 1033 122 IIOMILIA
1050 95 1108 123 XII.

1653 96 1705 124 382

74 153 119 181 vel
132 136 323 188 gentilis.<5ed
344 151 450 187 Moyses
464 151 509 186 qui
526 156 586 180 erat
603 153 684 180 homo
703 157 864 180 mansuetus
878 151 900 178 Δ
918 159 927 174 ι
942 151 1010 184 Quia
1028 157 1135 187 tempus
1156 153 1237 180 breve
1251 156 1303 185 est,
1320 156 1446 187 superest
1463 156 1530 179 utet
1543 152 1590 187 qui
1604 153 1707 181 habent

74 206 159 233 super
175 204 274 224 omnes
294 197 328 229 9,
347 198 451 231 accepit
468 197 610 224 consilium
628 197 775 230 inferiOris,
793 202 822 224 ut
838 202 865 224 et

75 245 192 272 formant
215 243 379 270 humilitatis
401 243 562 278 populorunt
583 244 751 279 principibus
778 244 864 273 daret,

73 296 99 318 et
118 290 205 316 futuri
225 289 390 317 sacramenti
407 289 564 323 designaret
581 289 737 324 imaginem.
755 289 865 317 Sciebat

72 336 147 363 enint
162 335 285 361 futurttttt
301 333 475 368 quattdoque,
496 339 526 361 ut
545 334 660 368 gentiles
676 334 776 362 bonum
800 343 865 362 con-

71 381 163 409 silium
179 379 334 415 proferrent
352 380 421 414 apud
436 380 557 415 Mnyscn,
575 385 604 407 ut
618 380 717 407 bonttm
733 385 761 408 et
780 381 864 415 spiri-

72 426 154 453 talem
174 424 344 452 intellectum
369 424 500 452 aﬂ‘errent
514 425 546 451 ad
564 425 649 460 legem
667 425 733 459 Dei;
751 430 777 452 et
793 427 863 453 scie-

71 471 117 500 bat
149 472 217 506 quia
243 471 334 498 audiet
352 478 398 498 eos
426 470 480 502 lex,
513 476 540 498 et
566 471 649 499 faciet
676 473 768 499 ountia
793 472 864 499 sicut

71 516 179 544 dicunt.
208 515 268 543 Non
292 516 364 543 enint
387 520 477 550 potest
497 515 587 543 facere
615 516 656 543 lex
682 517 750 544 sicut
778 517 862 544 .ludtci

70 561 181 592 dicuttt,
209 560 272 595 quia
299 560 506 587 inllrntaturlex
534 562 560 588 in
575 569 659 588 carne
670 561 705 594 ³⁰,
732 562 758 588 id
774 562 863 589 estin

70 606 177 637 littera,
194 610 222 634 et
236 605 303 632 nihil
325 611 413 640 potest
440 607 589 633 secundum
613 607 729 634 litteram
749 607 862 635 facere:

70 650 139 678 nihil
163 651 236 678 enim
261 652 294 677 ad
314 651 462 684 perfectum
479 652 587 679 adducit
601 653 645 680 lex
660 653 693 679 ".
707 653 862 680 Secundum

70 701 164 724 autent
190 696 337 724 consilium
365 698 435 731 quod
465 705 515 725 nos
539 697 677 725 efferimus
703 699 736 725 ad
766 699 862 734 legem,

70 746 189 778 possunt
207 743 299 769 omnia
315 743 475 777 spiritaliter
490 743 559 771 fieri.
580 743 696 771 Possunt
713 749 739 772 et
757 746 863 772 sacrifi-

70 789 112 815 cia
138 788 303 823 spiritaliter
322 788 426 822 offerri,
448 798 509 824 qua:
532 792 612 818 ntodo
638 791 784 819 carnaliter
810 800 861 819 non

70 822 198 868 possunt.
230 834 323 861 Potest
344 838 369 861 ct
389 835 430 862 lex
455 836 534 871 lepra:
559 836 722 870 spiritaliter
746 838 860 870 servari,
879 822 900 850 Β

70 887 133 914 qua:
150 880 300 906 secundum
326 880 443 908 litteram
459 889 512 908 non
532 886 628 916 potest.
648 882 694 910 Sic
709 890 773 918 ergo
795 891 863 918 quo-

71 926 152 953 modo
173 933 224 953 nos
251 926 439 962 intelligimus,
461 928 596 961 quomodo
613 936 661 956 nos
676 930 819 962 sentimus,
837 934 864 956 et

70 973 217 999 consilium
233 973 340 1007 damus,
357 973 447 1000 omnia
467 972 530 1000 facit
546 973 605 1007 lex;
624 975 773 1002 secuttdunt
792 976 864 1004 litte-

72 1026 130 1044 ram
143 1024 235 1047 autetn
251 1028 304 1046 nntt
324 1020 424 1050 Otttttia,
442 1020 488 1047 sed
505 1020 649 1047 admodum
665 1029 763 1056 pauca.
775 1016 798 1051 )

105 1064 132 1090 7.
155 1064 220 1092 Post
238 1065 296 1092 lucc
320 1070 410 1091 autem
428 1073 489 1092 eum
507 1066 646 1100 profectus
666 1073 737 1095 esset
754 1068 861 1102 thltro,

70 1113 98 1136 et
108 1110 231 1137 venisset
251 1110 358 1145 Moyses
375 1117 407 1137 ex
427 1110 571 1144 Raphidim
587 1111 613 1138 in
630 1112 768 1139 desertum
784 1114 861 1146 Sina,

70 1157 165 1190 ibique
185 1157 212 1183 in
236 1157 361 1184 columna
383 1158 463 1185 nubis
485 1159 669 1187 descendisset
686 1160 813 1188 Dominus
829 1162 861 1189 ad

70 1201 194 1237 Moysen,
214 1207 244 1228 ut
262 1203 358 1230 videns
382 1203 496 1238 populus
519 1205 643 1232 crederet
664 1205 699 1237 ei,
726 1211 753 1233 et
780 1207 861 1234 verba

67 1247 130 1281 ejus
144 1247 264 1280 audiret,
279 1248 315 1274 ait
329 1249 456 1276 Dominus
471 1250 504 1276 ad
518 1249 626 1285 Moysen
639 1250 660 1266 "
675 1260 681 1277 :
695 1251 860 1284 «Descende,

69 1297 230 1326 protestare
243 1293 343 1328 populo
354 1314 361 1325 .
376 1298 403 1321 et
418 1295 530 1329 purifica
548 1296 607 1322 illos
621 1296 718 1330 hoxlie,
744 1302 771 1324 et
788 1306 861 1330 eras,

68 1344 95 1364 et
121 1338 215 1366 lavent
240 1340 403 1368 vestimenta
425 1349 491 1374 sua,
512 1347 540 1370 et
565 1343 616 1370 sint
635 1344 721 1376 parati
741 1344 767 1371 in
792 1345 861 1372 diem

70 1384 194 1411 tertium.
208 1394 218 1410 t
250 1384 277 1412 Si
303 1386 365 1420 quis
387 1391 429 1414 est
450 1388 496 1422 qui
514 1388 546 1415 ad
568 1389 732 1416 andienduut
748 1391 861 1418 verbunt

70 1428 117 1456 Dci
141 1430 305 1463 conveniat,
337 1432 430 1459 audiat
454 1433 518 1467 qttid
545 1434 676 1468 prmcepit
705 1435 860 1464 Dominus:

916 204 1026 228 uxores,
1043 201 1170 231 tauquam
1191 205 1244 224 non
1261 197 1392 225 habentes
1412 197 1482 229 sint,
1497 202 1524 224 et
1536 198 1581 232 qui
1597 203 1702 230 emunt,

917 245 1046 276 tanquam
1079 249 1133 268 non
1161 243 1351 277 possidentes,
1381 249 1408 270 et
1435 243 1481 278 qui
1514 248 1628 270 utuntur
1654 244 1706 272 hoc

917 288 1029 319 mundo,
1043 292 1170 321 tanquam
1189 296 1242 315 non
1261 293 1380 315 utantur.
1398 288 1520 315 Praeterit
1537 289 1609 315 enim
1629 289 1706 316 habi-

918 337 960 359 tus
973 332 1054 367 hujus
1067 333 1176 365 ntundi,
1190 343 1199 359 t
1219 333 1340 367 praeterit
1362 333 1510 367 temporale
1531 341 1653 368 regnum,
1676 339 1707 362 ut

917 384 1076 413 perpetuum
1094 378 1184 405 veniat
1195 382 1222 405 et
1235 383 1366 405 aeternum
1382 387 1389 405 :
1406 379 1476 405 sicut
1488 383 1515 405 et
1532 379 1558 405 iu
1579 379 1706 406 oratione

917 423 1006 450 dicere
1029 423 1156 456 jubentur
1170 431 1178 450 :
1193 433 1202 449 ι
1217 423 1351 451 Adveniat
1386 431 1499 458 regnum
1526 428 1601 451 tuum
1629 424 1652 440 ³⁸
1673 431 1701 451 :t

917 469 943 495 in
958 469 1068 497 Christo
1089 469 1152 496 Jesu
1176 469 1290 496 Dorttino
1310 475 1421 501 nostro,
1440 470 1483 497 cui
1504 475 1546 497 est
1566 470 1653 505 gloria
1677 473 1707 498 et

917 514 1059 549 imperium
1082 515 1108 542 in
1128 514 1226 542 smcula
1250 515 1421 542 smeulorum.
1442 516 1540 543 Amen.

1199 559 1340 587 IIOIIILIA
1361 560 1427 586 XII.‘

917 605 954 633 De
969 605 1041 633 vultu
1058 605 1145 642 Moysi
1156 605 1316 641 gloriﬁmw,
1327 611 1351 632 et
1368 605 1496 633 velamine
1513 607 1582 642 quod
1593 607 1704 640 ponebat

1218 651 1244 677 in
1258 651 1325 685 [acie
1338 659 1397 678 tua.

952 699 978 726 1.
992 697 1083 725 Lectio
1101 698 1178 725 nobis
1193 697 1278 725 Exodi
1297 698 1409 725 recitata
1432 702 1483 729 est,
1507 705 1567 732 qua:
1593 706 1643 725 nos
1670 697 1704 725 ad

915 744 1101 779 intelligentiae
1113 744 1329 779 inquisitionem,
1345 744 1387 771 vel
1403 744 1507 777 incitet,
1523 745 1563 771 vel
1581 744 1703 778 repellat.

916 790 1012 817 Incitat
1028 795 1134 817 mentes
1158 791 1294 818 studiosus
1318 794 1345 817 et
1376 789 1495 822 liberas;
1536 790 1644 817 desides
1676 795 1704 816 et

914 841 1060 870 occupatas
1087 836 1204 870 repellit,
1220 836 1359 870 iscriptnm
1384 841 1426 864 est.
1454 836 1527 863 enim
1544 836 1565 852 ³⁸
1583 845 1589 863 :
1609 845 1619 861 ‹
1633 835 1702 869 Quia

914 883 1080 910 viditAaron
1099 887 1126 910 et
1151 890 1246 910 omnes
1261 883 1307 910 filii
1325 883 1408 911 Israel
1440 883 1561 916 Moysen,
1585 887 1613 911 ct
1642 887 1704 909 erat

914 928 1062 963 glorificata
1077 928 1161 955 facies
1175 929 1244 962 ejus,
1257 933 1285 955 et
1297 927 1371 955 color
1385 927 1476 955 vultus
1487 928 1556 962 ejus,
1568 932 1595 954 et
1606 927 1704 953 timue-

914 980 976 1002 ruttt
990 975 1120 1002 accedere
1138 975 1171 1001 ad
1187 975 1271 1001 illum.
1286 983 1296 1001 ι
1320 974 1352 1001 Et
1366 979 1426 1010 post
1439 982 1524 1008 pauca
1537 983 1544 1001 :
1557 974 1702 1005 «Ponebat,

914 1021 1001 1055 inquit
1016 1020 1050 1053 ⁸ο,
1069 1020 1175 1055 Moyses
1188 1021 1309 1047 vclamett
1324 1028 1404 1055 super
1418 1020 1515 1047 faciem
1532 1027 1621 1047 suam.
1635 1019 1702 1046 Cum

914 1071 1005 1093 autem
1031 1067 1157 1094 introiret
1187 1067 1244 1103 (74)
1272 1067 1297 1093 in
1327 1071 1505 1101 conspectum
1534 1066 1649 1097 Domini,
1674 1070 1703 1092 ut

914 1113 1070 1147 loqueretur
1091 1113 1144 1145 illi,
1171 1113 1323 1147 depouebat
1338 1113 1496 1140 velamenu
1522 1112 1585 1139 Ilzec
1610 1116 1701 1138 autem

914 1157 1058 1191 Apostolus
1072 1157 1209 1186 disserens
1227 1159 1372 1193 magnifico
1391 1160 1437 1188 illo
1448 1167 1528 1188 sensu
1544 1167 1596 1195 quo
1608 1160 1634 1187 in
1649 1167 1702 1187 ca)-

914 1202 979 1229 tcris
997 1203 1097 1236 utitur,
1117 1203 1151 1231 de
1171 1211 1225 1239 quo
1246 1204 1344 1231 dixit"
1363 1215 1370 1233 :
1390 1214 1399 1232 ι
1413 1205 1467 1233 Nos
1482 1211 1573 1233 autent
1591 1214 1701 1233 sensunt

913 1247 1013 1275 Christi
1034 1249 1175 1282 habemus,
1190 1250 1227 1276 ait
1243 1258 1250 1277 :
1270 1250 1347 1283 Quod
1365 1251 1388 1279 si
1407 1252 1588 1280 ministerium
1606 1253 1702 1280 mortis

914 1293 940 1319 in
964 1293 1064 1320 litteris
1092 1294 1274 1322 deformatuut
1293 1294 1348 1333 (75)
1370 1297 1397 1324 in
1425 1297 1561 1332 lapidibus
1589 1297 1639 1324 fuit
1666 1297 1701 1325 ad

913 1339 1038 1374 gloriam,
1053 1340 1090 1367 ita
1104 1347 1132 1368 ιιι
1144 1349 1197 1368 non
1213 1348 1327 1377 possent
1347 1344 1487 1371 intendere
1501 1344 1547 1371 filii
1569 1344 1652 1371 Israel
1674 1344 1700 1370 Ill

915 1384 1012 1412 facient
1028 1385 1111 1421 Moysi
1130 1392 1241 1422 propter
1254 1388 1367 1423 gloriam
1381 1388 1471 1416 vultus
1484 1390 1552 1423 ejus,
1566 1397 1624 1423 qua:
1636 1389 1702 1416 abo-

914 1430 994 1462 letur,
1005 1431 1141 1465 quomodo
1155 1440 1207 1460 non
1225 1433 1310 1468 magis
1325 1433 1504 1461 ministerium
1515 1434 1634 1468 Spiritus
1649 1434 1702 1461 erit

69 1475 258 1503 sani-tificalus
280 1477 374 1504 venire
395 1478 474 1505 debet
491 1479 524 1506 ad
549 1479 713 1507 audiendum
737 1481 859 1515 verbum,
876 1489 899 1519 ο
916 1477 941 1502 ί¹¹
963 1476 1066 1511 glori“?
1082 1487 1090 1504 ’
1109 1477 1143 1505 Ει
1165 1478 1264 1506 “erum
1287 1480 1366 1513 ιδηιιιο
1392 1485 1452 1515 I105l
1464 1481 1550 1508 die":
1568 1489 1577 1506 ⁴
1593 1481 1626 1508 El
1647 1490 1700 1508 ηοη

68 1519 161 1547 lavare
175 1522 256 1548 debet
271 1523 431 1550 vestimenta
447 1531 506 1551 sua.
532 1524 560 1552 Si
585 1526 656 1552 eniut
680 1527 790 1554 sordida
808 1527 862 1554 huc

69 1565 202 1593 detuleris
226 1569 405 1600 vestimenta,
434 1570 528 1597 audies
554 1576 579 1597 et
607 1576 634 1598 tu
655 1571 677 1587 ³³
699 1581 705 1598 :
729 1582 738 1597 ι
755 1573 860 1605 Amice,

68 1613 208 1646 quomodo
232 1613 285 1639 huc
308 1613 425 1641 introisti
448 1622 500 1642 non
527 1616 605 1650 172
633 1617 734 1644 habens
759 1622 860 1645 vestem

69 1658 244 1692 nup'ialeut‘l
264 1668 274 1684 ι
304 1658 388 1686 Nemo
414 1667 478 1694 ergo
505 1666 593 1695 potest
624 1662 719 1689 amlire
748 1664 860 1690 Verbum

69 1704 126 1737 Dei,
143 1705 197 1732 nisi
214 1705 290 1739 pritts
306 1706 387 1733 fuerit
398 1707 601 1740 sanctiticatus,
617 1707 642 1734 id
656 1713 696 1735 est
714 1709 765 1736 nisi
780 1710 861 1737 fuerit

67 1755 182 1777 sanctus
205 1757 322 1784 corpore
347 1755 374 1778 et
399 1752 494 1786 spiritu
509 1774 515 1786 ,
540 1753 592 1779 nisi
619 1753 782 1781 vestimenta
813 1763 860 1782 sna

68 1797 174 1823 lat-erit.
193 1795 367 1831 Ingressurus
381 1803 422 1824 est
434 1798 505 1824 ettint
523 1799 603 1833 paulo
628 1803 686 1833 post
704 1800 736 1826 ad
755 1807 860 1827 coenam

68 1842 239 1876 nuptialem,
268 1843 480 1870 manducaturus
504 1849 544 1871 est
569 1845 602 1872 de
629 1845 757 1872 carnibus
780 1847 858 1880 Agni,

67 1894 213 1922 potaturus
231 1893 273 1915 est
298 1889 424 1923 poculum
446 1889 583 1916 salutaris.
612 1889 696 1917 Nemo
719 1892 801 1918 intret
827 1891 860 1918 ad

68 1935 137 1962 hanc
158 1942 267 1962 comam
295 1935 413 1962 sordidis
439 1935 619 1963 vestimentis.
652 1936 708 1963 lloc
732 1937 804 1964 enim
833 1943 861 1964 et

68 1981 130 2008 alibi
148 1980 292 2015 Sapientia
308 1982 435 2016 prreeepit
451 1982 542 2009 dicens
557 1981 600 2008 '5:
623 1991 631 2007 ι
645 1982 673 2009 In
692 1984 765 2010 omni
790 1990 858 2010 teut-

67 2035 132 2062 pore
144 2028 202 2055 sint
222 2028 388 2054 vestimenta
411 2033 453 2054 tua
473 2028 585 2055 munda.
598 2038 607 2054 )
628 2029 692 2056 Lota
711 2035 774 2057 sunt
788 2031 859 2057 enim

68 2074 150 2100 senth
184 2074 347 2100 vestimenta
373 2079 417 2100 tua
446 2081 506 2101 cum
544 2075 642 2101 venisti
674 2076 707 2102 ad
744 2077 859 2110 gratiam

68 2120 208 2153 baptismi.
228 2119 387 2153 purificatus
411 2126 440 2145 es
464 2126 589 2154 corpore,
612 2120 758 2147 mundatus
779 2129 809 2148 es
827 2121 860 2147 ab

914 1522 1101 1558 sicutMoyscs
1121 1524 1238 1558 ponebat
1256 1525 1377 1553 velamen
1396 1534 1478 1562 super
1496 1527 1593 1554 faciem
1612 1535 1700 1561 suam,

914 1573 943 1594 ut
957 1575 1009 1595 non
1024 1568 1194 1597 intenderent
1209 1570 1255 1597 filii
1279 1571 1359 1598 Israel
1374 1573 1401 1599 in
1416 1571 1512 1599 faciem
1527 1573 1617 1600 vultus
1630 1573 1700 1608 ejus.

913 1613 1008 1642 Obtusi
1018 1616 1160 1643 suntettim
1171 1625 1266 1645 sensus
1276 1625 1381 1651 eorum,
1395 1627 1479 1653 usque
1495 1619 1521 1646 itt
1536 1619 1700 1647 hodiernum

912 1661 995 1688 diem.
1005 1661 1070 1688 Cum
1082 1663 1152 1689 enirn
1164 1663 1260 1698 legitur
1271 1663 1386 1699 Moyses,
1399 1665 1520 1692 velamen
1530 1671 1572 1692 est
1585 1666 1701 1700 positum

913 1713 994 1741 Super
1010 1715 1058 1734 cor
1083 1716 1188 1736 eoruttt.
1206 1718 1215 1734 ι
1248 1708 1315 1742 Quis
1343 1717 1395 1736 non
1423 1710 1574 1737 admiretur
1597 1716 1700 1745 myste-

914 1753 1015 1779 riorum
1027 1753 1261 1788 magnitudinem?
1278 1755 1338 1789 quis
1352 1763 1405 1782 non
1420 1756 1594 1790 pertimescat
1610 1760 1700 1782 notam

913 1799 1002 1826 cordis
1028 1799 1117 1826 obtusi
1137 1799 1217 1834 (76)?
1245 1799 1401 1827 Glorificata
1422 1806 1463 1827 est
1492 1800 1576 1828 facies
1603 1801 1700 1835 Moysi,

915 1846 961 1871 scd
980 1853 1031 1871 ιιοιι
1047 1850 1172 1878 poterant
1192 1845 1334 1872 intendere
1356 1846 1382 1872 iu
1406 1845 1502 1872 facient
1525 1847 1612 1873 vultus
1641 1848 1701 1881 ejus

913 1889 959 1915 lilii
981 1889 1075 1920 Israel,
1095 1897 1148 1916 tton
1168 1895 1276 1924 poterat
1297 1890 1436 1917 intendere
1458 1891 1572 1925 populus
1587 1892 1702 1927 Synago-

913 1942 962 1967 grc.
984 1934 1012 1961 Si
1025 1935 1085 1968 quis
1100 1939 1190 1960 autent
1207 1934 1458 1968 conversationem,
1472 1940 1498 1961 et
1513 1936 1593 1961 vitam
1612 1940 1702 1970 potest

914 1981 1013 2007 habere
1027 1980 1237 2007 eminentiorem
1261 1989 1343 2014 quattt
1361 1981 1493 2015 reliquunt
1515 1981 1627 2015 vulgus,
1649 1981 1701 2008 iste

912 2030 1000 2060 potest
1014 2026 1112 2053 intueri
1127 2027 1240 2059 gloriam
1257 2027 1348 2054 vultus
1366 2027 1434 2061 ejus.
1452 2037 1461 2052 ι
1478 2027 1511 2054 Ει
1530 2035 1601 2054 nmtc
1614 2028 1701 2060 enim,

913 2072 983 2098 sicut
1002 2072 1066 2098 dicit
1084 2072 1232 2106 Apostolus
1256 2073 1289 2105 "’,
1317 2072 1441 2100 velamen
1462 2077 1502 2100 est
1530 2074 1645 2108 positqu
1674 2074 1703 2101 in

913 2118 1028 2145 lectione
1041 2118 1147 2145 Veteris
1165 2118 1396 2146 Testantcntiztet
1409 2128 1480 2147 ttuttc
1496 2119 1603 2150 Moyses
1618 2119 1701 2155 glori-

67 2165 139 2192 outtti
167 2165 377 2199 inquinamettto
399 2165 490 2192 carnis
512 2170 538 2191 et
560 2165 679 2200 spiritus.
707 2166 772 2199 Qua:
792 2175 856 2201 ergo
876 2162 898 2189 D
915 2165 994 2191 Iicato
1006 2164 1079 2190 vultu
1097 2164 1227 2199 loquitur,
1247 2165 1294 2191 sed
1312 2165 1426 2199 gloriam
1446 2173 1505 2199 qua:
1523 2170 1564 2192 est
1584 2165 1609 2191 iu
1627 2165 1701 2191 vultu

69 2210 137 2237 Deus
150 2210 305 2242 mundavit,
324 2215 350 2236 tu
370 2209 506 2236 immunda
520 2218 552 2236 ne
569 2210 676 2239 feceris.
692 2211 759 2238 Audi
775 2211 859 2246 igitur

69 2263 139 2282 nunc
164 2260 192 2281 et
212 2255 440 2282 sanctificationis
467 2263 552 2289 genus
573 2264 603 2282 τι
620 2256 657 2283 Ne
675 2258 858 2289 acceSseritis,

69 2299 154 2334 inquit
172 2299 206 2332 ³⁵,
236 2300 269 2326 ad
296 2299 437 2326 ntuIiercnt
459 2300 549 2332 hodie,
569 2302 738 2333 etcrastina,
761 2307 790 2328 ιιι
814 2303 858 2330 die

72 2348 148 2374 tertia
175 2347 295 2374 audiatis
321 2348 432 2373 verbum
465 2347 522 2374 Dei.
544 2356 553 2372 ι
581 2347 638 2375 lloc
668 2354 709 2374 cst
731 2349 803 2382 quod
831 2354 859 2376 et

69 2393 216 2427 Apostolus
233 2393 302 2420 dicit
320 2393 362 2419 "2
383 2401 392 2418 ι
408 2393 510 2420 Βυιιιιιιι
533 2398 574 2420 est
595 2394 697 2420 homini
718 2395 856 2422 mulierem

70 2446 120 2465 non
143 2443 278 2474 tangere;
296 2447 305 2464 t
319 2438 395 2466 salvo
415 2443 504 2474 tamen
534 2439 654 2466 remedio
674 2440 715 2466 his
738 2441 782 2475 qui
810 2449 858 2476 pro

70 2486 228 2513 inlirntitate
242 2493 290 2512 sua
314 2486 434 2513 remedio
450 2486 573 2520 indigent
589 2487 712 2519 nuptiali.
742 2487 859 2514 Verum-

70 2539 158 2559 tamen
186 2532 330 2558 consiliunt
360 2533 503 2559 audiamus
529 2533 649 2567 Apostoli
675 2533 789 2560 dicentis
811 2534 856 2562 a7:

99 2603 123 2619 ²⁹
141 2602 221 2629 Nunt.
236 2603 323 2635 xti,5.
362 2603 383 2618 ³⁰
399 2603 475 2630 Ilmn.
489 2611 535 2630 vn.
572 2604 591 2619 ³¹
608 2603 687 2630 Ilehr.
702 2612 732 2636 ιι,
749 2605 790 2633 19.

66 2637 86 2652 "
108 2639 194 2664 Exod.
219 2646 275 2667 xix.
298 2638 341 2664 15.
381 2639 403 2653 ³⁸
423 2639 508 2666 ICor.
531 2647 578 2670 vn,
598 2639 622 2665 1.

66 2674 84 2686 "
108 2674 174 2700 thid.
196 2673 241 2700 54.
293 2675 313 2688 ⁸¹
336 2673 356 2700 ΙΙ
381 2674 443 2700 (lor.
467 2682 506 2706 Ill,
525 2674 550 2700 7.
591 2674 612 2689 1‘

362 2603 383 2618 ³⁰
399 2603 475 2630 Ilmn.
489 2611 535 2630 vn.

100 2732 160 2767 (Η)
182 2732 262 2764 Mss.,
281 2742 289 2758 ι
305 2733 456 2759 introiret.»
477 2732 546 2759 [iditi
562 2733 639 2763 Iibh.,
657 2742 666 2757 ι
683 2732 828 2761 introierit.
843 2744 853 2761 t

67 2804 76 2828 ι
99 2767 157 2802 (75)
176 2767 251 2799 Mss.,
272 2777 281 2794 ι
295 2767 486 2796 deformatum.
500 2778 509 2795 ι
528 2768 607 2796 Liltb.
621 2768 684 2796 editi
696 2788 704 2802 ,
731 2777 739 2794 ι
755 2769 856 2797 forma-

78 2808 132 2829 unt.
149 2812 159 2829 ι

831 2607 853 2622 ³³
867 2607 950 2634 Iixod.
966 2615 992 2640 ιι,
1010 2606 1109 2637 10,11.

661 2639 682 2654 ³⁷
703 2640 709 2665 l
729 2641 789 2666 Cor.
805 2649 854 2672 vn,
875 2644 921 2672 ‘29.
941 2644 987 2673 δι),
1007 2643 1051 2668 51.

641 2673 660 2700 II
690 2674 752 2701 Cor.
773 2684 813 2708 Ill,
837 2678 880 2705 14.

914 2210 972 2245 ejus
992 2217 1045 2236 non
1059 2218 1202 2245 possumus
1221 2211 1333 2238 intueri.
1351 2210 1456 2238 Idcirco
1474 2216 1562 2238 autent
1577 2219 1629 2237 tton
1644 2219 1703 2245 pos-

914 2264 1018 2288 sumus,
1037 2257 1099 2290 quia
1116 2257 1205 2283 adltuc
1230 2257 1345 2291 populus
1368 2265 1472 2288 sumus,
1490 2261 1515 2283 ct
1529 2257 1595 2283 nihil
1608 2257 1702 2289 studii,

915 2302 982 2329 nihil
996 2302 1095 2333 meriti,
1113 2302 1255 2336 plusquam
1271 2302 1375 2336 reliqua
1390 2302 1477 2336 plebs,
1492 2303 1632 2329 habemus.
1650 2300 1701 2328 Vc-

914 2358 972 2377 t‘unt
986 2349 1048 2383 quia
1064 2349 1128 2376 dicit
1141 2353 1251 2375 sanctus
1267 2349 1410 2382 Apostolus
1427 2358 1434 2375 :
1452 2358 1461 2374 ι
1476 2348 1591 2383 Idipsuut
1611 2352 1701 2379 autern

910 2395 1031 2421 velamen
1058 2394 1083 2420 in
1107 2394 1223 2420 lectione
1248 2392 1353 2420 Veteris
1371 2393 1537 2421 Testameuti
1561 2397 1669 2424 manet,
1689 2401 1698 2417 ι

912 2446 1066 2475 amputaret
1085 2441 1163 2466 nobis
1175 2447 1282 2467 omnem
1297 2440 1482 2474 intelligentia:
1496 2446 1570 2473 spem
1585 2438 1653 2464 tanti
1671 2443 1700 2464 ct

912 2488 973 2516 talis
989 2487 1109 2521 Apostoli
1131 2486 1236 2521 prolata
1253 2486 1389 2513 sententia
1403 2506 1410 2518 ,
1425 2485 1475 2512 nisi
1489 2484 1638 2511 addidisset
1652 2483 1675 2499 ⁸³
1693 2492 1700 2510 ;

914 2535 1000 2562 «Cum
1021 2540 1111 2561 autem
1139 2534 1200 2569 quis
1217 2540 1365 2561 conversus
1381 2531 1461 2558 fuerit
1483 2531 1516 2557 ad
1544 2530 1700 2562 Dominum,

1150 2606 1172 2622 ³³
1187 2603 1281 2631 Matth.
1299 2602 1424 2635 xxtt,1€‘..
1463 2602 1484 2616 5‘"
1500 2600 1587 2627 Ecele.
1602 2607 1638 2630 Ix,
1657 2599 1699 2626 1ίῖ-

1091 2641 1114 2656 ³⁸
1132 2641 1226 2667 Matth.
1249 2647 1285 2670 Vl,
1311 2640 1354 2665 10.
1393 2638 1415 2653 ²⁹
1437 2637 1522 2664 Exod.
1543 2643 1634 2668 xxuv,
1653 2635 1699 2663 50.

919 2679 941 2694 δδ
966 2679 1031 2704 ibid.
1054 2677 1096 2703 16.

947 2736 1003 2771 (76)
1026 2735 1121 2772 Notam
1135 2734 1225 2761 cordis
1242 2732 1353 2772 obtusi}
1373 2731 1411 2772 sic
1427 2738 1492 2758 mss.
1517 2729 1592 2760 Libri
1609 2732 1699 2757 autem

911 2767 985 2802 editi,
995 2767 1013 2796 ἰ
1026 2771 1148 2798 velamen
1168 2769 1258 2797 obtusi
1277 2767 1389 2795 cordis?
1403 2776 1411 2792 ι
