1902 3063
211 113 265 142 883

933 110 1095 140 ORIGENlS

1782 106 1835 134 584

210 172 349 199 auferetur
385 172 545 200 velamen.»
586 173 668 208 Igitur
703 180 814 200 causam
851 171 982 199 aufereml

1046 168 1074 196 Si
1089 167 1159 195 enint
1175 166 1274 201 ille'qui
1292 166 1379 198 adest,
1395 165 1439 200 qui
1455 164 1540 195 audit.
1555 169 1582 192 et
1607 164 1727 192 intentus
1741 170 1795 196 est,
1807 170 1836 191 et

210 217 364 250 velatniuis,
394 219 601 246 conversionem
635 224 755 246 nostratn
788 225 849 246 esse
876 218 940 246 dicit
962 217 994 244 ad

210 259 366 289 Dominum.
394 263 431 289 Ex
454 271 506 297 quo
526 264 678 298 colligenda
696 269 759 290 sunt
781 264 859 290 nobis
881 264 994 295 indicia,

209 307 282 341 quod
306 308 391 335 donec
414 309 533 343 legentes
560 309 717 344 Scripturas
737 309 843 336 divinas
862 309 924 336 latet
948 317 996 336 nos

212 351 374 386 intellectus,
391 354 473 380 donec
488 354 602 381 obscura
617 359 680 381 sttttt
693 355 772 382 nobis
788 360 814 382 et
831 355 922 382 clausa
938 362 996 388 quae

210 397 311 430 scripta
324 402 396 429 sunt,
415 399 532 425 nomium
549 400 674 427 conversi
688 401 719 427 ad
733 401 876 428 Dominum
891 408 993 428 smnus.

210 441 238 469 Si
255 442 325 468 enim
340 444 462 470 conversi
475 451 597 472 essemus
617 445 649 471 ad
665 446 822 479 Dominum,
837 447 897 474 siue
914 446 995 473 dubio

209 485 364 513 auferretur
383 488 517 515 velamen.

242 530 269 557 2.
286 531 339 558 Sed
355 537 382 559 et
401 532 451 560 hoc
468 534 555 567 ipsum
574 536 743 563 converti‘ad
761 536 901 564 Dominum
916 537 995 572 quale

209 577 244 604 sit
257 577 406 604 videmnus.
425 578 458 605 Et
476 584 505 605 ιιι
522 580 675 608 evidentius
691 581 760 608 scire
776 583 914 616 possimus
929 583 992 617 quid

207 621 242 647 sit
258 629 414 654 conversus,
437 624 583 652 dicendum
603 626 680 653 nobis
696 625 752 661 (77)
777 627 852 661 prius
873 633 912 655 est
929 628 992 662 quid

207 665 243 691 sit
258 673 380 693 aversus.
398 667 491 695 Omnis
508 670 564 703 qui,
578 677 639 697 cum
658 671 806 698 recitantur
818 672 899 699 verba
916 672 991 707 legis,

207 711 395 738 communibus
409 712 507 740 fabulis
523 720 684 749 occupatur,
703 723 814 743 aversus
825 720 876 743 est.
898 717 993 745 Omnis

207 756 263 789 qui,
277 763 336 782 cum
352 756 449 792 legitur
461 758 578 793 Moyses,
598 759 631 786 de
646 760 761 795 negotiis
775 762 879 794 saeculi,
894 763 926 789 de
946 770 993 797 pe-

207 801 298 834 cunia,
320 802 354 829 de
373 802 456 830 lucris
478 804 684 831 sollicitudinem
702 806 790 839 gerit,
814 813 924 834 aversus
938 813 990 834 est.

206 846 301 873 Omnis
326 848 371 882 qui
393 851 590 883 possessionum
606 852 679 878 curis
698 837 850 886 stringitur,
871 858 898 880 et
921 854 973 881 divi
1008 837 1028 867 Β

206 891 306 918 tiarum
324 893 470 927 cupidita'e
487 895 657 929 distenditur,
676 898 720 932 qui
745 897 838 932 gloriae
858 899 949 926 satculi
964 905 991 927 et

210 937 302 964 mundi
320 937 467 967 honoribus
482 941 583 974 studet,
600 949 712 969 aversus
727 948 777 970 est.
793 943 845 970 Sed
858 949 885 971 et
899 945 942 979 qui
958 946 991 972 ab

207 980 248 1008 his
266 982 372 1015 quidem
387 983 492 1011 videtur
508 985 622 1018 alienus,
647 986 750 1014 assistit
765 992 856 1014 autem
874 994 902 1016 et
915 990 990 1017 audit

207 1027 288 1053 verba
310 1027 394 1062 legis,
423 1030 535 1057 etvultu
552 1035 633 1066 atque
652 1033 739 1060 oculis
752 1033 884 1066 intentus,
909 1036 992 1063 corde

207 1076 295 1098 tamen
310 1077 337 1099 et
351 1074 560 1108 cogitationibus
570 1082 700 1110 evagatur
723 1086 836 1106 aversus
852 1084 904 1107 est.
921 1080 989 1113 Quid

205 1124 268 1152 ergo
283 1122 324 1145 est
338 1121 458 1146 converti
472 1119 483 1146 ?
498 1121 526 1148 Si
542 1122 584 1149 his
602 1123 727 1150 omnibus
744 1129 818 1160 terga
840 1131 988 1158 vertamus,

204 1166 229 1187 et
247 1162 348 1196 studio,
365 1163 485 1197 actibus,
506 1171 612 1199 mente,
630 1167 826 1200 sollicitudine,
843 1170 926 1196 verbo
943 1171 987 1197 Dei

204 1215 316 1242 operam
332 1207 442 1242 demus,
459 1215 485 1236 et
504 1211 529 1237 in
545 1210 602 1245 lege
619 1211 676 1245 ejus
689 1213 733 1239 die
753 1221 785 1240 ac
801 1220 879 1242 nocte
903 1216 988 1242 medi-

206 1257 302 1285 twnnr,
316 1255 423 1282 omissis
439 1256 565 1282 onntibns
585 1257 640 1284 Deo
658 1265 796 1290 vacemus,
813 1267 990 1288 exerceamur

204 1299 230 1324 in
263 1300 424 1326 testimoniis
449 1299 518 1333 ejus,
548 1301 599 1329 hoc
629 1307 670 1329 est
692 1310 849 1331 conversum
872 1313 933 1333 esse
955 1306 989 1333 ad

204 1343 357 1376 Dominum,
376 1345 414 1371 Tu
440 1353 514 1380 ergo,
543 1346 564 1373 si
584 1347 701 1375 volueris
725 1349 808 1375 ﬁlium
825 1354 896 1376 tttum
917 1352 990 1378 scire

203 1389 307 1416 litteras
319 1397 386 1423 quas
407 1391 533 1419 liberales
552 1398 658 1425 vocant,
675 1396 746 1423 scire
763 1399 987 1433 grammaticam,

205 1435 282 1469 173
299 1436 339 1462 vel
363 1437 523 1465 riu-loricam
545 1439 726 1475 disciplinam,
745 1444 863 1478 nunquid
878 1453 930 1472 non
954 1446 988 1474 ab

202 1482 326 1508 omnibus
343 1490 402 1509 cum
417 1491 530 1511 vacuum
546 1491 572 1513 et
589 1487 702 1515 liberum
725 1490 833 1517 reddis?
848 1491 987 1526 Nunquid,
1001 1500 1023 1529 ο

203 1532 256 1552 non
269 1527 376 1554 omissis
389 1530 504 1562 cauet-is,
523 1531 585 1558 huic
611 1534 655 1560 tttti
684 1534 773 1571 studio
786 1536 851 1563 dare
873 1544 984 1570 operam

202 1569 286 1598 facis?
300 1571 474 1610 Pa‘dagogos,
492 1578 644 1612 magistros,
668 1569 762 1612 lib-ros,
778 1580 923 1616 impensas,
942 1584 984 1610 ni-

202 1614 241 1642 hil
269 1624 380 1650 prorsus
407 1620 501 1648 decsse
527 1622 614 1654 facis,
641 1614 821 1659 quoadusque
836 1614 984 1660 perfectum

203 1664 334 1696 propositi
349 1666 430 1692 stttdii
443 1673 511 1701 opus
527 1673 654 1702 reportet.
679 1669 743 1702 Quis
764 1676 884 1698 nostrum
903 1672 939 1699 ita
955 1680 984 1700 se

201 1708 236 1734 ad
251 1708 348 1737 divina:
362 1711 428 1744 legis
445 1713 532 1743 studia
549 1716 709 1742 convertit?
728 1717 792 1749 Quis
810 1722 932 1744 nostrum
945 1717 983 1746 ita

201 1760 311 1786 operam
330 1755 423 1783 dedit?
447 1757 512 1790 Quis
529 1763 603 1787 tanto
623 1761 712 1788 studio
735 1769 767 1789 ac
790 1762 882 1790 labore
895 1763 983 1798 divina

201 1800 299 1833 qumrit
321 1802 422 1835 studia,
447 1810 548 1838 quanto
572 1807 695 1840 quatsivit
713 1807 851 1836 humana?
875 1810 907 1837 Et
919 1811 984 1846 quid

200 1846 393 1879 conquerimur
418 1849 440 1875 si
459 1850 530 1883 quod
557 1859 610 1878 non
634 1852 786 1887 didicimus,
806 1855 983 1888 ignoramus?

198 1889 287 1925 Aliqui
307 1896 424 1920 vestrum
442 1894 495 1931 (78)
511 1900 539 1922 ut
551 1897 658 1924 recitari
672 1898 807 1926 audierint
817 1909 877 1935 qua:
892 1902 983 1937 legun-

200 1942 252 1967 tur,
270 1939 359 1965 statim
373 1940 525 1967 discedunt.
542 1941 618 1968 Nulla
637 1949 668 1969 ex
689 1943 730 1970 Itis
750 1951 811 1979 qua:
833 1945 905 1972 dicta
919 1952 983 1974 sunt

199 1982 336 2016 inquisitio
354 1986 386 2011 ad
403 1986 528 2020 invicem,
540 1987 611 2014 nulla
633 1988 754 2022 collatio,
772 1998 904 2025 nusquam
927 2000 984 2019 nte—

199 2029 283 2055 moria
300 2031 418 2057 mandati
437 2031 519 2063 illius,
534 2041 587 2067 quo
608 2039 633 2061 te
647 2035 734 2061 divina
751 2035 793 2062 lex
807 2043 980 2064 commouet:

201 2082 210 2098 ι
226 2073 362 2110 Interroga
381 2081 472 2110 patres
488 2082 557 2110 tuos,
568 2084 594 2105 et
614 2079 706 2107 dit-ent
722 2081 789 2112 tibi;
810 2082 982 2117 presbyteros

199 2123 269 2150 tuos,
282 2124 308 2146 et
322 2122 521 2150 annuntiabnnt
532 2124 579 2151 tibi
589 2124 703 2159 ".cAlii,
716 2133 750 2153 ne
760 2126 906 2162 hocipsutn
920 2129 982 2162 qui-

1049 223 1108 249 quw
1124 214 1199 241 audit
1214 216 1354 246 retractat,
1372 218 1397 239 et
1409 212 1528 243 discutit,
1544 215 1570 237 et
1581 218 1640 245 qua!
1655 210 1764 244 assequi
1779 217 1835 237 non

1048 263 1146 293 potest,
1167 261 1351 292 percontatur,
1368 262 1394 284 et
1413 257 1502 289 discit,
1518 257 1561 282 vix
1579 256 1710 289 potestati
1723 255 1834 282 liberta-

1048 308 1100 330 tettt
1126 303 1246 329 scientia:
1269 302 1429 336 pervenire;
1458 301 1501 328 ille
1526 302 1572 336 qni
1595 301 1738 328 abscondit
1755 308 1834 328 antes

1046 357 1109 376 suas
1125 357 1158 376 ne
1171 349 1274 380 attdiat,
1289 353 1315 376 et
1331 353 1406 382 terga
1420 348 1447 374 in
1464 348 1558 375 facient
1575 347 1686 381 legentis
1704 347 1833 378 obvertit,

1046 394 1182 428 quontodo
1203 393 1332 421 dicendus
1353 397 1395 420 est
1412 393 1534 419 velamen
1559 393 1659 419 habere
1676 392 1834 426 superposi-

1047 444 1101 466 tutn
1119 439 1242 472 cordi,ad
1257 446 1335 473 quem
1356 445 1389 465 ne
1414 439 1501 472 ipsum
1519 439 1626 472 (lnidetn
1646 438 1768 464 velamen
1786 437 1833 463 lit-

1046 489 1110 511 tera:
1122 492 1175 518 quo
1188 491 1285 511 sensus
1297 484 1410 517 velatur,
1424 485 1470 519 qui
1487 489 1525 511 est
1540 491 1621 510 sonus
1638 484 1722 515 vocis,
1738 490 1833 510 acces-

1044 529 1102 557 sit?
1121 530 1237 557 Evidens
1267 530 1347 564 igitur
1370 530 1455 565 figura
1478 533 1529 562 est,
1555 530 1690 563 quomodo
1713 529 1832 563 gloriosa

1045 575 1158 602 etlicitur
1177 575 1262 603 facies
1277 575 1360 611 Moysi
1379 575 1499 603 :habent
1512 576 1583 602 enim
1597 576 1708 610 gloriam
1724 583 1756 602 ea
1772 583 1833 610 quae

1045 620 1165 654 loquitur
1178 629 1183 646 :
1198 622 1245 648 sed
1257 621 1315 648 haec
1329 622 1439 656 tegitur,
1452 626 1479 649 et
1492 621 1653 654 occultatur,
1669 626 1696 649 et
1715 626 1758 649 est
1770 629 1831 648 om-

1046 666 1089 693 nis
1102 666 1186 700 gloria
1208 666 1267 700 ejus
1283 667 1456 694 intrinsecus.

1080 711 1106 738 5.
1123 711 1191 739 Illud
1210 719 1318 746 quoqtte
1345 713 1450 740 intuere
1475 713 1555 747 quale
1584 713 1630 745 sil,
1642 713 1713 747 quod
1731 713 1756 740 in
1773 712 1832 748 lege

1045 757 1134 784 vultus
1150 758 1260 792 quidem
1280 758 1364 793 Moysi
1379 758 1546 792 glorificatus
1561 759 1688 791 refertur,
1706 758 1770 785 licet
1784 766 1832 786 ve-

1045 803 1147 830 lamine
1164 808 1341 837 contegatur;
1359 811 1454 830 manus
1468 809 1558 830 autem
1575 803 1635 838 ejus
1654 805 1725 831 intra
1740 805 1831 832 sinum

1045 849 1138 881 missa,
1160 849 1266 883 leprosa
1288 849 1360 876 facta
1379 854 1548 875 memoratur
1567 849 1637 876 sicut
1655 850 1711 876 nix.
1731 850 1759 876 In
1775 858 1833 885 quo

1045 895 1108 922 mihi
1122 895 1228 922 videtur
1241 894 1325 921 forma
1341 894 1422 921 totius
1433 894 1500 928 lcgis
1514 895 1668 928 plenissime
1679 895 1830 930 designari.

1044 939 1070 966 ltt
1090 939 1163 966 vultu
1179 940 1250 967 enim
1262 940 1321 975 ejus
1338 947 1429 967 sermo
1444 940 1520 974 legis,
1540 940 1566 967 in
1583 948 1663 967 manu
1680 948 1764 975 opera
1782 942 1832 969 de-

1042 986 1196 1021 signantur.
1215 985 1282 1019 Quia
1299 994 1363 1020 crgo
1377 994 1408 1013 ex
1424 986 1551 1021 operibus
1567 986 1634 1021 legis
1656 987 1746 1014 nullus
1770 993 1832 1015 erat

1039 1031 1240 1066 justiticandus,
1256 1039 1305 1059 nec
1326 1032 1443 1066 aliquem
1459 1032 1491 1058 ad
1519 1031 1668 1066 perfectum
1694 1034 1831 1061 adducere

1042 1081 1149 1111 poterat
1167 1077 1222 1110 lex,
1235 1077 1338 1104 idcirco
1355 1085 1452 1105 manus
1475 1077 1558 1113 Moysi
1579 1078 1683 1112 It-prosa
1708 1078 1748 1111 ﬁt,
1765 1086 1791 1106 et
1805 1079 1831 1106 in

1041 1123 1129 1149 sinunt
1159 1122 1326 1155 rcconditttr,
1353 1128 1481 1158 tanquam
1510 1124 1575 1150 nihil
1601 1124 1713 1159 perfecti
1739 1126 1832 1160 operis

1043 1167 1167 1194 habitura
1181 1176 1189 1194 :
1203 1167 1288 1196 facies
1305 1175 1368 1196 vero
1381 1168 1439 1202 ejus
1453 1169 1603 1203 glorificata
1622 1175 1674 1201 est,
1691 1171 1739 1197 sed
1758 1171 1832 1197 vela-

1043 1214 1114 1240 mine
1150 1214 1274 1249 tegitur;
1297 1215 1359 1249 quia
1387 1221 1477 1241 sermo
1503 1215 1561 1249 ejus
1593 1215 1674 1242 habet
1706 1216 1831 1243 scientia

1041 1256 1166 1291 gloriam,
1190 1258 1236 1285 sed
1253 1260 1401 1286 occultam.
1419 1260 1495 1288 Unde
1513 1266 1539 1288 et
1556 1263 1684 1296 propheta
1699 1263 1766 1289 dicit
1783 1263 1807 1279 "
1820 1271 1830 1291 :

1043 1311 1052 1328 ι
1072 1301 1129 1330 Nisi
1146 1304 1300 1338 audieritis,
1315 1306 1422 1332 occulte
1447 1307 1565 1340 plorabit
1587 1307 1642 1343 (80)
1670 1308 1760 1335 anima
1785 1316 1831 1336 ve-

1040 1352 1106 1379 stra,
1122 1357 1130 1373 ι
1146 1354 1172 1375 et
1188 1349 1270 1376 David
1285 1349 1350 1376 dicit
1362 1349 1403 1377 ":
1419 1360 1427 1376 (
1444 1350 1548 1378 lttcerta
1561 1356 1588 1378 et
1600 1352 1705 1379 occulta
1718 1353 1831 1387 sapien-

1042 1393 1084 1420 tite
1098 1399 1149 1420 tua:
1167 1395 1347 1423 manifestasti
1375 1397 1451 1424 mibi.
1472 1406 1482 1423 ι
1498 1397 1525 1425 ltt
1553 1398 1611 1433 lege
1630 1406 1696 1433 ergo
1720 1399 1830 1434 Moyses

1040 1439 1124 1466 solam
1138 1440 1234 1467 faciem
1251 1441 1331 1468 habet
1346 1442 1537 1476 glorificatam,
1554 1451 1641 1478 neque
1660 1453 1759 1473 manus
1771 1446 1829 1480 (-qu

1040 1485 1141 1512 habent
1156 1487 1290 1520 gloriam,
1313 1489 1367 1514 into
1391 1489 1482 1522 potius
1497 1493 1524 1516 et
1544 1491 1733 1517 contumeliam
1757 1501 1763 1518 :
1781 1492 1829 1519 sed

1039 1539 1127 1565 neque
1147 1532 1229 1566 pedes
1245 1533 1311 1568 (Si).
1332 1534 1452 1569 Denique
1471 1535 1577 1563 solvere
1596 1537 1828 1571 jnbeturcalcea-

1039 1583 1158 1605 tneutum
1178 1586 1266 1612 suutn,
1293 1579 1332 1606 sic
1357 1580 1428 1607 nulla
1451 1586 1514 1608 erat
1546 1582 1632 1617 gloria
1660 1583 1686 1609 itt
1713 1583 1829 1617 pedibus

1037 1624 1106 1657 ejus,
1120 1624 1183 1651 licet
1196 1629 1223 1651 et
1238 1625 1289 1652 hoc
1306 1625 1383 1652 ﬁeret
1397 1633 1449 1653 non
1466 1626 1525 1654 sine
1538 1627 1652 1661 alicujus
1665 1628 1755 1655 forma
1768 1636 1826 1664 my-

1038 1669 1125 1696 sterii.
1141 1669 1292 1697 Novissima
1310 1678 1426 1705 namque
1441 1680 1505 1706 pars
1520 1673 1639 1700 hominis
1654 1674 1737 1707 pedes
1751 1679 1825 1701 sunt.

1038 1713 1237 1741 Ostendebatur
1254 1723 1319 1750 ergo
1339 1716 1410 1750 qttod
1430 1717 1456 1743 in
1482 1718 1636 1745 novissimis
1657 1720 1825 1753 temporibus

1037 1760 1155 1786 solveret
1176 1760 1279 1795 Moyses
1303 1761 1517 1790 calceamentutn
1535 1772 1613 1790 suum
1641 1770 1667 1791 ut
1687 1766 1825 1799 acciperet

1031 1806 1108 1839 _alius
1123 1814 1259 1841 sponsam,
1273 1811 1300 1834 et
1324 1807 1366 1834 illa
1383 1814 1529 1835 vocaretur
1545 1810 1639 1837 domus
1665 1811 1823 1839 tllanICCali

1039 1858 1123 1886 usque
1143 1852 1168 1878 itt
1188 1851 1349 1879 hodiernum
1365 1852 1446 1881 dietn.
1460 1853 1531 1881 Nihil
1554 1863 1618 1889 ergo
1631 1856 1703 1883 aliud
1720 1857 1748 1883 in
1766 1857 1824 1892 lege

1037 1896 1183 1930 gloriosum
1213 1899 1295 1925 habet
1321 1899 1436 1934 Moyses,
1467 1900 1518 1927 nisi
1547 1901 1631 1927 solam
1657 1901 1767 1929 faciem.
1796 1903 1823 1930 In

1037 1943 1192 1977 Evangeliis
1225 1949 1316 1971 autem
1346 1949 1416 1973 toltts
1447 1945 1616 1981 gloriﬁcatur
1642 1955 1673 1974 ex
1705 1949 1822 1983 integro.

1036 1989 1105 2016 Audi
1124 1989 1195 2016 cttittt
1213 1991 1278 2024 quid
1305 1991 1411 2018 dicatur
1429 1991 1454 2017 itt
1469 1991 1622 2026 Evangeliis
1646 1993 1667 2009 "’
1691 2002 1698 2020 :
1722 2003 1731 2019 ε
1756 1993 1822 2021 Cum

1036 2036 1204 2063 aSCCIltllSSCl
1224 2035 1303 2064 .lesus
1329 2038 1356 2064 lll
1373 2043 1490 2064 montent
1511 2038 1660 2070 θκεοιευιη,
1680 2047 1822 2067 assumens

1036 2089 1127 2108 secum
1138 2081 1256 2116 Petrum,
1266 2086 1291 2108 et
1301 2081 1433 2110 Joannem
1456 2082 1632 2118 etJacobntn,
1646 2085 1822 2112 transforma-

1038 2133 1079 2155 tus
1091 2133 1132 2155 est
1145 2129 1180 2155 ibi
1194 2136 1285 2156 coram
1299 2129 1365 2164 ipsis
1379 2137 1386 2156 :
1401 2135 1428 2156 et
1440 2137 1503 2157 ecce
1514 2137 1710 2165 apparuerunt,
1721 2131 1821 2166 inquit,

198 2166 258 2192 dem
271 2165 404 2199 patienter
416 2174 584 2202 exspectant,
598 2178 736 2205 usqueqno
748 2173 878 2201 lectiones
888 2174 979 2209 (79)iu
997 2171 1019 2199 Ι)
1034 2173 1137 2208 Moyses
1154 2178 1181 2200 et
1200 2173 1273 2201 Elias
1288 2174 1314 2201 in
1340 2174 1435 2209 gloria,
1459 2174 1641 2209 colloquentes
1664 2184 1726 2202 cum
1746 2165 1789 2203 eo.
1809 2187 1818 2202 I

200 2211 316 2238 Ecclesia
327 2213 483 2241 recitentur.
495 2215 547 2249 Alii
558 2223 622 2243 vero
631 2224 680 2244 nec
686 2218 709 2244 si
719 2219 869 2246 recitantur
877 2221 977 2254 sciunt,

197 2257 244 2282 sed
255 2256 281 2283 in
295 2257 484 2285 remotioribus
500 2260 643 2288 Dominicte
652 2261 747 2288 domus
760 2264 834 2296 locis,
847 2266 983 2293 saeculari—

198 2301 248 2329 bus
259 2301 356 2330 fabulis
363 2309 537 2338 occupantur.
551 2306 587 2334 De
599 2307 697 2341 quibus
708 2316 772 2343 ergo
779 2317 860 2337 ausus
871 2318 930 2338 sum
943 2312 982 2338 di-

197 2355 270 2378 cere.
277 2348 348 2382 quia,
357 2357 417 2376 cmn
425 2350 640 2387 legiturMoyses,
648 2353 702 2387 jatn
713 2362 764 2381 non
773 2355 893 2383 velamen
901 2364 982 2391 Super

197 2400 244 2420 cor
258 2401 362 2427 COI'IIIII,
377 2397 422 2422 sed
439 2398 528 2431 paries
542 2399 651 2432 quidam
664 2405 690 2426 ct
705 2408 798 2428 nntrus
811 2408 851 2428 est
866 2404 978 2436 positus.

232 2451 255 2467 δ”
269 2452 345 2478 Deut.
361 2460 444 2483 xxxn.
459 2454 485 2481 7.
525 2455 547 2471 ³⁵
574 2454 675 2483 Jeretn.
691 2466 750 2490 xm,
769 2458 810 2486 l7.

232 2509 289 2542 (77)
313 2509 455 2546 Diremitth
471 2511 552 2542 nobis,
579 2517 631 2540 ctc.
648 2514 718 2540 Citat
740 2515 811 2543 hunc
827 2516 915 2544 loentn
932 2518 978 2546 Jo-

195 2544 395 2585 nasilureiian.
417 2546 462 2571 lib.
483 2554 503 2576 ι.
519 2546 556 2573 De
579 2547 669 2585 Instil.
690 2549 788 2581 laiculi,
804 2559 865 2585 cap.
880 2553 923 2579 l5.

232 2578 286 2616 (78)
301 2579 523 2616 Aliqnieestrum,
538 2586 591 2610 etc.
609 2583 714 2610 (litatur
727 2585 771 2612 hic
783 2578 861 2613 locds
932 2596 978 2616 eo-

195 2612 255 2639 dem
272 2612 339 2639 .lona
358 2614 467 2641 ibidem.

230 2647 287 2691 (i9)
303 2649 355 2674 Alii
373 2658 403 2675 ne
425 2651 473 2691 lter:
495 2650 579 2691 ipsum
608 2653 711 2691 quidem
735 2655 864 2687 patienter
888 2664 978 2691 exspe-

193 2687 428 2719 clnnt»,__uaqurquo
444 2685 576 2717 lectiones,
595 2685 648 2714 cie.
673 2685 777 2715 Citatur
793 2691 836 2717 ltic
854 2685 973 2719 Iorns'in

194 2717 312 2743 concilio
329 2717 482 2760 l’arisiettsii
499 2722 637 2760 St'x‘lt)_lil).
665 2731 695 2760 tl,
714 2733 773 2758 cap.
794 2725 836 2751 12.
859 2725 907 2752 Ubi
927 2717 975 2760 pro

194 2759 339 2794 qsqutqno,
349 2753 674 2794 IIIillc.Vttlgﬂh-St‘l'lpllll‘a
689 2753 780 2792 habet,
793 2762 872 2793 quod,
885 2753 973 2794 legen-

195 2786 257 2813 dum
272 2791 329 2813 erat
342 2787 436 2819 quoad.
452 2786 516 2816 Nam
532 2786 611 2818 lectio
626 2793 694 2826 quod
715 2801 763 2828 pro
774 2786 875 2828 ’ἠξιοαά
897 2786 973 2823 ι’ἷῐει·

851 2460 873 2475 ⁸⁸
890 2460 961 2490 Psal.
983 2473 1005 2498 t.,
1025 2465 1040 2493 8

1035 2219 1084 2247 Hic
1102 2228 1154 2248 non
1176 2220 1293 2247 refertur
1308 2220 1371 2254 quia
1397 2220 1564 2255 glorificatus
1580 2226 1622 2247 est
1644 2222 1735 2250 Vultus
1750 2222 1819 2256 ejus,

1035 2267 1081 2293 sed
1099 2266 1162 2300 quia
1179 2270 1252 2292 totus
1265 2266 1391 2300 apparuit
1414 2266 1440 2292 in
1468 2265 1564 2300 gloria,
1582 2266 1738 2301 colloquens
1758 2276 1818 2295 cunt

1034 2312 1107 2343 Jesn,
1124 2318 1150 2339 et
1165 2313 1201 2339 ibi
1216 2312 1242 2339 ei
1255 2312 1405 2346 completur
1420 2312 1463 2338 illa
1478 2313 1633 2347 promissio,
1647 2321 1726 2347 quant
1740 2323 1819 2341 acce-

1034 2360 1072 2394 pit
1086 2361 1111 2386 itt
1136 2364 1227 2386 monte
1242 2359 1319 2390 Sina,
1337 2366 1398 2386 cum
1414 2359 1513 2386 dictum
1529 2364 1571 2386 est
1581 2360 1605 2386 ei
1629 2359 1651 2375 ⁸⁸
1668 2369 1674 2386 :
1697 2369 1706 2385 ‹
1729 2360 1820 2387 Poste-

1034 2407 1105 2434 riora
1122 2413 1181 2432 mea
1207 2405 1319 2432 videbis.
1343 2413 1352 2430 ι
1375 2405 1450 2432 Vidit
1479 2413 1545 2440 ergo
1571 2407 1722 2440 posteriora
1747 2408 1815 2440 ejus.

1096 2464 1118 2480 ⁸⁷
1134 2463 1228 2491 Matth.
1243 2470 1308 2496 xvu,
1323 2463 1348 2494 l,
1362 2463 1390 2495 2,
1407 2463 1433 2491 5.
1471 2463 1494 2479 ⁸⁸
1509 2463 1595 2491 Exod.
1609 2472 1703 2498 xxxttt,
1719 2466 1763 2493 23.

1027 2522 1093 2548 litnr
1112 2528 1144 2547 ex
1161 2520 1287 2557 Origeuis
1306 2520 1386 2548 libris
1415 2525 1470 2547 tum
1500 2521 1580 2548 editis
1604 2527 1658 2548 tum
1686 2529 1750 2550 mss.
1769 2523 1814 2557 qni

1028 2564 1162 2590 usquequo
1179 2556 1318 2590 exhibent.

1066 2589 1121 2625 (80)
1136 2590 1221 2620 Alias,
1233 2598 1246 2625 «γ
1257 2589 1312 2616 Nisi
1327 2590 1466 2618 attdieritis
1477 2590 1583 2618 occulta
1597 2591 1722 2625 plorabit.
1737 2602 1745 2617 ι
1760 2597 1811 2619 etc.

1028 2624 1081 2652 Sed
1099 2632 1162 2651 tuss.
1187 2629 1216 2650 ut
1241 2624 1267 2650 in
1299 2630 1392 2651 ttostro
1422 2630 1508 2655 textu.
1526 2633 1574 2652 nec
1597 2624 1684 2652 raliter
1703 2625 1811 2659 Vulgata

1028 2661 1121 2696 Graeca
1146 2659 1246 2685 habent
1262 2668 1268 2685 :
1283 2658 1331 2685 ἐὰν
1347 2659 1375 2685 δὲ
1394 2659 1430 2695 μὴ
1442 2660 1577 2696 ἀκούσητε
1590 2681 1596 2693 ,
1615 2661 1812 2696 κεκρυμμένως

1030 2694 1187 2724 κλαύσεται,
1203 2699 1256 2721 etc.

1065 2730 1119 2763 (8|)
1137 2728 1214 2765 Mss,
1232 2737 1241 2754 ι
1263 2727 1353 2765 pedes,
1372 2738 1381 2754 ι
1407 2730 1505 2757 rectius
1520 2737 1601 2765 quam
1617 2729 1680 2757 editi
1699 2729 1758 2758 libri
1781 2729 1808 2756 lu

1029 2764 1126 2799 quibus
1142 2763 1239 2798 legitur
1256 2773 1265 2789 ι
1281 2763 1403 2798 pedibus.
1423 2773 1434 2790 ι
