1894 3059
53 134 100 162 385

656 133 689 159 IN
710 132 853 161 EXODUNI
874 132 1012 160 HO.\lll.l.-\
1033 134 1091 162 XII.

1635 132 1687 167 asa

55 195 122 221 V‘idlt
136 193 211 220 enim
231 200 292 228 quae
307 193 333 220 in
349 193 545 227 posterioribus
566 197 592 220 et
610 193 767 220 novissimis
791 193 848 220 dic-
863 194 884 223 Α
900 194 1033 227 parvitate
1058 193 1245 228 intelligentiae
1272 203 1337 223 mea:
1361 196 1464 223 sentire
1483 204 1601 231 possum,
1623 205 1687 232 puto

52 243 99 270 bus
118 241 194 268 facta
219 245 296 272 sunt,
315 246 339 267 et
359 240 467 274 gavisus
489 243 542 266 est.
571 238 649 266 Sient
672 239 745 266 enirn
761 238 848 266 Abra-

52 287 112 314 ham
128 287 291 321 concupivit
302 286 393 312 videre
408 286 479 312 diem
500 285 616 318 Domini,
632 289 657 312 et
671 285 748 316 vidit,
767 289 794 311 et
806 291 849 318 ga-

52 335 124 360 visus
143 339 187 360 est
204 333 227 349 “
246 341 253 358 :
269 333 304 358 ita
320 337 346 359 et
362 331 466 366 Moyses
489 331 647 366 concupivit
671 331 762 358 videre
776 332 846 358 dietn

52 380 169 411 Domini,
190 385 218 406 et
235 379 313 411 vidit,
331 379 477 412 etgavisus
501 381 541 404 est
560 388 566 404 :
588 383 612 404 et
631 378 788 405 necessario
801 386 848 412 ga-

51 425 125 451 visus
147 429 202 455 est,
228 425 293 458 quia
313 423 368 456 jam
396 430 448 449 non
475 423 565 449 solutn
588 422 662 449 vultu
681 423 848 458 glorificatus

51 469 194 497 descendit
211 470 244 495 de
261 473 362 500 monte,
380 468 426 494 sed
443 472 516 494 totus
538 467 707 501 gloriﬁcatus
724 468 848 495 ascendit

51 516 76 543 in
95 521 230 542 montem.
248 514 364 542 Gavisus
386 518 428 541 est
458 514 516 540 sine
540 514 622 541 dubio
645 514 758 549 Moyses,
774 515 846 549 quod

50 570 110 589 eum
129 562 164 588 de
180 569 234 595 quo
249 562 355 588 dixerat
375 561 397 577 '°
413 571 420 588 :
438 571 448 587 ‹
470 561 633 595 Prophetam
661 561 736 587 Vobis
760 560 847 587 susci.

51 608 119 634 tabit
136 607 271 633 Dominus
293 607 361 633 Deus
374 611 463 634 vester
479 614 510 633 ex
525 606 653 633 fratribus
671 605 778 635 vestris.
795 606 846 633 sic-

52 659 82 679 ut
102 652 237 686 meipsnm
266 652 381 679 audietis
413 660 462 686 per
487 653 599 684 omnia;
626 661 635 677 ι
659 660 731 679 nunc
753 652 847 679 adesse

52 700 194 731 cernebat,
211 704 239 726 et
256 698 334 726 fidem
354 699 442 726 facere
468 699 640 726 sermonibus
667 699 734 726 suis.
754 698 786 725 Et
810 705 842 725 ne

51 750 231 773 cunctaretur
243 745 269 772 in
284 745 386 779 aliquo,
403 745 478 772 audit
491 749 629 779 paternam
645 752 738 772 vorem
753 744 846 771 dicen—

53 797 104 819 lem
121 791 144 807 "
163 801 170 818 :
189 800 198 817 ι
215 790 263 817 llic
277 796 319 817 est
333 790 417 817 Filius
434 798 510 817 meus
530 790 655 820 dilectus.
671 790 696 817 in
714 798 767 824 quo
780 791 844 817 mibi

51 839 120 866 bene
145 837 298 872 complacui
317 844 325 864 :
347 838 433 872 ipsum
459 836 558 864 audite.
576 845 585 862 ι
611 836 716 871 Moyses
742 837 843 862 dudum

51 884 130 915 dixit,
146 892 156 909 ι
173 883 250 910 illum
268 883 406 916 audietis;
425 891 435 908 ι
456 889 529 909 nunc
547 881 625 909 Pater
642 882 707 909 dicit
730 890 737 908 :
764 891 772 907 ι
798 881 846 908 llic

51 934 92 956 est
107 929 195 956 Filius
211 936 297 960 meus,
319 929 405 962 ipsum
429 927 537 958 audite;
557 936 566 952 ι
593 932 619 954 et
636 933 796 961 praesentem
813 927 846 954 de

51 983 104 1011 quo
125 976 203 1007 dicit,
232 974 363 1002 ostendit.
385 974 509 1002 Gaudere
525 974 606 1001 etiam
634 973 698 1000 mibi
717 981 766 1007 pro
796 974 846 1000 hoc

51 1023 160 1049 videtur
176 1022 292 1057 Moyses,
307 1021 370 1055 quia
386 1024 413 1047 et.
425 1021 480 1054 ipse
499 1020 701 1054 quodammodo
715 1027 786 1046 nunc
799 1019 846 1046 de-

50 1069 126 1103 penit
142 1068 267 1096 velamen
281 1075 430 1095 conversus
442 1067 475 1093 ad
492 1066 646 1099 Dominum,
661 1074 721 1093 cum
734 1066 846 1093 eviden-

50 1119 91 1141 ter
104 1121 166 1148 qua:
182 1113 307 1148 praedixit
334 1112 495 1147 implentur;
523 1111 564 1138 vel
582 1119 643 1139 eum
676 1116 783 1146 tempus
797 1111 845 1138 ad-

50 1160 135 1192 venit,
149 1164 180 1186 ut
198 1167 247 1194 per
262 1159 393 1193 Spiritum
416 1163 540 1186 sanctum
561 1165 623 1192 quae
640 1157 782 1184 obtexerat
799 1164 842 1184 re-

49 1206 187 1232 Velenlur.

84 1250 112 1276 ι.
127 1248 330 1276 Retractandus
345 1252 435 1275 tamen
446 1251 488 1275 est
502 1247 587 1274 sancti
603 1246 721 1282 Apostoli
737 1253 842 1279 sensus,

49 1300 76 1323 et
87 1293 320 1323 considerandum
330 1293 392 1327 quid
401 1293 425 1320 ei
440 1293 526 1319 visum
542 1293 588 1324 sit,
604 1300 664 1319 cum
678 1292 792 1319 dixisset
802 1292 843 1318 ":

51 1351 60 1367 ι
82 1341 111 1368 Si
132 1345 226 1367 autem
243 1346 392 1366 conversus
406 1339 467 1373 quis
481 1338 563 1366 fuerit
579 1338 612 1365 ad
625 1338 779 1370 Dominum,
795 1345 844 1364 au-

49 1387 153 1414 feretur
173 1385 311 1416 velamen,
332 1395 341 1411 ι
359 1388 387 1412 ιιι
409 1384 519 1412 adderet
536 1393 543 1411 :
563 1393 571 1409 ι
593 1383 726 1410 Dominus
751 1389 842 1410 autent

49 1433 163 1469 spiritus
178 1438 240 1465 est;
262 1441 271 1458 ›
295 1439 343 1466 per
357 1432 430 1465 quod
446 1431 525 1466 quasi
544 1431 716 1465 interpretari
733 1430 843 1457 videtur

51 1481 117 1515 quid
133 1485 177 1507 est
194 1479 334 1506 Dominus.
348 1478 413 1511 Quis
436 1478 507 1505 enim
525 1477 610 1504 nescit
624 1477 696 1512 quod
713 1476 842 1503 Dominus

49 1527 162 1561 spiritus
171 1525 231 1553 est?
242 1525 294 1552 Sed
304 1523 385 1560 174
392 1524 511 1558 nunquid
524 1523 550 1550 iu
564 1523 614 1550 hoc
624 1522 683 1550 loco
692 1522 724 1549 de
735 1521 841 1550 Domini
857 1533 877 1561 ο

49 1575 89 1600 vel
108 1578 220 1605 natura,
243 1571 286 1598 vel
307 1571 458 1598 substantia
481 1570 660 1601 tractabatur,
685 1574 715 1595 ut
737 1568 843 1595 diceret

49 1620 110 1655 quia
128 1618 263 1646 Dominus
282 1617 394 1651 spiritus
411 1616 474 1643 est?
493 1615 640 1643 Videamus
655 1622 721 1649 ergo
737 1621 771 1641 ne
786 1621 840 1641 non

49 1666 135 1694 solum
150 1673 216 1692 eum
233 1663 338 1697 Moyses
354 1664 461 1697 legitur,
477 1662 524 1689 sed
541 1667 567 1688 et
582 1669 644 1689 cum
662 1661 761 1687 Paulus
776 1660 843 1695 legi-

49 1717 100 1746 tur,
129 1711 258 1738 velamen
283 1710 318 1737 sit
343 1709 460 1744 positum
485 1714 567 1742 super
590 1714 637 1734 cor
659 1711 793 1734 nostrum.
811 1705 843 1732 Et

49 1757 206 1789 manifeste,
228 1756 250 1783 si
276 1755 444 1790 negligenter
459 1754 595 1786 audimus,
618 1753 639 1780 si
665 1752 733 1779 nihil
756 1752 842 1779 studii

47 1804 80 1830 ad
100 1803 287 1831 eruditionem
311 1806 339 1828 et
363 1800 574 1835 intelligentiam
590 1799 770 1833 conferimus,
790 1807 842 1826 non

47 1851 134 1878 solum
150 1849 221 1884 legis
239 1852 266 1874 et
281 1847 475 1882 prophetarum
490 1846 643 1881 Scriptura,
661 1846 709 1873 sed
731 1850 758 1872 et
779 1852 844 1880 apo.

46 1896 183 1923 stolorum
205 1899 235 1921 et
249 1893 459 1927 Evangeliorum
484 1892 582 1927 grandi
611 1891 689 1919 nobis
708 1891 843 1918 velamine

48 1943 161 1977 tegitur.
177 1941 233 1975 Ego
244 1943 333 1966 autem
347 1946 453 1970 vereor,
470 1946 502 1965 ne
518 1945 567 1972 per
582 1937 691 1964 nimiam
707 1937 844 1972 negligen-

49 1991 113 2017 tiam
130 1994 161 2016 et
173 1986 351 2015 stoliditatem
369 1986 472 2018 cordis,
491 1992 544 2012 non
573 1984 660 2011 solum
678 1983 764 2011 velata
791 1983 844 2010 sint

50 2037 128 2064 nobis
141 2036 236 2063 divina
257 2033 403 2065 volumina,
421 2032 467 2059 sed
483 2035 510 2058 et
531 2030 656 2065 signata;
683 2034 712 2056 ut
726 2029 749 2056 si
766 2029 843 2056 (Ictttt‘

48 2085 74 2111 in
93 2090 195 2110 manus
209 2080 329 2108 hominis
343 2078 491 2107 nescientis
504 2078 609 2105 litteras
623 2076 690 2103 liber
703 2075 842 2110 legendus,

50 2131 122 2158 dicat
137 2130 204 2165 quia
237 2127 328 2156 nescio
352 2127 458 2154 litteras
477 2134 484 2152 :
501 2125 523 2152 si
543 2125 621 2152 detur
640 2123 666 2150 ιιι
684 2130 779 2149 manus
795 2121 842 2148 ho-

51 2179 130 2205 minis
149 2176 263 2205 scieulis
289 2175 404 2205 litteras,
431 2174 504 2200 dicat
532 2172 594 2206 quia
628 2171 750 2204 signatus
789 2172 840 2196 est.

898 240 970 274 quod
988 240 1105 267 Verbum
1122 239 1168 267 Dei
1185 248 1233 275 pro
1244 248 1277 268 eo
1292 242 1362 275 quod
1375 242 1544 269 auditoribus
1561 243 1686 275 interest,

898 291 927 313 ut
942 293 1012 320 smpe
1028 286 1083 320 jam
1097 286 1227 319 diximus,
1245 294 1315 314 nunc
1327 288 1380 320 via,
1398 295 1468 315 nunc
1486 289 1598 320 veritas,
1613 297 1686 315 nunc

899 333 963 364 vita,
980 339 1050 358 nunc
1063 333 1227 360 resurrectio
1245 334 1411 366 nominatur,
1427 342 1499 360 nunc
1515 334 1597 361 etiam
1610 341 1685 367 caro,

899 386 969 405 nunc
985 386 1048 405 vero
1061 379 1172 414 spiritus
1192 379 1303 406 dicitur.
1321 379 1451 413 Quamvis
1473 381 1544 407 cnim
1568 389 1631 408 vero
1654 388 1688 409 ex

898 424 1008 459 Virgine
1021 424 1199 452 substantiam
1215 425 1305 452 carnis
1323 425 1457 460 acceperit
1474 426 1499 452 in
1520 434 1571 460 qua
1584 431 1611 453 et
1625 434 1688 453 cru-

898 478 956 498 cem
983 471 1102 505 pcrtu!it,
1127 475 1154 497 et
1174 471 1402 498 resurrectionem
1422 472 1558 505 initiavit;
1592 476 1683 499 tamen

898 521 939 544 est
952 511 996 543 ubi
1015 515 1161 550 Apostolus
1173 515 1237 543 dicit
1252 516 1275 532 ⁵⁵
1293 525 1299 543 :
1318 525 1327 541 ι
1342 516 1397 543 Etsi
1414 517 1591 550 cognovimus
1606 517 1688 544 Chri-t

898 567 970 588 stum
989 561 1138 588 secundum
1154 568 1275 593 carnem,
1296 560 1342 587 sed
1358 568 1430 587 nunc
1454 560 1510 594 jam
1535 569 1587 588 non
1609 562 1688 588 novi-

898 615 967 635 mus.
988 616 997 633 )
1020 607 1087 640 Quia
1102 615 1167 642 ergo
1186 612 1212 633 et
1232 615 1302 634 nunc
1318 614 1408 633 sermo
1431 607 1488 639 ejus
1510 608 1543 634 ad
1561 608 1688 635 subtilio-

899 661 954 681 rem
967 658 995 680 et
1009 653 1158 687 spiritalem
1173 653 1378 687 intelligentiam
1395 658 1524 688 provocat.
1537 654 1688 688 auditores,

896 704 924 726 et
944 699 1002 726 vult
1019 707 1067 726 eos
1088 699 1154 725 nihil
1179 699 1289 726 carnale
1313 699 1340 725 in
1358 699 1414 734 lege
1430 700 1545 733 sentire,
1566 700 1686 728 dicitttr:

897 745 948 778 Qui
967 745 1025 771 vult
1042 745 1142 772 auferri
1160 746 1283 772 velamen
1302 745 1335 773 de
1362 745 1439 772 corde
1464 753 1523 779 suo,
1542 751 1687 773 converta—

898 794 942 818 tur
955 790 988 817 ad
1007 790 1163 825 Dominum,
1181 799 1234 818 non
1252 791 1329 824 quasi
1349 792 1382 818 ad
1397 798 1508 818 carnem
1532 791 1687 823 Dominum,

897 836 1022 862 estenim
1033 841 1060 862 et
1074 836 1137 869 hoc,
1148 836 1210 870 quia
1223 846 1232 862 ι
1242 835 1362 863 Verbum
1377 844 1441 863 caro
1449 837 1548 863 factum
1562 842 1602 864 est
1617 838 1656 870 ";
1676 846 1686 863 ι

898 881 945 908 sed
962 882 1037 916 quasi
1054 881 1087 909 ad
1107 883 1234 917 spiritum
1250 882 1405 909 Dominum.
1422 883 1449 910 Si
1471 883 1544 909 enim
1562 883 1641 916 quasi
1654 884 1687 910 ad

898 927 1023 961 spiritum
1049 927 1193 954 Dominmu
1212 933 1400 961 convertatur,
1422 928 1455 955 de
1479 928 1634 955 carnalibus
1655 930 1688 955 ad

897 971 1030 1005 spiritalia
1041 972 1141 1004 veniet,
1154 976 1181 999 et
1195 972 1229 1000 ad
1243 972 1394 1000 libertatem
1408 973 1440 1000 de
1454 974 1585 1000 servitute
1600 978 1688 1000 trans—

898 1017 947 1044 ibit
963 1026 969 1044 :
991 1026 1000 1043 t
1020 1017 1064 1044 ubi
1086 1027 1095 1043 ι
1113 1018 1184 1044 enim
1204 1027 1212 1043 ι
1229 1018 1340 1051 spiritus
1365 1018 1488 1051 Domini,
1507 1019 1541 1045 ibi
1559 1023 1586 1045 et
1603 1019 1686 1045 liber-

898 1067 938 1088 tas
953 1062 986 1089 ⁸⁷.
1005 1071 1015 1088 ι
1032 1061 1064 1088 Ει
1088 1067 1117 1088 ιιι
1136 1062 1224 1089 adhuc
1247 1062 1399 1089 evidentius
1417 1063 1461 1089 tiat
1486 1064 1557 1098 quod
1576 1064 1686 1095 dicitur,

897 1112 1006 1134 utamur
1018 1111 1045 1134 et
1056 1108 1116 1135 aliis
1131 1107 1252 1142 Apostoli
1268 1108 1403 1135 sensibus.
1419 1108 1460 1136 Ad
1477 1109 1606 1143 quosdam
1622 1109 1687 1136 dicit

896 1160 964 1188 quos
984 1157 1106 1180 senserat
1129 1153 1282 1188 incapaces,
1305 1155 1367 1189 quia
1399 1164 1408 1180 ι
1429 1155 1496 1181 nihil
1513 1162 1555 1181 me
1567 1155 1685 1190 judicavi

895 1198 968 1225 aliud
985 1199 1056 1226 scire
1076 1199 1147 1225 inter
1162 1207 1219 1231 vos,
1238 1199 1290 1226 nisi
1304 1199 1440 1227 Christum
1454 1199 1557 1232 Jesum,
1574 1205 1601 1227 et
1615 1201 1687 1228 hunc

896 1245 1056 1273 cruciﬁxum
1072 1245 1105 1272 ".
1127 1255 1136 1271 ι
1161 1246 1224 1272 Istis
1243 1245 1340 1272 talibus
1357 1253 1408 1272 non
1428 1246 1533 1273 dicebat
1550 1247 1612 1281 quia
1633 1246 1686 1274 Do-

896 1292 986 1319 minus
1001 1292 1113 1327 spiritus
1131 1297 1183 1323 est,
1210 1299 1258 1319 nec
1284 1293 1392 1319 dicebat
1414 1293 1454 1320 eis
1470 1293 1532 1327 quia
1560 1293 1687 1321 Christus

897 1337 942 1364 Dei
959 1338 1092 1372 sapientia
1109 1342 1150 1364 est
1167 1337 1201 1364 ".
1220 1337 1278 1364 Non
1298 1339 1369 1364 enim
1386 1343 1510 1372 poterant
1534 1346 1684 1373 agnoscere

895 1383 1035 1411 Christum
1048 1384 1197 1410 secundum
1211 1383 1261 1410 hoc
1279 1386 1352 1418 quo-l
1365 1385 1499 1418 sapientia
1517 1384 1562 1412 Dei
1574 1390 1626 1418 est,
1639 1386 1686 1413 sed

896 1429 1043 1457 secundum
1061 1429 1114 1456 hoc
1129 1429 1200 1463 quod
1221 1429 1369 1456 crucifixus
1393 1435 1445 1457 est.
1463 1430 1501 1457 llli
1522 1435 1611 1458 autem
1626 1433 1687 1465 qui-
1713 1425 1718 1429 ’

895 1475 945 1502 bus
964 1474 1071 1502 dicebat
1086 1473 1127 1500 ‘°:
1149 1483 1158 1499 ι
1174 1474 1342 1508 Sapientiam
1355 1474 1494 1508 loquimur
1508 1474 1580 1501 inter
1595 1474 1685 1510 perfe-

895 1524 964 1552 ctos,
981 1519 1144 1554 sapientiam
1168 1524 1260 1546 autem
1285 1527 1338 1546 non
1363 1519 1442 1553 hujus
1465 1519 1571 1552 saeculi,
1599 1528 1686 1555 neque

896 1565 1049 1600 principum
1069 1564 1150 1599 bujus
1175 1565 1280 1597 mundi,
1300 1565 1346 1599 qui
1369 1565 1555 1598 destruantur,
1575 1565 1620 1593 sed
1645 1566 1686 1593 lo-

894 1611 1006 1645 quimur
1025 1610 1070 1637 Dei
1087 1610 1246 1645 sapientiam
1266 1610 1292 1637 in
1311 1612 1441 1646 mysterio
1457 1611 1642 1638 absconditam
1654 1621 1662 1645 ;
1674 1622 1684 1637 ι

894 1663 947 1684 nou
966 1655 1123 1691 indigebant
1134 1661 1162 1683 ut
1179 1656 1295 1683 Verbum
1310 1657 1355 1684 Dei
1369 1657 1517 1684 secundum
1533 1658 1583 1685 hoc
1597 1658 1685 1685 susei-

894 1707 999 1737 perent,
1016 1703 1086 1738 quod
1101 1711 1165 1730 caro
1188 1702 1290 1730 factum
1310 1707 1364 1735 est,
1381 1703 1427 1730 sed
1450 1702 1597 1730 secundum
1621 1702 1685 1736 hoc,

894 1749 964 1784 quod
983 1750 1118 1784 sapientia
1134 1750 1160 1777 in
1176 1750 1308 1785 mysterio
1323 1750 1479 1777 abscondita
1492 1755 1544 1777 est.
1562 1749 1607 1777 Sic
1621 1757 1686 1785 ergo

894 1801 920 1823 et
938 1796 964 1823 iu
981 1797 1031 1823 hoc
1045 1796 1115 1830 loco,
1132 1797 1166 1824 iis
1182 1797 1226 1831 qui
1241 1796 1274 1823 de
1299 1796 1401 1823 carnali
1423 1797 1456 1823 ad
1478 1796 1629 1831 spiritalem
1646 1797 1687 1823 in-

895 1843 1068 1878 telligentiam
1095 1847 1287 1877 provocamur,
1313 1843 1414 1869 dicitur
1431 1850 1437 1868 :
1457 1853 1467 1868 ‹
1486 1843 1616 1869 Dominus
1635 1850 1684 1868 au-

896 1893 948 1914 tem
970 1888 1080 1922 spiritus
1096 1892 1157 1920 est;
1175 1888 1219 1914 ubi
1239 1893 1329 1914 autem
1346 1887 1458 1922 spiritus
1473 1887 1591 1919 Domini,
1609 1887 1644 1913 ibi
1658 1892 1685 1914 ιιι

894 1933 1015 1961 libertas.
1034 1943 1044 1960 ι
1062 1933 1096 1961 Ut
1108 1938 1200 1960 autem
1215 1934 1383 1965 ostenderet,
1399 1933 1461 1967 quia
1484 1933 1540 1967 ipse
1555 1933 1610 1968 jam
1625 1940 1687 1968 per-

895 1980 968 2007 venit
984 1979 1017 2006 ad
1036 1979 1159 2006 scientia:
1176 1978 1344 2010 libertatem,
1360 1983 1386 2005 et
1402 1983 1499 2004 exutus
1513 1981 1553 2005 est
1568 1977 1600 2004 de
1613 1976 1686 2003 vcla-

894 2027 975 2053 minis
986 2026 1130 2057 servitute,
1144 2025 1220 2052 addit
1236 2024 1288 2057 his,
1303 2028 1331 2052 et
1344 2024 1412 2052 dicit
1426 2024 1446 2040 “
1467 2033 1474 2052 :
1491 2033 1501 2050 ‹
1524 2024 1578 2051 Nos
1595 2027 1685 2050 autem

893 2079 998 2104 omnes,
1011 2071 1128 2098 revelata
1142 2070 1221 2103 facie,
1232 2070 1345 2105 gini-iam
1357 2069 1463 2097 Domini
1477 2068 1656 2104 speculantes.
1673 2076 1684 2095 ι

895 2117 922 2145 Si
939 2125 1002 2152 ergo
1021 2122 1048 2144 et
1062 2125 1112 2144 nos
1130 2117 1275 2144 Dominum
1300 2116 1489 2150 deprecentur,
1514 2120 1542 2142 ιιι
1562 2115 1685 2141 velamen

894 2164 926 2191 de
943 2163 1025 2190 corde
1043 2167 1140 2190 nostro
1155 2162 1280 2196 dignetur
1294 2161 1413 2193 auferre,
1430 2168 1527 2196 capere
1542 2168 1686 2195 possumus

142 2221 300 2249 ostenditur
313 2227 365 2246 non
378 2204 465 2246 solum
483 2204 602 2245 studium
618 2216 695 2242 nobis
711 2214 842 2241 adhibcn-
859 2204 880 2232 θ
895 2210 1103 2245 intelligentiam
1119 2209 1282 2244 spiritalem,
1299 2209 1322 2235 si
1341 2213 1430 2235 tamen
1446 2212 1637 2234 convertamur
1652 2207 1686 2234 ad

51 2270 109 2296 dum
135 2275 199 2296 esse
224 2267 256 2294 ad
279 2265 422 2293 discendus
442 2264 547 2291 litteras
571 2268 675 2293 sacras,
696 2267 789 2287 verum
815 2264 842 2286 et

52 2314 257 2350 supplicandum
277 2312 401 2344 Domino,
420 2315 447 2337 et
462 2310 556 2337 diebus
573 2315 604 2335 ae
619 2306 743 2334 noctibus
760 2306 843 2332 obse-

52 2363 195 2390 crandum,
215 2365 244 2385 ut
259 2358 351 2385 veniat
377 2357 468 2391 Agnus
497 2363 530 2383 ex
554 2355 626 2381 tribu
643 2352 722 2385 Juda,
738 2355 765 2378 et
784 2352 841 2384 ipse

53 2409 189 2443 accipiens
207 2406 306 2433 librum
323 2405 458 2438 signatum
485 2401 614 2436 dignetur
639 2398 755 2433 aperire.
783 2396 842 2431 Ipse

53 2461 90 2483 est
104 2455 179 2482 enim
193 2453 239 2488 qui
255 2451 363 2485 Scriptu
371 2457 413 2476 ras
434 2448 604 2482 adapcrieus,
622 2444 746 2472 accendit
759 2443 841 2470 corda

54 2501 259 2536 discipulorum,
275 2498 311 2525 ita
325 2501 354 2523 ut
365 2496 456 2523 dicant
467 2494 490 2510 ⁵³
504 2504 510 2521 ;
527 2503 536 2519 ι
552 2493 645 2519 Nonne
658 2498 705 2518 cor
720 2495 841 2517 nostrum

54 2553 107 2576 erat
123 2548 226 2574 ardens
242 2547 312 2572 intra
329 2551 389 2575 nos,
406 2548 467 2569 cum
485 2540 603 2575 aperiret
619 2537 698 2564 nobis
718 2536 841 2570 Scriptu-

57 2597 113 2624 ras?
129 2605 138 2621 ι
161 2595 220 2629 Ipse
236 2601 302 2627 ergo
315 2591 397 2617 etiam
414 2595 486 2616 nunc
503 2587 581 2614 nobis
595 2585 702 2620 aperire
718 2583 843 2618 dignetur

56 2644 114 2676 quid
127 2628 255 2674 estquod
271 2636 402 2672 Apostolo
416 2643 464 2663 suo
478 2632 622 2667 inspiravit
638 2635 666 2658 ut
681 2630 785 2658 diceret
801 2628 841 2655 "z

58 2675 69 2713 ἑ
85 2688 216 2715 Dominus
230 2689 323 2712 autem
342 2683 455 2718 spiritus
473 2685 524 2712 est,
551 2679 596 2706 ubi
614 2683 704 2705 autem
731 2675 843 2710 spiritus

58 2734 172 2766 Domini,
192 2732 230 2760 ibi
255 2731 378 2758 libertas.
397 2738 407 2754 ι
432 2728 488 2763 Ego
510 2726 618 2761 quidem
641 2728 771 2758 quantum
794 2728 843 2755 pro

388 2786 410 2801 '°
427 2785 505 2811 Deut.
533 2790 609 2812 xvnt,
635 2781 678 2809 l5.

388 2822 410 2838 ⁸⁵
429 2820 447 2846 II
461 2820 524 2846 Cur.
538 2826 563 2848 v,
590 2818 633 2844 16.

379 2859 398 2874 ε’
417 2856 437 2883 ιι
454 2856 514 2883 Cor.
532 2862 570 2887 nl,
587 2852 627 2880 18.

87 2791 109 2807 δ’
125 2791 203 2819 Joan.
221 2797 279 2820 νιιι1
306 2787 351 2815 56.

59 2827 112 2853 "ll
135 2828 198 2854 Cor.
231 2833 273 2855 III.
306 2824 347 2850 Π.

59 2863 99 2890 Ξδ.
134 2864 154 2878 ⁸³
175 2862 239 2889 ibid.
257 2868 294 2893 vt,
312 2860 338 2887 7.

716 2780 738 2795 ει
754 2778 849 2806 Matth.
875 2785 941 2810 xvu,
957 2777 985 2805 5.

672 2816 694 2832 ⁵⁸
707 2815 786 2843 ,ιιιιιιι-
806 2822 823 2847 I,
843 2814 886 2841 Η.

896 2257 1051 2287 Dominum,
1075 2262 1101 2283 et
1121 2256 1273 2283 libertatem
1295 2254 1418 2281 scientia:
1435 2253 1615 2288 requiramus.
1633 2251 1686 2279 Sed

896 2303 1032 2338 quomodo
1045 2302 1169 2329 invenire
1184 2308 1328 2336 possumus
1348 2300 1514 2332 libertatem,
1533 2299 1578 2334 qui
1597 2298 1686 2326 servi-

897 2357 956 2376 mus
976 2348 1086 2381 saiculo,
1110 2348 1156 2382 qui
1178 2347 1313 2374 servimus
1331 2345 1466 2380 pecuniai,
1491 2346 1536 2379 qui
1552 2344 1686 2371 servimus

893 2395 1035 2423 desideriis
1046 2394 1153 2421 carnis?
1175 2394 1230 2428 Ego
1246 2392 1377 2426 meipsum
1400 2391 1527 2424 corripio,
1552 2390 1684 2424 meipsutn

890 2440 994 2475 judico,
1008 2448 1057 2474 ego
1069 2447 1142 2466 meas
1155 2438 1247 2473 culpas
1260 2445 1356 2472 arguo,
1372 2436 1487 2463 viderint
1498 2436 1544 2470 qui
1558 2435 1686 2468 attdiont,

894 2487 958 2522 quid
987 2486 1019 2514 de
1046 2485 1198 2520 semetipsis
1229 2483 1360 2511 sentiant.
1401 2483 1457 2518 Ego
1485 2481 1594 2509 interim
1624 2480 1685 2508 dico

894 2532 977 2568 quod,
997 2532 1082 2559 donec
1098 2531 1177 2557 alicui
1193 2531 1290 2557 borum
1306 2529 1443 2560 deservio,
1468 2534 1520 2554 non
1537 2533 1596 2553 sum
1617 2533 1668 2553 con

896 2586 989 2606 versus
1015 2579 1048 2605 ad
1065 2578 1219 2609 Dominum,
1250 2584 1299 2603 nec
1328 2575 1410 2603 ullam
1435 2577 1598 2614 consecutus
1624 2579 1683 2599 sum

896 2625 1048 2653 libertatem
1067 2625 1154 2652 donec
1171 2622 1234 2650 talia
1252 2630 1296 2650 me
1311 2621 1417 2656 negotia
1435 2624 1464 2646 et
1488 2618 1684 2646 sollicitudines

895 2673 1044 2707 stringunt.
1061 2671 1134 2698 Illius
1147 2678 1160 2697 a
1177 2678 1229 2705 quo
1243 2669 1416 2703 constringor
1430 2665 1528 2701 negotii
1548 2668 1575 2692 et
1588 2664 1674 2692 sollici

897 2719 1000 2746 tudinis
1015 2725 1110 2746 servus
1125 2724 1195 2744 sum.
1216 2715 1279 2743 Scio
1299 2714 1372 2742 enim
1388 2713 1517 2746 scriptum
1533 2719 1604 2744 esse,
1620 2710 1683 2745 quia

1031 2775 1054 2791 "
1068 2773 1088 2800 ll
1105 2773 1167 2801 Cor.
1199 2781 1239 2805 tu,
1267 2772 1310 2802 16,
1336 2771 1378 2798 17.
1416 2770 1438 2788 δι’
1454 2769 1533 2805 Luc,
1548 2775 1621 2805 ntv,
1639 2765 1681 2793 52.

942 2813 962 2828 ⁵⁷
979 2804 998 2839 ll
1022 2811 1086 2839 Cor.
1113 2817 1153 2842 nt,
1176 2809 1219 2835 Π.
1259 2807 1302 2834 ⁵⁸1
1317 2807 1380 2834 Cor.
1403 2814 1433 2839 ll,
1459 2805 1486 2832 2.
1523 2804 1545 2820 ⁸³
1562 2805 1570 2831 ι
1585 2804 1676 2834 tium,
