1902 3063
198 142 249 171 587

934 138 1095 166 OIIIGENIS

1780 135 1832 162 588

199 201 385 236 unusquisque
399 208 413 227 a
429 208 481 235 quo
493 200 622 232 vincitur,
642 200 704 227 huic
727 204 753 227 et
770 206 866 227 servus
881 199 983 226 addici-
999 201 1020 229 Α
1037 207 1098 225 reor
1109 198 1181 225 enitn
1195 206 1228 225 ne
1244 197 1313 225 forte
1326 197 1432 224 etiamsi
1446 196 1573 223 Dominus
1597 194 1721 223 revelare
1733 194 1824 228 digne

200 251 244 273 tur
259 245 292 279 “,
310 246 392 272 etiam
404 246 426 272 si
443 253 485 273 me
497 253 572 272 amor
585 245 705 279 pecunize
723 253 775 272 non
798 249 910 278 superat
921 244 988 279 (Βῖ),

199 293 280 320 etiam
290 292 312 318 si
324 292 522 326 posscssionum
531 296 558 318 et
566 291 721 318 divitiarum
731 297 797 317 cura
808 298 860 317 non
872 290 990 325 stringit,

199 337 286 365 laudis
299 343 387 364 tamen
398 337 511 370 cupidus
527 344 598 369 sum,
614 340 643 362 ct.
669 336 781 370 gloriam
794 341 883 363 sector
899 337 992 362 Imma—

200 390 273 414 nam,
286 383 307 408 si
321 382 352 408 de
368 382 506 408 hominum
515 381 632 408 vultibus
645 386 672 408 et
687 381 858 408 sermonibus
875 382 988 415 pendeo,

200 428 263 462 quid
277 427 309 453 de
322 433 363 452 me
378 426 422 452 ille
435 426 545 456 sentiat,
561 425 697 459 quomodo
713 425 757 452 ille
779 433 821 452 me
833 425 942 457 habeat,
958 432 990 452 ne

199 473 236 499 illi
253 472 300 504 disl
313 471 420 504 liceant,
437 471 457 497 si
476 471 512 497 illi
528 470 658 505 placeam.
691 470 782 498 Donec
798 471 909 505 requiro
926 471 989 503 ista,

198 525 292 545 servus
320 518 416 544 horum
446 524 517 544 sum.
537 517 590 544 Sed
607 517 732 543 volebam
754 524 786 543 cx
816 517 866 544 hoc
893 517 987 544 saltem

198 562 265 589 satis
285 569 377 596 agere.
397 562 420 588 si
439 561 539 596 possim
569 561 639 588 liber
666 562 736 593 lieri,
760 562 782 589 si
809 562 908 596 possim
925 562 988 596 jugo

200 607 277 633 {milia
295 606 373 640 hujus
387 607 524 634 servitutis
538 607 641 634 absolvi
661 607 727 642 (85),
747 612 773 634 ct
793 608 935 642 pervenire
954 609 987 635 ad

198 651 352 678 libertatem
368 652 516 678 secundum
545 652 666 686 Apostoli
690 653 931 680 commonitionem
948 653 988 679 di-

198 697 285 724 ceutis
305 698 326 713 ⁸³
346 706 353 724 :
374 707 382 722 ε
400 698 427 724 In
444 698 596 725 libertatem
612 699 700 725 vocali
724 699 800 731 estis,
818 700 901 726 nolite
928 699 986 727 ﬁeri

198 743 269 770 servi
286 743 437 770 hominum.
458 752 467 768 ι
485 742 538 770 Sed
554 744 614 777 quis
633 744 698 770 mihi
716 744 793 771 dabit
806 745 875 772 hanc
890 753 986 772 manu-

200 788 377 815 missionem?
393 789 458 822 Quis
472 797 513 816 me
527 789 561 815 ab
573 789 625 816 hac
639 789 770 816 servitute
786 791 939 823 turpissima
955 791 986 817 Ii-

199 833 314 866 bet'abit,
330 834 380 861 nisi
396 835 439 862 ille
451 835 495 870 qui
511 835 580 861 dixit
596 844 602 862 :
619 835 642 850 “
660 844 669 860 t
690 835 718 862 Si
741 843 789 862 vos
812 836 897 863 Filius
919 836 987 864 libe-

199 880 310 910 raverit,
328 887 391 907 vere
409 880 486 908 liberi
503 881 598 908 eritis?
617 890 625 906 ›
648 881 752 907 Etenim
770 883 828 908 scio
846 881 908 915 quia
927 890 986 909 ser-
1003 874 1024 900 Β

199 932 247 952 vus
268 933 320 951 non
339 930 428 959 potest
452 926 576 953 libertate
591 927 697 958 donari,
723 927 773 954 nisi
795 927 911 954 lidelitct'
932 935 987 954 ser-

199 971 287 1003 viens,
306 971 357 998 nisi
382 971 523 998 Dominttut
543 973 666 1007 diligens.
694 973 726 998 Et
753 973 812 1000 ideo
835 973 917 999 etiam
939 981 987 1000 nos

199 1016 313 1044 ﬁdeliter
339 1018 499 1048 serviamus.
528 1023 554 1044 et
571 1026 604 1044 ex
629 1023 683 1045 toto
708 1018 800 1050 corde,
829 1023 855 1045 et
873 1026 905 1045 ex
933 1023 988 1045 toto

199 1064 298 1095 animo,
330 1068 357 1090 ct
377 1070 409 1090 cx
426 1068 479 1090 tota
511 1063 611 1090 virtute
627 1069 718 1090 nostra
737 1063 880 1098 diligamus
898 1065 987 1090 Domi-

199 1117 262 1134 ItlIIIl
277 1109 360 1134 Deum
379 1113 512 1138 nostrum.
527 1113 556 1135 ut
575 1116 730 1136 mereamur
745 1109 870 1136 libertate
891 1109 987 1136 donari

197 1162 210 1180 a
229 1154 339 1181 Christo
353 1154 415 1181 Jcsu
435 1154 503 1182 Filio
527 1155 584 1188 ejus
612 1154 726 1182 Domino
743 1160 848 1187 nOSIro,
877 1156 919 1181 cui
946 1160 987 1182 cst

197 1199 281 1233 gloria
299 1204 326 1226 ct
345 1199 488 1234 impcriutn
508 1200 533 1225 in
549 1199 646 1225 sarcula
664 1197 836 1225 srecnlormn.
852 1198 949 1225 Anton.

426 1245 505 1279 175
524 1242 664 1271 IlObi‘iLlA
684 1242 752 1270 XIII.

281 1290 320 1317 De
335 1290 375 1316 Itis
395 1298 454 1324 (lure
470 1291 619 1324 o/feruntur
636 1290 670 1316 ad
693 1289 904 1316 tabernaculum.

233 1347 260 1374 Ι.
276 1346 335 1374 Jam
352 1347 460 1381 quidem
476 1352 504 1374 et
519 1347 594 1381 prius
612 1347 645 1374 de
668 1347 844 1374 tabernacqu
860 1341 990 1381 proviri-

198 1391 247 1418 bus
263 1391 439 1425 dixeramus;
461 1399 554 1419 verum
570 1392 698 1427 quoniam
722 1398 792 1426 saepe
812 1391 838 1418 in
856 1392 937 1418 Exodi
953 1391 986 1418 Ii—

198 1437 247 1463 bro
273 1438 405 1471 repetitur
421 1437 478 1471 ipsa
496 1438 659 1472 descriptio;
675 1437 772 1464 dicitur
785 1437 857 1464 enim
884 1441 911 1464 et
926 1445 987 1465 cum

199 1483 328 1510 Dominus
345 1483 473 1518 praecepit
496 1483 582 1518 Moysi
607 1483 723 1517 qualiter
748 1483 806 1510 ﬁeri
825 1483 943 1517 debeat,
962 1488 990 1510 et

199 1529 297 1555 iterum
312 1536 373 1555 cum
389 1528 495 1564 Moyses
506 1530 633 1563 prwcepit
647 1530 755 1564 populo,
768 1534 798 1556 ut
813 1529 910 1556 olTerat
923 1537 988 1557 con-
1001 1548 1022 1577 ο

198 1576 329 1602 struendo
344 1576 419 1610 operi
439 1576 582 1608 materias,
597 1576 668 1602 sicut
688 1575 745 1602 haec
759 1575 840 1602 lectio
855 1576 984 1608 continet,

198 1627 259 1654 qua:
275 1620 354 1647 nobis
381 1620 461 1646 tnodo
478 1619 591 1646 recitata
615 1624 677 1646 est:
702 1618 749 1645 sed
766 1623 793 1645 et
815 1618 986 1653 postmodum

199 1670 396 1692 enumerantur
407 1664 524 1699 singula,
537 1671 598 1691 cum
614 1671 661 1697 per
671 1663 821 1695 Beselehel,
833 1669 860 1690 et
874 1668 988 1691 cteteros

198 1711 336 1744 Sapientes
352 1710 426 1737 viros
440 1709 654 1741 labricantur,et
670 1709 780 1742 iterum,
798 1715 859 1736 cum
876 1709 910 1735 ad
924 1716 989 1736 con-

199 1762 323 1790 spectum
338 1756 420 1791 Moysi
434 1755 602 1788 deferuntur;
617 1760 643 1782 ct
656 1763 774 1787 rursum,
789 1763 850 1782 cum
862 1763 910 1789 per
921 1763 989 1789 pra:-

199 1807 307 1837 ccptum
324 1802 379 1838 (84)
402 1802 509 1828 Domini
526 1802 703 1834 dedicantur;
725 1800 753 1827 ﬁt
769 1806 900 1835 prancrea
918 1806 944 1827 et
961 1801 987 1827 in

199 1849 271 1881 aliis,
289 1849 329 1876 vel
347 1849 434 1880 libris,
451 1847 492 1875 vel
505 1847 584 1879 locis,
601 1847 698 1874 horum
711 1847 945 1878 commemoratio,
962 1852 989 1874 ct

201 1895 529 1929 Irequentcrrrpetitur,
548 1897 642 1928 utpote
656 1893 726 1928 quod
744 1893 899 1920 necessario
915 1900 988 1920 com-

200 1949 336 1973 monetur;
356 1949 427 1968 nunc
448 1948 512 1974 ergo
528 1941 656 1967 recitatus
678 1945 720 1967 est
737 1940 813 1967 nobis
831 1941 875 1967 ille
887 1947 987 1973 sermo,

199 1987 244 2014 ubi
266 1987 331 2013 dicit
347 1986 386 2013 '5':
413 1995 422 2012 ι
434 1984 466 2012 Ει
483 1986 551 2013 dixit
568 1985 674 2021 Moyses
689 1986 722 2012 ad
743 1993 850 2013 onmem
874 1993 989 2020 synago-

200 2041 260 2068 gam
280 2033 398 2059 llliornm
415 2032 508 2063 Israel,
527 2032 634 2059 dicens:
657 2031 715 2058 Iloc
731 2036 772 2058 est
787 2031 898 2059 verbum
917 2031 987 2065 quod

201 2078 331 2112 praecepit
348 2077 477 2104 Dominus
491 2077 603 2104 dicens:
621 2077 725 2104 Sumite
740 2084 753 2102 a
769 2076 846 2103 vobis
863 2076 929 2110 ipsis
947 2083 989 2102 re-

200 2123 384 2158 demptionem
416 2123 539 2150 Domino.
559 2123 654 2150 Omnis
679 2123 725 2157 qtti
748 2123 873 2157 concepit
887 2122 968 2149 corde
981 2142 987 2154 ,

201 2169 298 2195 oll'erat
319 2168 396 2194 initia
416 2168 547 2195 Domino:
564 2175 671 2199 aurum,
689 2173 842 2202 argentum,
859 2174 990 2194 mramcu-

1045 251 1089 272 tur
1106 245 1184 271 alicui
1199 264 1207 276 ,
1225 245 1295 271 sicut
1321 245 1389 271 forte
1411 243 1537 278 dignatur
1551 243 1600 277 (de
1624 249 1667 269 me
1687 241 1760 268 enim
1778 248 1832 267 non

1042 298 1100 316 sum
1117 298 1200 317 ausus
1215 289 1334 325 dicere),
1352 297 1446 316 vereor
1460 309 1467 320 ,
1485 288 1594 322 inquam
1609 309 1616 320 ,
1632 292 1660 315 et
1685 286 1765 313 valde
1783 287 1832 313 du-

1041 337 1098 363 bito
1112 356 1119 368 ,
1139 337 1161 363 si
1182 336 1300 363 inveniat
1315 335 1453 362 auditores
1470 335 1527 369 (85)
1541 343 1547 360 :
1564 339 1591 361 et
1605 341 1666 361 cum
1683 334 1719 359 ita
1734 333 1783 363 sit,
1800 339 1832 358 ne

1041 382 1111 410 forte
1126 383 1159 409 ab
1176 389 1208 409 co
1224 382 1270 416 qtti
1297 382 1442 416 explanare
1468 382 1611 408 conabitur
1624 400 1631 411 ,
1651 379 1812 413 requiratur
1823 398 1831 409 ,

1043 428 1189 455 Dominicm
1213 429 1367 463 margarita:
1384 428 1441 460 ubi,
1463 427 1503 454 vel
1527 426 1662 460 quomodo
1676 445 1683 456 ,
1707 425 1751 452 vel
1769 431 1832 451 ante

1040 483 1109 509 quos
1128 475 1277 502 mittantur.
1296 474 1394 501 Vcrnm
1409 474 1538 508 quoniam
1553 479 1716 507 magnopere
1730 479 1830 505 exspe-

1041 522 1121 548 ctatis
1137 526 1165 547 ut
1180 521 1268 555 aliqua
1286 528 1319 548 ex
1338 521 1382 548 his
1396 527 1455 554 qua:
1470 519 1538 546 lecta
1554 523 1632 550 sunt,
1649 519 1830 548 disserantur,

1039 572 1066 594 et
1079 566 1202 601 praecipit
1219 565 1284 592 mihi
1302 565 1432 592 Dominus
1448 571 1530 591 meus
1540 564 1633 591 dicens
1646 564 1689 590 6"‘:
1717 572 1726 588 α
1741 562 1830 597 Opor-

1042 613 1113 639 tebat
1130 618 1155 640 te
1172 613 1236 639 dare
1251 611 1393 646 pecuniam
1417 618 1506 638 meam
1531 611 1563 636 ad
1581 618 1701 636 mensam
1714 629 1721 641 ,
1738 613 1766 637 et
1781 617 1830 643 ψη

1043 659 1156 686 veniens
1170 667 1231 686 cttm
1246 659 1337 686 usuris
1348 658 1440 693 utique
1455 658 1605 692 exegissem
1618 663 1696 683 eam:
1713 665 1721 681 I
1742 656 1830 690 ipsutn

1041 705 1150 739 rogabo,
1165 709 1194 731 ut
1206 705 1316 731 verbum
1331 712 1419 731 tneum
1434 711 1510 731 suam
1525 702 1667 737 pecttniam
1683 701 1777 728 facere
1792 702 1830 728 di-

1039 755 1147 786 gnetur,
1165 751 1202 777 uti
1220 758 1271 777 non
1287 758 1375 778 meam
1388 750 1541 785 pecuniam,
1558 756 1610 775 11011
1627 755 1716 774 meum
1731 755 1830 774 auflllll

1039 796 1115 823 vobis
1127 815 1135 828 ,
1152 797 1198 823 sed
1220 796 1305 831 ipsius
1324 795 1455 823 ftenerem
1468 817 1476 829 ,
1494 795 1578 829 ipsius
1595 794 1670 821 vobis
1684 793 1781 824 verbo,
1805 797 1832 820 et

1039 843 1124 877 ipsius
1139 851 1219 870 settsu
1237 843 1349 877 loquar,
1366 848 1394 869 et
1415 842 1447 869 ad
1463 842 1571 869 attditus
1586 841 1667 867 vestri
1684 841 1743 868 haec
1758 839 1832 867 dele-

1040 897 1097 916 ratn
1113 896 1243 915 mensam.
1263 888 1314 915 Vos
1329 887 1384 921 jam
1402 888 1526 914 videritis
1541 886 1723 921 suscipientes
1740 886 1832 912 Domi-

1040 936 1127 962 nicam
1143 934 1297 969 pecuniam,
1313 934 1448 968 quomodo
1462 940 1559 960 usuras
1570 932 1628 966 ejus
1640 931 1764 959 venienti
1781 931 1832 958 Do-

1039 981 1111 1007 tnino
1126 980 1294 1015 praeparetis.
1313 980 1406 1008 Usum
1421 983 1510 1006 autem
1528 983 1591 1006 sunt
1610 978 1684 1005 verbi
1704 977 1765 1009 Dei,
1783 977 1831 1003 ha-

1040 1027 1102 1054 bere
1119 1027 1145 1053 itt
1165 1035 1214 1053 ttstt
1231 1027 1291 1053 vit:e
1307 1031 1334 1053 et
1347 1031 1456 1053 actuum
1475 1033 1506 1052 ea
1523 1032 1582 1059 qua:
1598 1024 1725 1058 prazcepit
1740 1030 1831 1050 sermo

1041 1073 1095 1099 Dei.
1110 1072 1138 1099 Si
1155 1080 1218 1106 ergo
1232 1072 1372 1099 audientes
1389 1071 1502 1098 verbum
1520 1070 1628 1097 utimini
1643 1077 1687 1101 eo,
1702 1073 1730 1095 et
1749 1068 1831 1101 agitis

1038 1119 1186 1146 secundum
1199 1127 1231 1146 ea
1246 1126 1305 1152 qua:
1321 1118 1430 1150 auditis,
1448 1123 1476 1145 et
1488 1118 1636 1145 secundum
1653 1117 1713 1144 haec
1728 1115 1829 1146 vivitis,

1039 1172 1136 1192 usuras
1152 1165 1267 1192 Domino
1282 1164 1441 1199 praeparatis
1454 1172 1461 1190 :
1476 1168 1503 1190 et
1519 1168 1606 1198 potest
1620 1163 1678 1189 ﬁeri
1698 1167 1728 1189 ut
1745 1169 1830 1188 unus-

1038 1211 1154 1245 quisque
1174 1215 1293 1238 vestrum
1319 1210 1352 1236 de
1366 1210 1484 1243 quinque
1502 1208 1609 1235 talentis
1624 1208 1706 1235 faciat
1723 1207 1829 1239 decem,

1039 1261 1066 1283 et
1078 1256 1172 1283 audiat
1187 1264 1201 1283 a
1217 1256 1330 1283 Domino
1342 1256 1375 1282 61:
1391 1264 1400 1281 ε
1415 1255 1498 1289 Euge,
1512 1262 1592 1282 serve
1607 1255 1676 1281 bone
1689 1259 1718 1280 et
1733 1252 1829 1284 lideiis,

1039 1303 1094 1329 eris
1119 1307 1282 1336 potestatem
1308 1301 1412 1329 habens
1438 1309 1520 1335 super
1541 1300 1633 1327 decem
1661 1299 1828 1326 civitates.»

1040 1348 1156 1375 Tantum
1185 1348 1247 1375 illud
1280 1348 1390 1380 videte,
1414 1356 1448 1374 ne
1467 1348 1529 1382 quis
1553 1351 1671 1373 vestrum
1688 1349 1830 1379 acceptam

1040 1393 1183 1428 pecuniam
1195 1413 1203 1425 ,
1218 1397 1266 1419 aut
1283 1392 1308 1419 in
1324 1392 1435 1419 sudario
1453 1392 1581 1427 colliget,
1599 1395 1646 1417 aut
1662 1390 1789 1417 defodiat
1803 1390 1829 1416 in

1041 1443 1154 1471 terram,
1170 1438 1232 1472 quia
1246 1438 1400 1472 huiusmodi
1415 1437 1533 1465 hominis
1549 1438 1575 1463 in
1591 1438 1709 1463 adventu
1725 1435 1828 1462 Domini

1040 1485 1102 1518 quis
1122 1485 1157 1512 sit
1173 1485 1264 1512 exitus
1281 1485 1349 1511 bene
1367 1484 1464 1512 nostis.
1482 1482 1754 1516 Tcntabimusigitur
1765 1488 1829 1515 pau-

1041 1538 1071 1558 ca
1091 1531 1125 1558 de
1143 1531 1246 1563 multis,
1264 1531 1317 1558 imo
1335 1530 1464 1564 pauciora
1480 1529 1513 1556 de
1529 1528 1634 1564 paucis,
1651 1528 1754 1561 quippe
1772 1527 1830 1560 qni~

1040 1577 1090 1603 htts
1105 1581 1132 1604 et
1152 1581 1243 1604 noster
1259 1583 1348 1604 Sermo
1365 1575 1512 1606 Iibrandus,
1526 1578 1552 1602 et
1568 1579 1659 1601 vester
1671 1572 1795 1599 auditus.

1074 1622 1101 1649 2.
1121 1623 1211 1650 Primo
1229 1622 1312 1657 igitur
1326 1621 1446 1649 otnnium
1464 1620 1604 1647 videamus
1620 1618 1685 1654 quid
1704 1622 1748 1645 est
1760 1616 1828 1652 quod

1039 1668 1105 1696 dicit
1129 1667 1235 1703 Moyses
1259 1668 1291 1693 ad
1312 1667 1381 1694 ﬁlios
1398 1665 1481 1693 Israel
1497 1666 1536 1692 ‘5:
1564 1674 1573 1690 ι
1589 1664 1695 1691 Sumite
1714 1671 1729 1689 a
1753 1661 1828 1689 vobis

1040 1714 1105 1749 ipsis
1126 1713 1338 1747 redemptionem
1358 1712 1489 1743 Domino,
1508 1710 1597 1738 omnis
1611 1709 1656 1743 qui
1673 1707 1828 1742 conceperit

1039 1761 1130 1792 corde,
1149 1758 1246 1786 oll‘erat
1260 1759 1337 1785 initia
1354 1757 1478 1785 Domino.
1491 1765 1501 1782 ›
1522 1756 1579 1782 Non
1594 1754 1649 1781 vult
1664 1753 1783 1789 Moyses,
1800 1757 1829 1778 ut

1038 1806 1139 1841 aliquid
1153 1805 1250 1832 oll'eras
1260 1804 1313 1832 Deo
1327 1804 1398 1838 quod
1411 1807 1486 1830 extra
1498 1807 1523 1829 te
1538 1805 1590 1834 est,
1606 1809 1616 1826 ε
1629 1809 1644 1827 a
1659 1799 1739 1826 vobis
1754 1798 1828 1833 ipsis,

1040 1852 1136 1886 inquit,
1151 1851 1262 1883 sumite,
1277 1854 1305 1878 et
1319 1849 1394 1876 initia
1403 1848 1498 1876 olferte
1513 1847 1636 1878 Domino,
1651 1850 1734 1880 prout
1747 1850 1827 1871 unus-

1038 1896 1153 1930 quisque
1170 1894 1294 1929 concepit
1315 1894 1408 1921 corde.
1427 1902 1436 1919 1
1454 1893 1556 1919 Aurum
1570 1891 1679 1925 jubetnr
1691 1895 1720 1917 et
1735 1896 1827 1923 argen-

1040 1945 1096 1966 tum
1113 1939 1211 1967 del‘crri
1227 1959 1234 1971 ,
1251 1946 1288 1966 aes
1303 1943 1330 1965 et
1343 1944 1450 1964 eadem:
1467 1935 1588 1962 materia:
1604 1955 1611 1967 ,
1627 1935 1765 1968 quomodo
1779 1932 1825 1958 huc

1040 1994 1149 2021 possum
1171 1993 1220 2020 ego
1235 1986 1268 2012 de
1291 1985 1394 2019 meipso
1412 1982 1531 2010 oll'erre?
1549 1980 1674 2015 Nunquid
1699 1980 1770 2006 intra
1788 1985 1827 2004 mc

1041 2039 1137 2058 aurum
1149 2031 1270 2058 nascitttr
1284 2034 1331 2056 aut
1344 2032 1496 2063 argentum,
1511 2031 1538 2054 et
1551 2031 1648 2053 caetera
1664 2032 1726 2059 qua:
1734 2024 1827 2058 juben-

1041 2077 1106 2104 lur?
1120 2076 1215 2103 Nonne
1232 2075 1283 2102 hoc
1299 2073 1485 2108 unusquisque
1501 2072 1532 2099 de
1551 2069 1744 2106 pfomptuariis
1759 2068 1827 2095 etde

1041 2123 1154 2151 scriniis
1168 2122 1226 2149 suis
1239 2120 1358 2156 profert?
1375 2120 1443 2153 Quid
1457 2124 1499 2146 Gal
1511 2126 1575 2153 ergo
1589 2117 1658 2152 quod
1677 2116 1743 2142 dicit
1760 2114 1827 2147 Stoy-

1041 2177 1094 2201 ses,
1113 2167 1208 2195 oll'erte
1221 2175 1236 2194 a
1255 2167 1330 2194 vobis
1344 2166 1419 2200 ipsis,
1437 2169 1464 2192 et
1481 2163 1665 2197 unusquisque
1678 2162 1752 2188 sicut
1767 2167 1827 2186 ωη-

203 2219 271 2247 ttun,
291 2214 479 2248 hyacintltum,
496 2221 657 2248 purpuram,
674 2220 784 2240 coccum
801 2212 965 2247 duplicatum
979 2233 986 2245 ,

1044 2218 1113 2253 cepit
1129 2216 1235 2244 corde?
1253 2215 1317 2242 Illud
1336 2214 1442 2249 quidem
1460 2219 1556 2239 attrum
1574 2218 1600 2238 et
1616 2213 1757 2243 argentum
1775 2213 1825 2234 c92—

201 2265 230 2288 et
249 2260 358 2295 byssum
377 2263 475 2286 tortam
489 2280 496 2292 ,
512 2259 582 2294 pilos
594 2266 739 2293 caprarum
753 2278 760 2290 ,
777 2263 804 2286 et
821 2258 903 2293 pelles
919 2258 990 2284 atie-

203 2311 259 2333 tum
276 2306 438 2338 rubricatas,
452 2311 480 2333 et
496 2305 580 2340 pelles
596 2304 801 2340 hyacinthiuas,
817 2303 886 2338 ligna
904 2303 991 2338 impu-

203 2351 319 2385 tribilia,
340 2357 368 2379 et
384 2351 488 2386 lapides
506 2351 648 2382 sardiuos,
664 2355 691 2377 et
705 2350 807 2384 lapides
822 2350 854 2376 ad
871 2349 991 2382 soulptn-

201 2406 260 2425 ram
278 2398 303 2424 in
319 2397 451 2425 humerali
467 2403 494 2424 et
511 2397 627 2431 podere;
643 2400 670 2424 et
681 2395 768 2423 omnis
784 2395 892 2429 sapiens
908 2394 990 2421 corde

203 2447 229 2472 in
248 2447 325 2473 vobis
343 2446 453 2477 veniat,
472 2450 499 2474 et
525 2449 653 2480 operetur
676 2444 766 2471 omnia
782 2451 842 2478 qua:
864 2443 991 2477 prlecepit

205 2493 343 2521 Dominus.
359 2503 369 2519 ι
379 2493 444 2521 Cum
460 2494 602 2521 considero
614 2493 743 2527 tueipsutn
756 2494 884 2527 primunt,
896 2497 923 2519 et
935 2492 991 2518 dis-

203 2541 287 2572 eutio,
304 2541 376 2575 piget
389 2541 422 2567 ad
436 2541 493 2568 hate
506 2540 652 2576 aperienda
677 2547 786 2567 manum
804 2539 921 2566 mittere.
939 2538 990 2566 Vc-

241 2621 264 2636 “
279 2620 301 2647 II
324 2621 396 2650 Petr.
418 2630 447 2652 ιι,
462 2622 506 2650 l9.

244 2732 300 2769 (ξιξ)
313 2733 396 2765 Alias,
413 2743 424 2760 α
443 2739 561 2769 superet,
581 2745 590 2761 ι
607 2735 654 2762 sed
677 2741 742 2761 mss.
763 2742 772 2758 ε
788 2737 907 2769 superat.
926 2741 936 2758 ι

243 2766 289 2807 (ὃᾷ
307 2768 379 2807 Alias
398 2766 532 2807 omittitur
557 2779 566 2795 ι
589 2769 679 2807 foeda},
702 2780 719 2807 p»
739 2773 770 2807 ct
791 2766 889 2807 legitur
902 2779 911 2807 _;
931 2777 941 2792 Ι
962 2766 991 2793 Si

246 2802 310 2842 ssim
325 2802 357 2828 de
369 2803 433 2837 jugo
447 2804 527 2842 hujus
539 2804 679 2842 servitutis
695 2802 843 2836 absolvi,o
862 2803 910 2830 sed
924 2809 989 2830 mss.

219 2837 352 2864 ertionem
369 2837 453 2865 ιιοδιτί
469 2843 559 2866 textus
572 2839 709 2866 exhibent.

545 2622 567 2637 "
581 2621 639 2649 Gal.
658 2628 684 2652 v,
700 2620 742 2652 15,
759 2625 787 2647 et
807 2619 816 2646 1
834 2619 896 2646 Cor.
918 2627 964 2651 vn,
977 2619 1022 2646 ‘23.

209 2650 233 2666 “
249 2655 342 2684 Matth.
361 2665 422 2690 xxv,
440 2650 485 2683 ΞἹ.
522 2657 543 2672 ⁸⁷
556 2656 621 2684 Luc.
637 2650 712 2688 xxix,
727 2650 769 2683 Π.
808 2655 830 2670 ⁸⁸
844 2655 929 2682 Exod.
946 2661 1029 2685 xxxv,

1045 2268 1161 2297 terat-que
1186 2261 1309 2288 materia:
1324 2259 1396 2286 unde
1425 2257 1626 2286 tabernaculum
1645 2257 1825 2282 constructum

1044 2313 1085 2337 est
1095 2330 1102 2342 ,
1123 2313 1231 2336 constat
1243 2308 1276 2335 de
1291 2307 1400 2334 scriniis
1411 2311 1438 2333 et
1448 2303 1640 2340 promptuariis
1655 2298 1826 2333 uniuscujus.

1043 2363 1096 2390 que
1123 2354 1268 2390 prolatum.
1284 2353 1420 2388 Spiritalis
1437 2356 1526 2379 autem
1543 2350 1585 2376 lex
1603 2355 1696 2375 aurum
1715 2344 1825 2379 requirit

1046 2400 1079 2427 ad
1107 2398 1311 2426 tabernaculum
1324 2417 1332 2429 ,
1348 2397 1420 2431 quod
1447 2396 1519 2423 intra
1536 2402 1585 2421 nos
1603 2398 1643 2420 est
1658 2412 1665 2425 ,
1687 2393 1824 2425 argentum

1045 2447 1116 2481 quod
1132 2446 1201 2473 intra
1223 2452 1272 2472 nos
1288 2448 1346 2475 est,
1364 2449 1392 2470 et
1405 2449 1502 2470 omnes
1521 2441 1638 2474 reliquas
1652 2437 1778 2465 materias
1794 2434 1825 2460 il-

1044 2493 1083 2519 las
1096 2491 1227 2526 deposcit,
1244 2497 1312 2524 quas
1326 2494 1353 2516 et
1368 2489 1438 2515 intra
1454 2496 1503 2515 nos
1520 2488 1621 2514 habere
1636 2490 1788 2520 possumus,
1801 2484 1825 2506 et

1045 2536 1167 2572 proferre
1194 2536 1228 2563 de
1247 2534 1335 2562 nobis.
1361 2534 1431 2561 Dicit
1457 2533 1529 2560 cuitu
1554 2531 1695 2566 Scriptura
1709 2529 1741 2561 θ’,
1764 2526 1823 2562 quia

1062 2614 1085 2629 ει
1098 2613 1177 2641 Joan.
1195 2620 1250 2645 vut,
1264 2611 1308 2638 56.
1348 2610 1369 2626 ⁸⁸
1386 2609 1470 2637 Exod.
1489 2617 1569 2642 xxxv,
1585 2608 1612 2640 4,
1628 2607 1656 2640 5,
1674 2607 1700 2639 6,
1715 2606 1740 2638 7,
1755 2604 1781 2636 8,
1797 2602 1822 2630 9.

1043 2651 1070 2678 4.
1109 2649 1131 2664 ⁶⁹
1147 2649 1227 2675 Rom.
1244 2655 1269 2678 ι,
1285 2647 1312 2679 8,
1327 2645 1353 2673 9.

1077 2730 1133 2766 (SI)
1149 2729 1227 2762 Mss.,
1239 2737 1249 2755 ι
1266 2736 1313 2764 per
1329 2731 1502 2762 praeceptum.
1519 2734 1528 2751 ι
1546 2706 1625 2752 Libb.
1640 2723 1721 2755 editi,
1738 2730 1748 2747 ‹
1759 2725 1823 2755 pmv

1042 2771 1135 2836 milia}
1146 2775 1181 2827 ,Si
1196 2801 1308 2826 inveniat
1324 2799 1469 2836 auditores,
1482 2801 1536 2836 etc.
1553 2795 1676 2836 Sicumss.
1692 2790 1768 2836 Libri.
1775 2797 1821 2836 att-

1045 2831 1099 2864 tem
1119 2831 1183 2863 éditi
1203 2836 1314 2869 habent,
1333 2843 1342 2860 ι
1357 2835 1379 2862 si
1398 2833 1533 2862 inveniam
1553 2831 1702 2861 auditores,
1721 2836 1730 2852 ι
1746 2831 1794 2854 cte-
