1894 3059
88 148 140 175 3,8!)

691 147 722 174 IN
742 145 883 173 EXODUM
903 145 1041 172 llOMllJA
1063 145 1128 173 Xlll.

1661 151 1714 176 κοη

90 219 99 234 ι
117 215 201 242 prope
225 212 269 233 est
285 207 396 234 verbum
416 205 443 232 in
466 213 512 233 ore
530 210 587 237 tuo,
602 207 675 241 quia,
694 207 715 233 si
738 206 880 234 confessus
896 208 916 235 Α
933 212 991 238 qua:
1015 206 1068 231 sint
1087 205 1161 232 initia
1188 206 1246 232 attri
1262 226 1270 237 ,
1290 206 1330 234 vel
1356 215 1415 241 qua:
1439 208 1563 242 priutititc
1588 206 1715 244 argenti?

87 254 138 281 luet
149 254 171 280 is
187 254 213 280 in
231 261 278 280 ore
295 257 341 279 tuo
361 253 501 280 Dominum
517 253 608 280 Jesnm
622 274 628 283 ,
645 257 673 278 et
689 252 836 279 credideris
850 252 876 279 in

87 299 169 325 tornlc
184 303 232 326 tuo
245 319 253 331 ,
270 299 342 333 quod
365 299 434 326 Deus
453 299 526 326 illutn
545 299 686 325 suscitavit
709 306 723 324 a
741 298 856 324 mortuis
869 318 876 329 ,

87 344 179 371 salvus
199 345 265 372 eris.
281 354 290 370 ι
318 344 345 371 Si
363 352 428 379 ergo
444 345 594 372 credideris
612 344 637 371 in
656 345 739 371 corde
757 349 813 376 tuo,
830 351 877 370 cor

88 396 162 416 tuutn
178 411 186 423 ,
204 395 231 417 et
258 398 356 417 sensus
373 396 434 417 tuus
456 398 552 417 aurum
570 395 621 416 est.
638 390 765 417 (Jlttulisti
795 389 877 424 igitur

86 443 184 462 aurum
201 436 234 462 ad
251 437 466 469 tabernaculum,
486 437 511 462 id
527 441 567 463 est
582 436 659 462 lidem
677 436 766 463 cordis
782 436 830 462 lui.
847 434 875 461 Si

88 487 152 506 vero
170 479 315 507 confessus
331 480 426 512 fueris,
445 488 596 507 sermonem
616 480 752 512 obtulisti,
769 487 875 506 sermo-

86 533 148 553 nent
165 527 348 554 confessionis
362 532 514 561 argentum.
529 527 632 554 ldcireo
645 535 711 561 ergo
725 527 790 553 dicit
805 527 875 562 Moy-

86 580 130 599 ses
147 574 194 606 qui
213 579 256 599 est
278 573 319 599 lex
335 573 484 607 spiritalis,
505 582 514 599 ι
532 574 630 600 Sumite
648 581 661 599 ει
678 574 755 600 vobis
769 574 844 608 ipsis.
863 582 872 599 ι

86 618 149 645 I|:ce
164 626 180 645 a
194 623 220 645 te
236 619 293 653 ipso
305 620 400 652 sumis,
417 619 474 646 hate
489 619 558 646 intra
573 624 599 646 te
610 625 685 651 sunt,
698 619 754 647 hate
767 619 874 646 etiamsi

86 664 175 690 nudus
189 664 236 696 sis,
253 665 352 692 habere
365 669 451 699 potes.
467 665 519 692 Sed
533 670 558 692 ct
570 666 641 700 quod
654 666 768 697 addidit,
778 673 876 692 «unus-

85 710 202 744 quisque
219 711 291 737 sicut
312 711 438 745 concepit
459 711 550 744 corde,
575 721 584 737 ι
605 713 656 738 hue
674 712 794 746 respicit.
817 711 873 739 Non

84 756 156 781 enim
173 757 276 790 poteris
293 756 396 790 aliquid
421 757 454 783 de
471 765 550 784 sensu
570 763 615 784 ttto
633 757 731 784 oll‘erre
749 757 816 790 Deo,
832 758 874 784 vel

84 800 117 827 de
132 801 219 828 verbo
239 805 304 834 tuo,
330 801 381 828 ttisi
399 802 475 835 prius
498 810 558 836 qum
575 803 675 836 scripta
703 808 767 829 sunt
792 805 874 830 corde

85 846 257 879 conceperis,
276 847 326 874 nisi
345 847 466 874 intentus
478 847 571 880 fueris,
588 853 614 875 et
626 848 768 883 diligenter
782 849 873 875 audie-

83 891 131 923 τίς,
145 899 200 918 [1011
216 895 305 926 potest
325 900 421 919 aurum
436 897 511 919 lllllm
527 893 666 928 probatum
681 901 749 924 CSSC,
766 901 816 920 nec
830 902 873 920 ar-

82 941 214 970 gentum:
241 937 390 970 requiritur
414 939 485 965 enim
513 943 542 965 ιιι
570 940 713 973 probatum
732 940 777 968 sit.
804 940 871 967 Audi

83 981 253 1015 Seripturam
268 981 404 1009 dicentem
420 983 459 1009 7°:
480 992 490 1008 ι
502 983 614 1018 Eloquia
633 984 750 1016 Domini,
765 985 872 1019 eloquia

81 1031 168 1057 easta,
187 1031 329 1060 argentum
354 1028 414 1062 igne
432 1029 575 1063 probatum
588 1050 595 1062 ,
614 1034 756 1064 purgatum
777 1035 872 1065 septu-

80 1071 166 1106 plum.
183 1081 193 1097 ι
213 1072 242 1098 Si
259 1080 324 1106 ergo
341 1080 399 1107 qua:
414 1074 516 1108 scripta
532 1079 594 1101 sunt
607 1077 688 1103 corde
702 1077 871 1111 conceperis,

80 1118 133 1144 erit
147 1126 246 1144 anrum
263 1123 351 1149 tuum.
366 1119 392 1145 id
406 1124 449 1147 est
473 1128 569 1148 sensus
585 1126 645 1149 tuus
656 1123 767 1157 probus,
784 1128 810 1150 et
827 1131 872 1150 ar-

79 1169 191 1197 gentum
208 1169 295 1197 tuum,
309 1166 355 1200 qui
370 1170 410 1192 est
425 1173 514 1193 sermo
532 1171 602 1199 tuus,
624 1168 704 1204 176
718 1170 870 1203 probatum.

80 1210 150 1242 Quid
166 1211 250 1237 etiam
267 1211 300 1238 de
312 1218 366 1238 tere
383 1211 521 1239 dicemus?
535 1220 603 1247 opus
619 1219 657 1240 est
673 1219 699 1241 et
711 1223 764 1242 tere
778 1216 810 1242 ad
828 1221 870 1242 ta-

80 1255 219 1281 bernaculi
237 1256 481 1284 constructionem.
505 1258 617 1285 Videtur
633 1259 741 1294 quidem
760 1268 796 1287 tes
822 1268 871 1294 pro

79 1301 242 1328 fortitudine
265 1301 366 1335 suscipi
380 1322 387 1334 ,
402 1307 430 1329 et
448 1303 507 1329 loco
524 1303 586 1337 poni
603 1311 686 1338 posse
705 1305 871 1333 fortitudinis

78 1350 105 1372 et
123 1339 303 1374 constantite:
319 1348 365 1374 sed
384 1355 416 1374 ne
432 1349 492 1380 quis
508 1348 590 1380 dicat,
607 1349 663 1376 lloe
675 1351 797 1378 divinare
814 1359 870 1378 nta-

79 1391 120 1423 gis
140 1396 182 1418 est
197 1399 282 1425 quam
297 1392 462 1427 explanare,
479 1393 522 1420 ubi
543 1395 614 1428 quod
634 1395 733 1422 dicitur
744 1415 751 1427 ,
770 1403 823 1422 non
838 1396 870 1423 de

79 1436 283 1471 Seriptnrarutn
297 1439 458 1465 auctoritate
471 1441 601 1472 munitur,
618 1446 682 1475 puto
694 1448 758 1475 ergo
772 1449 809 1469 tes
823 1449 869 1468 ac-

79 1481 129 1514 cipi
148 1489 230 1515 posse
253 1489 301 1516 pro
317 1489 394 1510 voce.
411 1483 490 1510 Aliud
518 1485 590 1511 enim
607 1490 647 1512 est
663 1493 754 1512 sermo
765 1506 773 1518 ,
795 1486 869 1514 aliud

80 1533 140 1552 vox.
169 1527 268 1553 Sermo
295 1527 395 1555 dicittlr
413 1529 518 1563 loquela
541 1531 640 1557 rationi
658 1531 784 1559 subnixa.
811 1533 868 1560 Vox
883 1537 904 1566 c

79 1579 142 1598 vero
158 1577 212 1603 est,
223 1573 301 1599 verbi
316 1581 409 1605 causa,
420 1575 441 1600 si
451 1574 556 1608 Latine,
572 1576 593 1603 si
611 1576 831 1610 Gra-cedieatur,
845 1579 868 1606 si

77 1617 210 1644 elevatins
227 1637 235 1649 ,
261 1618 283 1645 si
310 1619 441 1653 preSsins.
464 1620 516 1648 Sed
546 1622 602 1649 haec
619 1624 774 1650 necessario
791 1628 819 1651 ut
836 1625 869 1652 de

77 1663 230 1698 Seripturis
259 1664 425 1698 probemus,
455 1666 583 1700 exigitis.
609 1669 676 1696 Attdi
705 1669 769 1704 quid
796 1670 869 1697 dicat

75 1707 223 1740 Apostolus
239 1708 280 1734 ":
301 1716 310 1733 ς
330 1707 357 1735 Si
375 1708 473 1744 lingulis
498 1711 639 1739 hominum
656 1712 753 1747 loquar
776 1719 803 1742 et
819 1721 868 1741 an-

77 1752 210 1784 gelorum,
223 1753 384 1781 cbaritatem
398 1759 485 1781 autem
500 1764 551 1783 non
565 1757 692 1789 habeam.
707 1759 797 1786 factus
810 1768 867 1787 smn

77 1802 104 1823 nt
120 1803 302 1825 :eramentum
319 1807 420 1827 sonans
434 1821 441 1834 ,
467 1807 514 1829 aut
539 1803 692 1838 cymbalum
711 1805 836 1833 titttticns.
858 1815 866 1832 ι

77 1842 113 1869 lta
126 1851 193 1877 ergo
207 1845 279 1879 loqui
292 1845 401 1880 linguis,
413 1853 440 1874 et
452 1849 623 1883 interpretari
634 1857 666 1877 ex
681 1851 733 1877 alia
748 1851 773 1878 in
786 1852 866 1879 aliam

77 1887 215 1923 linguam,
230 1890 292 1917 :eris
308 1891 410 1918 oblatio
425 1898 476 1922 est.
494 1893 609 1922 Necesse
625 1901 667 1922 est
686 1898 758 1922 enim
775 1898 867 1923 omnia

77 1935 179 1961 habere
195 1937 401 1963 tabernaculum
419 1938 464 1965 Dei
480 1958 487 1971 ,
509 1945 536 1967 et
553 1941 620 1968 nihil
636 1942 728 1968 deesso
744 1943 770 1969 in
788 1942 867 1970 domo

77 1979 195 2007 Domini.
218 1981 264 2008 Est
282 1982 381 2017 igitur,
409 1988 437 2010 ιιι
452 1985 581 2018 diximus,
601 1986 663 2013 teris
688 1987 788 2015 oblatio
803 1996 865 2017 vox.

79 2024 132 2052 Vox
151 2032 244 2054 autem
259 2034 300 2055 est
315 2037 374 2063 qua:
391 2030 503 2058 alterius
525 2039 636 2059 sensum
652 2033 676 2060 itt
690 2035 802 2062 alteram
817 2036 868 2062 lizt-

77 2079 157 2105 gnam
175 2074 266 2100 vertit.
284 2074 379 2103 Sermo
397 2083 461 2103 vero
477 2082 527 2109 est,
546 2079 591 2112 qui
606 2086 714 2106 scnsuut
729 2082 866 2115 proprium

77 2117 183 2150 profert
198 2119 265 2154 (86).
282 2120 379 2148 Omnia
394 2129 459 2157 ergo
472 2123 621 2151 oll'erantnr
639 2125 702 2158 Deo.
719 2132 745 2153 ct
759 2134 865 2161 sensus,

76 2171 101 2191 et
117 2171 221 2197 sermo,
236 2170 263 2192 et
277 2173 339 2193 vox.

109 2209 136 2237 5.
154 2210 224 2242 Quid
242 2211 274 2236 de
289 2212 394 2240 exteris
415 2212 553 2241 dicemus?
569 2215 648 2242 Multa
663 2222 725 2243 sunt
740 2218 822 2249 enim,
838 2223 864 2246 ct
880 2222 901 2249 Ῑ)

77 2255 182 2290 singula
196 2256 331 2284 dismlerc
344 2266 411 2293 optts
423 2266 465 2287 est
480 2260 585 2296 ingens.
596 2261 694 2289 Verum
705 2263 768 2297 quid
800 2267 863 2291 rod-

76 2301 138 2332 t-rit,
162 2307 190 2328 ut
209 2307 302 2330 nostro
318 2304 426 2337 quidem
443 2306 544 2341 ingenti
558 2307 649 2335 labore
672 2309 813 2342 dicantur,
830 2312 864 2338 ab

76 2347 217 2380 occupatis
234 2355 296 2375 vero
311 2350 491 2383 auditoribus,
506 2357 532 2378 et
551 2353 591 2379 vix
611 2353 691 2381 nnius
708 2355 782 2382 hora:
797 2364 865 2390 pun-

77 2395 119 2417 cto
139 2392 225 2419 verbo
240 2392 285 2419 Dei
302 2394 493 2423 assistentibus
509 2404 684 2431 spernuntur,
697 2403 724 2425 et
740 2402 866 2434 pereant!

79 2445 88 2461 ι
100 2437 155 2464 Nisi
170 2438 242 2464 enim
257 2439 386 2466 Dominus
398 2441 572 2469 :edillcaverit
586 2443 706 2475 domum.
724 2446 750 2473 in
766 2453 864 2474 vanum

77 2487 266 2515 laboraverunt
284 2488 330 2523 qui
352 2488 486 2516 tedilicant
507 2497 565 2517 eam
586 2491 617 2517 τ’.
644 2500 653 2516 ι
679 2492 867 2522 Verumtamen

77 2541 137 2562 nos,
150 2539 179 2560 ιιι
191 2541 272 2568 supra
284 2535 386 2561 dictttm
398 2539 450 2566 est,
463 2536 594 2566 tradimus
606 2537 639 2564 ad
649 2545 770 2566 mensam
785 2548 867 2574 pecn-

78 2578 148 2605 niatn
168 2579 285 2611 Domini,
299 2580 390 2607 videat
407 2580 479 2607 enim
500 2582 684 2617 unusquisque
703 2584 867 2619 auditorum,

76 2624 212 2658 quomodo
230 2625 360 2659 suscipiat
384 2633 443 2660 quas
469 2626 621 2654 traduntur.
652 2637 661 2653 ι
678 2627 868 2665 Unusquisque

76 2674 164 2696 autem
181 2690 188 2702 ,
215 2669 303 2709 inquit
330 2670 374 2702 ⁷³,
400 2675 542 2703 nostrum,
565 2672 635 2699 sicut
662 2674 742 2701 corde
767 2683 867 2703 conce-

75 2715 122 2749 pit.
135 2717 230 2744 oll'crat
244 2717 319 2744 initia
333 2718 455 2745 Domino.
468 2728 477 2745 ι
495 2718 572 2752 Quod
584 2719 653 2746 dixit
665 2719 753 2751 initia,
769 2727 861 2754 quer

125 2784 147 2800 ’°
164 2784 234 2812 Psal.
253 2793 304 2818 xu,
321 2785 349 2815 6.
386 2786 407 2801 ⁷¹
427 2786 511 2815 lCor.
527 2795 585 2820 xtu,
604 2787 629 2814 l.

110 2853 165 2888 (86)
184 2854 260 2887 .\lss.,
279 2863 288 2880 ι
304 2855 417 2890 profert,
438 2864 446 2881 ι
467 2855 544 2888 alias,
563 2865 572 2882 ι
590 2855 682 2882 refert.
701 2866 709 2882 I

667 2788 689 2803 τί
701 2786 774 2814 Paul.
790 2795 881 2822 cxxvr,
902 2790 926 2816 l.

929 250 1068 283 Quomodo
1083 255 1172 276 autent
1189 251 1222 277 de
1239 259 1331 283 eoeco,
1351 257 1377 278 et
1395 261 1522 287 purpura,
1541 259 1566 281 ct
1582 254 1661 290 bysso
1676 264 1715 283 Vl-

929 297 1026 322 dt-utur
1042 296 1159 322 conferri
1176 297 1318 330 priutilim?
1331 299 1384 324 Attt
1397 299 1532 331 quomodo
1547 301 1617 326 sicut
1634 302 1715 327 corde

928 342 1082 376 conceperit
1098 343 1159 376 quis
1183 343 1284 369 oll'ert?
1303 342 1358 370 Hoc
1380 343 1436 377 jam
1457 345 1577 379 singulos
1594 352 1713 373 ttostrutn

928 386 1028 419 pulsat,
1047 387 1185 414 videamus
1200 389 1279 415 simul
1298 395 1323 415 et
1341 391 1475 423 quontodo
1491 393 1571 418 corde
1587 393 1712 426 concch

929 439 997 458 ntus.
1019 432 1116 464 Quanti
1139 434 1217 460 modo
1234 435 1277 460 ltic
1294 441 1441 468 prtescntes
1458 444 1564 468 sumus,
1582 443 1606 464 et
1625 446 1715 464 sermo

928 478 974 505 Dei
990 479 1141 505 tractatur?
1157 479 1225 506 Sunt
1241 481 1284 514 qui
1301 481 1459 516 concipiunt
1473 483 1556 509 corde
1570 491 1629 518 (pne
1646 483 1713 509 lecta

927 529 998 556 sunt,
1019 527 1081 551 sunt
1097 523 1141 556 qui
1158 525 1271 550 omnino
1291 533 1342 551 non
1362 527 1530 560 concipiunt,
1543 535 1602 562 qum
1617 528 1713 555 dicun‘

928 573 981 602 tur,
1004 573 1051 597 sed
1069 575 1110 598 est
1126 579 1201 597 mens
1218 578 1312 597 eorum
1327 576 1353 598 et
1369 579 1415 598 eor
1432 576 1479 598 aut
1496 573 1522 598 iu
1538 574 1653 607 negotiis
1668 579 1713 600 aut

927 615 952 641 itt
978 616 1084 643 actibus
1111 617 1203 643 smculi
1216 637 1223 648 ,
1242 621 1288 643 attt
1319 618 1557 652 snpputationibus
1578 619 1666 646 lucri:
1686 626 1711 646 ct

927 661 1062 695 prtecipne
1074 661 1211 693 mulieres,
1224 662 1357 696 quomodo
1369 667 1447 696 putas
1459 663 1539 690 corde
1548 664 1712 698 concipiunt,

926 714 986 740 qua:
1003 711 1105 733 tantum
1124 708 1263 743 garriunt,
1282 715 1340 742 qua:
1359 713 1462 735 tantum
1488 708 1585 736 fabulis
1606 709 1712 737 obstre-

927 757 991 783 punt
1004 771 1011 783 ,
1030 756 1058 778 ttt
1076 759 1127 779 non
1150 753 1242 780 sinant
1263 760 1322 780 esse
1344 753 1505 780 silentium?
1523 754 1581 781 .lant
1599 756 1663 789 quid
1681 757 1713 782 de

926 798 1014 821 tuente
1030 802 1136 826 earnm.
1151 797 1214 830 quid
1227 798 1260 824 de
1274 797 1355 824 corde
1370 798 1524 829 discutiam.
1538 799 1560 825 si
1577 799 1609 826 de
1625 799 1713 826 infan-

926 841 997 867 tibus
1014 841 1080 874 suis,
1100 846 1146 868 aut
1161 842 1193 869 de
1211 842 1271 868 lana
1290 843 1420 876 cogitent,
1440 848 1489 870 aut
1504 843 1537 870 de
1552 846 1713 872 necessariis

925 887 1044 914 domus?
1063 887 1163 914 Vereor
1179 888 1266 921 magis
1285 895 1319 914 ne
1340 893 1492 922 sequantur
1509 888 1582 920 illas.
1601 890 1634 916 de
1651 891 1711 924 quis

924 932 974 960 bus
988 932 1053 959 dicit
1069 933 1213 967 Apostolus
1227 933 1268 961 7‘:
1293 942 1302 958 ι
1315 934 1378 966 Qua:
1391 933 1498 960 disrunt
1512 934 1653 961 circumire
1665 935 1713 962 do-

924 985 992 1009 mos,
1007 987 1059 1005 non
1076 979 1163 1005 solent
1178 980 1309 1010 verbosm,
1326 980 1372 1006 sed
1388 984 1415 1006 et
1430 980 1556 1012 enrioszc,
1573 980 1713 1015 loquentes

924 1031 984 1057 qua:
1001 1032 1053 1050 tton
1069 1029 1188 1058 oportet.
1204 1034 1213 1050 ι
1231 1025 1373 1058 Quomodo
1388 1033 1454 1060 ergo
1473 1026 1530 1053 ista:
1546 1027 1613 1054 tales
1631 1029 1712 1054 corde

923 1070 1102 1105 concipiunt?
1126 1070 1184 1097 Non
1209 1071 1348 1105 concipiet
1372 1072 1454 1098 corde
1472 1072 1534 1106 quis
1559 1072 1610 1099 ttisi
1636 1078 1713 1099 vacet

923 1116 1005 1142 corde
1018 1136 1025 1146 ,
1042 1115 1092 1142 ttisi
1112 1116 1147 1142 sit
1163 1120 1252 1143 mente
1270 1116 1338 1144 liber
1357 1122 1384 1144 et
1404 1121 1475 1144 lotus
1499 1118 1620 1144 intentus
1632 1137 1639 1150 ,
1659 1118 1710 1144 nisi

923 1160 1004 1187 corde
1019 1160 1121 1195 vigilet,
1142 1169 1194 1187 tton
1208 1166 1297 1195 potest
1308 1162 1391 1188 corde
1406 1162 1560 1196 concipere,
1573 1167 1600 1189 et
1615 1162 1712 1190 ol'l'erre

923 1208 992 1233 dona
1012 1206 1076 1233 Deo.
1094 1207 1170 1239 Quod
1194 1207 1216 1234 si
1243 1207 1375 1234 hactenus
1402 1207 1571 1242 negleximus
1584 1229 1591 1241 ,
1612 1216 1643 1235 cx
1660 1209 1712 1235 hoe

923 1251 1019 1278 saltent
1038 1252 1199 1279 attetttiores
1219 1253 1314 1285 simus,
1337 1258 1364 1279 ct
1387 1253 1501 1280 sollicite
1516 1254 1686 1281 intendamus
1701 1274 1710 1286 ,

923 1301 951 1322 ttt
966 1297 1100 1330 possimus
1115 1302 1204 1324 tuente
1225 1298 1381 1331 concipere.
1394 1297 1500 1324 Justum
1515 1301 1556 1324 est.
1578 1297 1661 1329 enim,
1682 1303 1710 1324 Ill

922 1342 947 1368 itt
968 1341 1144 1368 tabernaculo
1160 1341 1266 1370 Domini
1288 1343 1442 1370 inveniatur
1459 1342 1645 1377 unusquisque
1663 1343 1712 1370 ha-

922 1385 987 1412 bere
1005 1387 1154 1420 portionettt
1170 1394 1258 1414 snatn.
1280 1387 1337 1414 Non
1355 1388 1426 1414 ettim
1442 1387 1507 1415 latet
1527 1387 1609 1414 Deum
1627 1395 1711 1415 unus-

921 1430 1034 1464 quisque
1058 1432 1120 1465 quid
1139 1432 1162 1458 ei
1182 1431 1286 1459 ollerat.
1304 1433 1388 1465 Quam
1410 1433 1557 1467 gloriosum
1586 1433 1633 1461 tibi
1648 1439 1709 1466 est,

921 1476 943 1502 si
967 1476 1073 1503 dicatur
1101 1478 1126 1504 in
1158 1477 1332 1505 tabernaculo
1351 1479 1455 1506 Domini
1471 1488 1477 1505 :
1496 1477 1597 1506 Aurum
1625 1480 1709 1514 istud,

922 1521 996 1547 verbi
1014 1528 1096 1549 causa
1110 1541 1117 1553 ,
1135 1529 1189 1556 quo
1205 1529 1268 1548 arca
1296 1524 1449 1550 testamenti
1467 1523 1619 1558 obtegitur,
1638 1525 1710 1551 illius

921 1570 960 1593 est
973 1574 981 1598 ;
996 1571 1137 1600 argentum
1149 1574 1180 1593 ex
1195 1574 1249 1601 quo
1264 1567 1343 1595 bases
1366 1573 1392 1595 ct
1403 1569 1534 1596 columna:
1545 1575 1618 1601 sunt,
1634 1570 1706 1597 illius

919 1615 974 1644 est;
990 1619 1027 1638 aes
1040 1612 1073 1638 de
1084 1619 1137 1646 qtto
1153 1612 1256 1644 annuli,
1274 1618 1300 1640 et
1316 1614 1518 1647 eautlelabrutn,
1533 1620 1558 1641 et
1573 1615 1710 1643 nonnulla:

920 1657 1106 1684 columnarqu
1124 1658 1204 1685 bases
1219 1658 1298 1685 facta:
1315 1665 1387 1692 sttttt,
1403 1659 1474 1688 illius
1488 1666 1547 1693 est;
1562 1663 1609 1688 sed
1627 1666 1652 1688 et
1671 1662 1709 1688 In-

919 1702 997 1736 pides
1017 1703 1059 1730 isti
1075 1703 1233 1737 httnteralis,
1251 1708 1278 1730 et
1292 1704 1366 1739 logii,
1385 1705 1456 1732 illius
1468 1711 1548 1739 sunt;
1564 1711 1591 1733 et
1608 1715 1710 1742 purpu—

919 1755 948 1774 ra
964 1756 1016 1782 qua
1034 1754 1150 1776 ornatur
1167 1750 1288 1783 pontifex
1302 1770 1310 1781 ,
1331 1750 1401 1778 illius
1417 1755 1469 1784 est,
1483 1757 1510 1778 et
1523 1760 1621 1779 coecus
1637 1753 1709 1780 illius

918 1799 970 1827 est,
985 1799 1011 1821 et
1024 1801 1123 1822 caetera
1138 1803 1251 1831 qumque
1268 1803 1316 1831 per
1329 1796 1447 1831 singula.
1463 1798 1495 1823 Et
1508 1806 1615 1824 rursum
1626 1806 1708 1832 quam

920 1841 1072 1867 indecorntn
1089 1861 1096 1873 ,
1117 1849 1197 1876 quam
1215 1841 1345 1868 miserunt
1370 1842 1442 1874 erit,
1467 1843 1488 1869 si
1515 1843 1644 1870 Dominus
1660 1851 1706 1869 ve-

919 1886 997 1913 niens
1012 1887 1149 1920 requirere
1161 1887 1304 1914 aedilicium
1318 1888 1495 1920 tabernaculi,
1511 1888 1576 1915 nihil
1588 1890 1708 1916 ntuncrés

919 1932 956 1959 tui
973 1933 1091 1959 inveniat
1107 1933 1133 1959 in
1148 1940 1190 1964 eo,
1204 1933 1273 1960 nihil
1287 1941 1301 1959 ει
1321 1937 1346 1960 te
1361 1938 1506 1966 cognoscat
1519 1933 1648 1960 oblatuttt.
1662 1935 1708 1961 Sic

919 1978 1080 2011 indevolus,
1097 1979 1137 2006 sic
1164 1978 1281 2005 ittlidelis
1309 1979 1416 2011 vixisti,
1433 1984 1462 2005 ut
1480 1979 1546 2006 nihil
1570 1981 1708 2007 memoria:

919 2029 971 2050 tute
996 2025 1021 2051 in
1039 2025 1213 2052 tabernaculo
1236 2025 1281 2051 Dei
1300 2032 1359 2051 esse
1374 2025 1522 2059 gestieris?
1540 2025 1616 2053 Sicut
1633 2027 1706 2053 enim

919 2071 1042 2104 princeps
1060 2070 1138 2104 hujus
1163 2070 1256 2097 tnuntli
1274 2071 1348 2097 venit
1373 2072 1405 2098 ad
1423 2079 1643 2106 ututmqnentque
1659 2081 1682 2099 Ill
1695 2086 1705 2094 ι

918 2121 1016 2147 strum,
1033 2121 1059 2142 et
1074 2116 1169 2150 qnmrit
1184 2116 1205 2143 si
1223 2117 1286 2151 quid
1303 2117 1335 2143 de
1349 2117 1406 2144 suis
1423 2118 1529 2145 actibus
1547 2118 1664 2144 inveniat
1679 2119 1705 2144 in

919 2161 1006 2193 nobis,
1023 2166 1049 2188 et
1064 2161 1086 2188 si
1101 2162 1210 2196 quidem
1229 2162 1373 2194 ittvetterit,
1387 2162 1439 2189 sibi
1456 2170 1504 2190 nos
1519 2163 1654 2190 vindieat:
1671 2165 1707 2191 ita

918 2211 943 2233 et
960 2207 1116 2233 econtrario
1138 2207 1161 2234 si
1187 2209 1298 2235 veniens
1317 2208 1446 2235 Dominus
1467 2209 1587 2236 inveniat
1602 2209 1707 2244 aliqud

917 2257 992 2278 ttutm
1010 2252 1034 2278 itt
1052 2253 1229 2280 tabernaculo
1245 2262 1295 2280 suo
1309 2274 1316 2286 ,
1338 2254 1373 2281 ibi
1393 2259 1418 2281 le
1433 2254 1571 2288 defendit,
1585 2262 1612 2283 et
1627 2264 1707 2285 suum

919 2304 943 2326 te
961 2299 1036 2326 dicit.
1055 2299 1168 2327 Domine
1185 2299 1260 2332 .lesu,
1278 2305 1373 2335 praesta
1391 2301 1466 2333 tnilti,
1481 2306 1508 2328 Ill
1525 2301 1629 2336 aliquid
1645 2309 1671 2328 m
1689 2316 1705 2324 -

917 2345 1035 2372 uumcuti
1060 2346 1160 2373 habere
1185 2353 1291 2373 merear
1318 2347 1343 2373 itt
1370 2346 1545 2376 tabernaculo
1572 2353 1625 2374 tuo.
1650 2348 1708 2382 Egit

916 2396 1048 2425 optarem,
1067 2393 1088 2419 si
1107 2392 1163 2419 lieri
1182 2397 1291 2426 posset,
1309 2400 1370 2421 esse
1385 2393 1487 2427 aliquid
1510 2402 1597 2420 meum
1613 2394 1638 2420 in
1659 2395 1706 2421 illo

917 2443 993 2469 auro,
1010 2444 1042 2463 ex
1061 2445 1113 2472 quo
1129 2438 1346 2472 propitiatorium
1366 2438 1523 2470 fabricatur,
1541 2439 1582 2465 vel
1600 2446 1632 2465 ex
1647 2446 1702 2472 quo

918 2501 980 2520 arca
996 2495 1164 2529 contegitur,
1184 2495 1225 2522 vel
1242 2503 1274 2522 ex
1296 2502 1349 2530 quo
1367 2495 1560 2522 candelabrunt
1579 2495 1608 2522 lit
1626 2495 1702 2524 lumi-

918 2540 960 2567 nis
975 2545 1001 2568 et
1017 2540 1143 2567 Incertae.
1162 2541 1215 2568 Aut
1231 2541 1253 2568 si
1271 2549 1366 2568 aurunt
1381 2550 1432 2568 non
1446 2541 1544 2571 habeo.
1560 2546 1702 2575 argenturm

916 2586 1009 2613 saltent
1025 2586 1124 2621 aliquid
1139 2587 1262 2614 inveniar
1278 2587 1377 2615 ollerre
1393 2588 1463 2622 quod
1481 2587 1604 2621 proliciat
1619 2588 1644 2613 in
1657 2595 1702 2614 co-

916 2631 1037 2663 luutnas,
1056 2630 1096 2657 vel
1122 2631 1146 2657 itt
1172 2631 1251 2658 bases
1275 2638 1380 2658 earum.
1406 2633 1462 2658 Aut
1484 2637 1558 2659 certe
1575 2631 1615 2658 vel
1639 2639 1702 2659 astas

914 2676 1015 2711 aliquid
1030 2677 1130 2703 habere
1147 2684 1252 2704 merear
1271 2677 1296 2703 in
1317 2678 1503 2712 tabernaculo,
1520 2679 1591 2705 ttttde
1605 2679 1702 2706 circuli

915 2723 998 2755 liattt,
1019 2727 1046 2748 et
1065 2725 1162 2748 caetera
1180 2728 1240 2755 qua:
1255 2729 1345 2750 scrnto
1363 2723 1471 2751 divinus
1489 2724 1626 2752 describit.
1645 2724 1702 2752 Uti~

964 2789 987 2804 ⁷³
1005 2789 1090 2816 Exod.
1107 2795 1188 2821 xxxv,
1205 2788 1232 2816 5.
1271 2789 1293 2804 ⁷⁸
1311 2789 1392 2816 lTiut
1409 2796 1434 2821 ν,
1455 2789 1494 2816 l3.
