1894 3059
192 135 240 163 39]

923 133 1085 163 OlllGENlS

1753 129 1800 157 53

183 203 246 223 nam
267 196 332 223 nuhi
352 202 423 224 esset
438 196 567 231 possibile
583 203 663 222 unum
679 202 738 223 esse
752 202 784 222 ex
803 195 1004 230 principibus.A
1020 195 1158 229 plicatttm.
1189 193 1307 221 Difﬁcilis
1335 193 1390 221 hrec
1415 194 1447 221 ad
1473 193 1694 229 intelligendum,
1719 199 1746 223 et
1768 197 1799 224 ad

182 245 210 268 et
225 240 324 268 oﬂ'i-rre
338 249 459 275 gemmas
473 243 505 268 ad
522 246 709 268 oruamentmn
726 241 861 275 pontificis
876 242 969 268 hume-

183 286 258 317 ralis,
276 291 302 313 ct
318 287 392 320 logii!
413 287 465 313 Sed
482 287 543 321 quia
561 286 617 313 lucc
634 294 714 320 supra
731 293 774 313 me
793 291 855 313 sunt
871 306 877 319 ,
896 291 969 313 certe

183 332 225 358 vel
241 332 308 366 pilos
332 339 473 364 caprartun
500 331 598 358 habere
623 326 730 358 merear
747 331 773 358 in
795 331 969 358 tabernaculo

187 374 232 401 Dei
247 395 253 406 ,
268 380 369 402 tantum
384 382 417 401 ne
443 375 468 400 in
485 375 611 402 omnibus
625 375 733 409 jejunus
752 381 779 402 et
807 375 969 403 infecundus

186 421 316 447 inveniar.
336 430 344 445 ι
358 420 547 455 Unusquisque
558 428 621 455 ergo
637 422 706 448 sicut
717 422 840 456 concepit
854 422 943 448 cor-le.
958 431 966 447 ι

183 465 279 492 Videte
293 465 314 491 si
333 466 473 500 coucipitis
486 485 493 497 ,
509 467 598 493 videte
622 467 643 492 si
663 467 761 494 tenetis
774 488 780 500 ,
798 476 831 494 ne
849 467 919 494 forte
931 467 969 494 cf.

182 508 267 536 ﬂuant
279 517 339 543 qua:
355 510 491 540 dicuntur.
503 515 531 536 et
545 514 664 543 pereant.
682 509 748 537 Volo
762 518 808 537 vos
825 512 970 537 admonere

183 555 322 589 religionis
346 560 440 581 vestrm
454 555 604 588 exemplis:
624 555 710 582 nostis
726 556 771 590 qui
791 555 887 582 divinis
910 563 968 590 my-

184 601 276 628 steriis
291 601 422 627 interesse
440 601 593 627 consuestis
605 622 612 633 ,
630 601 763 635 quomodo
778 609 838 627 cum
853 601 969 635 suscipi-

185 646 221 672 tis
232 653 330 679 corpus
346 645 462 677 Domini,
475 653 536 673 cum
552 646 623 672 onmi
636 646 740 673 cautela
756 651 782 673 et
797 647 969 674 veneratione

184 691 310 722 servatis,
325 697 358 716 ne
371 697 403 716 ex
414 697 445 716 eo
457 698 550 723 parum
564 691 627 725 quid
643 691 758 724 decidat,
770 699 805 718 ne
816 692 967 719 consecrati

184 735 304 761 muneris
319 734 419 769 aliquid
437 735 572 761 dilabatur
585 734 652 771 (8'1),
669 736 740 763 Reos
757 737 828 763 enim
848 744 894 763 vos
910 744 970 764 ore.

184 779 260 810 ditis,
273 784 300 806 et
315 784 386 806 recte
399 779 518 810 creditis,
530 779 552 806 si
567 781 630 814 quid
644 780 706 808 inde
719 789 767 816 per
779 781 969 816 negligentiam

184 825 298 851 decidat.
323 824 398 857 Quod
423 826 443 850 si
457 825 528 851 circa
553 832 651 859 corpus
677 826 735 860 ejus
758 826 968 853 conservandum

185 874 259 897 tanta
278 871 384 897 utimini
404 870 519 901 cautela,
535 875 563 896 et
579 871 675 898 merito
691 871 798 898 utimini
812 880 819 904 ;
835 872 968 905 quomodo
985 866 1005 892 Β

183 916 284 949 putatis
303 916 415 943 minoris
428 923 488 943 esse
500 916 597 950 piaculi
617 918 728 944 verbum
744 917 789 944 Dei
808 918 967 952 neglexisse,

186 961 265 996 177
282 968 361 995 quam
378 969 475 995 corpus
494 961 568 994 ejus?
590 961 667 988 lnitia
691 970 757 996 ergo
771 962 901 997 jubentur
925 963 968 990 of-

184 1006 266 1039 ferre,
284 1007 335 1033 hoc
357 1013 400 1033 est
416 1007 558 1041 primitias.
580 1007 629 1041 Qui
652 1007 733 1034 offert
755 1008 826 1042 quod
851 1009 968 1043 primum

183 1057 242 1084 est,
270 1053 424 1079 necessario
453 1053 551 1079 habeat
579 1053 636 1086 ipse
657 1054 729 1087 quod
761 1053 894 1087 reliquum
917 1059 967 1080 est.

185 1095 252 1124 Vide
272 1102 402 1130 quantum
428 1104 476 1124 nos
500 1102 607 1131 oportet
629 1098 767 1125 abundare
785 1106 861 1130 auro,
883 1106 970 1132 quan-

185 1144 240 1166 tum
266 1146 390 1176 argento,
415 1149 446 1168 ac
475 1142 586 1176 reliquis
612 1143 737 1170 omnibus
760 1151 820 1177 qua:
841 1143 970 1177 jubentur

183 1185 286 1219 oil'erri,
301 1191 330 1214 ut
344 1192 370 1214 et
395 1188 508 1214 Domino
525 1187 681 1220 offeramus,
702 1193 730 1216 et
744 1189 825 1216 nobis
840 1189 968 1222 supersit.

184 1231 276 1259 Primo
290 1232 361 1259 enim
376 1232 496 1259 omnium
510 1233 589 1259 debet
605 1241 701 1260 sensus
719 1241 795 1260 meus
818 1234 969 1269 intelligere

184 1277 279 1309 Deum,
301 1282 326 1304 et
347 1277 397 1312 ipsi
416 1277 514 1304 offerre
539 1279 671 1312 primitias
696 1279 852 1307 intellectus
868 1281 922 1312 sui,
941 1285 970 1307 ut

184 1331 246 1351 cum
263 1324 345 1351 Deum
370 1324 437 1351 bene
457 1324 627 1357 intellexerit,
646 1325 749 1359 reliqua
772 1332 970 1360 consequenter

184 1374 324 1403 agnoscat.
347 1369 403 1396 lloc
418 1369 501 1396 etiam
528 1376 620 1396 sermo
643 1370 740 1403 faciat,
762 1371 814 1397 hoc
832 1375 860 1397 et
880 1371 970 1397 omnia

185 1422 245 1448 qua-
265 1415 291 1441 in
309 1415 387 1442 nobis
402 1420 473 1446 sunt,
488 1420 579 1448 agant.
594 1415 646 1443 Sed
665 1416 804 1443 videamus
819 1421 846 1443 et
862 1421 969 1451 caetera,

186 1461 362 1495 hyacinthum
379 1466 405 1487 et
422 1469 579 1496 purpuram,
603 1467 630 1489 et
654 1470 767 1490 coccum
786 1463 970 1497 duplicatum,

185 1512 214 1533 et
239 1507 348 1541 hyssum
367 1511 478 1533 tortam.
502 1506 625 1539 Quatuor
648 1508 698 1534 ista
725 1512 788 1535 sunt
813 1516 846 1535 ex
872 1509 970 1542 quibus

185 1552 369 1579 conficiuntur
396 1552 437 1579 vel
458 1553 592 1585 pontificis
623 1553 779 1580 indumenta
806 1555 848 1581 vel
873 1560 969 1581 caetera

186 1605 247 1633 qua:
260 1598 293 1625 ad
306 1605 411 1624 sacrum
429 1602 558 1631 parantur
570 1604 705 1625 ornatum.
726 1599 762 1626 De
780 1600 823 1626 his
843 1600 972 1627 dixerunt

147 1641 152 1644 ’
185 1644 296 1678 quidam
314 1648 376 1670 ante
393 1651 441 1670 nos
465 1644 542 1679 (88):
558 1649 585 1671 et
608 1645 679 1671 sicut
705 1652 757 1671 uon
783 1646 862 1672 decet
885 1645 971 1672 aliena

186 1689 290 1721 furari,
314 1690 350 1716 ita
377 1691 543 1717 conveniens
568 1695 632 1724 puto
653 1690 722 1717 bene
749 1690 829 1717 dictis
861 1691 972 1718 alterius

187 1743 239 1762 nou
257 1736 331 1762 abuti
352 1735 493 1763 fatentem.
519 1736 570 1763 lsla
591 1743 666 1771 ergo,
685 1741 712 1762 ut
726 1742 754 1764 et
775 1737 911 1771 prioribus
935 1737 973 1763 vi-

186 1789 246 1809 sum
272 1788 331 1815 est,
357 1788 473 1817 quatuor
507 1783 722 1814 elementorum,
751 1790 783 1809 ex
822 1783 918 1817 quibus
945 1787 973 1809 et

187 1831 304 1858 nmndus
322 1836 426 1858 constat
441 1837 467 1858 et
485 1839 584 1865 corpus
611 1831 770 1860 humanum.
790 1834 881 1857 leuent
902 1830 972 1864 ligu-

187 1884 262 1909 ram,
286 1877 311 1904 id
334 1882 375 1904 est
397 1878 486 1910 aeris,
509 1878 590 1912 ignis,
605 1884 682 1911 aqua
697 1881 724 1904 et
748 1880 836 1903 terrae.
856 1875 973 1911 Hyacin-

187 1926 250 1952 thus
262 1932 325 1960 ergo
340 1925 373 1952 ad
391 1932 481 1952 aerem
497 1925 627 1957 refertur,
643 1925 695 1951 hoc
709 1924 780 1951 enitn
801 1924 857 1958 ipse
872 1924 974 1951 imlicat

188 1970 274 2004 color,
297 1971 364 1998 sicut
390 1975 418 1997 et
443 1978 541 1998 coccus
563 1971 597 1996 ad
624 1969 725 2005 ignem.
751 1969 873 2004 Purpura
897 1976 973 2004 aqum

190 2021 263 2044 tenet
278 2017 400 2050 figuram,
417 2016 494 2050 quasi
511 2023 569 2049 qua:
584 2015 616 2041 de
635 2015 712 2048 aquis
735 2015 851 2048 accipiat
871 2014 972 2041 fucum.

187 2062 286 2099 Byssus
303 2067 391 2094 terrm,
411 2063 473 2096 quia
489 2062 577 2088 oritur
597 2069 628 2088 ex
653 2065 735 2088 terra.
753 2061 888 2088 llabemus
909 2068 973 2095 ergo

186 2113 214 2135 et
237 2114 287 2134 uos
309 2107 366 2133 haec
388 2106 479 2133 oumia
503 2105 529 2131 iu
549 2105 636 2136 nobis,
661 2110 688 2132 et
711 2106 773 2140 quia
795 2113 828 2132 cx
852 2106 894 2132 his
919 2106 974 2140 pri-

188 2153 278 2180 mitias
307 2152 419 2179 Domino
444 2151 571 2185 iubemur
599 2151 716 2184 ofl‘erre,
743 2152 802 2178 ideo
831 2151 898 2178 dicit
919 2152 941 2167 ⁷⁵
963 2161 971 2178 :

1022 239 1211 274 proferendum
1228 239 1310 265 multo
1324 238 1484 265 difficiliora.
1505 238 1708 272 Verumtamen,
1723 247 1800 274 prout

1020 284 1150 311 Dominus
1178 283 1300 316 dederit,
1329 284 1492 311 tentabimus
1516 284 1673 319 explanare.
1692 284 1800 319 Oportet

1019 329 1091 356 enim
1107 333 1134 355 et
1149 329 1200 356 dici
1217 329 1318 363 aliqua,
1333 333 1360 356 et
1376 329 1514 364 aliquanta
1530 331 1642 357 servari.
1659 330 1800 359 Videamus

1019 383 1085 410 ergo
1101 382 1154 409 qua
1171 375 1277 402 ratione
1293 383 1405 402 coccum
1421 375 1518 402 dixerit
1534 376 1710 410 duplicatum.
1722 378 1798 406 Color

1021 421 1083 452 iste,
1102 424 1132 447 ut
1151 419 1284 453 diximus,
1305 421 1375 455 ignis
1403 421 1505 447 indicat
1530 421 1704 449 elementum.
1730 423 1799 458 Ignis

1020 469 1110 493 autem
1134 466 1269 500 duplicem
1294 466 1375 493 habet
1398 466 1544 499 virtutem,
1565 475 1645 493 unam
1664 475 1716 502 qua
1743 468 1800 495 illu-

1021 511 1116 543 minat,
1131 511 1210 538 aliam
1232 519 1284 546 qua
1302 511 1431 539 incendit.
1445 511 1506 539 llaec
1521 517 1562 539 cst
1585 513 1703 540 historiae
1718 514 1798 541 ratio.

1023 555 1166 584 Veniamus
1178 561 1205 583 et
1222 557 1255 583 ad
1274 556 1476 583 intellectualia.
1492 557 1579 584 Etiam
1602 558 1627 584 in
1650 558 1714 593 ipsis
1733 559 1800 592 ignis

1020 602 1117 635 duplex
1133 606 1176 629 est
1200 601 1267 637 (89).
1285 602 1331 629 Est
1353 602 1422 636 ignis
1443 603 1554 637 quidam
1576 604 1601 630 in
1622 604 1671 630 hoc
1693 605 1799 636 saeculo,

1019 651 1062 674 est
1085 652 1112 674 et
1133 648 1159 674 in
1184 648 1284 675 futuro.
1302 647 1430 675 Dominus
1449 647 1528 675 .lcsus
1548 649 1670 676 dicit":
1691 658 1700 674 ι
1714 650 1799 684 Ignem

1020 693 1080 720 veni
1099 694 1207 721 mittere
1222 694 1248 720 in
1265 698 1375 720 terram.
1392 703 1401 720 ι
1420 694 1490 728 Ignis
1507 694 1557 722 iste
1573 695 1720 724 illuminat.
1738 696 1800 723 ltem

1021 747 1115 767 rursus
1134 739 1263 766 Dominus
1289 740 1360 767 dicet
1383 739 1409 767 iu
1435 740 1526 767 futuro
1549 741 1681 775 operariis
1701 742 1799 776 iniqui-

1022 785 1086 812 tatis
1097 785 1118 801 ⁷⁷
1135 794 1141 811 :
1161 795 1170 811 ι
1184 785 1222 812 lte
1237 786 1263 812 in
1279 785 1367 820 ignem
1382 790 1527 818 :eternum.
1543 794 1621 821 quem
1642 788 1802 822 praeparavit

1019 829 1099 856 Pater
1116 837 1191 856 meus
1208 830 1314 857 diabolo
1335 835 1362 857 et
1380 831 1483 866 angelis
1498 830 1567 864 eius.
1582 841 1591 857 ι
1606 831 1653 859 llle
1672 833 1742 866 ignis
1763 834 1802 860 in~

1021 876 1120 903 cendit.
1137 875 1327 903 Verumtamen
1349 877 1399 904 iste
1417 877 1497 909 ignis,
1513 885 1592 911 quem
1608 878 1682 905 venit
1698 879 1802 906 mittere

1020 921 1109 955 Jcsus,
1126 922 1258 949 illuminat
1275 923 1383 957 quidem
1399 930 1506 950 omnem
1534 924 1670 951 hominem
1693 925 1801 952 venien-

1022 972 1073 994 tem
1091 968 1117 994 iu
1135 968 1208 995 lutnc
1221 968 1348 995 mundtun
1363 968 1395 1000 ⁷⁵,
1413 969 1491 996 habet
1507 975 1597 996 tatuen
1618 970 1720 1004 aliquid
1734 972 1801 1005 quod

1020 1018 1047 1040 et
1072 1013 1216 1046 incendat,
1242 1015 1311 1041 sicut
1334 1015 1500 1042 confitentur
1520 1016 1556 1042 illi
1579 1016 1624 1050 qui
1654 1017 1800 1044 dicunt":

1024 1069 1032 1085 ι
1053 1059 1147 1087 Nonne
1167 1067 1215 1088 cor
1239 1065 1359 1087 nostrum
1387 1062 1485 1088 ardens
1501 1065 1561 1088 erat
1580 1063 1650 1089 intra
1668 1070 1731 1095 nos,
1746 1071 1802 1090 cum

1020 1104 1175 1136 adaperiret
1196 1104 1274 1131 nobis
1300 1104 1475 1138 Scripturas?
1493 1115 1502 1131 ι
1526 1106 1613 1133 Simul
1637 1114 1703 1142 ergo
1720 1114 1746 1135 et
1763 1109 1802 1135 in-

1020 1149 1156 1175 cendebat
1180 1153 1208 1176 et
1237 1149 1424 1182 illuminabat,
1452 1150 1610 1185 adaperiens
1638 1152 1802 1188 Scripturas.

1020 1193 1118 1221 Nescio
1136 1199 1226 1220 autem
1249 1195 1270 1221 si
1289 1200 1316 1222 et
1331 1195 1374 1222 ille
1394 1195 1463 1230 ignis
1481 1197 1506 1222 in
1532 1196 1624 1224 futuro
1641 1199 1744 1225 saeculo
1760 1200 1802 1233 qui

1021 1239 1155 1271 incendit,
1185 1239 1281 1266 haheat
1307 1239 1407 1274 aliquid
1435 1241 1506 1274 quod
1533 1246 1561 1268 et
1587 1242 1734 1270 illuminet.
1760 1244 1804 1271 Est

1020 1289 1095 1316 ergo,
1117 1288 1144 1309 ut
1161 1284 1337 1317 ostendimus,
1357 1290 1451 1311 natura
1467 1285 1538 1321 ignis
1563 1287 1673 1321 duplex,
1698 1294 1726 1316 et
1747 1289 1804 1315 ideo

1018 1325 1129 1360 juuetur
1151 1326 1243 1354 offerri
1267 1336 1366 1355 coccus
1390 1329 1553 1364 duplicatus.
1577 1331 1720 1363 Quomodo
1744 1335 1804 1368 ergo

1022 1379 1071 1399 nos
1085 1371 1182 1400 offerre
1204 1381 1346 1408 possumus
1367 1374 1455 1408 ignem
1481 1376 1559 1403 istutn
1584 1377 1752 1411 duplicatum
1772 1379 1804 1405 ad

1021 1419 1162 1445 aattiftcium
1179 1419 1356 1452 tabernaculi,
1370 1420 1520 1448 videamus.
1542 1421 1571 1448 Si
1589 1422 1687 1450 doctor
1704 1432 1744 1456 es,
1761 1431 1804 1451 ex-

1022 1464 1104 1491 struis
1123 1464 1324 1497 tabernaculum
1341 1465 1478 1494 aedificans
1494 1466 1642 1495 Ecclesiam
1659 1469 1724 1502 Dei;
1744 1471 1805 1497 dicit

1022 1515 1088 1542 ergo
1101 1513 1128 1535 et
1147 1509 1180 1535 ad
1199 1513 1224 1536 te
1240 1509 1311 1536 Deus
1327 1510 1398 1544 quod
1414 1516 1441 1537 et
1460 1512 1494 1538 ad
1511 1511 1655 1540 Jeremiam
1681 1515 1782 1542 dixit“
1797 1524 1803 1542 :

1024 1563 1033 1578 ι
1049 1552 1118 1580 Ecce
1134 1554 1193 1581 dedi
1214 1555 1296 1582 verba
1311 1563 1369 1582 mea
1386 1556 1411 1582 in
1432 1564 1463 1583 os
1480 1561 1566 1590 tuum,
1580 1568 1588 1584 ι
1606 1559 1630 1585 id
1645 1565 1688 1587 est
1706 1561 1804 1595 ignem.

1023 1599 1051 1627 Si
1065 1607 1129 1635 ergo
1143 1600 1242 1628 docens
1254 1606 1281 1628 et
1297 1602 1434 1630 tedificaus
1447 1603 1595 1631 Ecclesiam
1610 1605 1667 1639 Dei,
1683 1606 1806 1641 increpes

1024 1646 1209 1672 tantummodo
1229 1651 1256 1673 et
1274 1654 1371 1681 arguas
1388 1652 1414 1674 et
1436 1649 1564 1683 castiges,
1583 1654 1610 1676 et
1627 1657 1738 1684 peccata
1763 1660 1806 1686 po-

1023 1691 1077 1724 puli
1097 1692 1254 1725 exprobres,
1275 1692 1343 1719 nihil
1364 1699 1453 1720 autem
1472 1695 1666 1723 consolationis
1687 1697 1806 1731 proferas

1022 1736 1056 1764 de
1081 1736 1230 1771 Scripturis
1259 1737 1375 1771 divinis,
1401 1739 1547 1766 obscunun
1574 1740 1641 1768 nihil
1667 1743 1804 1776 explantes,

1023 1783 1090 1810 nihil
1118 1783 1239 1810 scientia:
1273 1783 1456 1817 profundioris
1479 1786 1608 1822 attingas,
1635 1795 1686 1815 nec
1708 1788 1807 1823 aliquid

1024 1827 1208 1862 intelligentiae
1233 1828 1396 1855 sacratioris
1413 1830 1532 1862 aperias,
1557 1830 1678 1858 obtulisti
1701 1833 1806 1866 quidem

1024 1881 1144 1906 coccum,
1161 1873 1206 1900 sed
1224 1882 1276 1901 non
1295 1875 1473 1909 duplicatum.
1504 1875 1576 1910 Ignis
1591 1878 1665 1904 enim
1689 1883 1752 1905 tuus
1768 1878 1806 1904 in-

1024 1920 1115 1946 cendit
1133 1920 1328 1951 tantummodo,
1352 1925 1379 1946 et
1397 1927 1450 1947 non
1477 1921 1619 1949 illuminat.
1640 1923 1675 1950 Et
1701 1930 1806 1950 rursum

1023 1965 1046 1991 si
1068 1965 1168 1993 docens
1192 1968 1321 2002 mysteria
1343 1967 1409 2002 legis
1433 1968 1550 2002 aperias,
1572 1975 1744 1996 secretorum
1765 1976 1806 1996 ar-

1024 2018 1091 2037 cana
1120 2011 1268 2045 discutias,
1291 2020 1447 2048 peccantem
1471 2021 1534 2041 vero
1555 2022 1606 2040 non
1627 2022 1738 2049 arguas,
1761 2022 1806 2041 ne-

1024 2057 1168 2092 gligentem
1197 2066 1250 2085 non
1281 2061 1432 2094 corripias,
1458 2061 1630 2088 severitatem
1659 2061 1807 2096 disciplina:

1024 2111 1077 2130 non
1103 2108 1210 2137 teneas,
1231 2106 1351 2133 obtulisti
1387 2108 1493 2142 quidem
1525 2115 1657 2139 coccum,
1679 2109 1728 2134 sed
1757 2114 1805 2134 non

1025 2150 1200 2185 duplicatum.
1215 2151 1287 2186 Ignis
1305 2153 1375 2179 enim
1392 2158 1453 2180 tuus
1469 2157 1571 2180 tantum
1593 2153 1740 2185 illuminat,
1757 2159 1806 2179 non

190 2209 201 2225 1
220 2200 326 2227 Sumite
348 2206 382 2225 ex
404 2197 481 2225 vobis
499 2197 574 2232 ipsis,
592 2202 619 2224 et
641 2197 737 2224 offerte
759 2198 893 2232 primitias
918 2199 970 2226 Do-
988 2198 1009 2225 Ι)
1024 2197 1158 2224 accendit.
1181 2198 1232 2230 Qui
1248 2206 1311 2233 ergo
1336 2203 1408 2226 recte
1434 2198 1530 2231 offert,
1551 2203 1579 2226 et
1603 2204 1677 2226 recte
1703 2199 1805 2228 dividit,

187 2252 271 2272 mtuo.
288 2254 297 2270 1

224 2291 250 2317 4.
270 2289 372 2316 Verum
387 2288 458 2316 istud
482 2288 710 2316 considerandum
728 2293 803 2323 puto,
819 2289 890 2324 quod
908 2296 968 2316 cum

186 2337 221 2364 de
237 2336 345 2364 cteteris
379 2335 541 2369 simpliciter
566 2335 634 2362 dixit
659 2334 781 2370 Moyses,
809 2339 913 2361 tantum
938 2334 971 2361 de

186 2389 270 2410 cocco
286 2381 388 2408 addidit
403 2380 587 2414 duplicatum,
609 2385 636 2407 et
658 2381 768 2416 byssum
792 2384 900 2407 tortam.
920 2380 971 2406 Re-

187 2430 304 2465 quiritur
315 2436 389 2462 ergo,
403 2435 451 2454 cur
466 2427 532 2453 alias
549 2426 657 2461 quidem
675 2425 815 2457 materias.
828 2433 860 2452 ex
873 2426 972 2459 quibus

185 2481 214 2502 et
231 2481 329 2502 czctera
347 2473 501 2500 iudicantur
515 2472 662 2504 elementa,
677 2471 838 2503 simpliciter
855 2471 970 2504 dixerit;

185 2528 296 2548 coccum
312 2527 365 2555 quo
389 2519 460 2553 ignis
480 2518 647 2553 designatur,
672 2517 759 2544 solum
785 2517 906 2552 posuerit
924 2517 972 2542 du-

224 2594 249 2612 "
264 2594 348 2621 Exod.
361 2601 441 2626 xxxv,
460 2591 487 2618 5.
524 2591 548 2607 ⁷⁶
567 2590 633 2618 Luc.
649 2597 705 2622 xu,
717 2588 762 2616 49.
800 2589 822 2604 ⁷⁷
843 2587 938 2615 Matth.
953 2596 1016 2623 xxv,
1029 2588 1072 2615 4|.

234 2688 279 2719 87)
298 2687 338 2715 Νι
355 2687 498 2714 coiisecrati
520 2685 635 2713 muneris
649 2684 749 2719 aliquid
767 2683 911 2719 dilabatur.
930 2683 968 2710 Ita

187 2718 275 2752 etiam
293 2722 473 2758 Tertullianus
502 2718 756 2758 lib._l_)e_caronq:
781 2718 900 2745 (Clliit'is
924 2723 970 2758 aut

187 2759 265 2794 panis
285 2757 366 2784 etiam
383 2756 466 2783 nostri
485 2756 586 2790 aliquid
612 2755 698 2782 decuti
729 2755 754 2781 in
774 2759 872 2780 terram
888 2755 970 2780 anxie

187 2798 315 2829 patimur.
335 2801 344 2817 ι
765 2825 769 2829 .
923 2822 929 2827 _

225 2827 280 2864 (88)
309 2825 422 2859 Quidam
453 2829 512 2851 aute
547 2833 603 2851 nos.
626 2823 734 2858 Ioseph.
755 2824 800 2850 ΙιΙ).
817 2831 844 2849 ιιι
867 2823 969 2856 Αιιιιᾳ..

1025 2249 1134 2269 coccum
1156 2242 1236 2270 offert
1251 2244 1423 2278 duplicatum,
1442 2249 1471 2271 ut
1487 2253 1548 2271 cum
1567 2245 1689 2272 scicntia:
1711 2243 1807 2271 lumine

1026 2289 1171 2324 igniculum
1185 2290 1338 2317 severitatis
1355 2290 1512 2317 admisceat.

1061 2334 1086 2361 5.
1109 2335 1176 2368 Quid
1200 2340 1289 2362 autem
1313 2336 1363 2362 sibi
1389 2336 1452 2362 velit
1466 2341 1492 2362 et
1519 2336 1614 2371 byssus
1631 2340 1703 2363 torta
1720 2335 1808 2362 videa-

1027 2387 1099 2406 mus.
1121 2379 1153 2406 Et
1174 2379 1218 2406 hic
1236 2381 1307 2406 enim
1329 2380 1402 2407 dedit
1428 2379 1528 2413 aliquid
1554 2379 1731 2406 additameuti
1756 2385 1808 2413 pne

1024 2425 1129 2453 caeteris
1152 2425 1304 2453 clementis.
1326 2425 1437 2460 Byssum
1464 2426 1584 2453 diximus
1604 2430 1685 2453 terra:
1709 2425 1808 2452 habere

1025 2471 1150 2504 formam,
1166 2472 1237 2506 quod
1255 2477 1297 2499 est
1321 2481 1384 2500 caro
1408 2478 1510 2500 nostra.
1536 2472 1650 2499 Carnem
1675 2478 1740 2504 ergo
1756 2477 1807 2496 non

1026 2516 1082 2543 vult
1099 2517 1189 2544 offerri
1208 2518 1262 2545 Deo
1285 2517 1434 2545 fluitantem
1451 2518 1526 2549 luxu.
1543 2521 1570 2545 et
1586 2517 1690 2544 deliciis
1705 2519 1807 2543 resolu-

1112 2589 1134 2605 ⁷⁵
1152 2588 1232 2616 Joau.
1245 2597 1264 2622 ι,
1276 2589 1302 2617 9.
1340 2589 1361 2605 ⁷⁵
1381 2589 1447 2617 Luc.
1464 2596 1536 2621 xxw,
1551 2588 1595 2616 52.
1632 2587 1655 2604 ⁸⁸
1672 2587 1730 2615 Jer.
1747 2593 1765 2619 I,
1779 2585 1807 2614 9.

1024 2692 1084 2719 cap.
1097 2683 1169 2719 Stet
1182 2681 1258 2709 Philo
1272 2681 1310 2709 De
1327 2681 1379 2719 vita
1396 2680 1516 2719 Mopsir._
1532 2714 1538 2719 _
1562 2717 1568 2719 Α
1588 2714 1605 2719 __
1643 2717 1647 2719 _
1729 2712 1747 2719 ν

1061 2712 1122 2754 (89).
1132 2717 1205 2754 Libri
1221 2723 1299 2754 antea
1310 2717 1377 2754 editi
1391 2724 1398 2743 :
1414 2725 1423 2741 ι
1441 2712 1473 2743 Et
1483 2715 1516 2742 ad
1532 2714 1698 2754 intellectum
1714 2712 1804 2754 alium.

1026 2750 1113 2780 Etiam
1140 2753 1208 2786 ignis
1231 2753 1287 2786 ipse
1302 2752 1399 2786 duplex
1421 2756 1489 2785 est,i
1514 2751 1561 2778 sed
1585 2750 1763 2783 manuscripu
1778 2750 1805 2771 ut

1028 2790 1054 2815 in
1069 2792 1162 2815 nostro
1179 2792 1263 2814 textu.
