1902 3063
84 122 132 150 593

672 119 705 147 IX
725 120 868 148 EXODUM
887 119 1030 148 IIOMILIA
1051 118 1122 146 XIII.

1669 121 1721 148 5M

91 187 151 214 tam,
177 180 225 208 sed
251 179 378 215 torqueri
400 179 475 214 jubet
499 186 558 206 eam
582 183 609 207 et
634 181 796 216 constringi.
814 181 1020 214 QuisAomnia
1045 187 1127 214 opera
1163 186 1290 205 manuum
1314 185 1425 205 suarum
1448 186 1509 213 qum
1533 178 1558 206 in
1588 181 1722 208 mandatis

92 235 150 260 ergo
169 233 212 254 est
226 227 273 260 qui
291 227 439 260 torquebat
455 233 565 253 caruein
580 226 670 253 suam?
683 227 728 254 ille
750 227 880 254 nimirum

93 273 133 306 qui
158 271 284 298 dixit“:
304 280 312 296 ι
330 271 437 298 Illacero
459 278 560 304 corpus
582 280 682 304 meum,
702 277 729 299 et
751 272 777 299 in
795 272 882 299 servi-

92 323 175 345 tutem
200 318 328 352 subjicio,
345 325 378 344 ne
401 318 469 344 forte
491 325 552 344 cum
576 318 636 345 aliis
661 319 880 352 prmdicaveritn,

91 363 148 398 ipse
177 364 312 398 reprobus
340 364 454 392 cliiciar.
471 373 480 389 ι
511 364 557 391 Sic
581 371 645 399 ergo
669 369 711 391 est
734 363 832 392 ollerrc
854 371 882 392 ct

90 410 200 445 byssmn
218 415 331 442 tortam,
347 417 456 436 carnem
474 410 647 441 abstinentia,
665 410 765 444 vigiliis
784 416 810 438 et
827 419 882 438 Ine-

91 457 252 482 ditalionum
270 456 362 483 labore
379 456 524 483 conﬁcere.
542 455 697 484 Oileruntur
712 462 741 484 et
762 457 809 492 pili
834 465 882 484 ca-

91 509 212 534 prarum.
232 501 289 530 lloe
313 510 399 537 genus
424 501 535 537 pecudis
561 502 587 529 in
614 502 672 538 lege
699 510 749 537 pro
768 511 882 537 peccazo

91 547 201 580 iubetur
226 547 329 576 ollerri.
354 549 426 576 Pilus
452 557 517 577 vero
541 549 646 584 species
672 553 714 576 est
738 554 881 581 emortua,

91 593 240 628 exsanguis
254 599 282 620 et
299 595 444 622 exanimis.
461 594 536 622 llanc
554 595 599 630 qui
615 594 707 627 ollert,
724 594 842 622 ostendit
856 594 882 621 in

92 646 122 666 se
145 647 257 667 sensqu
274 641 378 675 peccati
395 641 451 674 jam
468 645 616 673 mortuum,
642 648 691 667 nec
707 639 733 666 in
756 639 884 666 membris

92 686 150 713 suis
174 686 246 713 ultra
275 688 366 714 vivere
393 691 441 714 aut
468 694 584 722 regnare
611 690 764 721 peccaturo.
795 685 884 712 Pelles

92 739 204 766 quoque
227 731 382 759 oﬁeruntur
405 732 533 760 arietum.
562 733 681 760 Arictem
714 733 796 759 etiam
821 736 884 758 ante

92 785 143 805 nos
162 778 272 812 quidam
289 785 338 812 pro
361 778 452 806 lurore
477 783 634 813 posuerunt.
661 777 695 806 Et
720 779 784 813 quia
806 777 884 812 pellis

94 825 196 851 mortui
218 825 343 853 animalis
362 825 489 852 indicium
506 830 560 856 est,
575 826 694 852 ostendit
712 826 737 852 iu
762 833 791 852 se
808 824 884 851 furo-

933 226 1039 254 Domini
1058 226 1124 260 agit.

968 272 994 300 6.
1013 272 1126 299 Additur
1146 276 1206 306 post
1224 272 1293 302 lucc,
1307 271 1369 305 quia
1383 275 1410 298 et
1425 271 1494 305 apud
1510 279 1589 306 quem
1611 273 1721 301 inventa

933 322 998 345 sunt
1015 317 1086 352 ligna
1106 316 1296 352 imputribilia,
1315 316 1413 344 obtulit
1431 317 1495 345 Deo.
1512 318 1540 345 Si
1558 319 1620 353 quis
1634 318 1724 354 diligit

933 363 1071 392 Christum
1083 363 1239 395 Dominum,
1250 363 1350 398 lignum
1369 363 1536 398 imputribile
1553 365 1618 391 etin
1632 365 1723 393 incor-

935 409 1059 444 ruptione
1086 408 1165 435 oll'ert
1189 408 1314 436 Domino.
1339 409 1437 437 Beatus
1461 417 1526 443 ergo
1551 412 1620 444 apud
1641 419 1722 443 quem

934 455 1081 486 invenitur,
1097 453 1138 481 vel
1152 461 1248 481 sensus
1265 454 1448 489 incorruptus,
1462 456 1503 482 vel
1519 463 1617 490 corpus
1634 457 1725 484 incor-

934 508 1058 537 ruptum,
1079 506 1107 528 et
1136 500 1187 527 hoc
1213 499 1292 528 oﬂ'ert
1314 500 1379 528 Deo.
1405 501 1482 529 Unde
1507 507 1534 529 et
1557 502 1625 530 bene
1645 503 1724 531 valde

934 547 1061 575 dixit“:
1082 556 1091 572 ι
1106 546 1186 580 Apud
1213 553 1293 580 quem
1312 547 1420 574 inventa
1442 553 1506 574 sunt
1533 548 1604 583 ligna
1636 549 1724 584 impu-

935 590 1045 618 tribilia.
1067 599 1076 616 ι
1096 589 1154 616 Non
1174 591 1247 617 enim
1268 591 1338 625 apud
1356 599 1451 619 omnes
1464 592 1639 620 inveniuntur
1653 593 1723 629 ligna

936 636 1124 671 imputribilia.
1142 636 1178 663 De
1197 643 1264 663 auro
1282 644 1334 663 non
1352 637 1422 664 dixit
1439 645 1526 672 neque
1545 639 1579 665 de
1597 644 1721 674 argento,

935 683 1005 718 apud
1023 690 1104 717 quem
1122 684 1263 710 inventum
1279 687 1330 710 est.
1344 683 1436 711 Potest
1450 685 1522 711 enitn
1540 686 1610 720 apud
1626 694 1724 714 omnes

936 729 1053 756 inveniri
1072 736 1168 756 sensus
1182 734 1209 756 et
1233 735 1332 756 sermo.
1352 729 1406 756 Sed
1423 737 1472 758 nec
1489 731 1522 758 de
1545 738 1663 766 quatuor
1678 740 1725 760 co—

935 774 1039 802 loribus
1058 775 1109 802 hoc
1126 775 1204 802 dixit.
1221 774 1347 802 Omnium
1364 784 1481 811 namque
1494 782 1536 804 est
1554 786 1587 805 ex
1606 784 1730 814 quatuor

936 826 1065 848 constare
1084 821 1232 848 secundum
1248 828 1346 854 corpus
1366 821 1518 850 elementis.
1533 823 1617 859 Ligna
1634 831 1725 853 autent

94 877 152 897 rem
174 876 310 898 mortuum
332 871 378 906 qui
403 871 456 898 Deo
471 870 551 899 offert
574 873 690 899 arietum
709 871 803 906 pelles.
821 870 884 898 Post
900 876 920 903 Β
936 867 1128 902 impulribilia,
1151 868 1177 895 id
1200 872 1252 901 est,
1268 868 1483 903 incorruptionis
1505 875 1532 897 et
1557 871 1726 906 virginitatis

94 915 171 942 haec:
191 915 246 942 «Et
266 916 330 948 viri,
351 916 485 951 inquit“,
503 921 665 951 acceperunt
686 925 699 943 a
723 916 883 944 mulieribus

93 962 161 994 suis,
176 970 272 990 omnes
294 963 394 997 quibus
410 964 496 990 visum
516 967 557 990 est
574 970 655 990 sensu
676 962 744 998 (90),
763 968 789 990 et
810 967 883 989 attu-

94 1007 184 1034 lerunt
206 1015 339 1043 gemmas,
363 1012 390 1036 et
415 1009 536 1041 inaures,
556 1014 583 1036 et
605 1009 731 1041 annulos,
753 1014 778 1036 el
804 1010 884 1044 178

95 1053 301 1086 discriminalia,
316 1059 344 1081 et
363 1055 522 1082 dextralia.»
542 1054 623 1083 \‘ides
641 1061 668 1083 et
685 1055 730 1083 hic
747 1057 883 1090 quomodo

95 1099 132 1126 illi
155 1098 273 1127 aﬂerunt
297 1099 366 1126 dona
393 1100 457 1132 Deo,
473 1101 518 1135 qui
541 1101 624 1128 corde
646 1101 758 1134 vident,
775 1102 820 1133 qui
843 1101 885 1128 in-

96 1146 232 1172 telleetum
251 1147 334 1173 corde
357 1146 524 1180 concipiunt,
545 1147 590 1180 qui
608 1152 726 1174 mentem
749 1147 884 1174 intentam

95 1198 123 1219 et
142 1192 263 1219 deditam
282 1192 384 1219 habent
404 1192 438 1219 ad
454 1193 566 1220 verbum
591 1192 648 1220 Dei.
671 1193 716 1220 Isti
741 1200 806 1227 ergo
821 1193 887 1220 all‘e-

95 1243 160 1266 runt
185 1246 311 1270 munera,
327 1243 354 1265 et
371 1238 490 1266 afferunt
513 1239 595 1266 etiam
613 1247 627 1266 a
649 1239 809 1267 mulieribus
830 1240 887 1267 suis

98 1295 107 1310 ι
123 1285 245 1317 inaures,
269 1285 370 1319 inquit,
389 1280 417 1312 ét
440 1293 572 1320 gemmas,
587 1290 614 1312 et
638 1285 784 1313 dextralia.
797 1295 807 1311 ι
829 1285 887 1313 Μυ-

96 1331 147 1358 lier
173 1330 230 1366 (9|)
261 1331 409 1358 secundum
437 1331 613 1367 allegoricam
640 1332 788 1364 rationem,
816 1340 887 1367 tta-pe

93 1377 149 1411 jam
171 1377 303 1410 diximus,
320 1378 391 1412 quod
412 1385 476 1405 caro
497 1379 628 1412 accipitur
646 1384 672 1406 et
702 1379 743 1405 vir
766 1379 887 1407 rationa-

97 1424 158 1451 bilis
174 1431 282 1451 sensus.
308 1424 388 1451 Bonzc
411 1429 475 1451 sntit
499 1432 563 1459 ergo
591 1425 649 1452 ista:
676 1425 805 1453 mulieres
827 1435 887 1461 quzc

97 1469 228 1496 obediunt
243 1470 311 1497 viris
324 1469 391 1496 suis.
409 1469 483 1496 Bona
500 1475 540 1497 est
555 1477 620 1496 caro
634 1478 693 1504 qum
704 1471 759 1505 jam
778 1472 886 1506 spiritui

98 1523 150 1542 non
172 1509 315 1550 repugnat,
329 1516 376 1542 sed
392 1516 562 1550 obtemperat
576 1523 603 1543 et.
619 1517 766 1550 consentit,
782 1523 810 1544 et
828 1518 887 1545 ideo

101 1571 110 1586 ι
123 1561 145 1588 si
159 1562 266 1589 duobus
279 1561 320 1587 vel
337 1561 424 1588 tribus
442 1562 467 1588 in
484 1561 562 1590 vobis
583 1563 754 1596 converterit,
772 1571 806 1590 ex
825 1572 889 1598 qua-
902 1550 924 1579 ε

98 1615 204 1642 cunque
221 1615 251 1635 re
272 1607 407 1642 petieritis
428 1608 474 1636 ﬁet
495 1609 583 1642 vobis,
597 1618 608 1635 ι
629 1609 696 1636 dicit
711 1609 841 1637 Dominus
855 1610 888 1638 ⁸³.

98 1653 223 1681 Οιῖεηιιιι
251 1661 317 1688 ergo
341 1661 355 1680 a
379 1653 536 1682 mulieribus
566 1655 622 1682 suis
650 1655 770 1683 inaures.
808 1655 889 1684 \‘idcs

100 1700 238 1734 quomodo
253 1699 370 1726 Domino
384 1699 496 1727 olTertur
512 1701 633 1728 auditus.
648 1701 699 1729 Sed
714 1706 742 1728 et
756 1701 889 1729 dcxtralia

99 1746 215 1772 Domino
243 1738 410 1778 olli-runtur;
434 1754 517 1780 opera
533 1747 640 1781 dextra,
663 1752 689 1774 ct
705 1755 789 1782 opera
809 1747 890 1781 bona,

100 1799 160 1826 qua:
183 1799 233 1827 per
255 1799 364 1819 carnem
395 1797 535 1826 geruntur.
564 1793 627 1820 llme
654 1793 767 1820 Domino
795 1792 892 1820 ollerat

101 1838 274 1866 ratiOnabilis
297 1845 403 1866 Sensus.
422 1840 476 1867 Sed
495 1846 524 1868 et
544 1840 743 1868 discriminalia
766 1838 891 1866 oﬂ'erun-

101 1891 158 1914 tur.
175 1886 259 1913 Oﬂ‘erl
287 1886 491 1919 discriminalia,
507 1888 551 1922 qui
572 1887 641 1915 bene
660 1887 712 1914 scit
733 1887 892 1914 discernere

99 1932 164 1966 quid
180 1933 315 1967 agendum
340 1934 390 1966 sit,
415 1933 480 1968 quid
496 1933 652 1966 vitandum,
673 1933 736 1968 quid
754 1932 810 1960 Deo
836 1932 892 1967 pla-

101 1983 174 2010 ceat,
188 1978 290 2012 quidve
311 1978 462 2012 displiceat,
478 1979 542 2013 quid
563 1978 666 2012 justum
689 1979 742 2011 sit,
759 1978 824 2012 quid
850 1978 892 2004 in-

98 2026 216 2060 justuin.
234 2025 287 2052 Ista
311 2030 375 2052 sunt
390 2025 584 2054 diseriminalia
608 2033 668 2060 qua:
692 2024 807 2052 Domino
824 2023 892 2051 υπε-

104 2077 212 2099 runtur.
238 2071 284 2098 lla:
307 2078 373 2106 ergo
398 2071 527 2099 mulieres
551 2071 661 2098 inaures
688 2071 804 2098 Domino
825 2071 889 2098 oﬁ'c-

102 2125 177 2150 runt,
188 2118 252 2154 quia
260 2117 610 2152 suntmuliercssapicules.
627 2126 636 2143 ι
649 2113 790 2144 Νεγετιιηι
804 2117 891 2149 enim,

102 2164 246 2199 iuquit‘",
259 2164 387 2191 mulieres
397 2164 546 2195 sapientes,
554 2168 581 2190 et
592 2162 716 2190 fecerunt
725 2170 893 2197 quaecunque

103 2211 258 2238 necessaria
272 2214 349 2237 erant
359 2210 392 2238 ad
408 2210 564 2237 indumenta
573 2209 717 2244 pontiﬁcis.
739 2218 748 2234 ι
764 2208 815 2235 Illa:
827 2215 892 2235 vero

102 2258 232 2284 mulieres
246 2265 304 2291 quae
328 2257 437 2284 inaures
457 2263 520 2283 suas
540 2254 695 2282 obtulerunt
713 2258 742 2281 ut
758 2253 836 2281 ﬁeret
852 2254 891 2280 vi-

103 2304 188 2337 tulus,
210 2304 372 2339 insipientes
401 2307 499 2335 erant,
524 2309 584 2336 qute
607 2309 621 2328 a
642 2301 756 2328 veritate
779 2300 889 2335 quidem

103 2356 264 2378 averterunt
287 2350 429 2380 auditum,
452 2349 485 2375 ad
514 2347 620 2374 tabulas
646 2351 737 2374 autem
764 2346 891 2381 impieta-

105 2403 213 2431 teaaque
228 2404 258 2424 se
269 2400 471 2426 converterunt,
485 2399 512 2422 et
531 2395 592 2422 ideo
608 2393 766 2421 obtulerunt
783 2392 893 2419 inaures

103 2450 180 2474 suas,
203 2447 234 2469 ut
257 2443 333 2469 ﬁeret
365 2446 447 2475 caput
470 2440 557 2468 vituli.
582 2439 635 2468 Sed
659 2443 688 2466 et
715 2439 741 2465 in
767 2437 891 2465 Judieum

105 2491 174 2517 libro
191 2490 215 2506 ’δ
237 2490 308 2517 aliud
345 2489 522 2517 nihilominus
548 2487 649 2515 idolum
682 2485 837 2514 invenimus
859 2492 891 2512 ex

105 2537 250 2564 mulierum
276 2536 416 2563 immribus
438 2535 550 2562 factum.
568 2533 628 2560 Ista:
643 2539 709 2568 ergo
730 2532 817 2560 beata:
833 2539 893 2558 mu«

104 2583 199 2614 lieres.
227 2584 303 2610 beata
333 2582 382 2610 ista
414 2589 496 2614 caro,
520 2588 581 2616 qua:
612 2579 725 2607 Domino
747 2578 826 2606 oﬁert
853 2578 894 2604 in-

104 2638 185 2657 aures
209 2639 283 2663 suas,
305 2635 332 2657 et
356 2628 490 2656 dcxtralia
516 2634 574 2660 sua,
591 2631 618 2654 et
635 2626 750 2654 aunulos
776 2632 851 2657 suos,
867 2629 893 2650 et

141 2714 164 2730 “
186 2712 375 2745 ICor.tx,27.
414 2712 437 2728 θ’
457 2711 540 2738 Exod.
565 2718 647 2741 xxxv,
661 2708 707 2736 22.

105 2750 127 2766 "
139 2749 225 2777 Exod.
237 2756 318 2781 xxxv,
328 2749 374 2775 24.
413 2747 437 2763 ⁸⁸
449 2747 544 2773 Matth.
560 2754 616 2776 xix.
630 2745 673 2772 ll.

139 2797 205 2832 (90)
226 2797 422 2832 Mmmscripti,
451 2795 563 2821 «visum
592 2799 634 2822 est
663 2800 780 2822 sensu.»
813 2791 894 2819 Libb.

105 2844 120 2861 ε
131 2835 181 2863 illi,
198 2843 206 2858 ι
219 2835 290 2860 visus
306 2838 349 2860 est
363 2839 473 2858 sensus.
486 2840 495 2855 ι

142 2869 197 2905 (tu)
217 2868 292 2900 .‘llss.,
311 2877 320 2893 ι
335 2867 462 2894 nuntiem
482 2865 559 2892 Litib.
573 2865 653 2900 editi,
667 2873 677 2891 ι
694 2862 831 2891 mulieres.
846 2871 855 2888 ι

235 2918 376 2948 ΡΑτιιοι.
396 2914 456 2945 Gn.
476 2912 546 2944 Xll.

745 2708 767 2724 ⁸³
779 2708 875 2735 Matth.
891 2714 968 2734 xriu.
982 2706 1024 2732 l9.

712 2744 734 2760 "
756 2744 840 2771 Exod.
854 2751 937 2776 xxxv,
949 2742 995 2768 27.

935 914 1031 949 gratia,
1048 914 1118 949 apud
1134 921 1225 941 rarum
1248 922 1383 950 quetnque
1397 916 1514 943 inveniri
1535 922 1635 952 potest,
1654 918 1726 946 sicut

935 966 962 988 et
980 961 1109 988 Dominus
1125 961 1189 988 dicit
1201 962 1243 989 ηε
1262 971 1272 988 ‹
1286 962 1345 989 Non
1368 970 1464 990 omnes
1480 964 1593 998 capiunt
1612 965 1724 993 verbum

935 1007 1019 1040 istud,
1032 1008 1078 1034 sed
1096 1007 1194 1042 quibus
1209 1009 1301 1035 datum
1316 1013 1383 1036 est.)

972 1048 996 1080 7.
1014 1053 1066 1081 Sed
1081 1058 1108 1081 et
1123 1064 1131 1080 ι
1147 1055 1296 1089 principes,
1313 1055 1399 1090 inquit
1410 1056 1445 1088 ⁸⁷,
1457 1056 1615 1084 obtulerunt
1628 1067 1637 1082 ι
1654 1058 1724 1085 dona

939 1108 998 1128 sua.
1018 1101 1082 1133 Qua:
1100 1105 1162 1127 sunt
1179 1101 1230 1127 ista
1245 1103 1315 1128 dona
1339 1109 1400 1136 quae
1424 1103 1562 1137 principes
1585 1103 1725 1132 olferuut?

939 1155 948 1171 (
963 1145 1101 1177 Gemmas,
1121 1146 1216 1181 inquit,
1234 1146 1400 1179 obtulerunt,
1417 1152 1444 1175 et
1470 1149 1574 1182 lapides
1599 1157 1724 1185 smarag-

937 1192 996 1225 dos,
1009 1192 1147 1227 etlapidcs
1161 1192 1327 1227 repletionis.
1342 1199 1369 1221 ct
1384 1194 1485 1228 lapides
1505 1195 1722 1224 adlmmeralcs.»

937 1237 1050 1273 Lapides
1076 1239 1233 1274 repletionis
1258 1240 1400 1271 dicuntttr,
1422 1241 1467 1274 qui
1487 1247 1624 1275 ponuntur
1640 1243 1666 1269 in
1685 1243 1725 1271 lo—

937 1283 992 1318 gio,
1011 1284 1062 1311 hoc
1087 1289 1126 1311 est
1147 1285 1192 1318 qui
1216 1285 1241 1311 in
1266 1290 1377 1319 pectore
1396 1285 1531 1319 pontiﬁcis
1547 1286 1724 1321 collocantur,

938 1329 1060 1364 inscripti
1085 1331 1193 1358 nurnine
1211 1330 1267 1366 (9‘2)
1287 1331 1403 1358 tribuum
1424 1331 1541 1359 ﬁliorum
1559 1332 1653 1360 Israel.
1669 1333 1726 1361 lloc

938 1375 1010 1409 quod
1048 1376 1148 1402 dicitur
1180 1376 1288 1411 Iogion,
1313 1376 1338 1403 id
1363 1381 1406 1404 est
1439 1378 1587 1411 rationale,
1615 1379 1660 1411 qui
1685 1384 1727 1406 est

938 1427 1043 1454 pannus
1060 1421 1173 1456 exiguus
1196 1430 1229 1449 ex
1249 1429 1317 1448 auro
1339 1427 1365 1448 et
1383 1423 1508 1457 gemmis,
1532 1423 1727 1459 coloribusque

940 1464 1034 1497 variis,
1057 1470 1084 1492 et
1110 1467 1324 1501 soperhumerali
1347 1472 1444 1494 contra
1468 1474 1564 1503 pectus
1590 1471 1727 1504 pontiﬁcis

940 1513 1149 1545 annectebatur,
1177 1515 1290 1542 I‘ormam
1320 1516 1403 1543 habet
1430 1524 1527 1545 sensus
1558 1519 1729 1547 rationabilis

941 1557 986 1591 qui
1006 1558 1031 1584 in
1060 1559 1137 1586 nobis
1161 1566 1213 1587 est.
1240 1561 1267 1587 In
1289 1563 1340 1590 hoc
1365 1564 1444 1598 positi
1472 1564 1601 1592 dicuntur
1624 1565 1729 1600 lapides

941 1603 1110 1637 repletionis,
1127 1606 1172 1639 qui
1199 1611 1288 1634 tamen
1306 1608 1460 1642 cohaerent,
1481 1615 1508 1637 et
1524 1612 1639 1639 connexi
1663 1619 1728 1640 sunt

941 1650 973 1676 ad
998 1651 1102 1686 lapides
1133 1651 1301 1687 Immerales,
1325 1660 1405 1690 atque
1428 1663 1461 1683 ex
1488 1656 1531 1684 his
1556 1658 1730 1686 continentur

941 1697 1056 1724 astricti.
1083 1698 1238 1727 llumeralis
1263 1706 1377 1728 ornatus
1405 1702 1535 1729 indicium
1558 1709 1601 1731 est
1621 1710 1729 1732 actuum

941 1743 1087 1771 bonorum.
1111 1746 1196 1773 Actus
1224 1753 1290 1782 ergo
1311 1756 1372 1774 cttttt
1400 1749 1505 1776 ratione
1522 1754 1549 1776 et
1571 1751 1643 1778 ratio
1667 1759 1729 1778 etim

941 1790 1048 1818 actibus
1074 1792 1205 1825 sociatur,
1228 1798 1257 1820 ut
1280 1794 1315 1820 sit
1339 1795 1519 1822 consonantia
1545 1796 1571 1823 in
1594 1801 1730 1832 utroque:

944 1844 953 1861 ι
967 1835 1017 1868 Qui
1042 1837 1114 1863 cnim
1137 1838 1233 1865 fecerit
1253 1843 1280 1866 et
1296 1840 1429 1874 docuerit,
1449 1841 1493 1868 hic
1510 1849 1626 1876 magnus
1648 1850 1730 1870 voca~

943 1882 1016 1908 bitur
1043 1882 1069 1909 in
1093 1890 1176 1918 regno
1201 1884 1333 1912 caelorum
1352 1886 1411 1912 3“.»
1441 1886 1482 1914 Sil
1508 1894 1574 1922 ergo
1598 1888 1624 1914 in
1652 1889 1731 1916 nobis

943 1935 1032 1955 sermo
1061 1929 1094 1956 de
1119 1930 1226 1957 actibus
1253 1932 1390 1965 pendens,
1421 1937 1449 1960 et
1475 1940 1626 1961 sermonem
1654 1940 1732 1963 actus

943 1980 1086 2003 exornent.
1102 1974 1153 2002 llic
1167 1976 1238 2003 enim
1256 1977 1393 2011 pontiﬁcis
1408 1979 1524 2006 refertur
1537 1984 1660 2007 ornatus.
1678 1981 1732 2008 Sed

946 2020 979 2047 ad
997 2020 1052 2047 Inice
1075 2020 1207 2055 explenda
1226 2023 1367 2057 principes
1393 2024 1572 2058 requiruntur
1589 2034 1596 2051 :
1614 2025 1666 2054 iste
1686 2034 1733 2053 or-

945 2071 1025 2094 natus
1045 2075 1140 2094 eorum
1157 2072 1210 2099 est,
1227 2072 1271 2102 qui
1292 2073 1395 2096 tantum
1415 2069 1599 2105 profecerunt,
1617 2075 1646 2098 ut
1668 2079 1734 2107 pra:-

943 2121 1004 2140 esse
1022 2114 1128 2148 populis
1147 2120 1312 2142 mereantur.
1328 2115 1451 2144 Oﬁ'eruut
1465 2117 1546 2144 etiam
1560 2117 1647 2145 olcutn
1663 2119 1735 2153 prin-

944 2159 1017 2193 cipes
1044 2161 1077 2186 ad
1107 2169 1171 2188 usus
1202 2162 1321 2197 duplices
1347 2163 1535 2197 profuturum,
1561 2165 1682 2193 lucernis
1706 2170 1735 2193 et

909 2224 930 2252 υ
946 2205 1101 2235 chrismati.
1120 2207 1203 2235 Debet
1219 2209 1291 2236 enim
1311 2209 1420 2236 lucerna
1441 2217 1536 2237 eorum
1558 2211 1603 2245 qui
1627 2212 1734 2247 populis

946 2257 1081 2288 praesunt,
1105 2262 1158 2282 non
1174 2255 1320 2287 abscondi,
1345 2260 1391 2282 aut
1406 2256 1457 2283 sub
1478 2257 1568 2284 modio
1589 2257 1668 2292 poni,
1688 2258 1735 2286 sed

946 2307 1028 2334 super
1043 2301 1248 2335 candelabrum,
1265 2308 1293 2329 ut
1308 2302 1398 2330 luceat
1410 2303 1535 2330 omnibus
1550 2304 1594 2338 qui
1613 2304 1638 2330 in
1656 2304 1736 2331 domo

946 2351 1008 2374 sunt
1026 2348 1061 2376 ⁸⁸.
1088 2349 1140 2376 Sed
1164 2354 1191 2376 et
1216 2350 1317 2376 incensi
1343 2349 1569 2384 compositionem
1599 2350 1737 2385 principes

947 2393 1081 2427 oderunt,
1104 2403 1164 2430 quae
1191 2400 1369 2430 componatur
1397 2403 1444 2429 per
1476 2396 1584 2431 Moysen
1607 2396 1632 2423 in
1652 2396 1737 2423 odore

947 2440 1089 2467 suavitatis
1105 2441 1230 2473 Domino,
1248 2445 1278 2467 ut
1295 2446 1321 2468 et
1339 2442 1387 2476 ipsi
1411 2441 1514 2474 dicant,
1526 2441 1589 2476 quia
1609 2450 1619 2467 ι
1633 2441 1736 2470 Christi

946 2485 1034 2512 bonus
1048 2485 1116 2513 odor
1131 2493 1224 2513 sumus
1237 2487 1270 2513 π.
1281 2496 1290 2513 ι
1315 2486 1349 2513 Et
1375 2492 1550 2522 posteaquam
1570 2487 1668 2514 obtulit
1687 2495 1734 2523 po-

946 2530 1037 2565 pulus,
1059 2533 1184 2564 vocavit,
1206 2533 1308 2567 inquit,
1330 2532 1435 2568 Moyses
1457 2540 1564 2559 onmem
1585 2533 1735 2567 sapientem

947 2578 980 2604 ad
1005 2577 1206 2612 fabricandum,
1227 2584 1253 2606 et
1269 2579 1459 2611 architectum,
1483 2583 1512 2604 ut
1530 2584 1738 2614 componerent,

947 2630 974 2651 et
991 2624 1193 2653 I‘abricarentur
1210 2625 1315 2660 singula
1340 2632 1454 2659 qmcque
1468 2632 1527 2659 qua:
1541 2624 1643 2660 scripta
1660 2630 1736 2654 sunt.

1074 2708 1108 2721 *³⁸
1133 2704 1217 2732 Exod.
1239 2711 1323 2734 xxxv,
1348 2702 1383 2731 25
1401 2707 1429 2730 et
1445 2702 1489 2730 29.
1533 2701 1556 2718 ⁸⁸
1577 2701 1640 2729 Jud.
1660 2709 1738 2730 xvut.

1034 2741 1057 2757 ⁸⁸
1091 2740 1185 2768 Matth.
1198 2748 1224 2771 v,
1238 2739 1279 2766 l9.
1317 2738 1339 2754 ”
1352 2737 1416 2765 ibid.
1433 2737 1475 2765 15.
1514 2738 1536 2754 ³ο
1551 2737 1573 2764 ll
1585 2737 1647 2765 Cor.
1661 2745 1694 2770 Il,
1711 2737 1738 2764 5.

985 2789 1161 2828 (92)_Mss.,
1189 2797 1198 2813 ‹
1217 2786 1340 2828 inscripti
1370 2786 1490 2813 nomine.
1507 2795 1516 2812 ι
1549 2786 1628 2814 Lilib.
1652 2785 1737 2819 editi,

952 2835 962 2851 ε
977 2826 1069 2860 scripti
1087 2832 1135 2859 per
1153 2826 1271 2851 nomina.
1287 2832 1296 2848 ι

1576 2876 1608 2908 13

1200 2940 1212 2945 -
1263 2935 1297 2944 ,μ
