1894 3059
144 140 194 166 επεν

179 202 209 228 Si
226 205 312 228 autem
330 202 419 229 animo
435 211 485 228 tum
501 203 645 236 peccauerit
661 211 710 230 non
725 209 816 238 sponte
824 206 859 234 ’⁷.
872 205 929 232 Non
946 207 969 235 Δ

142 255 239 284 sponte
254 249 363 284 litquod
378 250 513 284 quispiam
531 250 583 285 agit
596 250 709 278 malum.
723 251 930 280 Observandum

143 295 322 330 ignorantiam
337 295 559 328 involunlariam,
570 302 711 332 peccatmn
722 298 813 324 vocari
828 306 842 325 a
856 298 930 325 Scri-

142 344 232 375 ptura.
254 339 310 367 lmo
336 340 451 367 aliormn
469 341 649 374 quorumdam
677 343 801 370 meminit
819 343 930 376 Paulus,

141 386 235 413 dicens
253 386 276 401 "
300 395 306 412 :
334 395 342 411 ι
369 384 499 413 Umbram
529 387 602 414 enim
636 387 729 415 habuit
753 388 795 415 lex
826 390 932 417 futuro-

142 439 214 459 rum.
233 442 241 457 ι

177 477 314 510 Eiusdem.
332 476 399 506 Illud
420 479 492 513 quod
507 479 607 506 dicitur
623 489 629 506 :
649 489 658 505 ι
681 479 709 506 Si
732 480 821 507 anima
836 488 931 516 pecca-

140 523 210 550 verit
225 530 278 550 non
294 527 391 559 sponte
404 528 432 551 et
449 531 502 551 non
522 523 617 551 fecerit
632 525 664 551 de
678 524 805 553 omnibus
818 526 929 553 manda-

141 569 176 597 tis
192 569 309 603 Domini,
326 579 336 596 ι
355 573 458 597 natura:
473 576 685 598 consentaneum
699 575 750 598 est.
773 571 843 599 Sunt
858 572 929 600 enim

141 615 210 642 forte
231 616 358 650 quaedam
379 621 513 651 praecepta
535 617 643 644 Domini
659 625 720 652 qua:
735 625 787 645 non
804 617 928 645 facienda

139 662 291 697 suntjuxta
306 661 372 690 illud
387 662 409 678 "
426 671 433 689 :
451 671 460 688 ι
480 662 543 690 Dedi
558 663 598 690 eis
616 669 747 698 praecepta
764 672 816 691 non
827 661 926 690 bona.)

139 706 237 733 Anima
250 714 316 741 ergo
327 712 422 742 peccat
435 715 487 735 non
503 712 611 742 sponte,
625 709 733 742 quando
748 709 858 736 nhlcntu
871 709 928 743 pic-

140 752 205 779 tatis
218 751 244 778 id
259 752 331 787 quod
346 752 391 779 lex
408 756 492 784 velat,
508 757 609 780 servat.
625 753 657 780 Et
668 753 803 780 sacrificio
826 754 930 789 indiget

140 798 173 825 ad
195 798 301 825 veniam
324 797 513 826 obtinendam.
535 799 571 826 At.
596 798 733 825 sacriﬁcio
751 806 804 826 non
827 799 929 834 indiget

140 845 187 879 qui
203 845 330 873 consulto
345 846 413 880 agit,
435 845 507 872 sicut
531 844 553 871 is
573 845 618 879 qui
640 844 749 872 Jndaaus
774 845 862 871 factus
887 850 927 872 est

140 896 166 918 ut
178 891 286 919 Judmos
299 891 481 923 lucrifacerel,
497 895 525 918 et
541 890 713 917 circumcidit
727 889 909 918 Timotheum.

176 939 271 965 Anima
281 937 328 964 illa
337 945 500 973 qua'cunqtte
513 936 624 971 tetigerit
635 944 736 963 omnem
750 945 803 963 rem
816 937 928 964 immun-

139 986 212 1018 dam,
227 990 274 1012 aut
288 985 459 1012 morticinum
475 985 495 1012 ¹.
510 983 682 1011 Morticinum
698 988 777 1011 vocat
790 984 844 1011 Deo
856 991 929 1011 mor-

140 1038 214 1058 tutnu
229 1031 367 1059 hominem
385 1031 496 1065 quicum
514 1036 601 1064 neque
615 1029 706 1056 cibum
726 1037 834 1057 sumere
848 1036 929 1064 opor-

139 1082 203 1105 teat.
220 1077 271 1110 Qui
282 1077 353 1103 enim
369 1077 456 1110 ipsum
474 1076 604 1110 tetigerit,
620 1075 777 1102 immundus
794 1082 847 1102 est.
860 1075 927 1102 lllud

138 1130 245 1158 quoque
273 1121 442 1149 immundum
457 1124 499 1147 est
513 1119 584 1155 quod
601 1120 635 1146 ab
651 1120 809 1147 adversario
834 1124 927 1147 nostro

138 1168 247 1195 diabolo
258 1171 369 1202 captum
382 1171 432 1194 est.
446 1165 698 1193 Pecoraimmnnda
713 1165 815 1194 fuerint
830 1165 866 1192 illi
882 1165 926 1200 qui

135 1215 319 1250 jumentorum
337 1213 423 1240 instar
441 1212 474 1238 ad
505 1211 618 1239 verbum
638 1215 824 1244 accesserunt,
852 1216 879 1238 et
894 1211 927 1238 ad

138 1265 252 1288 mortem
282 1263 442 1295 peccarunt,
475 1265 564 1293 neque
586 1257 659 1292 digni
692 1257 755 1285 facti
787 1263 851 1285 sunt
880 1257 926 1292 qui

137 1308 309 1335 salvarentur
335 1307 417 1334 etiam
439 1314 502 1333 cum
528 1305 678 1339 iumentis,
705 1304 783 1340 juxta
812 1304 924 1332 illud':

139 1364 148 1381 ι
166 1355 293 1383 llomiues
309 1359 336 1382 et
353 1354 473 1389 jmneuta
489 1353 618 1385 salvabis,
634 1351 757 1380 Domine.
775 1360 784 1378 ι

173 1400 265 1427 Omnis
276 1401 323 1434 qui
340 1396 453 1434 tetigerit
468 1407 526 1431 eas,
547 1397 760 1433 sanctiﬁcabilur
772 1398 794 1426 ³.
810 1396 924 1431 Quidam

137 1446 220 1479 illud,
239 1455 248 1472 ι
268 1445 499 1477 sanctificabitur,
520 1454 529 1470 ι
547 1449 707 1479 exponunt,
723 1452 732 1469 ι
752 1443 926 1471 contamina-

136 1495 222 1527 bitur,
239 1503 249 1520 ι
262 1500 314 1521 non
329 1492 448 1527 quidem,
462 1496 493 1518 ut
504 1490 611 1526 opinor,
621 1494 731 1524 propter
747 1489 922 1521 sacriﬁcium,

827 141 875 170 EX
893 142 1045 172 OIUUENE

1722 153 1776 181 100

1025 207 1095 233 Ἐὰν
1108 207 1142 233 δὲ
1159 207 1243 243 ψυχὴ
1254 209 1308 243 μία
1324 209 1439 244 ἁμάρτῃ
1451 211 1613 246 ἀκουσίως.
1634 210 1776 239 ’Δχοῦσιὸν

983 252 1056 278 ἐστιν
1069 253 1137 288 ὅπερ
1150 253 1183 280 ἄν
1199 262 1240 286 τις
1257 255 1320 290 ποιῇ
1333 256 1427 282 κακόν.
1440 256 1610 292 Σημειωτέον
1638 255 1680 282 δτι
1697 256 1728 282 τδ
1743 258 1776 284 ἀ-

980 295 1087 332 γνόημα
1095 298 1125 324 τὸ
1146 298 1283 332 ἀκούσιον,
1306 300 1444 336 ἁμαρτίαν
1459 300 1537 327 xei-tsi
1556 302 1572 337 ὴ
1597 302 1704 338 Γραφή.
1722 303 1778 330 Καὶ

982 342 1069 369 ἄλλων
1085 343 1165 370 τινῶν
1186 345 1323 381 μέμνηται
1341 347 1354 373 ὁ
1369 347 1506 382 μακάριος
1520 346 1626 380 Παῦλος
1644 348 1776 384 φάσκων⁸

984 389 1077 416 Σκιὰν
1089 390 1145 425 γὰρ
1163 389 1245 426 εἶχεν
1261 393 1277 418 ό
1287 393 1380 427 νόμος
1398 392 1458 420 τῶν
1464 394 1650 428 μελλόντων.

1020 481 1074 508 Τοῦ
1087 481 1190 510 αὑτοῦ.
1211 492 1221 509 ι
1243 483 1325 519 Ψυχὴ
1339 483 1386 510 ἐὰν
1400 475 1515 521 ἀμάρτῇ
1527 485 1673 518 ἀκουσίως,
1688 487 1768 522 φησὶ,

982 527 1028 555 καὶ
1043 527 1080 564 μὴ
1104 529 1205 566 ποιήσῃ
1230 529 1283 557 ἀπὺ
1299 530 1395 558 πασῶν
1411 530 1465 557 τῶν
1488 531 1603 558 ἐντολῶν
1624 532 1739 568 Κυρίου,
1760 542 1770 558 ι

981 574 1053 601 κατὰ
1069 574 1150 609 φύσιν
1175 575 1242 612 ἔχει.
1259 576 1339 604 Ἔστι
1350 576 1405 612 γὰρ
1420 577 1490 612 τάχα
1510 577 1572 605 τινὰ
1593 578 1641 606 καὶ
1658 580 1774 615 προστᾶ-

980 629 1072 656 γματα
1095 621 1208 657 Κυρίου,
1227 621 1246 649 ἃ
1262 623 1291 649 οὐ
1309 622 1349 649 δεῖ
1375 625 1462 650 ποιεῖν
1480 624 1551 651 κατὰ
1574 625 1620 651 τό·
1638 634 1648 650 ι
1664 625 1773 653 Ἐδωκα

980 665 1072 697 αὐτοῖς
1088 667 1288 702 προστάγματα
1304 668 1334 694 οὺ
1355 667 1435 695 καλά.
1457 678 1466 694 ι
1485 669 1566 705 Ψυχὴ
1587 667 1634 697 οὖν
1648 671 1774 706 ἁμαρτὰ-

978 720 1020 738 νει
1045 711 1190 744 ἀκουσίως,
1215 713 1260 739 ὅτε
1288 714 1424 748 προφάσει
1446 714 1587 747 εὐσεϐείας
1609 715 1640 742 τὸ
1657 715 1695 751 μὴ
1713 715 1774 744 δέον

979 759 1066 794 τηρεῖ.
1097 759 1151 785 Καὶ
1174 759 1259 786 δεῖται
1280 758 1374 792 Θυσίας
1403 760 1471 797 πρὸς
1497 761 1610 796 ἄφεσιν·
1629 762 1660 788 οὐ
1675 762 1772 798 δεομέ-

981 813 1027 831 νου
1045 804 1140 836 θυσίας
1161 804 1207 831 τοῦ
1230 804 1347 840 δρῶντος
1361 806 1535 842 ἐξεπίτηδες·
1558 807 1596 839 ὠς
1620 808 1634 833 ό
1651 807 1772 843 γεγονὼς

987 851 1111 882 Ἰουδαῖος
1128 851 1170 877 ἵνα
1190 850 1332 883 Ἰουδαίους
1350 852 1478 889 κερδήσῃ,
1495 852 1543 879 καὶ
1554 853 1711 889 περιτεμὼν
1726 854 1772 881 τὸν

980 898 1120 933 Τιμόθεον.

1022 943 1057 970 Ἢ
1073 944 1158 978 ψυχὴ
1176 944 1276 978 ἐκείνη
1291 944 1357 978 ἣτις
1368 945 1423 972 ἐὰν
1440 945 1552 980 ἅψηται
1573 946 1687 980 παντὸς
1699 947 1773 981 πρά-

983 997 1093 1024 γματος
1111 989 1291 1024 ἀκαθάρτου,
1308 990 1326 1024 ἣ
1343 992 1533 1025 θτ-ησιμαίου.
1556 992 1724 1028 Θνησιμαῑον
1742 993 1771 1020 δέ

980 1044 1046 1070 φησι
1059 1035 1104 1061 τὸν
1117 1035 1285 1063 ἀποθανόντα
1302 1036 1342 1071 τῷ
1357 1036 1416 1072 Θεῷ
1431 1037 1584 1073 ἄνθρωπον,
1603 1035 1625 1072 ᾧ
1635 1038 1687 1074 χρὴ
1703 1038 1771 1074 μηδὲ

979 1081 1139 1109 συνεσθίεινο
1152 1082 1166 1108 ὁ
1181 1081 1235 1118 γὰρ
1251 1082 1403 1118 ἁπτόμενος
1423 1083 1505 1110 αὐτοῦ
1522 1084 1677 1120 ὰκάθαρτός
1700 1086 1769 1112 ἐστι.

978 1127 1033 1154 Καὶ
1047 1127 1127 1154 τοῦτο
1148 1127 1303 1163 ἀκάθαρτον
1319 1128 1377 1154 ἐστι
1398 1128 1429 1154 τὺ
1443 1128 1574 1164 θηρευθὲν
1592 1129 1645 1155 ὑπὸ
1660 1129 1707 1156 τοῦ
1725 1130 1772 1156 ἁν-

977 1175 1078 1202 τιδίκου
1095 1174 1173 1210 ἡμῶν
1193 1174 1326 1202 διαὸόλου.
1349 1175 1442 1211 Κτήνη
1466 1175 1609 1212 ἀκάθαρτα
1624 1176 1667 1212 εἴη
1685 1176 1729 1208 ἂν,
1745 1177 1770 1203 οι

978 1220 1171 1256 προσελθόντες
1188 1220 1237 1255 μὲν
1250 1220 1289 1256 τῷ
1308 1221 1378 1256 λόγῳ
1395 1221 1552 1256 κτηνώδεις,
1571 1223 1640 1258 πρὸς
1653 1222 1770 1250 θάνατον

977 1265 1005 1292 δὲ
1022 1265 1243 1301 ἀμαρτήσαντες,
1261 1265 1309 1292 καὶ
1335 1265 1372 1301 μὴ
1394 1266 1534 1302 γενόμενοι
1556 1267 1626 1299 ἄξιοι
1650 1267 1769 1303 σωθῆναι

977 1312 1030 1339 κᾶν
1054 1312 1122 1348 μετὰ
1144 1311 1262 1348 κτηνῶν,
1278 1312 1347 1339 κατὰ
1360 1313 1390 1339 τὸ
1407 1313 1485 1348 λέγον
1501 1314 1592 1349 ῥητόν
1614 1323 1624 1340 ι
1651 1314 1769 1350 Ἄνθρώ-

977 1367 1044 1391 πους
1056 1359 1104 1386 καὶ
1122 1358 1209 1394 κτήνη
1225 1358 1333 1392 σώσεις,
1349 1359 1445 1395 Κύριε.
1464 1369 1475 1387 ι

1011 1404 1072 1438 Πᾶς
1089 1404 1124 1438 ὃς
1139 1405 1192 1432 ἐὰν
1207 1405 1319 1440 ἅψηται
1337 1405 1436 1432 αὐτῶν
1451 1405 1674 1441 ἀπωσθήσεται.
1688 1405 1767 1437 Τινὶ.

976 1452 1006 1478 τὺ
1021 1460 1031 1478 ι
1055 1452 1262 1487 ἀγιασθήσεται,
1287 1462 1296 1478 ι
1318 1451 1552 1486 μολυνθήσεται,
1565 1451 1656 1485 φασὶν,
1679 1451 1709 1477 οὐ
1722 1451 1767 1478 διὰ

975 1497 1024 1534 τὴν
1040 1498 1145 1530 θυσίαν,
1155 1496 1241 1533 οἶμαι,
1255 1497 1322 1524 ἀλλὰ
1337 1497 1381 1524 διὰ
1394 1497 1424 1524 τὺ
1439 1497 1574 1533 τολμηρὸν
1587 1496 1668 1524 αὖτοῦ
1683 1497 1769 1524 ἀπτο-

136 1539 183 1568 sed
201 1543 312 1574 propter
327 1537 472 1565 audaciam
497 1536 643 1570 tangentis.
658 1535 773 1570 Aggaaus
792 1534 864 1562 enim
880 1534 919 1561 di-

1011 1553 1067 1572 νου.
1092 1544 1217 1578 Ἀγγαῖος
1238 1544 1291 1580 γάρ
1308 1552 1398 1579 φησιν·
1422 1552 1430 1569 t
1449 1544 1497 1575 ’ος
1508 1543 1540 1570 ἂν
1556 1543 1667 1579 ἅψηται,
1686 1553 1766 1579 μιαν-

136 1588 195 1615 cit‘
211 1596 218 1614 :
237 1596 246 1612 ι
266 1586 316 1620 Qui
333 1585 463 1620 tetigerit,
482 1583 723 1612 contamiuabitur.
739 1591 748 1609 ›

171 1630 308 1666 Ejusdem.
335 1631 453 1657 Dicimus
475 1628 614 1657 sacriﬁcia
635 1627 825 1656 sacerdotibus
839 1627 923 1662 magis

136 1678 221 1706 fuisse
246 1677 439 1704 alimentorum
467 1676 625 1709 materiam,
643 1680 671 1704 et
697 1676 821 1703 umbram
844 1675 924 1711 182

136 1723 257 1760 pietatis.
276 1723 377 1758 Duplex
406 1722 497 1749 oritur
523 1721 628 1750 lucrum
646 1729 661 1749 e
681 1722 842 1755 sacrificiis;
866 1722 923 1757 pri-

135 1777 222 1803 munt,
238 1769 310 1804 qnod
325 1769 388 1796 inde
404 1768 476 1796 Deus
497 1767 664 1801 honoretur;
677 1767 835 1801 secundum,
851 1768 923 1803 quod

134 1823 195 1852 qua:
218 1815 352 1851 quispiam
376 1813 536 1847 immolarit,
555 1821 587 1842 ea
607 1821 660 1841 non
679 1813 760 1842 facile
783 1813 922 1848 adorabit,

134 1869 221 1896 neque
238 1862 320 1889 Deum
334 1867 394 1888 esse
409 1860 526 1895 putabit.

171 1908 203 1935 Et
219 1916 271 1934 non
293 1907 441 1934 moriemini
454 1906 476 1934 ⁸.
494 1906 608 1934 Mortem
634 1906 691 1934 haec
715 1905 797 1933 verba
823 1905 922 1933 minari

133 1955 260 1982 videntur
272 1953 458 1982 sacerdotibus
473 1953 565 1980 vinum
581 1957 609 1981 et
625 1953 741 1980 siceram
757 1953 922 1985 bibentibus,

133 2010 194 2028 cum
215 2002 242 2029 iu
259 2000 466 2029 tabernaculum
489 2000 691 2034 ingrediuntur.
715 1999 828 2034 Oportet
849 1998 921 2026 enim

133 2049 275 2083 episcopos
288 2047 336 2081 qui
353 2051 432 2074 orant
447 2053 498 2081 pro
520 2045 631 2081 populo,
647 2053 700 2073 non
716 2045 803 2072 solum
829 2044 922 2079 fugere

133 2095 294 2121 ebrietatem
311 2100 372 2128 qua:
392 2100 406 2119 a
429 2093 492 2120 vino
512 2092 614 2124 oritur,
640 2092 688 2119 sed
707 2096 735 2118 et.
752 2098 811 2118 eam
831 2097 891 2124 quae
906 2098 921 2116 a

133 2142 214 2168 rebus
243 2144 270 2168 et
295 2139 551 2167 ratiocinationibus
575 2139 703 2166 humanis
730 2136 920 2172 proﬁciscitur.

134 2186 188 2214 Nec
202 2185 320 2213 absurde
336 2183 400 2212 illud
416 2188 502 2216 vetat,
519 2183 566 2210 sed
584 2182 656 2218 quod
680 2183 764 2210 sciret
786 2182 921 2217 impoten-

974 1590 1096 1626 θήσεται.
1121 1599 1131 1616 ›

1013 1635 1069 1663 Τοῦ
1094 1635 1197 1662 αὐτοῦ.
1215 1635 1337 1671 Λέγομεν
1353 1634 1391 1666 ὡς
1406 1634 1553 1670 διατροφῆς
1568 1634 1679 1670 ἀφορμὴ
1698 1635 1764 1669 μᾶλ-

973 1680 1018 1707 λην
1038 1682 1094 1711 τοῖς
1124 1679 1240 1715 ἱερεῦσιν
1260 1677 1330 1715 ἦσαν
1347 1680 1375 1706 αἱ
1397 1678 1487 1705 θυσίαι
1504 1679 1551 1708 καὶ
1569 1678 1633 1705 σκιὰ
1655 1679 1704 1714 τῆς
1720 1680 1768 1705 εὗ-

975 1726 1092 1758 σεϐείας.
1109 1725 1224 1753 Διπλοῦν
1238 1725 1266 1752 δέ
1279 1726 1337 1751 ἐστι
1351 1724 1381 1751 τὸ
1395 1724 1488 1759 κέρδος
1499 1724 1529 1751 τὸ
1543 1724 1597 1752 ἀπὸ
1611 1724 1659 1751 τοῦ
1679 1725 1765 1751 θύειν·

975 1773 1022 1800 καὶ
1048 1773 1090 1799 ὃτι
1118 1771 1177 1808 Θεῷ
1200 1771 1368 1807 προσάγεται
1401 1771 1487 1806 τιμὴ,
1515 1771 1562 1797 καὶ
1585 1771 1626 1797 ὅτι
1655 1771 1673 1798 ἃ
1705 1770 1767 1798 θύει

973 1828 1016 1852 τις
1043 1819 1092 1846 οὐκ
1119 1818 1151 1846 ἂν
1178 1818 1402 1854 προσκυνήσειεν,
1416 1817 1477 1844 οῦδὲ
1503 1816 1536 1844 ἄν
1562 1815 1667 1853 οἰηθείη
1696 1817 1768 1843 Θεὸν

974 1863 1043 1892 εἶναι
1048 1885 1054 1892 .

1009 1912 1065 1939 Kal
1082 1913 1117 1939 οὐ
1134 1911 1177 1946 μὴ
1203 1910 1383 1944 ἀποθάνητε.
1404 1908 1525 1936 Θάνατον
1543 1909 1557 1935 ὸ
1573 1907 1652 1943 λόγος
1674 1907 1767 1934 ἔοικεν

973 1958 1094 1985 ἀπειλεῖν
1111 1957 1238 1993 ἱερεῦσιν,
1254 1954 1324 1983 οἶνον
1346 1955 1394 1983 καὶ
1417 1955 1512 1991 σίκερα
1532 1956 1664 1986 πίνουσιν,
1681 1955 1767 1993 ᾑνίκα

973 2004 1006 2031 ἂν
1023 2004 1061 2035 εἰς
1074 2003 1123 2039 τὴν
1137 1991 1238 2038 σκηνὴν
1252 2001 1474 2037 είσπορεύωνται.
1487 2002 1533 2027 Δεῖ
1543 2000 1597 2036 γὰρ
1614 2000 1676 2032 τοὺς
1688 1991 1766 2036 ’ὺπὲρ

972 2050 1020 2077 τοῦ
1033 2049 1098 2076 λαοῦ
1117 2049 1279 2084 εὐχομένους
1292 2048 1457 2079 ἐπισκόπους
1474 2046 1695 2082 ἀποστρέφεσθαι
1709 2047 1766 2073 ἀπὸ

975 2097 1070 2133 μέθης,
1095 2096 1124 2122 οὑ
1152 2095 1230 2131 μόνον
1252 2095 1301 2130 τῆς
1326 2094 1380 2121 ἀπὸ
1395 2094 1477 2125 οῐνου,
1495 2093 1562 2120 ἀλλὰ
1583 2092 1630 2119 καὶ
1645 2093 1695 2127 τῆς
1708 2092 1765 2119 τῶν

973 2142 1154 2178 πραγμάτιον,
1172 2142 1219 2168 καὶ
1243 2140 1426 2176 διαλογισμῶν
1449 2139 1636 2175 ἀνθρωπίνων.
1656 2138 1765 2174 Οὐχὼς

974 2188 1071 2215 ἄτοπον
1086 2187 1114 2214 δὲ
1135 2186 1305 2223 ἀπαγορεύει
1322 2186 1410 2218 τοῦτο,
1424 2185 1480 2212 ἀλλ’
1495 2185 1535 2212 ὅτι
1552 2184 1610 2220 ᾔδει
1626 2184 1656 2211 τὸ
1672 2184 1763 2220 ἀκρα-

134 2237 176 2259 tes
194 2231 278 2258 animi
295 2230 434 2258 lsraelilas
448 2229 474 2256 iu
490 2228 516 2256 id
542 2228 724 2263 quodcunque
741 2229 918 2264 aggrederer:-

1009 2233 1086 2266 ῖτῶν
1109 2219 1294 2269 Ἰσραηλιτῶν,
1316 2233 1357 2259 ὅτι
1376 2232 1478 2258 ὁπόταν
1495 2231 1614 2266 ἅψοιντο,
1638 2231 1677 2262 εἰς
1694 2219 1764 2266 ἁμε-

133 2283 186 2311 tur,
201 2277 346 2305 immodice
361 2276 437 2304 ferri.
454 2275 560 2303 Utcum
579 2275 605 2302 iu
624 2277 719 2301 sancta
740 2273 919 2308 ingrederent-

132 2333 188 2359 tur,
206 2326 327 2354 sobrium
344 2325 478 2353 haberent
499 2323 597 2352 mentis
622 2330 748 2357 sensum,
765 2327 792 2351 et
809 2322 917 2350 facilem

131 2372 177 2400 Dei
192 2371 427 2400 recordationem.

167 2418 256 2452 Quare
282 2425 333 2444 non
359 2417 496 2444 canteditis
525 2416 594 2443 illud
618 2416 688 2452 quod
709 2416 761 2451 fuit
785 2423 832 2451 pro
858 2424 918 2450 pec-

130 2470 190 2492 τιιέο
200 2465 226 2492 in
237 2465 295 2492 loco
305 2469 396 2492 sancto
405 2465 426 2492 '.
437 2464 559 2492 Ostendit
575 2464 763 2492 sacerdotibus
774 2471 826 2491 non
842 2470 917 2490 com-

129 2511 284 2542 edentibus,
314 2510 502 2545 imperfectum
519 2517 581 2537 esse
602 2509 779 2541 sacrificium,
806 2514 834 2536 et
855 2516 917 2544 pec-

130 2561 220 2583 catum
242 2564 362 2583 ntanere.
375 2555 522 2591 Oportebat
539 2556 611 2582 enim
635 2561 665 2582 ttt
687 2560 714 2582 et
732 2556 766 2581 de
785 2555 917 2590 sanguine

130 2600 286 2632 inferretur,
301 2606 327 2628 et
344 2601 394 2636 ipsi
410 2603 594 2628 comederenl.

167 2645 196 2673 Si
211 2647 287 2672 hodie
298 2647 442 2673 oblulerunt
457 2655 514 2681 qum
526 2655 575 2681 pro
587 2651 693 2681 peccato
706 2646 810 2672 illorum
825 2646 913 2672 sunt’.

130 2693 365 2726 Quandoquidem.
382 2694 479 2727 inquit,
496 2693 590 2720 Nadab
605 2699 633 2721 et
652 2693 738 2720 Abiutl
755 2694 800 2726 qui
830 2693 913 2720 Deum

129 2738 310 2772 oﬂcnderant,
327 2740 424 2767 mortui
443 2740 632 2774 sunt,quandn
648 2746 753 2775 tempus
763 2744 822 2767 erat
837 2747 915 2767 com-

215 2785 227 2804 ,
235 2796 238 2797 ν

161 2833 182 2848 ⁸⁷
212 2833 401 2865 1.ενῖῑ.ιν,27.
440 2834 462 2850 ³⁸
476 2834 557 2862 Hebr.
576 2842 602 2864 χ,
620 2834 644 2860 1.
683 2835 705 2850 ’9
721 2833 818 2861 Ezecb.
840 2841 885 2864 xx,
902 2832 949 2860 25.

807 2869 814 2883 τ
829 2868 964 2901 ibid.,19.
982 2889 987 2892 .

130 2868 218 2904 ‘Agg.
233 2877 262 2903 tt,
282 2870 324 2897 15.
364 2870 373 2885 ⁸
393 2869 482 2896 Levii.
501 2871 565 2904 x,‘J.
582 2867 587 2877 '
605 2870 614 2885 ‘
627 2869 704 2900 ibid.,
727 2869 768 2895 l7.

971 2281 1048 2316 τρίαν
1068 2279 1196 2315 ἐχώρουν.
1220 2279 1268 2306 Ἵν’
1291 2279 1334 2305 ὅτε
1351 2278 1390 2309 είς
1410 2277 1444 2304 τὰ
1469 2277 1534 2311 ἅγια
1545 2278 1764 2314 εῑσπορετῖονται,

971 2326 1099 2362 νηφάλιον
1115 2325 1146 2352 τὸ
1167 2326 1216 2360 τῆς
1240 2324 1330 2360 ψυχῆς
1347 2323 1461 2360 ἀιριὸὲς
1480 2323 1572 2358 ἔχωσι,
1595 2323 1643 2349 καὶ
1662 2321 1762 2348 λεπτὴν

971 2372 1017 2398 τοῦ
1033 2371 1099 2398 Θεοῦ
1117 2372 1299 2407 μνημόσυνον.

1005 2417 1056 2444 Διὰ
1080 2418 1109 2444 τί
1125 2418 1181 2444 οὐκ
1196 2417 1320 2452 ἐφάγετε
1341 2416 1373 2443 τὸ
1393 2416 1461 2450 περὶ
1479 2415 1534 2450 τῆς
1553 2414 1700 2449 ἁμαρτίας
1724 2413 1761 2439 ἐν

969 2465 1049 2495 τόπῳ
1064 2464 1151 2498 tirio);
1173 2463 1298 2490 Aeixvua't
1314 2462 1342 2489 δὲ
1356 2463 1397 2489 ὅτι
1414 2463 1452 2498 μὴ
1467 2462 1522 2488 τῶν
1546 2461 1641 2496 ίερὲων
1655 2459 1761 2487 ὲσοιόν-

967 2517 1033 2541 των,
1047 2509 1188 2541 ἀτέλεστος
1199 2509 1216 2544 ἡ
1234 2508 1324 2541 θυσία,
1345 2508 1420 2543 καὶὴ
1436 2507 1557 2543 ἁμαρτία
1573 2507 1657 2542 μένεν
1675 2505 1759 2542 ἐχρῆν

969 2555 1022 2591 γὰρ
1050 2555 1096 2581 καὶ
1118 2555 1149 2581 ὲκ
1171 2554 1218 2581 τοῦ
1242 2555 1355 2589 αἳματος
1375 2553 1569 2589 εἰσενεχθῆναι,
1591 2553 1639 2579 καὶ
1659 2552 1759 2583 αὐτοὺς

969 2603 1076 2636 φαγεῖν.

1005 2648 1039 2674 El
1055 2647 1188 2681 σήμερον
1211 2648 1437 2682 «poem-noxam
1455 2645 1490 2672 τὰ
1505 2645 1570 2679 περὶ
1590 2643 1645 2677 τῆς
1663 2643 1757 2678 ἁμαρ-

968 2694 1032 2727 τίας
1053 2693 1161 2720 αὐτῶν.
1186 2694 1261 2719 Ἐπεὶ
1280 2692 1388 2728 συνέϐη,
1407 2691 1483 2728 φησὶ,
1501 2692 1556 2722 τοῖς
1581 2690 1646 2726 περὶ
1663 2689 1758 2716 Ναδὰὸ

968 2741 1016 2767 καὶ
1037 2740 1142 2767 Ἀϐιοῦδ
1165 2739 1367 2776 προσκρούσασι
1394 2738 1433 2774 τῷ
1458 2737 1516 2773 Θεῷ
1536 2736 1692 2768 ἀποθανεῖν,
1710 2735 1756 2762 ὅτε

1000 2834 1007 2848 ¹
1024 2832 1111 2860 Levit.
1130 2839 1156 2866 v,
1172 2831 1199 2860 ἓ.
1239 2832 1248 2847 ³
1263 2831 1334 2858 Psal.
1354 2837 1437 2872 uxr,
1453 2829 1484 2863 7.,
1529 2828 1539 2844 ³
1551 2827 1640 2855 chtt.
1655 2834 1692 2859 γι,
1711 2825 1753 2854 is.
