1902 3063
45 134 93 162 609
637 130 669 157 IN
691 128 876 157 LEVITICUM
899 127 1042 155 llOMlLlA
1059 127 1084 155 l.‘

1631 126 1684 154 ΗΟ

44 196 100 220 sive
123 199 181 228 quae
194 192 221 219 in
244 192 327 219 emlis
348 192 381 218 ³³.
403 200 411 216 t
434 190 516 218 Recte
531 198 595 226 ergo
613 192 732 219 secundo
758 191 842 218 notni-
857 192 879 220 Δ
895 190 922 217 itt
938 190 991 218 [ide
1003 188 1118 221 Cltristi,
1129 189 1181 216 alia
1193 193 1282 217 autem
1296 189 1348 216 illis
1359 189 1404 224 qtti
1415 188 1472 223 jam
1492 188 1605 223 perfecti
1622 193 1684 216 sunt

46 243 89 264 nat
106 240 206 271 altare,
221 237 296 272 quod
312 243 355 264 est
371 237 403 263 ad
423 237 522 263 ostium
541 237 708 264 tabernaculi
722 238 844 264 testimo-

45 285 95 314 ii.
107 284 173 318 quia
190 291 244 310 tton
261 283 350 310 solum
364 290 415 317 pro
428 283 614 315 terrestribus,
636 283 682 310 sed
696 284 778 310 etiam
794 292 843 318 pro

47 330 210 357 :telestibus
223 329 337 356 oblatus
352 333 392 355 est
405 329 491 355 hostia
508 327 600 360 Jesus,
620 333 648 355 et
667 329 711 355 hic
732 329 842 364 quidem

44 383 93 410 pro
109 374 273 402 ltoutittibus
289 376 374 409 ipsam
393 374 562 408 corporalem
578 374 721 401 materiam
735 376 843 410 sangui—

44 418 93 449 nis'
101 422 145 449 sui
162 422 244 453 fudit.
265 423 292 449 in
315 421 472 449 crrlestibus
488 427 553 448 vero
570 421 796 451 ministrantibus.
820 421 842 448 si

42 467 88 501 qui
113 467 155 494 illi
184 467 251 494 inibi
269 471 345 498 sunt.
368 465 571 496 sacerdotibus,
595 465 702 493 vitalem
720 467 843 501 corporis

43 514 84 540 sui
108 514 254 544 virtutem,
278 513 350 540 velut
378 512 501 547 spiritale
525 513 661 547 quoddam
677 513 841 541 sacrillcium

44 558 215 587 immolavit.
240 557 289 586 Vis
307 563 397 585 autent
419 559 488 586 scire
510 559 571 592 quia
586 559 684 593 duplex
709 559 797 586 hostia
815 559 841 586 itt

44 611 76 632 eo
97 605 163 633 fuit.
195 605 364 632 conveniens
389 604 577 637 terrestribus,
603 610 629 631 et
648 610 709 639 apta
724 606 843 633 caelesti-

45 650 118 676 bus?
133 650 283 684 Apostolus
296 652 329 677 ad
347 650 473 678 llebrteos
487 649 613 676 scribens
628 651 695 678 dicit
708 651 749 679 "°:
766 661 775 676 ‹
792 651 844 678 Per

44 696 188 727 velamen.
206 695 233 722 id
252 701 292 722 est
309 704 417 724 carnent
434 705 521 726 suam.
540 708 549 724 t
570 698 601 725 Et
617 698 714 725 iterum
729 698 842 725 interius

45 740 174 767 velamen
198 741 392 776 interpretatur
409 742 517 775 caelum,
539 743 611 778 quod
631 743 783 777 penetravit
798 742 843 770 Je-

45 796 104 820 stts,
128 793 160 815 ut
179 789 292 816 assistat
305 797 376 816 nttnc
397 790 480 817 vulttti
500 790 545 816 Dei
565 798 614 824 pro
637 790 725 822 nobis,
744 799 753 816 ι
769 797 842 817 scut-

45 841 105 868 per,
122 834 214 867 inquit
231 834 264 866 “,
281 834 374 861 vivens
390 835 423 862 ad
444 834 669 869 interpellandum
691 843 740 869 pro
765 835 818 862 ltis.
829 844 838 861 ›

45 878 75 906 Si
87 887 158 914 ergo
175 880 232 906 duo
250 879 438 915 intelliguntur
454 868 599 912 velamina,
615 887 676 915 qua:
691 868 763 908 velut
775 889 841 916 pon-
856 868 879 898 Β

45 924 112 950 tifex
140 924 283 959 ingressus
309 929 351 951 est
370 923 458 956 Jcsus,
481 930 680 959 consequenter
694 929 721 951 et
736 925 841 953 sacrifi-

44 972 120 997 cium
138 970 241 1004 duplex
263 970 470 1005 intelligendum
489 974 542 1003 est,
558 979 606 1005 per
627 973 697 1005 quod
711 976 738 998 et
754 977 841 999 terre-

43 1016 113 1043 stria
128 1015 280 1043 salvat-erit
293 1019 320 1042 et
341 1015 474 1042 ctelestia.
502 1015 625 1049 Denique
636 1021 664 1042 et
676 1023 707 1042 ea
723 1024 784 1050 qua:
798 1024 841 1043 se.

45 1067 185 1096 quuntur,
203 1063 263 1096 plus
283 1061 388 1089 cmlesti
406 1061 543 1089 sacriﬁcio
570 1069 650 1097 quam
672 1067 780 1090 terreno
801 1063 842 1090 vi-

45 1109 146 1135 denlur
166 1108 297 1142 aptanda.

78 1154 108 1180 4.
126 1163 135 1179 ι
154 1152 190 1180 Et
204 1153 387 1186 decoriantcs,
406 1153 491 1188 inquit
509 1154 542 1186 δ’,
560 1154 747 1181 holocaustum
773 1155 842 1182 divi-

44 1199 111 1226 dent
133 1198 201 1226 illud
217 1199 401 1232 tneutbratim,
426 1204 453 1227 et
471 1199 612 1235 imponent
633 1200 780 1228 liliiAarou
800 1208 842 1228 sa-

44 1247 168 1274 cerdotis
187 1247 277 1282 ignem
301 1255 382 1282 super
398 1247 495 1279 altare,
526 1252 553 1274 et
566 1248 840 1282 constipabuntligna

45 1294 70 1321 in
90 1294 199 1329 ignem,
221 1298 248 1320 et
265 1294 400 1328 imponent
419 1293 566 1320 liliiAaron
589 1295 739 1322 sacerdotis
752 1294 839 1322 divisa

44 1341 183 1371 membra,
200 1343 228 1366 et
242 1344 334 1374 caput,
350 1343 377 1366 et
391 1339 495 1373 adipes,
516 1345 542 1366 et
557 1339 627 1373 ligna
645 1348 705 1374 qua:
719 1345 781 1367 Suttl
795 1348 840 1368 su-

44 1393 91 1420 per
113 1385 215 1412 altare.
234 1385 374 1412 lnteranea
392 1392 457 1412 vero
470 1390 497 1412 et
511 1385 593 1419 pedes
610 1386 739 1413 lavabunt
759 1395 839 1421 aqua,

43 1436 68 1457 et
82 1431 211 1464 imponet
222 1430 351 1457 sacerdos
365 1430 455 1457 omnia
476 1438 558 1464 super
581 1431 680 1463 altare,
696 1431 782 1459 hostia
798 1437 840 1459 est

43 1482 68 1504 et
84 1476 257 1503 sacrificium
272 1475 340 1502 odor
357 1476 500 1504 suavitatis
522 1477 648 1505 Domino.
675 1487 685 1503 ι
700 1477 840 1510 Quomodo

44 1522 208 1550 tit-corielur
232 1529 298 1549 caro
312 1522 385 1549 verbi
402 1522 458 1553 Dei.
480 1523 552 1557 quod
577 1523 621 1550 ltic
643 1523 742 1550 vitulus
756 1525 840 1550 nouti-
853 1540 876 1570 ϐ

44 1574 141 1600 natur,
158 1572 187 1595 et
210 1568 347 1602 quomodo
369 1568 541 1595 membratim
562 1568 699 1595 dividatur
715 1577 730 1596 a
750 1577 839 1597 sacer-

45 1614 167 1643 dotibus.
192 1620 282 1647 operte
308 1614 423 1647 pretium
448 1618 490 1641 est
510 1615 664 1642 advertere.
694 1615 749 1649 Ego
771 1623 836 1650 puto

44 1661 115 1694 quod
132 1660 182 1687 ille
201 1659 332 1686 sacerdos
349 1659 469 1686 detrahit
493 1660 596 1686 corium
624 1660 700 1687 vituli
715 1661 796 1688 oblati
813 1662 838 1689 in

46 1705 253 1737 holocaustum,
276 1708 302 1732 et
318 1705 425 1732 deducit
442 1705 539 1739 pellent
562 1713 614 1740 qua
643 1706 763 1733 membra
780 1706 840 1741 ejus

46 1756 241 1788 conteguntur,
266 1751 312 1786 qui
329 1753 363 1779 de
377 1752 460 1779 verbo
485 1753 532 1779 Dei
553 1753 688 1780 abstrahit
717 1755 838 1782 velamen

44 1796 156 1829 litteras,
172 1803 202 1824 et
227 1798 334 1824 interna
357 1798 416 1832 ejus
428 1807 488 1833 qute
507 1804 571 1827 sunt
589 1800 721 1834 spiritalis
739 1800 838 1828 intelli-

47 1844 143 1878 gentia:
177 1843 313 1875 membra,
335 1844 454 1871 denudat
481 1853 488 1871 :
510 1850 537 1872 et
555 1845 613 1872 hate
627 1847 748 1873 mentbra
763 1847 837 1874 verbi

48 1889 190 1917 interioris
203 1890 335 1921 scientia‘,
348 1898 402 1917 nott
416 1891 442 1917 itt
457 1890 552 1917 humili
572 1891 663 1926 aliquo
678 1892 737 1920 loco
751 1893 837 1927 ponit,

48 1935 91 1962 sed
109 1936 136 1962 in
150 1936 208 1962 alto
222 1941 251 1962 et
264 1941 369 1967 sancto,
385 1936 410 1962 id
424 1941 475 1969 est,
491 1943 572 1970 super
588 1937 675 1964 altare
693 1937 811 1965 collocat
830 1946 836 1964 :

48 1989 106 2008 cum
123 1990 179 2009 non
199 1982 318 2017 indignis
334 1982 500 2013 hominibus,
516 1988 542 2009 et
558 1983 687 2010 ltumilcm
705 1985 788 2010 vitam
806 1993 838 2012 ac

49 2033 184 2055 terrenam
201 2028 363 2055 ducentibus
376 2028 470 2062 pandit
482 2028 572 2056 divina
589 2029 730 2064 mysteria.
744 2030 791 2057 sed
805 2031 838 2058 il-

48 2072 79 2101 Iis
89 2075 134 2109 qui
152 2074 245 2100 altare
264 2073 310 2100 Dei
329 2078 403 2106 suttt,
420 2073 445 2100 in
463 2074 560 2109 quibus
576 2083 682 2110 semper
701 2077 778 2104 ardet
793 2077 837 2105 di—

48 2119 125 2147 vinus
137 2120 221 2153 ignis.
243 2124 271 2147 et
283 2127 390 2154 semper
405 2121 575 2149 consumitur
589 2129 665 2150 caro.
683 2123 771 2158 Super
788 2124 838 2151 hos

47 2172 109 2200 ergo
125 2165 196 2192 tales
211 2165 384 2192 membratim
401 2165 504 2193 divisus
518 2166 570 2194 iste
599 2167 749 2196 holocauin
771 2169 838 2196 vitu-

50 2209 88 2237 lus
100 2210 264 2238 collocatur.
279 2210 377 2238 Dividit
395 2219 511 2246 namque
526 2214 696 2241 membratim
711 2214 836 2248 vitulunt,

50 2256 92 2290 qui
116 2256 267 2291 explanare
285 2263 332 2290 per
353 2257 479 2284 ordinem
507 2262 606 2292 potest,
628 2263 655 2285 et
671 2261 834 2294 competenti

51 2300 222 2328 distinctione
254 2301 400 2334 disserere,
425 2303 470 2336 qui
494 2303 530 2330 sit
554 2303 712 2337 profectus,
732 2304 833 2333 Christi

51 2346 183 2374 fimbriam
207 2346 374 2381 contigisse;
400 2348 446 2382 qui
463 2355 539 2381 vero,
563 2349 645 2383 pedes
664 2349 723 2385 ejus
737 2350 834 2379 lavisse

50 2395 186 2431 lacrymis,
207 2400 235 2422 et
250 2396 356 2430 capillis
371 2396 468 2431 capitis
487 2398 650 2432 extersisse;
669 2404 774 2434 quanto
785 2407 834 2426 au-

50 2445 99 2467 tem
112 2441 146 2468 iis
156 2441 250 2476 potius
263 2441 299 2467 sit
313 2447 393 2476 caput
405 2442 463 2475 ejus
475 2443 585 2469 unxisse
599 2451 675 2479 ntyro
691 2444 747 2479 (10)
766 2453 772 2471 τ
785 2445 832 2472 sed

49 2486 108 2512 etin
124 2492 235 2521 pectore
244 2485 305 2520 ejus
316 2487 472 2514 recubuisse
485 2487 549 2521 quid
562 2488 832 2519 ltabeateminentiaa.

51 2531 145 2558 llomtn
159 2539 228 2567 ergo
255 2532 424 2567 singulormn
443 2541 540 2561 causas
556 2533 701 2566 disserere,
731 2543 758 2563 et
781 2537 833 2564 alia

49 2577 150 2610 quidem
164 2577 372 2613 incipientibus,
382 2578 434 2605 alia
448 2585 512 2606 vero
524 2579 557 2606 iis
566 2580 611 2613 qui
621 2580 676 2614 jam
688 2582 834 2615 proliciunt

79 2622 100 2638 ³’
116 2623 222 2662 (ξοιοεξἒ
234 2632 255 2662 t_,
268 2623 315 2662 30.
354 2623 376 2640 ιθ
392 2624 474 2662 ilebr.
491 2633 519 2659 ι,
538 2626 582 2653 20.
621 2626 642 2642 ιι
658 2626 741 2655 llebr.
760 2636 806 2662 vu,
820 2630 864 2657 25.

50 2663 103 2690 xtu,
118 2657 145 2685 8.
198 2658 221 2674 ⁸⁸
237 2659 245 2685 Ι
263 2659 327 2687 Cor.
344 2667 383 2692 Ix,
395 2659 440 2686 27.

49 2703 124 2743 etiam
148 2705 307 2747 angelis_et
332 2706 571 2747 aliismmlestibus
595 2709 741 2738 virtutibus
767 2719 833 2747 pro-

50 2737 138 2763 fuisse.
162 2739 229 2763 Vide
249 2741 297 2763 Μ.-
321 2748 340 2763 ιι
357 2740 527 2763 οηηρηὶηιη
548 2748 633 2763 ιιι-,ρει
667 2745 683 2763 x
709 2754 772 2763 ...ιη-
797 2746 833 2763 cm

49 2739 138 2801 giae.
162 2739 229 2769 Vide
248 2741 297 2769 lib.
320 2748 340 2767 ιι
357 2740 529 2776 0rigcnimt.,
548 2748 644 2777 quasi.
666 2745 693 2779 ὅ,
709 2739 783 2774 num'.
797 2746 833 2774 20

143 2810 232 2839 Codex
261 2812 420 2847 Sangernt.,
447 2822 456 2838 ι
480 2821 566 2850 ntyro.
592 2824 602 2842 ι
622 2814 705 2849 Alias.
726 2825 734 2842 ι
756 2824 828 2852 myr-

52 2841 92 2869 rha
97 2864 102 2870 .

895 237 921 263 in
942 235 1054 263 scietttia
1072 240 1100 262 et
1112 235 1247 263 charitate
1269 234 1337 269 ejusl
1357 241 1462 268 aptare,
1478 234 1529 261 hoc
1542 238 1584 261 est
1598 241 1684 261 ment-

894 281 994 309 bratim
1009 280 1088 316 187
1104 280 1217 308 vitulum
1241 279 1378 307 divisisse.
1406 280 1460 307 Sed
1487 284 1514 307 et
1541 279 1587 314 qui
1608 279 1683 306 novit

894 327 1039 355 ostendere
1055 335 1115 361 quae
1131 326 1233 354 fuerint
1250 327 1316 361 legis
1338 325 1480 360 principia,
1494 325 1539 360 qui
1556 326 1639 353 etiam
1655 326 1683 353 in

895 373 1033 408 prophetis
1052 373 1191 407 profec'us
1208 373 1367 405 accesserit,
1381 380 1442 406 qua:
1459 380 1522 399 vero
1545 371 1572 399 in
1595 372 1684 399 Evan-

894 419 971 453 geliis
987 419 1129 453 plenitudo
1142 418 1317 453 perfectionis
1335 419 1485 448 habeatur;
1498 418 1542 445 vel
1559 419 1605 452 qui
1629 419 1682 445 do-

895 472 958 492 cere
973 469 1074 499 potest,
1091 471 1146 498 quo
1167 463 1242 491 verbi
1267 464 1338 491 lacte
1353 463 1443 490 alendi
1462 463 1516 490 sint
1530 463 1634 498 parvuli
1655 463 1682 490 in

895 510 1015 543 Christo,
1029 515 1056 537 et
1071 518 1126 545 quo
1146 510 1222 537 verbi
1245 510 1317 538 olere
1342 509 1480 537 reﬁciendi
1495 509 1551 545 (ll)
1566 510 1622 536 sint
1636 510 1681 544 qui

894 555 1069 583 infirmantur
1080 555 1107 582 in
1124 554 1188 587 title,
1206 554 1269 590 quis
1286 554 1369 582 etiam
1388 555 1424 581 sit
1445 554 1521 581 cibus
1542 553 1643 581 solidus
1655 559 1683 582 et

893 601 985 633 fortis,
1013 608 1068 636 quo
1092 600 1280 636 impinguandi
1299 600 1355 627 sint
1371 599 1481 627 athleta:
1496 599 1616 631 Christi;
1633 600 1681 634 qui

894 647 951 674 haec
965 647 1071 681 singula
1085 647 1159 674 novit
1174 647 1291 681 spiritali
1309 647 1417 674 ratione
1436 646 1568 679 dividere,
1588 651 1680 681 potest

893 692 1046 728 hujusmodi
1062 692 1156 719 doctor
1171 692 1216 719 ille
1230 692 1359 719 sacerdos
1381 684 1477 724 videri,
1496 691 1542 727 qui
1567 692 1684 727 imponit

893 745 976 772 super
988 737 1076 764 altare
1086 737 1273 764 holocaustum
1282 744 1330 771 per
1345 737 1467 764 membra
1482 737 1611 764 divisum.
1627 737 1683 764 Ad-

892 783 932 810 dit
946 788 974 811 et
991 783 1063 818 ligna
1080 783 1171 812 altari.
1188 790 1242 816 quo
1256 783 1325 817 ignis
1338 783 1475 810 animetur
1490 788 1518 809 et
1535 783 1642 815 ardeat,
1659 784 1682 811 is

893 837 908 856 a
919 837 973 864 quo
985 838 1039 857 non
1054 830 1141 856 solum
1152 830 1185 857 de
1200 829 1388 864 corporalibus
1404 829 1553 856 virtutibus
1566 829 1679 862 Christi,

893 877 940 904 sed
963 877 1046 904 etiam
1064 877 1098 904 de
1113 876 1256 904 divinitate
1276 875 1335 910 ejus
1359 883 1451 903 sermo
1468 876 1609 904 miscetur.
1628 877 1681 904 De-

894 930 1005 950 sursum
1029 922 1102 950 ettim
1119 926 1161 950 est
1181 921 1310 949 divinitas
1332 921 1448 954 Christi,
1469 929 1523 957 quo
1539 922 1608 957 ignis
1630 921 1683 950 ista

892 968 1015 995 festinat.
1032 967 1235 995 Convenieuter
1250 975 1317 1001 ergo
1327 968 1419 995 omnia
1431 968 1490 995 hare
1505 976 1566 1003 qua:
1577 968 1604 995 in
1618 975 1682 995 cor-

892 1022 960 1049 pore
976 1023 991 1041 a
1012 1014 1154 1042 Salvatore
1166 1019 1242 1049 gesta
1256 1019 1333 1047 sunt,
1352 1014 1473 1043 caelestis
1489 1015 1559 1051 ignis
1571 1015 1683 1042 absum-

892 1059 958 1093 psit,
968 1064 995 1087 et
1008 1060 1041 1087 ad
1051 1059 1202 1087 divinitatis
1215 1060 1274 1095 ejus
1286 1064 1415 1087 naturam
1440 1065 1538 1088 cuncta
1554 1061 1681 1088 restitttit.

892 1106 986 1141 Liguis
997 1110 1088 1134 tamen
1101 1106 1231 1133 adhibitis
1245 1106 1316 1141 ignis
1330 1106 1382 1134 iste
1392 1107 1576 1134 succenditur.
1590 1106 1682 1141 Usque

892 1152 925 1179 ad
954 1152 1057 1187 lignuttt
1082 1151 1156 1178 enim
1181 1152 1208 1178 itt
1226 1159 1309 1178 carne
1321 1151 1378 1186 (l2)
1393 1152 1483 1186 passio
1502 1152 1551 1179 fuit
1567 1151 1681 1179 Cltristi.

895 1198 944 1225 Ubi
962 1203 1051 1224 autem
1069 1204 1217 1231 suspensus
1237 1197 1263 1223 in
1281 1197 1354 1232 ligno
1369 1202 1421 1230 est,
1434 1197 1604 1232 dispensatio
1616 1205 1681 1225 car-

893 1243 935 1270 nis
964 1244 1038 1270 liuita
1053 1248 1105 1271 est.
1123 1243 1279 1277 Resurgens
1301 1243 1374 1270 enim
1388 1250 1403 1269 a
1421 1244 1536 1271 mortuis
1559 1243 1682 1271 ascendit

893 1288 919 1314 in
937 1288 1046 1321 cmlunt,
1064 1296 1118 1322 quo
1135 1289 1187 1315 iter
1203 1288 1261 1322 ejus
1275 1292 1373 1314 natura
1393 1288 1464 1322 ignis
1480 1289 1609 1316 ostendit.
1625 1289 1682 1317 Utt-

892 1336 924 1362 de
936 1341 961 1362 et
975 1335 1121 1369 Apostolus
1140 1335 1290 1369 dicebat“,
1307 1335 1370 1369 quia
1389 1344 1398 1360 ε
1413 1340 1438 1362 et
1457 1335 1479 1362 si
1504 1336 1682 1371 cognovimus

891 1381 1032 1408 Christum
1057 1381 1206 1408 secundum
1225 1388 1349 1412 carnem.
1370 1381 1417 1408 sed
1448 1389 1521 1410 nunc
1546 1381 1602 1416 jam
1626 1389 1679 1409 non

892 1428 1025 1456 novintus.
1042 1436 1051 1453 ι
1071 1422 1263 1454 lloloeau'stum
1277 1435 1395 1463 namque
1408 1427 1499 1454 carnis
1509 1426 1568 1461 ejus
1591 1435 1638 1462 per
1650 1428 1683 1455 li—

891 1483 972 1510 gnum
987 1475 1076 1502 cruris
1088 1475 1221 1506 oblatum,
1237 1480 1344 1502 terrena
1360 1475 1529 1508 coalestiltus,
1541 1479 1569 1502 et
1582 1475 1681 1503 divinis

892 1522 1008 1549 humana
1022 1521 1146 1549 sociavit.
1161 1521 1304 1549 interanea
1321 1527 1387 1548 sane
1399 1529 1460 1548 cum
1474 1521 1586 1556 pedibus
1608 1529 1680 1557 aqua

891 1568 957 1595 dilui
972 1567 1049 1601 jubet
1066 1575 1156 1595 sermo
1167 1567 1309 1601 praerepti,
1323 1571 1526 1594 sacratnentum
1551 1568 1680 1603 baptisnti

890 1616 940 1641 sub
957 1613 1062 1648 tigurali
1083 1614 1277 1648 prmdieatione
1295 1613 1473 1642 denuntians.
1489 1613 1556 1641 Nam
1573 1614 1680 1642 intera-

891 1669 942 1688 nea
965 1661 1054 1692 diluit,
1069 1661 1115 1695 qui
1131 1661 1329 1688 conscientiam
1349 1666 1458 1696 pttrgat.
1477 1660 1565 1688 Pedes
1584 1660 1679 1692 abluit.

890 1706 937 1741 qui
956 1707 1221 1734 consummationem
1245 1707 1358 1742 suscipit
1382 1707 1561 1740 sacramenti,
1583 1712 1611 1734 et
1628 1708 1682 1735 scit

890 1752 955 1786 quia
982 1753 1028 1787 qui
1057 1753 1173 1780 mundus
1195 1757 1248 1785 est,
1274 1761 1328 1780 non
1359 1753 1461 1787 indiget
1482 1753 1535 1780 nisi
1554 1758 1584 1780 ut
1598 1753 1682 1788 pedes

890 1798 1001 1832 lavet“,
1016 1804 1040 1826 et
1061 1799 1123 1834 quia
1139 1804 1242 1833 partem
1251 1800 1313 1833 quis
1330 1799 1432 1827 habere
1449 1807 1501 1826 tton
1514 1803 1603 1834 potest
1617 1807 1679 1826 cum

889 1844 962 1877 Jesu,
975 1845 1025 1872 nisi
1044 1844 1140 1871 laverit
1151 1844 1232 1878 pedes
1245 1845 1315 1879 ejus.

925 1891 952 1918 5.
975 1890 1073 1917 Verum
1088 1891 1109 1917 si
1123 1890 1180 1917 lucc
1191 1890 1274 1917 etiam
1289 1891 1323 1917 ad
1338 1890 1470 1918 moralem
1495 1890 1584 1917 locum
1600 1889 1679 1917 incli-

890 1945 955 1964 nare
980 1937 1059 1969 velis,
1076 1937 1161 1964 habes
1175 1941 1202 1963 et
1228 1941 1254 1963 ιιι
1272 1936 1398 1969 vitulum,
1415 1944 1494 1971 quem
1520 1935 1618 1963 oll‘erre
1630 1936 1678 1962 de-

890 1984 966 2011 beas.
981 1983 1088 2011 Vitulus
1111 1987 1162 2012 est.
1179 1988 1206 2009 et
1221 1983 1330 2017 quidem
1354 1983 1431 2010 valde
1446 1984 1591 2017 superbus,
1613 1990 1679 2010 caro

891 2033 934 2056 tua
954 2037 961 2055 :
982 2037 1062 2063 quant
1082 2028 1104 2055 si
1132 2029 1171 2055 vis
1194 2036 1291 2055 munus
1314 2029 1428 2056 Doutino
1450 2028 1559 2061 ollerre,
1576 2034 1677 2055 nteant

889 2080 990 2103 castam
1006 2075 1186 2110 pudicamque
1196 2074 1437 2106 custodias,adduc
1452 2082 1512 2102 eant
1528 2074 1561 2101 ad
1576 2074 1677 2101 ostium

890 2120 1068 2152 tabernaculi,
1086 2120 1112 2146 id
1132 2124 1185 2151 est,
1201 2119 1246 2146 ubi
1261 2120 1414 2148 divinorunt
1437 2120 1571 2147 librorum
1591 2120 1678 2148 susci-

889 2174 953 2202 pere
968 2166 1052 2201 possit
1068 2165 1202 2193 auditum.
1217 2165 1400 2193 Masculinum
1415 2166 1452 2193 sit
1466 2173 1565 2193 munus
1589 2171 1676 2198 tuum.

854 2219 875 2246 |)
890 2212 1018 2240 feminam
1037 2211 1150 2243 nesciat.
1163 2210 1416 2245 concupiscentiam
1437 2216 1557 2246 respuat,
1573 2211 1678 2246 fragili-

891 2264 975 2286 taletn
989 2257 1117 2293 refugiat,
1127 2257 1194 2285 nihil
1209 2257 1371 2284 dissolutum
1389 2257 1509 2292 requirat
1521 2263 1568 2285 aut
1584 2257 1676 2286 molle.

889 2307 998 2340 lmpoue
1024 2305 1105 2332 etiam
1132 2313 1240 2331 manum
1262 2309 1335 2331 tttam
1353 2312 1436 2339 super
1456 2305 1571 2332 hostiam
1589 2311 1676 2337 tuam,

888 2357 918 2379 ut
933 2352 969 2379 sit
981 2355 1090 2385 accepta
1104 2350 1227 2381 Domino,
1241 2354 1268 2376 et
1278 2349 1373 2384 iugula
1389 2350 1462 2377 illam
1477 2357 1570 2378 contra
1583 2350 1682 2378 Domi-

889 2406 964 2430 num,
983 2397 1034 2425 ltoc
1047 2401 1099 2429 cst.
1124 2396 1233 2430 impone
1255 2395 1280 2422 ei
1310 2394 1485 2424 eontittentiac
1507 2397 1626 2428 frenum.
1647 2402 1675 2423 et

888 2452 997 2473 manum
1011 2443 1161 2478 disciplina:
1181 2449 1213 2469 ne
1231 2443 1342 2471 auferas
1359 2443 1392 2470 ab
1405 2451 1447 2474 ea.
1464 2443 1533 2470 sicut
1548 2443 1675 2477 imposuit

889 2497 997 2518 manum
1009 2489 1083 2516 carni
1099 2496 1154 2515 sua:
1170 2488 1214 2516 ille
1226 2489 1272 2524 qui
1295 2488 1452 2516 dicebat“:
1470 2498 1479 2514 ε
1496 2488 1604 2516 Macero
1617 2497 1676 2516 cor-

888 2543 938 2571 pus
953 2543 1041 2562 meutn
1059 2540 1086 2562 et
1101 2534 1226 2562 servituti
1248 2533 1374 2568 subjicio,
1389 2542 1423 2561 ne
1446 2534 1516 2562 forte
1533 2543 1594 2561 cum
1613 2535 1676 2563 aliis

887 2582 1082 2617 prtedicttvero,
1092 2581 1149 2615 ipse
1165 2580 1296 2615 reprobus
1308 2580 1421 2608 ellieiar.
1435 2590 1444 2607 I
1463 2581 1494 2607 Et
1507 2580 1599 2616 jugula
1613 2588 1673 2608 eam

903 2629 926 2645 η
941 2628 1029 2656 Levit.
1045 2636 1100 2662 xvt,
1116 2628 1143 2660 7,
1159 2627 1186 2660 8,
1201 2628 1228 2656 9.
1281 2626 1304 2644 ⁸³
1315 2627 1337 2654 ll
1350 2627 1412 2656 Cor.
1428 2635 1455 2662 ν,
1472 2632 1516 2657 to.
1555 2627 1579 2643 “
1592 2627 1672 2656 Joan.

924 2711 983 2747 (ll)
998 2711 1065 2739 Cod.
1083 2711 1239 2747 Sangario,
1259 2718 1269 2735 ι
1283 2709 1433 2747 reficiendi.
1447 2720 1456 2737 t
1483 2710 1562 2747 Libb.
1592 2710 1670 2747 editi,

890 2756 899 2771 ι
913 2745 1063 2787 refovendi.
1075 2755 1086 2773 ι
1099 2745 1187 2774 Codd.
1209 2745 1340 2773 Gemetic.
1354 2751 1382 2772 et
1396 2745 1585 2778 Cadontensis,
1611 2755 1620 2771 θ
1632 2746 1672 2772 fo-

989 2791 1092 2845 Cmncs
1105 2824 1183 2850 utss.,
1203 2816 1249 2844 tiu
1264 2823 1357 2845 carne.
1368 2823 1379 2842 ι
1397 2814 1474 2844 Libb.
1492 2815 1569 2850 editi,
1584 2824 1595 2842 ι
1609 2822 1670 2845 car-

894 2860 910 2878 ΙΙ
930 2871 936 2878 .
950 2860 959 2877 Ι

894 2860 936 2878 IIS.
950 2860 959 2877 I
