1902 3063
216 138 300 164 ἰιι-

212 201 308 223 cum”
338 202 493 233 Dominum,
508 200 677 228 mortiﬁcaus
697 199 756 225 sine
775 197 860 225 dubio
878 196 1002 224 membra

215 246 258 267 ι¹¹³¹
274 247 337 274 ql'a:
350 251 413 274 sunt
424 251 506 280 super
513 250 625 273 terram.
640 243 693 271 Sed
706 248 734 271 et
746 243 793 270 lilii
809 244 899 269 Aaron
911 247 1004 267 sacer-

213 287 284 314 dmls
309 293 427 322 oﬂerant
447 293 607 327 sanguinem
628 292 698 326 eius.
722 288 897 318 Sacer-dmin
911 291 1002 320 tecet,

211 338 239 360 et
252 333 298 361 lilii
314 340 383 375 eius,
400 346 479 367 mens
497 347 558 374 quae
580 339 607 365 in
630 343 658 366 te
670 343 712 366 est
725 341 862 366 elsensns
874 335 944 370 ejus,
956 335 1001 370 qni

212 379 312 406 ηεΐίίθ
324 385 462 417 sacerdos,
475 389 502 411 et
517 383 564 411 ﬁlii
577 383 731 411 sacerdotis
743 382 918 417 appellantur
931 390 938 408 :
951 380 1002 407 soli

209 425 284 452 enim
304 436 369 459 sunt
394 431 439 466 qui
455 430 610 464 intelligent
636 429 733 460 Deum,
754 432 781 456 et
802 433 917 462 capaces
938 431 1002 454 sunt

211 469 335 505 “lentia:
358 477 415 504 Dei.
433 476 497 504 Vult
517 483 584 510 ergo
595 483 688 502 sermo
703 475 822 506 divinus,
835 478 865 500 ut
877 473 999 500 τιιιίοηιι·

213 524 260 552 bili
284 531 365 552 sensu
391 530 503 551 carnem
533 527 610 549 tuam
630 521 657 548 in
673 522 801 547 castitate
818 519 919 548 οπως
933 521 999 553 Deo,

211 570 363 598 secundum
385 569 456 604 quod
477 567 625 602 Apostolus
649 566 765 593 dicit“:
786 566 931 594 «ilostiam
962 567 1002 593 vi-

211 620 286 648 vom,
313 619 448 646 sanctam,
470 614 621 648 placentem
647 612 712 645 Deo,
738 612 899 640 rationabile
923 613 1000 640 obse-

212 661 305 696 qititttn
332 665 464 687 vestrum.
480 669 489 685 ι
508 660 540 686 Et
560 660 614 686 hoc
632 664 675 686 est
696 667 744 694 per
765 659 936 686 sacerdotem
958 659 999 687 vel

213 705 285 734 ﬁlios
297 705 449 733 sacerdotis
476 704 575 732 oﬂ'erre
591 705 756 739 sanguinem
772 705 806 732 ad
819 705 918 737 altare,
937 713 998 732 cunt

211 757 240 778 et.
260 754 376 786 corpore
398 755 425 779 et
448 750 545 786 spiritu
576 751 636 785 quis
661 756 755 778 castus
778 750 904 779 efﬁcitur.
930 752 1000 779 Sunt

211 797 284 823 enim
298 801 325 824 et
342 796 398 830 alii,
413 796 458 832 qui
473 796 592 824 oﬂ'erunt
609 796 718 830 quidem
731 796 919 824 holocaustum
936 805 999 825 car~

211 848 274 869 netu
299 844 390 875 suum,
411 843 458 870 sed
481 850 537 870 non
557 849 606 877 per
628 843 810 870 ministerium
837 844 996 871 sacerdotis.

211 887 269 915 Non
287 889 360 916 enim
377 888 496 916 scienter
510 888 579 924 (15).
594 896 644 916 nec
655 889 806 916 secundum
830 889 917 924 legem
938 897 998 924 quae

211 934 238 961 in
261 941 311 962 ore
331 934 484 962 sacerdotis
504 939 547 962 est
568 934 698 967 oﬂ’erunt,
724 935 773 963 sed
797 941 863 963 sunt
886 936 998 970 quidem

209 981 280 1009 casti
297 988 422 1016 corpore,
443 982 534 1009 animo
567 987 658 1010 autent
689 984 868 1011 inveniuntur
891 985 996 1013 incesti.

209 1026 266 1053 Ant
282 1026 358 1054 enim
379 1027 475 1062 gloria:
498 1027 624 1054 humana:
649 1028 872 1063 concupiscentia
904 1037 998 1057 macu-

210 1071 311 1104 lantur,
321 1077 368 1099 aut
382 1072 530 1107 cupiditate
545 1074 669 1101 avaritia:
681 1075 850 1109 polluuntur,
866 1081 913 1104 aut
929 1076 998 1103 invi-

207 1117 260 1144 dia:
275 1125 308 1145 ac
327 1118 421 1146 livoris
444 1119 605 1147 infelicitate
624 1121 798 1154 sordescnnt,
818 1121 861 1149 vel
880 1122 997 1149 furentis

206 1163 263 1190 odii
284 1168 311 1191 et
332 1164 380 1192 irin
398 1165 570 1194 immanitate
595 1171 740 1194 vexantur.
754 1167 916 1203 Quicunque
932 1176 997 1203 ergo

207 1209 276 1237 tales
285 1215 361 1243 sunt,
378 1211 444 1238 licet
459 1219 573 1247 corpore
589 1211 657 1240 casti
671 1212 737 1245 sint,
751 1219 842 1241 tamen
863 1222 914 1242 non
932 1214 997 1242 οπε-

207 1261 272 1282 runt
287 1255 444 1284 holocausta
458 1265 507 1284 sua
524 1265 573 1292 per
586 1264 682 1287 manus
699 1266 726 1288 et
739 1260 921 1288 ministerium
938 1261 995 1296 (M)

207 1300 372 1328 sacerdotis.
389 1301 448 1329 Non
466 1307 508 1330 est
521 1303 597 1330 enim
618 1305 644 1331 in
659 1305 699 1332 eis
716 1305 871 1337 consilium,
889 1310 917 1332 et
930 1313 995 1340 prll-

207 1346 311 1379 dentia,
334 1354 395 1382 quae
418 1349 572 1376 sacerdotio
592 1350 715 1385 fungitur
730 1352 799 1385 apud
825 1350 908 1377 Deum
926 1359 932 1377 :
947 1352 995 1378 sed

207 1397 270 1420 sunt
285 1401 317 1420 ex
341 1393 394 1422 illis
413 1395 533 1430 quinque
554 1395 707 1431 virginibus
720 1397 822 1430 stultis,
838 1405 898 1432 qua:
913 1397 996 1432 virgi<

206 1444 256 1464 nes
277 1439 387 1472 quidem
409 1439 530 1472 fuerunt,
544 1446 572 1469 et
586 1441 740 1469 castitatem
759 1443 882 1476 corporis
901 1450 994 1470 serva.

206 1487 313 1517 verunt,
331 1485 419 1513 oleum
442 1492 532 1515 autem
556 1488 711 1520 charitatis,
726 1494 752 1516 et
771 1491 857 1524 pacis,
878 1495 906 1517 et
931 1491 995 1518 reli-

204 1537 322 1564 quarum
333 1532 475 1564 virtutum,
491 1534 517 1561 in
529 1535 602 1562 vasis
615 1536 672 1562 suis
689 1536 806 1563 coudere
825 1537 992 1571 nescierunt,
1007 1542 1028 1570 ο

206 1580 235 1604 et
252 1577 352 1605 ideirco
367 1580 484 1608 exclusa:
504 1586 568 1608 sunt
588 1590 602 1609 a
620 1583 739 1611 thalamo
762 1584 855 1618 sponsi
865 1583 887 1599 "
902 1593 907 1610 :
925 1591 994 1618 quo—

204 1623 277 1649 niam
299 1624 357 1651 sola
372 1626 465 1653 carnis
478 1627 648 1654 continentia
666 1629 700 1655 ad
719 1629 807 1656 altare
823 1629 992 1657 Doininicum

205 1675 258 1694 non
281 1674 372 1703 potest
395 1672 550 1706 pervenire,
568 1673 590 1700 si
607 1674 719 1708 reliquis
739 1675 888 1703 virtutibus
904 1680 932 1702 et
950 1683 994 1703 sa-

204 1715 391 1743 cerdotalibus
408 1718 564 1746 ministeriis
581 1719 734 1748 deseratur.
750 1721 782 1747 Et
798 1721 858 1748 ideo
879 1722 924 1756 qui
936 1722 994 1749 haec

204 1760 316 1796 legimus
336 1762 377 1790 vel
393 1763 531 1796 audimus,
546 1765 572 1791 in
590 1770 737 1801 utramque
754 1771 860 1801 partem
881 1775 991 1802 operam

203 1806 299 1834 demus
309 1806 376 1842 (l5),
393 1809 460 1836 casti
476 1817 536 1837 esse
552 1818 677 1845 corpore.
692 1812 758 1839 recti
779 1817 879 1846 mente,
900 1813 992 1841 mundi

203 1853 297 1884 corde,
314 1854 436 1882 moribus
461 1856 608 1887 emendati.
636 1858 770 1892 proiicere
798 1859 824 1886 in
852 1859 991 1894 operibus,

202 1898 317 1934 vigilare
337 1899 364 1927 in
381 1900 507 1934 scientia,
523 1902 586 1934 ﬁde,
601 1907 629 1930 et
653 1903 771 1937 actihtts,
787 1905 883 1939 gestis,
907 1908 934 1932 et
951 1905 993 1932 in-

203 1944 356 1973 tellectibus
372 1953 434 1974 esse
446 1948 575 1982 perfecti,
585 1954 614 1976 ut
629 1949 662 1976 ad
676 1949 882 1977 similitudinem
896 1951 992 1978 hosnte

202 1989 303 2018 Christi
318 1991 484 2019 conformari
498 2000 662 2026 mereamur,
679 2001 728 2029 per
741 1994 828 2030 ipsum
845 1995 988 2022 Dominum

202 2040 326 2063 nostrum
339 2036 431 2064 Iesum
445 2037 582 2065 Christum
598 2039 665 2077 (16),
683 2047 732 2074 per
749 2047 828 2074 quem
845 2040 899 2067 Deo
915 2039 988 2068 Patri

201 2082 380 2117 omnipotenti
395 2091 457 2111 cum
473 2085 576 2120 Spiritu
596 2091 691 2113 sancto
704 2090 748 2113 est
761 2085 846 2121 gloria
862 2091 889 2114 et
905 2087 991 2122 impec

202 2127 273 2155 rium
287 2129 313 2155 in
328 2129 427 2157 saecula
442 2131 615 2158 saeculorum.
627 2133 726 2160 Anien.

501 2195 642 2225 HOMILIA
662 2197 693 2225 ll.

200 2251 239 2279 De
251 2252 444 2286 sacriﬁciorum
458 2254 522 2287 ritu,
535 2255 585 2281 hoc
596 2260 635 2282 est
651 2256 683 2282 de
695 2257 847 2284 muneribus
860 2263 884 2284 et
901 2259 987 2285 sacri-

233 2286 301 2327 ﬁciis
317 2287 372 2323 (17)
387 2289 561 2327 salutaribus,
572 2296 596 2316 et
609 2299 656 2323 pro
668 2292 802 2325 peccatis;
817 2298 840 2318 et
856 2294 986 2327 quomodo

235 2322 311 2356 offert
329 2322 449 2357 pontifex
467 2332 514 2358 pro
533 2330 640 2359 peccato
664 2322 725 2359 Sua,
750 2331 774 2353 ει
793 2322 985 2362 ἰιι-θ’ρεεεαιο

231 2411 255 2429 ⁸⁸
270 2412 348 2440 item.
367 2420 417 2445 xu,
433 2413 459 2440 i.
492 2413 514 2429 "
530 2413 626 2442 Matth.
642 2419 705 2442 xxv.
742 2414 766 2431 "
778 2415 866 2444 Levit.
885 2424 925 2449 tv,
941 2417 969 2444 5.

230 2501 370 2543 (l3)Cod.
400 2502 555 2537 Sangerm.,
589 2503 764 2532 tscieuter.t
794 2504 872 2533 Libb.
905 2506 984 2539 editi,

195 2547 206 2563 α
217 2544 345 2565 scientes.
359 2547 368 2564 ι

215 2608 221 2614 ·
232 2572 289 2614 (μ)
305 2573 378 2600 Idem
390 2581 454 2606 ms.,
471 2582 481 2599 ι
493 2574 688 2603 ministerium.
702 2585 711 2601 ι
730 2575 808 2602 Libb.
821 2576 898 2609 editi,
910 2585 919 2602 t
932 2576 984 2603 mi-

195 2613 340 2635 nisleria.)

203 2677 210 2678 ί
231 2643 288 2678 (15)
300 2644 404 2671 Omnes
425 2651 504 2678 mss.,
527 2645 675 2674 idem‘us.»
697 2645 777 2673 Libb.
797 2646 875 2678 editi,
895 2647 984 2674 tdare

195 2677 338 2705 debemus.
352 2687 361 2704 ι

230 2712 286 2751 (iii)
303 2713 451 2751 aristam.
469 2715 549 2743 Deest
563 2717 590 2743 in
611 2716 707 2743 codice
721 2715 968 2751 Sangermanensi.

231 2748 287 2782 (i7)
303 2748 331 2774 In
360 2747 427 2776 lihb.
452 2756 532 2778 antea
556 2752 639 2778 editis
664 2747 814 2782 omittitur,
834 2755 884 2778 «et
900 2752 987 2779 sacri-

196 2783 299 2824 ficiis,»
318 2783 366 2810 sed
392 2786 529 2818 reperitur
554 2786 580 2812 in
605 2787 684 2813 codd.
703 2786 836 2813 Gemetie.
855 2792 882 2814 ct
901 2787 987 2814 Cadu-

195 2824 292 2888 mihi}
305 2852 383 2881 Libb.
396 2858 476 2881 antea
492 2854 568 2890 editi,
586 2865 596 2882 ι
608 2855 704 2884 oﬂcral
720 2864 753 2884 ex
769 2857 943 2890 animalibus,
963 2858 988 2885 id

953 133 1122 169 ORIGENIS}

1005 2223 1026 2250 D

1793 124 1847 152 M2

1093 194 1254 229 Synagogn',
1275 192 1311 218 ττι
1336 197 1382 229 pro
1402 187 1490 214 animd
1516 195 1573 221 quw
1599 194 1631 213 ex
1647 185 1743 220 populo
1769 190 1850 212 terra

1093 225 1234 263 peccaret-it
1253 235 1305 252 non
1319 225 1463 258 uoluntate.

1094 276 1117 302 ι.
1140 273 1272 308 Superior
1292 271 1400 306 quidem
1425 269 1458 296 de
1475 267 1609 302 principio
1623 267 1737 294 Levitici
1753 267 1846 300 dispu-

1056 321 1123 348 tatio
1141 320 1249 347 edocuit
1273 325 1322 344 nos
1351 318 1435 349 legem
1454 314 1666 344 sacriﬁciorum,
1684 310 1767 347 188
1784 319 1851 346 qua:

1057 374 1169 394 munera
1184 365 1368 400 appellantur,
1382 366 1408 388 nl
1423 361 1443 388 si
1463 360 1546 387 homo
1559 366 1656 385 munus
1673 358 1799 390 oﬂ'erret,
1814 366 1850 384 cx

1053 412 1217 440 animalibus
1233 409 1258 437 id
1275 409 1394 437 oii'erret,
1420 405 1470 432 hoc
1495 410 1538 431 est
1560 412 1591 431 ex
1620 404 1707 430 [mlius
1719 402 1790 438 (18),
1805 404 1852 430 vel

1052 457 1158 488 ovibus,
1175 455 1216 482 vel
1234 454 1316 481 etiam
1331 444 1475 486 capriswsi
1494 457 1559 477 vero
1581 457 1614 477 ex
1634 447 1742 479 avibus,
1757 452 1851 474 turtu-

1054 510 1112 529 ruin
1132 509 1190 536 par,
1209 505 1256 527 aut
1270 499 1339 526 duos
1351 498 1438 532 pullus
1451 496 1622 523 coluinbinos
1640 495 1800 522 adhiberet.
1817 493 1852 520 Si

1052 555 1116 574 vero
1130 548 1220 573 anima
1237 546 1334 573 oiicrat
1349 550 1456 573 manus,
1476 543 1596 568 similam
1609 541 1720 568 ull'erret
1744 548 1778 566 ea
1797 539 1854 566 cii—

1052 594 1133 626 h'ano,
1153 593 1179 620 id
1193 596 1236 619 est
1254 597 1336 626 panes
1355 597 1386 617 ex
1415 589 1504 616 simila
1528 595 1648 623 azymos,
1663 592 1708 614 aut
1726 587 1850 613 similam

1050 639 1112 666 oleo
1132 642 1308 671 consperSam
1332 643 1364 662 ex
1388 633 1528 668 sartagine
1542 633 1585 659 vel
1599 633 1680 659 etiam
1695 632 1848 658 craticula.

1051 684 1080 711 Si
1097 688 1189 710 autem
1207 681 1374 709 sacriﬁcium
1401 678 1496 706 oiierat
1521 677 1715 712 primitiarum,
1737 679 1771 704 de
1790 678 1850 711 pri-

1019 196 1041 225 Δ

1051 730 1136 757 initiis
1153 729 1260 764 frugum
1275 725 1344 762 (19),
1362 729 1392 752 ιιι
1413 724 1502 752 simila
1516 725 1551 751 sit
1573 731 1678 755 recens,
1699 723 1725 750 id
1743 728 1785 750 est
1797 730 1851 749 no-

1051 784 1095 808 va,
1114 775 1169 810 igni
1187 781 1295 809 quoque
1308 780 1367 800 eam
1382 771 1477 798 torreri
1494 770 1560 801 ‘vult,
1578 770 1603 797 et
1618 769 1707 796 medio
1727 769 1847 795 fractam

1050 827 1120 854 eSSe,
1136 825 1171 847 ne
1184 820 1300 847 multum
1315 818 1477 844 minutatum
1492 816 1540 848 sit,
1556 817 1618 850 quia
1630 815 1759 850 primitizc
1767 819 1848 849 sunt,

1015 872 1035 899 Β
1050 872 1077 895 et
1088 867 1156 894 bene
1170 869 1285 901 purgata
1299 864 1344 891 sit.
1359 863 1453 892 Oleum
1469 866 1579 896 quoque
1593 867 1619 889 et
1634 863 1696 890 thus
1707 868 1737 889 ut
1755 863 1848 896 impo-

1051 917 1150 940 nantur
1173 919 1254 946 super
1279 913 1361 943 eam,
1394 913 1421 937 et
1446 908 1489 936 sic
1517 908 1655 935 oﬂeratur.
1681 908 1714 935 At
1738 914 1805 935 vero
1822 910 1847 935 si

1049 959 1110 993 quis
1125 956 1182 994 (ΞΟ)
1197 955 1474 985 οΠειοιειιει-ἱῆείιιιιι
1497 954 1626 987 salutare,
1645 962 1677 982 ex
1696 954 1786 982 imbus
1803 955 1849 988 iu-

1050 1005 1128 1033 betur
1143 1004 1254 1037 otierre,
1274 1003 1314 1030 vel
1343 1002 1423 1030 etiam
1442 1008 1475 1028 ex
1497 1000 1593 1028 ovibus
1614 1001 1671 1028 siVe
1695 1001 1801 1035 capris,
1818 1006 1848 1027 et

1048 1050 1170 1085 exceptis
1186 1049 1227 1076 his
1244 1048 1347 1075 nullum
1363 1048 1437 1075 aliud
1453 1047 1583 1074 sacriilcii
1598 1051 1683 1081 genus
1694 1044 1849 1073 substitui—

1050 1103 1094 1124 tur
1117 1095 1143 1122 in
1169 1094 1332 1122 saltttarihus
1356 1093 1463 1120 hostiis.
1483 1092 1549 1120 Nam
1570 1100 1618 1127 pro
1642 1093 1765 1126 peccatis
1784 1100 1845 1118 nun

1048 1140 1211 1169 voluntariis
1227 1139 1295 1174 (2i),
1312 1139 1477 1174 generaliter
1498 1138 1607 1172 quidem
1621 1138 1712 1164 anima
1724 1137 1846 1172 jnhctur

1049 1187 1160 1218 oii'erre,
1175 1191 1202 1214 et
1223 1190 1283 1221 post
1304 1185 1363 1212 hzec
1390 1192 1439 1220 per
1462 1185 1584 1212 diversas
1606 1184 1670 1216 itur,
1688 1185 1844 1219 variasque

1048 1237 1238 1269 pcrsonas:et
1264 1233 1387 1268 jubetur,
1411 1233 1433 1259 si
1457 1232 1568 1267 quidem
1592 1231 1716 1266 pontifex
1732 1232 1769 1258 sit
1790 1233 1842 1266 qui

1047 1281 1171 1316 deliquit,
1187 1285 1213 1307 et
1228 1279 1308 1307 oil‘ert
1324 1278 1489 1306 sacriﬁcium
1513 1285 1562 1312 pro
1584 1283 1705 1313 peccato,
1721 1283 1750 1305 ut
1768 1278 1846 1305 vitu-

1048 1326 1102 1353 lum
1127 1326 1153 1354 in
1181 1325 1370 1353 holocaustum
1387 1319 1495 1356 oﬂ‘ei‘at,
1512 1324 1559 1351 sed
1576 1331 1628 1350 non
1653 1331 1686 1350 eo
1702 1325 1768 1357 ritu,
1784 1331 1846 1358 quo

1047 1372 1122 1399 illum
1140 1380 1188 1407 pro
1204 1378 1316 1399 munere
1327 1371 1480 1399 ohtulit.Dc
1495 1371 1547 1397 lio‘e
1563 1371 1636 1397 enim
1654 1375 1756 1396 tantum
1777 1369 1844 1396 adi—

1049 1423 1107 1451 pes,
1124 1422 1151 1444 et
1170 1416 1238 1444 duos
1263 1423 1341 1443 renes
1358 1420 1420 1443 cum
1453 1414 1576 1449 adipibus
1596 1414 1664 1447 suis,
1684 1419 1709 1441 et
1727 1414 1845 1448 adipem

1046 1464 1091 1497 qui
1105 1463 1172 1498 tegit
1186 1462 1329 1494 interiora,
1343 1462 1463 1496 imponet
1483 1468 1566 1495 super
1591 1461 1676 1488 altare
1703 1460 1844 1487 holocau-

1046 1513 1161 1535 stortnn.
1190 1509 1226 1536 De
1249 1507 1387 1543 sanguine
1402 1513 1512 1542 quoque
1536 1506 1594 1540 ejus
1614 1507 1751 1542 itilingens
1765 1506 1846 1542 digi—

1046 1559 1102 1582 tum
1127 1559 1216 1587 suum,
1244 1554 1377 1590 respergit
1401 1553 1503 1587 septies
1526 1557 1620 1579 contra
1639 1553 1796 1584 Dominum,
1811 1558 1846 1579 et

1046 1599 1106 1626 linit
1124 1607 1156 1626 ex
1173 1605 1205 1626 eo
1223 1604 1326 1626 cornua
1346 1597 1442 1624 altaris
1468 1598 1583 1625 incensi.
1599 1597 1720 1624 thtet'as
1745 1604 1843 1624 autem

1046 1651 1144 1672 carnes
1161 1650 1222 1671 cum
1244 1643 1329 1676 corio,
1342 1648 1370 1670 et
1391 1643 1549 1673 interaneis,
1563 1647 1590 1670 et
1610 1642 1731 1669 stercore
1754 1650 1844 1670 extra

1045 1697 1135 1719 castra
1149 1691 1206 1725 igni
1217 1690 1335 1717 cremari
1345 1690 1423 1724 jubet
1442 1690 1467 1716 in
1482 1691 1541 1717 loco
1553 1688 1664 1716 innndo.
1676 1689 1843 1716 Observan-

1045 1737 1108 1764 dum
1121 1743 1187 1763 sane
1201 1740 1255 1769 esl,
1269 1735 1341 1770 quod
1361 1736 1386 1761 in
1405 1741 1517 1769 peccato
1533 1735 1669 1770 pontificis
1684 1743 1736 1762 non
1752 1735 1842 1762 addi-

1044 1783 1083 1809 tlit
1097 1782 1245 1816 iegishtor,
1261 1782 1323 1816 quia
1337 1790 1385 1816 per
1397 1782 1591 1816 ignorantiam,
1609 1787 1656 1808 aut
1668 1789 1720 1807 non
1737 1782 1840 1808 volun-

1045 1833 1100 1855 tate
1116 1827 1283 1862 peccaverit.
1301 1827 1394 1862 Neque
1410 1827 1482 1854 cnitn
1496 1826 1595 1854 cadere
1612 1827 1767 1860 ignorantia
1786 1835 1840 1862 po-

1046 1879 1098 1901 test
1114 1871 1170 1909 (Ξῖ)
1188 1874 1215 1900 in
1238 1881 1311 1906 eum,
1333 1873 1377 1907 qui
1399 1877 1427 1899 ut
1454 1877 1569 1900 czcteros
1598 1874 1717 1903 doceret,
1737 1881 1844 1907 prove-

1049 1924 1108 1946 ctus
1121 1924 1172 1946 est.
1188 1919 1214 1946 Si
1231 1923 1321 1945 autem
1339 1918 1422 1945 totius
1448 1917 1598 1952 Synagogze
1613 1923 1757 1952 peccatunt
1778 1918 1843 1946 fue—

1043 1966 1089 1997 rit,
1104 1963 1409 1991 vitulumnihilominus
1427 1964 1452 1990 in
1476 1963 1664 1991 holocaustum
1686 1963 1838 1999 Synagoga

1037 2010 1149 2044 jubetur
1161 2007 1272 2036 oﬂcrre.
1286 2009 1339 2036 Sed
1356 2009 1381 2035 ir.
1396 2013 1506 2043 peccato
1518 2009 1669 2044 Synagogzn
1680 2009 1815 2035 dicitur“
1831 2029 1838 2035 .

1044 2065 1052 2082 t
1066 2055 1094 2083 Si
1111 2055 1289 2090 ignoraverit,
1302 2060 1329 2082 et
1344 2055 1456 2081 latuerit
1473 2054 1584 2082 verbum
1597 2055 1630 2082 ab
1646 2055 1733 2082 oculis
1747 2054 1841 2090 Syna-

1040 2108 1125 2136 εσθαι,
1143 2105 1171 2128 ct
1186 2100 1282 2128 iecerit
1293 2109 1377 2128 untnn
1395 2100 1430 2127 ab
1445 2100 1573 2128 onmihus
1589 2101 1725 2128 mandatis
1742 2101 1841 2128 Domi-

1041 2147 1079 2178 ni,
1098 2147 1171 2182 quod
1193 2154 1247 2174 non
1272 2147 1328 2175 lict.
1346 2150 1355 2174 ὑ
1381 2147 1458 2176 Unde
1477 2151 1590 2182 apparet
1612 2148 1693 2174 etiam
1721 2155 1838 2174 omnem

1043 2192 1212 2228 Synagogam
1225 2200 1303 2227 posse
1319 2191 1477 2228 delinquere
1488 2201 1535 2228 per
1549 2193 1744 2228 ignorantiam.
1756 2192 1840 2225 Quod

1041 2243 1068 2265 et
1090 2238 1221 2266 Dominus
1241 2239 1385 2266 confirmat
1401 2239 1427 2266 in
1444 2239 1600 2274 Evangeliis
1617 2246 1679 2265 eum
1701 2238 1767 2265 diei:
1786 2238 1810 2254 “'
1828 2248 1836 2265 :

1043 2293 1052 2309 ι
1064 2284 1153 2316 Pater,
1164 2285 1271 2312 remitte
1283 2285 1347 2316 illis,
1358 2293 1410 2312 non
1425 2286 1498 2312 enim
1511 2284 1603 2312 sciunt
1617 2284 1682 2319 quid
1697 2284 1835 2312 faciunt.)

1040 2329 1116 2363 Quod
1130 2330 1152 2357 si
1169 2330 1295 2365 princeps
1312 2331 1395 2358 fuerit
1409 2331 1456 2367 qui
1470 2330 1552 2359 oii'ert
1569 2329 1688 2358 hostiam
1707 2335 1756 2365 pre
1773 2333 1840 2365 pec-

1007 2418 1029 2434 “
1042 2418 1108 2445 Luc.
1122 2425 1203 2451 mn,
1219 2419 1264 2446 54.

1041 2506 1152 2534 oﬂ'erret
1172 2514 1207 2535 ex
1231 2507 1350 2541 bobus,»
1374 2508 1422 2536 sed
1443 2516 1539 2536 omnes
1562 2516 1628 2536 mss.
1647 2509 1717 2536 utin
1736 2515 1836 2538 nostro

1144 2577 1209 2604 Cod.
1227 2578 1386 2613 ‘Sangermq
1401 2587 1411 2604 ς
1424 2578 1457 2605 de
1467 2579 1562 2612 primis
1579 2579 1725 2612 fructibus.
1739 2588 1748 2605 ι
1762 2579 1834 2608 Cod.

1037 2611 1182 2648 Geinctic.,
1200 2611 1248 2640 (de
1264 2611 1359 2648 primis
1378 2611 1500 2647 frugibus
1518 2615 1543 2640 id
1556 2613 1661 2645 oli'erat,
1673 2613 1833 2641 utsimila.»

1038 2647 1104 2675 (10d.
1121 2647 1246 2683 Cad0tn..
1263 2647 1317 2675 ide
1335 2649 1429 2682 primis
1442 2648 1565 2683 frugibus
1579 2654 1608 2675 ut
1620 2648 1730 2680 oderat,
1746 2654 1777 2676 ut
1796 2652 1834 2676 si-

1035 2683 1133 2719 milaq
1151 2682 1399 2719 CodLBeceensis,
1419 2693 1428 2709 I
1442 2684 1474 2711 de
1488 2682 1585 2717 primis
1602 2684 1726 2719 frugibus
1743 2690 1772 2711 ut
1790 2685 1831 2712 oi-

1036 2717 1106 2743 l'erat
1122 2718 1147 2744 in
1163 2718 1263 2744 simila.
1279 2727 1287 2744 ι

1073 2752 1128 2792 (Ξυ)
1145 2753 1212 2782 Cod.
1227 2753 1386 2789 Sangerm.,
1402 2763 1410 2780 ι
1425 2759 1451 2781 et
1466 2754 1505 2782 sic
1523 2753 1658 2781 oﬂ‘eralur
1672 2762 1687 2781 a
1702 2755 1775 2783 viro.
1799 2755 1830 2783 Si

1058 2795 1108 2814 ills.
1122 2797 1130 2813 ι

1037 2795 1053 2822 q
1075 2822 1129 2855 {‘21)
1147 2822 1228 2855 Idem,
1244 2832 1252 2848 ι
1266 2831 1317 2850 non
1333 2824 1417 2851 solnnt
1436 2824 1603 2851 voluntariis.
1618 2833 1626 2849 ι

1076 2859 1132 2891 ('22)
1150 2859 1232 2891 Idem,
1251 2864 1369 2894 tpotcst.
1385 2869 1393 2885 ι
1413 2860 1491 2887 Lihb.
1509 2859 1584 2892 editi,
1601 2863 1739 2895 «poterat.
1753 2870 1763 2886 ι
