1902 3063
20 152 58 178 ιη
176 148 180 150 ’
417 162 422 167 ·
612 149 643 176 IN
666 148 856 178 LEVITICUM
877 148 1018 176 IIOBIILIA
1036 147 1066 175 ll.

1596 145 1650 171 4M

18 216 78 241 cato,
95 211 212 238 hircum
232 219 269 238 ex
288 212 382 247 capris
394 213 503 247 iubetur
523 211 633 244 oil'crre,
661 219 714 238 non
738 210 813 237 hiilo-
829 212 850 240 Α
867 209 935 236 ritus
963 207 1021 236 Dei.
1040 207 1162 234 Stultitia
1176 206 1251 233 enim
1265 209 1311 232 est
1321 205 1372 238 illi,
1390 209 1417 231 et
1433 212 1484 231 non
1506 208 1590 238 potest
1607 205 1650 231 in-

19 261 144 288 caustum,
164 257 218 283 sed
235 262 346 284 tantum
365 263 396 285 ut
418 257 452 285 de
469 259 601 293 sanguine
617 257 676 291 ejus
693 258 814 291 imponat

19 302 141 328 sacerdos
160 310 253 337 super
267 304 366 336 altare,
383 307 411 330 et
426 311 533 330 onmem
549 304 657 336 adipem
670 303 727 336 ejus
748 302 814 328 offe-

21 352 54 373 rat
69 348 94 374 in
111 348 203 374 altari
220 357 228 375 :
246 348 383 382 reliquum
402 354 491 376 autem
512 349 699 376 sacerdotibus
724 355 814 374 rema-

19 398 70 419 neat
86 392 149 428 (23)
167 393 205 420 ad
222 394 375 427 edendum,
393 395 523 429 sanguine
540 399 646 422 tantum
669 395 702 421 ad
726 395 811 421 basim

18 438 102 466 altaris
118 438 231 466 eﬂ'uso.
252 440 280 466 Si
299 448 364 467 vero
387 441 476 468 anima
509 441 602 472 fuerit.
631 441 728 474 inquit,
760 448 812 466 una

17 492 67 517 quae
82 483 173 511 oﬂ‘crt
195 492 248 519 pro
274 491 400 519 peceatn,
417 494 528 520 capram
547 487 674 513 l'eniinziiii
693 486 789 513 oll'erat
805 494 811 512 :

19 530 61 554 ritu
79 529 198 556 scilicet
224 531 334 562 eodem,
349 539 403 565 quo
422 531 527 558 hircum
549 532 674 566 superius
696 531 814 558 diximus

18 574 190 602 immolatum
206 585 213 602 :
231 585 241 602 ι
258 576 334 608 Quod
350 577 373 608 si
395 585 446 604 non
470 578 592 609 valuerit,
606 577 734 612 inquit",
756 584 814 603 nia-

19 626 61 644 iins
73 619 136 652 ejus
153 629 164 645 ›
184 620 220 646 ad
235 628 359 654 capram,
373 622 414 648 vel
428 621 461 647 ad
472 629 580 655 agnum,
595 631 604 647 ι
617 630 666 657 par
677 627 812 649 turturum

17 663 119 698 oll‘eret,
135 670 190 692 aut
202 666 273 692 duos
287 666 376 700 pullos
392 667 590 694 colunibai-mii.
607 678 616 693 ι
634 668 711 700 Quod
725 668 746 694 si
763 675 812 693 nec

17 707 60 734 hoc
79 708 230 741 inveniet,
249 710 384 736 decimam
408 715 513 745 partem
529 712 590 744 ciilii
609 712 665 747 (‘24)
682 711 812 746 similagi-

17 753 52 780 nis
71 755 136 781 sine
154 755 221 782 oleo
241 760 268 782 et
291 755 350 782 sine
364 755 445 783 thure
461 758 609 783 mandatur
624 757 732 784 oliori'e.
751 757 812 784 llalc

17 799 121 832 quidem
145 799 234 826 nobis
251 799 356 834 singula
375 801 459 835 priori
475 801 591 828 lectione
606 803 718 829 recitata
736 807 810 834 sunt,

18 850 106 870 ieram
126 845 298 879 explanatio
312 853 421 879 eorum,
438 847 567 881 quoniam
584 853 703 882 tempore
718 848 811 875 exclu-

17 889 162 923 debamur,
182 891 288 918 omissa
306 897 359 924 est,
373 892 408 919 de
423 900 474 926 qua
490 900 561 920 nunc
579 894 673 927 paucis
688 901 809 920 comnio-

18 942 76 961 nere
91 936 244 963 studiosos
259 944 392 972 quosque,
413 943 441 964 et
463 945 510 965 eos
533 939 578 973 qui
592 939 674 966 etiam
690 939 810 973 praeteri-

17 984 101 1008 tarum
126 982 314 1009 meminerint
326 982 483 1015 lectionum,
501 984 646 1011 absurdum
664 990 716 1011 non
734 989 808 1018 puto,

18 1033 177 1060 quanquam
202 1027 237 1054 ad
256 1034 287 1054 ea
301 1035 362 1062 quas
387 1037 473 1063 nuper
494 1030 606 1056 recitata
623 1035 697 1064 sunt,
714 1038 809 1065 urgea-

17 1079 85 1098 mur.

48 1117 75 1144 Ξ.
97 1117 132 1145 Et
149 1119 248 1153 primo
268 1119 348 1146 velini
371 1119 465 1147 videre
485 1127 545 1155 qua:
561 1121 595 1147 sit
620 1120 669 1147 ista
683 1121 808 1148 differen-

18 1163 62 1195 tia,
79 1164 156 1198 quod
183 1165 239 1191 alia
263 1165 374 1199 quidem
391 1166 529 1193 hominem
549 1162 614 1193 dicit
632 1167 741 1198 oll'eri‘e,
757 1167 807 1194 alia

19 1210 149 1241 animam,
180 1211 235 1237 alia
263 1212 430 1246 pontiﬁcem,
454 1213 508 1239 alta
538 1212 726 1248 Syri:igo,;:nn,
758 1213 809 1240 alia

19 1254 184 1289 principem,
202 1256 256 1282 alia
274 1265 355 1284 unam
373 1258 490 1285 animam
502 1265 535 1285 ex
559 1259 657 1293 populo
675 1264 763 1285 ωτι-ιιι.
777 1259 810 1285 Et

18 1305 79 1332 puto
96 1302 217 1336 quidem
236 1303 375 1330 hominem
398 1304 475 1331 illum
498 1305 596 1332 debere
621 1305 746 1340 intelligi,
762 1306 809 1340 qni

19 1347 50 1372 ad
68 1347 224 1382 imaginem
243 1353 269 1375 et
289 1350 493 1377 similitudinem
510 1351 555 1377 Dei
572 1351 672 1383 factus,
687 1353 809 1378 rationa-

19 1390 108 1419 biliter
128 1393 212 1420 vivit.
233 1393 283 1421 Hic
302 1401 367 1420 vero
383 1401 482 1421 munus
503 1393 581 1421 ollert
608 1393 662 1420 Deo
685 1395 808 1426 vitulum,

19 1445 76 1464 cum
93 1439 191 1466 carnis
214 1440 372 1473 superbiam
387 1440 495 1467 vicerit.
510 1439 606 1472 Ovem,
625 1448 686 1468 cum
700 1441 811 1467 irratio-

20 1482 122 1511 habiles
145 1490 241 1511 motus
265 1485 478 1520 insipientesque
501 1487 664 1514 correxerit.
683 1486 808 1520 llteduni,

20 1537 78 1557 cum
93 1530 242 1557 lasciviam
265 1532 445 1564 superaverit.
462 1531 546 1559 OlIert
559 1533 639 1559 etiam
661 1541 708 1567 par
720 1537 809 1560 turtu-

20 1583 88 1607 rum,
105 1583 171 1602 cum
188 1584 244 1603 nou
265 1577 347 1604 fuerit
361 1578 446 1610 solus,
463 1579 509 1606 sed
526 1585 642 1605 mentem
659 1587 734 1606 suam
750 1586 809 1606 ver-

19 1620 51 1646 bo
64 1620 112 1647 Dei
125 1621 202 1648 velut
215 1629 281 1648 vero
297 1621 353 1657 (9.5)
372 1623 478 1657 coniugi
498 1623 654 1654 sociaverit,
672 1623 744 1650 sicut
757 1623 809 1650 hoc

18 1672 103 1700 genus
117 1667 225 1698 avium,
243 1675 326 1693 unum
341 1667 442 1694 dicitur
453 1673 478 1695 et
495 1674 602 1696 castum
617 1675 729 1695 servare
742 1675 808 1695 con-

16 1711 132 1744 iugium.
149 1711 240 1740 Oﬂert
254 1713 338 1739 etiam
362 1718 390 1739 et
411 1714 478 1740 duos
501 1714 589 1748 pullos
611 1714 808 1746 columbarum,

17 1763 75 1782 cum
107 1762 137 1784 et
163 1758 223 1791 ipse
256 1758 423 1784 intellexerit
456 1758 632 1793 mysterium,
657 1767 710 1792 quo
738 1759 809 1786 oculi

20 1807 129 1834 sponsa:
155 1803 230 1832 sicut
262 1802 396 1829 columba:
419 1802 546 1829 dicuntur
573 1803 606 1830 ad
627 1804 810 1837 plenitudines

19 1854 163 1880 aquarum,
177 1853 204 1874 et
217 1847 318 1874 collum
331 1847 390 1881 ejus
402 1848 471 1874 sicut
491 1849 604 1875 tui-turis
615 1849 649 1876 “.
668 1849 730 1876 llaec
745 1857 809 1884 ergo

20 1898 80 1919 sunt
103 1893 227 1920 hominis
253 1895 403 1920 secundum
431 1894 502 1928 quod
520 1903 601 1928 supra
622 1896 809 1929 exposuimus,

21 1946 144 1966 munera.
163 1939 270 1967 Animae
285 1944 375 1967 autem
393 1948 516 1973 munera,
529 1941 609 1976 longe
623 1941 750 1969 inferiora
765 1942 811 1968 de-

23 1983 129 2010 scribit.
155 1984 258 2011 Anima
282 1985 338 2011 lucc
364 1992 452 2019 neque
479 1986 592 2013 vitulum
615 1987 706 2020 habet,
723 1996 810 2022 neque

18 2035 105 2063 ovem,
119 2038 211 2064 neque
228 2030 339 2057 hicdum
360 2039 439 2065 quem
454 2031 547 2059 oil‘erat
568 2032 642 2060 Deo:
656 2034 702 2060 sed
715 2042 747 2060 ne
763 2042 811 2068 par

17 2075 126 2109 quidem
144 2080 297 2108 turturum,
312 2084 360 2103 aut
385 2077 451 2104 duos
467 2078 555 2112 pullos
581 2079 683 2106 invenit
705 2080 811 2107 colum-

17 2124 127 2148 taruni.
145 2121 273 2149 Siinilam
295 2127 399 2150 tantum
419 2125 510 2156 habet,
525 2133 559 2152 ex
577 2125 634 2159 ipsa
650 2133 734 2159 panes
749 2134 811 2160 azy-

19 2174 76 2194 nos
88 2168 173 2194 oﬂ'ert
189 2176 203 2193 a
220 2168 339 2200 clibano,
356 2177 389 2196 ex
403 2171 459 2203 ipsa
475 2173 501 2197 in
528 2172 664 2206 sartagine
685 2179 752 2206 opus
770 2173 811 2198 fa-

866 253 998 286 tclligcrc,
1012 252 1074 286 quia
1086 251 1249 286 spiritaliter
1260 250 1437 284 diiudicatur.
1451 248 1588 282 Spiritalis
1599 256 1649 275 au-

865 304 918 325 tem
934 297 1185 325 examinatonmia.
1197 305 1206 321 ο
1218 295 1270 323 Iste
1281 303 1348 330 ergo
1359 295 1403 329 qui
1417 296 1508 322 anima
1524 294 1648 321 nomina-

865 350 919 376 tur,
936 352 987 371 non
1003 348 1090 378 potest
1108 342 1206 369 offerre
1225 341 1326 374 omnia,
1343 341 1405 376 quia
1419 341 1577 368 examinare
1593 347 1646 367 non

865 390 946 425 189
959 395 1048 424 potest
1069 388 1158 415 omnia
1174 397 1181 414 :
1198 389 1244 414 sed
1270 387 1349 414 oll'ert
1372 389 1458 414 solam
1481 387 1598 414 similam
1617 390 1648 413 et

863 445 946 472 panes
969 443 1100 472 azymos.
1119 436 1145 462 id
1172 439 1232 466 est,
1256 441 1426 460 communem
1453 433 1524 460 hanc
1549 433 1646 464 vitam.

863 483 938 510 verbi
955 483 1053 518 gratia,
1074 483 1100 508 in
1123 480 1298 516 agricultura,
1316 485 1362 506 aut
1377 480 1403 506 in
1423 479 1584 512 navigando,
1601 483 1647 505 aut

864 529 889 556 in
911 529 1046 563 aliquibus
1059 527 1212 554 conluuionis
1232 527 1295 552 vita:
1313 526 1405 552 usibus
1427 526 1551 560 positam.
1570 524 1649 551 oll'ert

864 581 953 602 tamen
969 574 1052 601 etiam
1071 574 1129 607 ipse
1145 579 1242 599 munus
1258 571 1314 606 (9.7)
1333 571 1386 597 Deo
1402 590 1410 602 ,
1434 570 1497 597 licet
1513 570 1596 596 solam
1611 570 1647 596 si-

863 622 954 648 milam
980 621 1086 646 dicatur
1106 618 1204 645 ollerre
1238 617 1296 644 oleo
1329 621 1433 643 tantum
1459 624 1647 650 conspersum.

862 667 957 695 Omnis
970 666 1041 693 enim
1065 665 1154 691 anima
1180 668 1240 698 eget
1254 663 1313 690 oleo
1327 663 1426 689 divina:
1441 662 1647 692 misericordiae,

864 720 914 740 nec
929 715 1089 746 prmsentem
1104 711 1184 737 vitam
1200 710 1317 737 evadere
1331 709 1464 744 quispiam
1484 713 1582 743 potest,
1597 709 1648 735 nisi

862 759 886 786 ei
910 758 998 785 oleum
1025 757 1143 785 caelestis
1161 755 1344 783 miserationis
1370 754 1496 782 adfuerit.
1523 754 1649 781 Secundo

863 805 889 832 in
907 805 974 834 loco.
992 803 1186 837 primitiarum,
1204 802 1229 828 id
1243 805 1285 828 est
1300 803 1332 828 de
1351 801 1434 827 initiis
1448 800 1551 835 frugum
1572 808 1649 826 man-

863 851 942 878 datur
957 850 1069 877 oblatio.
1094 850 1171 881 Quod
1186 869 1194 881 ,
1216 848 1238 875 si
1265 847 1333 874 bene
1358 847 1536 879 meministis,
1555 847 1580 873 in
1604 847 1648 873 diu

829 887 848 914 υ
863 895 1038 922 Pentecostes
1053 894 1110 920 ﬁeri
1130 893 1171 921 lex
1187 892 1274 927 jubet.
1285 892 1313 917 lu
1327 897 1381 925 quo
1396 890 1448 917 illis
1462 890 1539 924 plane
1553 890 1648 917 umbra

864 941 925 968 data
941 944 983 967 est
994 959 1003 971 .
1019 939 1098 966 nobis
1113 943 1200 964 autem
1216 937 1316 963 veritas
1337 939 1473 962 reservata
1491 939 1542 961 est.
1562 933 1590 961 ln
1603 934 1649 961 die

863 986 935 1014 enim
951 985 1124 1013 Pentecostes
1138 983 1229 1010 oblato
1253 981 1407 1009 orationum
1425 980 1570 1012 sacriﬁcio,
1596 980 1650 1014 pri-

862 1032 953 1060 mitias
966 1030 1134 1057 advenientis
1150 1028 1236 1056 sancti
1254 1028 1371 1062 Spiritus
1387 1027 1571 1061 apostolorum
1589 1033 1650 1054 sus-

859 1077 933 1112 cepit
955 1076 1088 1103 Ecclesia.
1113 1074 1146 1101 Et
1164 1081 1227 1101 vcre
1243 1074 1299 1100 lucc
1316 1073 1426 1099 fuerunt
1443 1072 1571 1103 recentia,
1585 1072 1649 1105 quia

862 1127 921 1149 erat
945 1128 1044 1148 novum
1057 1141 1064 1152 ,
1089 1120 1160 1146 unde
1180 1123 1207 1146 et
1224 1123 1313 1145 musto
1331 1117 1424 1151 repleti
1441 1117 1602 1144 dicebantur
1614 1116 1647 1142 ⁸³.

864 1178 874 1194 ι
893 1167 948 1201 Ιιζιιὶ
968 1172 1049 1194 tosta.
1069 1176 1078 1192 ι
1099 1166 1185 1200 Ignea;
1202 1171 1318 1198 namque
1339 1163 1437 1198 lingua:
1455 1170 1536 1196 supra
1554 1163 1648 1197 singu-

863 1214 902 1241 los
915 1214 1104 1240 consederunt.
1123 1221 1133 1236 ι
1153 1211 1185 1237 Et
1199 1210 1287 1237 medio
1303 1209 1399 1236 fracta.
1415 1219 1425 1235 ι
1443 1209 1650 1242 Frangebantur

862 1260 933 1287 cnim
945 1259 1044 1290 inedia,
1058 1265 1119 1284 Cum
1134 1257 1222 1283 littera
1237 1254 1415 1289 separabatur
1433 1261 1447 1280 a
1465 1254 1573 1287 spiritu.
1592 1262 1601 1278 ι
1618 1253 1650 1279 lit

863 1307 930 1333 bene
948 1308 1072 1339 purgata.
1088 1312 1097 1328 ι
1111 1302 1213 1337 Purgat
1226 1306 1342 1335 namque
1360 1307 1456 1327 omnes
1471 1300 1565 1326 sordes
1581 1305 1650 1333 prm-

862 1351 947 1378 sentia
962 1349 1049 1376 sancti
1067 1348 1195 1383 Spiritus,
1212 1346 1404 1374 remissionem
1419 1346 1542 1372 tribuens
1553 1351 1649 1379 pecca-

864 1400 960 1423 torum.
975 1395 1070 1422 Oleum
1088 1401 1195 1428 quoque
1217 1393 1412 1420 misericordize
1434 1391 1496 1419 huic
1513 1391 1650 1418 sacriﬁcio

863 1441 1014 1469 infunditur
1024 1459 1032 1472 ,
1047 1445 1075 1467 et
1090 1442 1152 1466 thus
1166 1439 1324 1471 suavitatis,
1340 1446 1386 1473 per
1399 1437 1470 1472 quod
1486 1437 1588 1464 Christi
1603 1437 1650 1463 lio-

863 1494 913 1514 nus
927 1487 994 1513 odor
1007 1485 1149 1513 eﬂiciiiinr.
1164 1485 1229 1512 Post
1244 1486 1300 1512 lucc
1317 1485 1350 1512 de
1365 1484 1509 1511 sacriﬁciis
1521 1483 1668 1510 salutari--

863 1533 912 1560 bus
925 1532 1001 1562 dicit.
1017 1536 1077 1566 qua:
1096 1539 1128 1558 ex
1150 1530 1322 1563 animalibus,
1339 1531 1365 1557 id
1381 1535 1422 1557 est
1435 1529 1532 1561 bobus,
1547 1529 1588 1556 vel
1603 1536 1648 1555 ca-

862 1578 927 1613 pris,
944 1582 1025 1612 atque
1039 1578 1134 1603 ovibus
1146 1576 1308 1608 otl‘eruntur,
1319 1580 1346 1602 et
1361 1575 1428 1602 nihil
1441 1575 1482 1602 his
1496 1575 1567 1601 ultra
1581 1575 1648 1601 sub-

861 1625 983 1652 stituitur
996 1624 1030 1650 ad
1048 1623 1253 1654 immolandum,
1266 1623 1314 1650 sed
1329 1629 1362 1648 ne
1377 1629 1439 1648 aves
1454 1620 1510 1656 (ξε)
1527 1621 1648 1655 quidem,

861 1677 920 1704 qua:
935 1668 1061 1703 superius
1076 1668 1101 1694 in
1119 1667 1264 1694 olIerendis
1284 1667 1443 1694 mulieribus
1462 1666 1569 1692 fuerant
1584 1665 1650 1692 sub-

861 1716 972 1742 stitutm.
989 1715 1040 1741 lste
1057 1714 1129 1741 enini
1147 1713 1191 1748 qui
1210 1713 1344 1740 salutares
1361 1713 1465 1740 hostias
1480 1712 1571 1743 ollert,
1589 1712 1649 1739 sine

862 1762 943 1789 dubio
963 1761 1019 1796 jam
1034 1769 1089 1788 ante
1102 1761 1199 1787 salutis
1215 1764 1257 1786 est
1273 1760 1400 1786 conscius
1414 1781 1420 1786 .
1436 1764 1464 1786 et
1480 1759 1539 1785 ideo
1554 1760 1599 1793 qui
1615 1760 1648 1785 ad

861 1807 976 1834 salutem
993 1805 1127 1841 pervenit,
1138 1812 1250 1832 necesse
1265 1807 1308 1830 est.
1322 1808 1350 1830 ut
1361 1811 1422 1838 quae
1437 1811 1533 1838 magna
1549 1810 1574 1830 et
1586 1811 1649 1838 pur-

863 1852 931 1879 recta
954 1857 1017 1879 sunt
1041 1851 1148 1878 olferat.
1165 1850 1211 1877 Sic
1226 1850 1297 1876 enim
1314 1854 1341 1876 et.
1355 1849 1500 1882 Apostolus
1522 1849 1588 1875 dicit
1601 1849 1624 1864 ”
1639 1857 1646 1875 :
1660 1879 1668 1887 ί

866 1907 874 1923 ι
891 1896 1074 1924 Perfectorum
1088 1900 1177 1921 autem
1195 1899 1236 1921 est
1250 1893 1327 1920 cibus
1346 1892 1458 1920 solidus.
1476 1902 1484 1917 )
1503 1891 1603 1918 Dctiiuc
1615 1893 1648 1918 ad

861 1944 1012 1970 offerendas
1027 1950 1075 1977 pro
1091 1941 1207 1975 peccatis
1228 1940 1351 1967 victimas
1371 1939 1566 1966 sacriﬁciorum
1581 1939 1649 1964 ordo

861 1989 986 2023 dirigitur
998 2009 1004 2020 ,
1024 1988 1049 2014 in
1076 1995 1129 2022 quo
1145 1992 1173 2013 et
1189 1987 1308 2013 secundo
1325 1986 1424 2012 dicitur
1437 1985 1460 2000 ⁵⁵
1474 1992 1482 2011 :
1501 1993 1509 2008 ι
1530 1983 1649 2011 Locutus

861 2039 903 2062 est.
916 2035 1045 2061 Dominus
1059 2033 1090 2060 ad
1102 2033 1233 2067 llloysem.
1244 2032 1338 2059 dicens
1353 2041 1358 2058 :
1370 2032 1467 2058 Anima
1480 2036 1650 2065 quacunque

862 2081 1014 2115 peccaverit
1030 2088 1120 2106 coram
1144 2080 1258 2106 Domino
1271 2097 1278 2111 ,
1294 2086 1347 2106 non
1367 2077 1515 2104 voluntate.
1537 2085 1547 2102 ι
1567 2075 1650 2102 ﬂecte

863 2127 981 2153 animum
997 2126 1084 2154 dicit.
1107 2133 1187 2159 quam
1207 2132 1321 2159 peccare
1336 2124 1476 2151 describit.
1495 2122 1552 2149 Non
1576 2122 1651 2148 enim

863 2173 987 2206 Spiritum
1003 2176 1137 2202 vocasset,
1160 2176 1240 2204 quem
1267 2171 1369 2198 diceret
1396 2168 1650 2203 peccaturumﬂih.

17 2217 99 2243 rium,
121 2212 164 2240 vel
189 2212 216 2238 in
235 2213 367 2240 craticula
383 2215 444 2242 oleo
466 2216 636 2250 permistum.
656 2216 732 2244 Unde
753 2217 809 2253 (‘26)
828 2221 848 2247 υ
863 2218 916 2244 Sed
935 2225 967 2244 ne
984 2217 1118 2244 hominem
1134 2217 1241 2251 quidem
1259 2216 1330 2242 hunc
1354 2216 1473 2248 diceret,
1491 2215 1516 2241 in
1533 2222 1587 2248 quo
1604 2223 1651 2240 ne-

23 2257 128 2285 Iidetur
146 2259 214 2285 mihi
232 2259 291 2286 haec
314 2267 376 2293 qua:
393 2260 481 2288 anima
500 2261 632 2295 appellata
657 2268 710 2294 est,
729 2263 810 2290 homo

20 2302 70 2335 ille.
85 2311 171 2339 quem
191 2304 292 2333 Paulus
307 2306 451 2334 animalem
463 2308 600 2334 hominem
616 2309 749 2340 nominat,
767 2309 808 2336 iii-

21 2348 199 2383 lclligendus:
214 2350 261 2384 qui
277 2351 383 2378 etiamsi
404 2353 523 2386 peccatis
535 2360 586 2379 non
600 2346 739 2388 urgeatur,
757 2361 807 2381 nec

19 2393 51 2419 lii
66 2402 191 2430 praeceps
206 2395 240 2422 ad
258 2396 334 2428 vitia,
352 2404 405 2423 non
416 2401 506 2424 tamen
523 2397 605 2425 habet
622 2398 723 2432 aliquid
735 2399 762 2426 in
778 2407 808 2427 se

19 2439 152 2472 spiritale,
167 2446 195 2468 et
209 2443 282 2479 quod
299 2442 448 2475 ﬁguraliter
461 2450 559 2471 carnes
574 2443 655 2471 Verbi
667 2444 712 2471 Dei
728 2452 809 2479 repu-

22 2487 126 2512 lentur.
141 2485 186 2513 Sic
198 2476 272 2513 enini
290 2487 348 2520 ipse
360 2486 393 2514 de
402 2495 435 2514 eo
444 2487 541 2515 Paulus
550 2489 687 2522 apostolus
701 2476 809 2524 dicit",

21 2530 79 2563 quia
93 2540 103 2555 ‹
119 2532 248 2559 animalis
258 2531 340 2559 homo
355 2540 408 2559 non
421 2533 538 2568 percipit
549 2542 580 2562 ea
596 2542 655 2569 quae
668 2541 732 2563 sunt
748 2535 809 2571 Spi-

22 2611 41 2627 u
53 2579 221 2627 ἳ-ξιεχίῑεῃχ,
233 2580 412 2627 inﬂigunt.
426 2589 447 2627 ι(ι
464 2582 491 2615 9,
507 2583 550 2610 Μ.
587 2584 610 2599 ⁸³
624 2583 634 2610 l
647 2583 709 2612 Cor.
724 2592 756 2617 ιι,
774 2586 808 2612 Η

53 2613 115 2641 Gal.
131 2615 216 2648 n93.
264 2616 287 2632 "
304 2616 366 2643 Gal.
382 2625 419 2648 vi,
432 2618 458 2645 Β.

54 2673 114 2710 (25)
131 2673 216 2710 Idem,
230 2684 240 2700 ι
255 2680 409 2702 remaneat.
423 2684 431 2701 ι
447 2675 525 2704 Libb.
540 2677 618 2710 editi,
635 2687 644 2704 ι
657 2684 806 2706 remanet.-

26 2709 114 2769 milill)
133 2708 232 2738 Onines
257 2718 338 2742 niss.,
360 2711 452 2745 tephi.
464 2722 474 2738 ι
493 2711 571 2739 Libb.
591 2708 670 2745 editi,
688 2724 696 2739 ι
713 2713 784 2746 oll'ae,
798 2726 806 2740 ι

55 2778 111 2815 (ὣς)
127 2778 228 2815 Omnes
242 2788 336 2815 iussu,
353 2789 362 2805 ι
378 2787 453 2808 vero.
466 2791 475 2807 ι
499 2781 577 2810 Lilib.
592 2783 670 2815 editi,
690 2793 698 2808 ι
712 2784 779 2811 viro.
795 2795 804 2810 ι

57 2812 111 2852 (ἐϋ)
133 2813 215 2852 Unde.
239 2814 322 2842 Det-st
341 2815 367 2842 in
386 2820 462 2844 antea
488 2817 577 2850 editis,
596 2819 642 2845 scd
664 2812 752 2846 exstat
778 2821 804 2846 in

2 2852 5 2864 ’
30 2848 116 2875 codice
131 2850 226 2885 Sangci
233 2858 271 2876 ni.

864 2271 997 2298 quaquam
1020 2263 1110 2297 imago
1136 2263 1182 2289 Dei
1201 2268 1312 2297 peccato
1329 2261 1526 2289 interveniente
1540 2266 1651 2288 consta-

863 2314 913 2336 ret.
930 2308 987 2334 Non
1003 2315 1068 2343 ergo
1083 2312 1125 2335 est
1140 2308 1252 2343 spiritus
1269 2308 1311 2334 ille
1324 2308 1368 2341 qui
1383 2312 1474 2341 peccat
1487 2315 1494 2334 :
1513 2315 1522 2330 ι
1536 2306 1650 2344 Fructus

861 2356 933 2381 enini
951 2355 1063 2389 spiritus
1080 2360 1120 2381 cst
1141 2356 1182 2388 (ut
1199 2355 1331 2381 describit
1344 2353 1490 2388 Apostolus
1502 2353 1536 2386 ")
1556 2352 1649 2381 charis

861 2405 913 2434 tas,
924 2401 1061 2435 gaudium,
1071 2408 1133 2435 pax,
1143 2400 1284 2434 patientia,
1301 2409 1309 2425 ι
1327 2405 1354 2427 et
1367 2405 1465 2427 czctera
1481 2399 1523 2426 his
1537 2399 1649 2431 similia,

862 2454 921 2482 qua!
935 2446 1016 2474 etiam
1035 2446 1139 2473 fructus
1147 2446 1208 2473 vitae
1221 2445 1403 2480 appellantur.
1418 2445 1537 2479 Denique
1549 2444 1648 2472 ctalibi

862 2491 929 2519 dicit
944 2491 968 2507 ⁸⁷
984 2502 989 2518 ι
1007 2500 1017 2516 ι
1038 2491 1088 2524 Qui
1105 2491 1220 2518 seminat
1237 2491 1263 2517 in
1280 2498 1380 2522 carne,
1405 2491 1437 2517 de
1459 2498 1541 2518 carne
1565 2494 1649 2517 metet

863 2536 1065 2570 corruptionem
1080 2544 1087 2569 ;
1103 2541 1130 2563 et
1146 2537 1191 2570 qni
1207 2537 1325 2564 seminat
1340 2536 1366 2563 in
1380 2536 1488 2570 spiritu,
1502 2535 1535 2562 de
1550 2535 1647 2568 spiritu

868 2585 957 2613 1|'Act.
973 2593 1007 2618 ii,
1025 2585 1069 2612 l5.
1109 2585 1132 2600 ιη
1148 2585 1230 2612 llebr.
1245 2592 1276 2617 v,
1294 2584 1336 2612 l4,
1374 2584 1396 2600 "
1413 2583 1500 2610 Lerit.
1517 2590 1560 2615 iv,
1579 2583 1605 2615 l,
1619 2583 1646 2610 2.

900 2677 955 2714 (27)
965 2679 1054 2706 Codex
1069 2680 1224 2713 Saiigerm.,
1241 2686 1251 2702 ι
1264 2676 1320 2711 ipse
1335 2685 1444 2703 innnus.
1458 2686 1466 2702 ι
1482 2675 1558 2703 Libh.
1570 2675 1646 2707 editi,

867 2722 877 2739 ι
890 2714 945 2747 ipsa
960 2715 1084 2746 nini-diis,
1103 2724 1112 2739 ι
1128 2714 1206 2740 male.

898 2746 954 2789 ᾖξε)
968 2749 1033 2776 Cod.
1049 2750 1188 2784 Sangcriii.
1202 2768 1209 2780 ,
1239 2756 1248 2773 ι
1266 2751 1338 2774 aves.
1357 2755 1366 2772 ι
1384 2746 1462 2773 Libb.
1479 2746 1556 2778 editi,
1583 2755 1592 2771 ι
1614 2749 1646 2772 de

861 2785 968 2810 avibus.
986 2793 995 2808 ι

898 2818 952 2851 (29)
965 2819 1034 2845 Ideni
1058 2827 1105 2845 ii-s.
1126 2827 1133 2842 ι
1150 2823 1333 2853 peccaturum.
1349 2826 1358 2842 ι
1373 2815 1449 2844 Li|.:b.
1465 2815 1542 2846 editi,
1556 2825 1565 2840 ι
1583 2823 1645 2848 νεε-

861 2859 988 2881 ΕἈῑΟΙΌΙΙΙ.
1009 2863 1019 2879 ι
