1902 3063
226 151 280 178 H5

958 144 1120 172 OllIGENlS

1808 134 1858 161 illi

225 215 308 238 metet
326 210 408 237 vitam
431 214 572 237 aeternam.
594 216 605 234 ν
629 207 762 241 Quoniam
789 214 854 241 ergo
879 205 948 232 alius
973 210 1014 232 est
1030 207 1051 235 A
1066 210 1139 232 cato.
1157 203 1210 231 Sed
1228 203 1273 230 illc
1288 202 1334 237 qui
1358 201 1471 228 oﬁ‘ertur
1491 200 1518 227 in
1541 207 1652 228 munere
1670 203 1751 230 super
1775 193 1861 228 190

225 257 271 291 qui
285 256 412 287 seruiunt,
425 260 452 282 et
465 255 534 281 alius
550 259 591 280 est
608 253 634 279 in
651 260 703 286 quo
717 252 883 285 seminatur;
899 251 1018 278 semirut-

227 307 271 329 Iur
286 307 375 328 autem
391 301 431 328 vel
459 301 485 327 iu
512 307 593 327 carne
607 308 669 326 cum
695 303 826 334 peccatur
848 303 878 324 ut
896 302 1018 325 metatur

212 347 382 382 'corrnptio,
398 347 441 374 vel
458 347 484 374 in
503 346 601 381 spiritu
625 353 687 373 Clllll
708 344 857 372 secundum
876 343 960 371 Deum
981 343 1019 369 vi-

195 417 198 427 ,
212 387 298 427 {ritur
315 397 468 420 ntmetatur
480 393 532 418 vita
546 397 670 419 :eterna:
688 395 795 418 constat
812 391 930 417 animum
946 396 1019 420 esse,

227 448 286 473 qua:
300 438 341 465 vel
359 438 385 464 iu
403 445 487 465 carne
503 457 512 470 ,
532 437 572 464 vel
590 437 616 464 in
634 436 730 471 spiritu
746 435 882 468 seminat,
906 441 933 462 et
947 434 1019 461 illam

227 493 288 513 esse
300 491 360 519 qua:
372 483 414 511 vel
431 483 457 511 in
474 489 616 518 peccatum
633 491 713 510 ruere
727 482 824 518 possit.
838 481 879 509 vel
895 480 1018 508 converti

228 538 243 557 a
258 534 380 564 peccato.
398 527 465 555 Nam
486 535 586 562 corpus
606 527 717 561 sequela
745 526 804 560 ejus
819 530 861 553 est
884 525 918 552 ad
934 525 1021 560 quod-

227 583 336 609 cunque
348 574 498 608 delegerit:
514 578 542 601 et
557 573 671 607 spiritus
687 573 742 600 dux
756 573 817 608 ejus
830 577 872 600 est
886 573 920 599 ad
935 572 1022 599 virtu-

230 626 295 652 tem,
311 621 333 648 si
349 628 410 647 eum
429 620 504 654 sequi
522 619 597 646 velit.

265 666 291 692 5.
306 665 357 693 Sed
374 665 431 692 luec
444 665 609 700 generaliter
624 664 697 692 dicta
713 669 787 695 sunt.
805 672 877 691 nunc
895 672 959 691 vero
975 672 1024 699 per

231 712 339 745 species
350 711 516 738 dividuntur.
535 720 544 736 ί
563 711 591 738 Si
608 710 741 745 pontifex,
760 711 849 745 inquit
861 711 895 743 ⁵⁸,
911 712 956 745 qui
973 719 1022 738 un‘

230 761 292 785 ctus
315 761 358 784 est
374 757 550 791 peccaverit,
564 761 593 784 ut
617 757 744 791 populum
770 756 874 784 faceret
897 763 1021 791 peccare,

231 802 326 831 offeret
344 810 393 836 pro
405 806 518 836 peccato
532 809 583 828 suo
600 801 713 828 vitulum
728 801 763 828 de
778 801 864 828 bolms
884 801 944 828 sine
967 809 1023 828 nia-

230 846 291 874 cula
314 846 437 875 Domino.
459 845 586 873 )TGI‘I‘OI‘
612 845 693 873 simul
727 850 754 872 et
780 847 967 875 misericordia
995 847 1022 873 in

231 893 332 920 divinis
347 892 450 927 legibus
466 896 633 919 ostentatur.
649 891 725 919 Itane
751 893 857 919 tandem
879 897 966 919 tntum
980 898 1022 920 est

233 939 301 966 nihil
315 959 323 971 ,
341 945 375 965 ne
399 937 521 973 pontifex
538 937 671 972 quidem?
693 942 720 965 et
737 938 783 972 qui
804 938 948 973 pontifex?
963 938 1024 973 Ipse

231 984 278 1020 qni
295 989 392 1012 unctus
407 988 447 1011 est
461 1003 470 1016 ,
486 984 542 1019 ipse
555 983 599 1018 qui
622 983 710 1010 sacris
733 984 840 1019 ignibus
855 983 947 1011 divina
960 992 1023 1011 sue-

232 1030 323 1058 eondit
339 1030 448 1062 altaria,
461 1030 509 1064 qui
525 1029 579 1056 Deo
593 1036 705 1056 munera
721 1034 748 1057 et
767 1029 902 1057 salutares
918 1030 1023 1058 hostias

234 1076 375 1109 immolat;
400 1075 447 1111 qui
470 1075 541 1102 inter
557 1075 641 1102 Deum
663 1079 688 1102 et
709 1075 834 1103 homines
848 1076 955 1103 medius
967 1076 1024 1111 qui-

232 1122 295 1148 dam
314 1122 509 1157 repropitiator
523 1120 745 1157 intervenit(50).
756 1129 807 1149 nec
822 1123 883 1154 iste,
899 1122 1021 1156 inquam,

233 1168 292 1202 ipse
308 1168 436 1195 imnumis
450 1172 542 1195 manet
554 1175 568 1194 a
583 1168 746 1202 contagione
762 1168 878 1202 peccati.
892 1167 945 1195 Sed
964 1168 1025 1195 vide

235 1214 449 1241 misericordiam
464 1213 523 1245 Dei.
539 1218 568 1241 et
583 1213 690 1248 pit-nius
706 1220 766 1240 eam
776 1233 783 1245 ,
801 1213 884 1240 Paulo
899 1213 1024 1245 docente,

233 1267 380 1294 cognosce.
397 1260 455 1293 Ipse
468 1259 542 1286 enim
565 1259 598 1285 ad
614 1258 743 1285 llebrmos
763 1258 886 1285 scribens
900 1258 965 1285 dicit
979 1259 1002 1276 ⁶⁹
1018 1269 1024 1286 :

237 1316 248 1333 ι
264 1306 360 1334 Omnis
376 1312 492 1340 namque
505 1305 627 1341 pontifex
640 1306 673 1332 ab
689 1305 844 1332 hominibus
860 1309 1025 1339 assumptus.

236 1358 286 1386 pro
309 1351 464 1378 hominibus
486 1350 664 1377 constituitur
688 1350 721 1377 ad
745 1349 899 1377 oﬁerendas
924 1350 1027 1377 hostias

237 1397 303 1424 Deo.
323 1407 332 1423 ι
351 1396 383 1424 Et
408 1397 488 1431 paulo
510 1401 590 1431 post:
612 1405 621 1422 ι
638 1396 693 1423 Lex
707 1416 715 1429 ,
741 1396 827 1430 inquit
841 1397 884 1428 ω,
902 1396 1027 1423 homines

237 1442 380 1470 constituit
404 1442 562 1469 sacerdotes
590 1441 776 1469 inﬁrmitatem
812 1441 962 1472 habentes,
996 1446 1025 1468 ut

238 1489 342 1524 possint
355 1489 426 1516 sicut
449 1496 497 1523 pro
513 1496 560 1516 sua
571 1510 578 1521 ,
594 1488 676 1515 etiam
692 1495 743 1522 pro
759 1487 849 1521 populi
867 1487 1028 1515 inﬁrmitate

238 1536 345 1564 oﬁerre.
362 1536 460 1563 iVides
474 1543 539 1571 ergo
549 1535 779 1571 dispensationem
789 1525 899 1563 'divinaa
917 1536 1029 1570 sapieu~

239 1581 293 1609 tie.
308 1580 472 1609 Sacerdotes
486 1581 590 1613 statuit,
604 1588 657 1608 non
675 1588 723 1608 eos
737 1581 782 1615 qui
799 1581 956 1608 omnimodo
971 1588 1030 1616 pec-

238 1634 303 1655 care
317 1631 506 1661 nonpossent,
522 1626 642 1662 alioquin
659 1635 712 1654 non
725 1632 818 1654 essent
833 1627 966 1658 homines.
984 1627 1030 1654 sed

239 1680 286 1700 eos
300 1672 347 1708 qui
363 1673 462 1700 imitari
477 1673 585 1707 quidem
598 1673 715 1700 debeant
730 1672 816 1705 illum,
827 1673 871 1707 qui
888 1678 1030 1707 peceatum

240 1725 295 1745 non
314 1718 378 1745 fecit
397 1727 404 1751 ;
430 1717 531 1745 oll'erre
554 1717 611 1753 (51)
639 1722 727 1745 autem
755 1718 858 1745 hostias
880 1718 966 1752 primo
983 1725 1032 1752 pro

240 1765 308 1796 suis,
323 1769 416 1799 postea
431 1771 480 1798 pro
499 1763 590 1799 populi
609 1763 726 1791 delictis.
744 1763 795 1790 Sed
814 1764 876 1797 quid
898 1763 1032 1798 praecipue

242 1809 268 1836 in
286 1808 438 1842 hujusmodi
455 1809 598 1836 sarerdote
616 1808 768 1834 mirandum
785 1808 848 1835 est?
863 1816 916 1835 non
935 1813 964 1835 ut
978 1816 1030 1836 non

241 1859 352 1893 peccet,
371 1855 442 1889 quod
459 1854 517 1881 ﬁeri
534 1862 586 1881 nou
612 1858 719 1889 potest,
734 1855 781 1881 sed
805 1858 834 1881 ut
855 1858 986 1889 agnosrat
1005 1859 1032 1882 et

241 1901 373 1936 intelligat
387 1905 526 1936 peccatum
544 1908 632 1927 suum.
647 1899 790 1934 Nunquam
808 1900 882 1927 enim
899 1907 928 1927 se
940 1907 1033 1927 cmen-

241 1948 299 1979 dat,
311 1948 356 1982 qui
371 1954 499 1982 peccasse
513 1954 542 1973 se
557 1954 610 1974 non
628 1951 714 1981 putat.
731 1946 818 1973 Simul
839 1946 901 1980 quia
917 1950 944 1973 et
965 1945 1033 1972 laci-

242 1993 296 2020 lius
316 1997 407 2027 potest
430 1992 570 2028 indulgere
591 1991 780 2026 peccantibus,
807 1991 830 2018 is
851 1991 896 2025 qui
920 1990 1034 2026 alicuius

243 2039 413 2066 inﬁrmitatis
436 2046 492 2065 sua:
512 2038 678 2065 conscientia
707 2037 890 2064 remordetur.
912 2036 977 2069 Qua:
993 2042 1035 2064 est

244 2091 336 2113 autem
349 2084 452 2112 oblatio
470 2083 624 2111 sacerdotis
639 2091 687 2118 pro
705 2088 819 2117 peccato
833 2081 844 2108 ?
861 2080 976 2113 Vitulus,
993 2081 1034 2108 in-

244 2131 315 2167 quit,
327 2131 361 2158 ad
376 2130 575 2157 holocaustum.
595 2129 722 2156 Secundo
739 2127 894 2155 invenimus
907 2126 999 2154 offerri
1019 2135 1034 2154 a

245 2177 375 2213 pontiﬁce
394 2176 507 2204 vitulum
529 2175 556 2202 iu
579 2174 790 2207 holocaustum,
805 2172 888 2201 semel
909 2180 958 2208 pro
972 2180 1035 2208 pec-

279 2246 303 2263 "
318 2246 404 2273 Levit.
422 2253 459 2278 iv,
474 2245 501 2273 ὅ.
539 2244 563 2261 "
578 2244 661 2272 Hebr.
677 2251 704 2277 v,
721 2243 746 2271 l.
789 2243 813 2259 “
830 2242 912 2270 Hebr.
928 2249 975 2274 vn,
989 2243 1037 2270 ‘28.

1079 2244 1100 2260 εί
1119 2243 1220 2279 Ephes.
1234 2251 1253 2270 ι.

1071 251 1221 278 holocausti
1237 249 1324 276 altare
1339 247 1518 275 consumitur.
1533 245 1584 278 Qni
1597 252 1662 271 vero
1673 249 1721 277 pro
1735 245 1860 276 peccato.

1070 301 1147 323 extra
1158 301 1265 327 castra,
1280 302 1341 322 cum
1359 293 1448 325 corio,
1465 297 1492 319 et
1509 289 1656 317 interaneis
1675 295 1707 314 ac
1725 282 1861 316 sterc'ore,

1071 341 1096 369 in
1110 341 1170 369 loco
1184 341 1283 367 mundo
1300 340 1410 374 iubetur
1428 337 1505 364 exuri
1521 358 1527 369 ,
1544 335 1668 370 adipibus
1692 333 1756 360 solis
1773 332 1801 358 in
1823 330 1864 356 al-

1071 392 1130 414 tare
1152 386 1252 414 oblatis
1269 390 1297 412 et
1322 384 1445 412 renibus.
1470 383 1534 415 Quae
1554 380 1658 415 singula
1685 377 1810 406 dividere
1832 383 1866 402 ac

1071 433 1234 464 discernere,
1251 430 1377 466 quamvis
1393 434 1419 456 ct
1443 435 1525 463 supra
1549 431 1656 454 nostras
1670 423 1743 452 vires
1763 423 1801 450 sit
1815 442 1822 454 .
1839 425 1866 448 et

1071 484 1151 512 supra
1167 477 1287 503 auditum
1302 480 1434 507 vestrutu,
1452 479 1542 500 tamen
1558 472 1667 506 aliquas
1682 469 1761 496 vobis
1774 468 1810 494 ad
1826 468 1867 494 iu-

1072 522 1246 557 telligendum
1271 520 1434 548 occasiones
1458 518 1642 552 conquirere,
1663 520 1745 548 atque
1760 514 1788 540 in
1809 521 1869 539 mc-

1072 569 1144 596 dium
1157 567 1281 602 proferre
1299 566 1476 595 tentabimus.
1491 564 1558 591 Vide
1571 570 1637 597 ergo
1651 569 1684 589 ne
1702 560 1770 589 forte
1785 558 1869 586 Jesus

1072 621 1152 648 quem
1182 612 1282 640 Paulus
1303 611 1370 638 dicit
1392 611 1412 626 ⁵⁸
1439 609 1601 645 paciﬁcasse
1627 615 1676 642 per
1700 605 1868 641 sanguinem

1072 667 1151 686 suum
1167 667 1219 685 non
1234 658 1321 685 solum
1338 665 1398 691 quae
1412 657 1438 682 in
1455 655 1550 686 terris,
1563 655 1610 681 sed
1626 659 1653 680 et
1667 660 1726 687 qua:
1743 653 1768 677 in
1786 649 1870 677 caelis

1073 708 1148 737 sunt,
1161 705 1231 731 idem
1248 705 1305 738 ipse
1316 703 1351 730 sit
1364 701 1476 733 vitulus,
1492 701 1538 735 qni
1555 700 1580 726 in
1595 698 1672 726 caelis
1686 697 1797 732 quidem
1814 704 1868 722 uon

1073 759 1123 786 pro
1141 755 1272 785 peccato,
1287 749 1334 776 sed
1360 756 1409 783 pro
1427 754 1538 774 IIllIlICI‘e
1556 745 1613 781 (32)
1634 744 1740 771 oblatus
1762 748 1806 769 est
1819 761 1828 773 ,
1841 741 1867 767 in

1076 795 1156 822 terris
1168 799 1259 821 autem
1273 794 1319 821 ubi
1335 793 1369 820 ab
1385 792 1471 818 Adam
1490 797 1575 826 usque
1588 790 1621 816 ad
1633 788 1753 823 Moysem
1767 795 1867 822 regna-

1076 841 1115 867 vit
1128 846 1271 874 peccatum
1283 859 1291 872 ,
1309 838 1416 866 oblatus
1431 837 1467 865 sit
1481 844 1529 871 pro
1551 839 1673 870 peccato.
1699 833 1732 861 Et
1756 833 1812 860 hoc
1829 836 1871 858 est

1038 883 1059 911 B
1075 893 1185 920 passum
1200 893 1260 913 esse
1276 890 1353 912 extra
1370 888 1472 915 castra,
1484 887 1561 909 extra
1579 881 1634 913 illa,
1645 880 1753 914 opinor.
1766 882 1870 907 castra,

1073 939 1134 968 quae
1150 932 1257 959 viderat
1270 929 1367 962 Iacob,
1385 928 1543 964 angelorum
1561 926 1607 953 Dei
1622 930 1714 952 castra
1733 924 1873 954 ctL-lestia,

1074 978 1107 1005 de
1119 977 1218 1011 quibus
1230 976 1362 1010 scriptum
1375 978 1416 1001 est
1429 974 1455 1000 in
1470 972 1569 1000 Genesi
1579 972 1601 988 ⁸¹
1615 981 1621 998 :
1640 980 1649 996 ι
1666 969 1700 997 Ει
1714 969 1872 1004 suspiciens

1073 1022 1159 1050 .lacob
1173 1021 1241 1048 vidit
1257 1026 1349 1049 castra
1366 1020 1413 1048 Dei
1434 1019 1464 1047 in.
1476 1023 1626 1054 apparatu,
1645 1020 1674 1044 et
1690 1018 1874 1045 occurrerunt

1075 1068 1113 1095 illi
1127 1067 1217 1102 angeli
1235 1067 1298 1100 Dei,
1330 1072 1358 1094 et
1370 1065 1440 1093 dixit
1455 1065 1538 1092 Iacob
1554 1071 1615 1092 cum
1630 1063 1734 1090 videret
1749 1062 1873 1093 eos,Ca-

1075 1117 1131 1141 stra
1142 1113 1191 1141 Dei
1205 1117 1269 1140 sunt
1283 1112 1351 1140 haec.
1369 1121 1380 1138 ι
1394 1111 1478 1139 Extra
1492 1110 1539 1138 illa
1555 1117 1621 1144 ergo
1635 1113 1726 1136 castra
1745 1107 1872 1135 celestis

1076 1164 1121 1187 est
1136 1159 1237 1192 omnis,
1252 1161 1280 1186 in
1298 1166 1352 1194 quo
1369 1157 1526 1186 habitamus
1540 1163 1606 1189 nos,
1625 1155 1700 1182 locus
1716 1154 1769 1182 iste
1787 1158 1873 1181 terre-

1077 1214 1146 1237 nus,
1166 1205 1192 1232 in
1217 1211 1271 1239 quo
1296 1203 1324 1230 in
1341 1209 1426 1230 carae
1445 1208 1542 1237 passus
1566 1204 1609 1228 est
1627 1199 1767 1227 Christus.
1796 1198 1873 1231 Quod

1077 1259 1142 1279 vero
1167 1251 1245 1282 dicit,
1267 1249 1330 1284 quia
1346 1256 1406 1276 cum
1433 1253 1556 1275 stercore
1578 1246 1705 1273 exuritur
1726 1248 1753 1272 et
1771 1244 1875 1271 intera-

1078 1297 1137 1324 neis
1152 1316 1160 1328 ,
1183 1296 1244 1323 vide
1268 1303 1302 1322 ne
1325 1294 1396 1322 forte
1413 1295 1446 1321 ad
1465 1292 1697 1327 comparationem
1717 1289 1874 1317 cmlestium

1077 1351 1225 1379 corporum
1242 1349 1339 1377 corpus
1355 1341 1426 1369 istud
1444 1341 1568 1368 humana:
1584 1343 1697 1369 natura,
1713 1342 1825 1364 stercus
1842 1335 1872 1362 li-

1078 1389 1211 1424 guraliter
1232 1387 1394 1422 appelletur.
1417 1386 1501 1413 Terra
1526 1384 1599 1412 enim
1627 1387 1686 1415 est,
1703 1387 1731 1410 et
1748 1383 1783 1409 de
1799 1387 1870 1408 terra

1079 1439 1228 1469 sumptum.
1242 1433 1295 1461 Sed
1312 1437 1339 1461 et
1353 1433 1490 1468 cophinus
1504 1431 1549 1458 ille
1570 1429 1701 1459 sterceris
1717 1428 1763 1463 qui
1782 1429 1817 1455 ad
1833 1435 1876 1455 re-

1079 1484 1153 1511 dices
1185 1481 1359 1510 succidendis
1399 1480 1521 1507 ﬁculneae
1549 1478 1686 1510 mittitur,
1711 1477 1778 1511 (prid
1802 1475 1874 1502 aliud

1081 1537 1162 1565 quam
1189 1528 1350 1564 mysterium
1367 1532 1500 1561 susceptae
1513 1526 1539 1552 in
1558 1531 1673 1558 cor-pere
1690 1522 1874 1557 dispensatio-

1082 1577 1125 1605 nis
1147 1575 1289 1604 ostendit?
1312 1573 1368 1602 Nec
1393 1578 1484 1600 tamen
1507 1571 1534 1599 ei
1549 1571 1689 1598 interanea
1711 1568 1812 1596 deesse
1837 1569 1874 1594 di-

1082 1626 1193 1649 cuntur.
1208 1619 1339 1654 Quamvis
1352 1619 1424 1646 enim
1437 1617 1517 1645 vilem
1534 1615 1604 1643 servi
1617 1614 1731 1650 gesserit
1747 1613 1874 1642 formam.

1082 1667 1221 1703 plenitudo
1245 1671 1336 1693 tamen
1363 1665 1393 1691 in
1413 1671 1446 1691 eo
1470 1661 1622 1690 divinitatis
1644 1659 1801 1687 habitabat.
1818 1658 1875 1686 lla-r.

1082 1713 1208 1749 quamvis
1231 1713 1362 1740 audacter
1386 1710 1510 1737 discussa
1533 1709 1609 1739 sint,
1631 1712 1721 1734 tamen
1738 1706 1803 1740 quia
1821 1704 1875 1740 (35)

1084 1759 1201 1786 ﬁdeliqu
1217 1764 1388 1793 quorumque
1406 1754 1504 1782 nutriri
1522 1761 1631 1788 semper
1654 1752 1688 1779 ad
1710 1751 1816 1785 majora
1832 1750 1874 1777 de-

1082 1805 1130 1832 bet
1143 1805 1252 1832 auditus
1265 1824 1272 1836 ,
1286 1804 1381 1832 eadem
1397 1808 1505 1836 quoque
1521 1800 1602 1827 etiam
1625 1800 1656 1827 de
1672 1798 1825 1834 Synagogte
1838 1797 1875 1825 vi-

1084 1851 1140 1878 tulo
1155 1850 1313 1883 accipienda
1330 1852 1404 1877 sunt.

1119 1897 1145 1924 4.
1163 1896 1192 1924 lu
1209 1897 1304 1926 morali
1321 1900 1411 1922 autem
1428 1895 1488 1921 loco
1506 1896 1594 1927 potest
1609 1884 1728 1926 pon'tifex
1747 1891 1805 1919 iste
1819 1898 1877 1918 seu—

1084 1953 1131 1973 sus
1154 1932 1264 1979 pietatis
1288 1946 1316 1969 et
1333 1939 1474 1974 religionis
1491 1937 1575 1964 videri
1590 1958 1598 1970 ,
1619 1937 1667 1971 qui
1690 1937 1716 1963 in
1733 1937 1817 1964 nobis
1833 1943 1876 1971 per

1084 1990 1223 2019 orationes
1237 1993 1264 2015 et
1276 1985 1486 2015 obsecrationes.
1496 1990 1564 2017 quas
1574 1982 1631 2010 Deo
1643 1983 1796 2014 fundimnS,
1809 1982 1879 2009 velut

1085 2037 1202 2071 quodam
1222 2033 1379 2062 sacerdotio
1405 2031 1537 2066 fungitur.
1555 2029 1605 2055 llic
1619 2030 1640 2056 si
1656 2029 1682 2055 in
1701 2029 1796 2063 aliquo
1815 2028 1877 2055 deli-

1085 2082 1188 2118 querit,
1205 2087 1314 2108 omnem
1328 2079 1459 2106 continuo
1474 2077 1520 2112 qui
1536 2077 1607 2104 intra
1623 2083 1672 2102 nos
1689 2080 1731 2102 est
1746 2075 1879 2101 bonorum

1085 2134 1195 2157 actuum
1218 2133 1332 2162 peccare
1353 2124 1480 2160 populum
1505 2123 1579 2151 facit.
1602 2121 1695 2156 Neque
1719 2121 1796 2148 enim
1814 2119 1879 2147 recti

1085 2174 1177 2209 operis
1190 2172 1293 2208 aliquid
1305 2171 1435 2207 gerimus,
1453 2177 1514 2198 eum
1530 2168 1559 2196 in
1569 2175 1684 2203 pravum
1698 2166 1879 2194 declinaverit

1295 2242 1318 2258 “
1333 2241 1432 2270 Geues.
1445 2248 1532 2273 xxxu,
1545 2239 1572 2272 ι,
1589 2239 1617 2266 ‘2.

281 2307 337 2343 (50)
347 2306 400 2339 Qui
414 2306 484 2343 inter
502 2304 585 2343 Deum
597 2309 620 2331 et
634 2303 751 2343 homines
763 2303 865 2343 irradia:
874 2302 981 2343 quidam
994 2311 1034 2343 νς·
1051 2304 1073 2330 ι)
1088 2311 1119 2334 v;
1140 2300 1412 2343 llierortymtrs_epist.
1425 2298 1490 2343 _l%8.
1503 2298 1578 2343 ει.αό
1594 2295 1749 2343 liful-arium,
1765 2299 1878 2343 capituli.

246 2337 567 2378 propitiaiorjntcrvgnil.
586 2344 640 2378 etc.
657 2337 863 2378 Eotli-uuferme
876 2337 956 2378 {nudo
972 2342 1035 2365 ante

246 2371 393 2412 brigenem
411 2375 487 2403 Philo
497 2374 609 2412 ‘Jndieus
625 2374 745 2412 loquitur
765 2373 814 2400 lib.
833 2371 909 2412 ιμυε
925 2371 1037 2399 Moriar-

246 2408 325 2455 cﬁiaZ:
339 2411 466 2455 Βούξιεται
479 2410 524 2455 cev
541 2409 670 2455 ἀρχιεεέῗ
683 2409 697 2435 ὁ
709 2408 789 2444 νόμος
797 2408 928 2455 ιμείξογος
944 2416 1040 2443 μεμοι-

247 2447 346 2485 ρᾶσθαι
358 2446 477 2487 ’φύσεως
493 2445 509 2482 ἢ
527 2443 598 2472 καὶτὰ
620 2443 777 2479 ἄνθρωπόν,
795 2443 935 2478 ἐγγυτέρω
955 2451 1040 2478 προσ-

249 2484 391 2520 ιόνταητης
408 2481 499 2520 Ozias,
524 2480 663 2520 psedptov,
683 2481 707 2520 ei
723 2480 763 2520 ξεῖ
780 2479 804 2506 τ’
822 2478 1036 2520 ἁληθὲςλέγειν,

247 2519 358 2554 ἀμφοῖν,
370 2513 420 2554 ’ῗνᾳ
434 2513 672 2554 διὰῌμέᾳουξινὸς
689 2515 826 2554 ᾶγθρωποι
845 2513 894 2554 μξν
913 2513 1040 2554 ἱζάσκῳν-

248 2523 358 2554 ἀμφοῖν,
377 2523 420 2544 ἶνα
436 2523 481 2543 δια
502 2523 584 2551 μεσου
601 2523 672 2547 τινος
689 2523 736 2541 ανυ
757 2523 826 2541 ωποι
845 2523 894 2549 μεν
913 2523 1039 2540 macrwa-

248 2563 292 2581 ται
305 2553 382 2584 Θεὸν,
395 2552 462 2584 Θεὸς
477 2551 505 2578 δὲ
520 2552 569 2583 τὰς
578 2551 692 2586 χάριτας
702 2523 855 2586 ἅνὲρώπρις
869 2548 1039 2586 ὐποδιᾳκόγῳ

248 2589 303 2617 τινὶ
319 2588 459 2624 χρώμενος
475 2587 560 2623 ὀρέγῃ
577 2584 624 2613 iui.
645 2584 760 2624 χορηγῇζ
784 2595 792 2611 ι
810 2584 932 2624 Postulat
954 2584 994 2624 lex
1006 2584 1037 2624 _i_n

250 2618 386 2659 pontilice'
400 2618 661 2659 naturam'lium'auii
677 2618 816 2659 majorem,
833 2619 923 2659 ut_qui
997 2618 1038 2659 di-

250 2653 343 2686 vinam
358 2658 469 2692 propius
483 2657 610 2689 accedat,
624 2658 703 2687 situs,
717 2653 739 2683 si
759 2662 851 2692 verum
869 2653 954 2692 fateri
965 2653 1039 2684 licet,

253 2693 279 2720 in
296 2688 437 2726 utriusque
454 2692 588 2722 conﬁnio,
604 2688 631 2718 ut
657 2699 705 2726 per
727 2690 902 2726 mediatorem
921 2688 1039 2721 aliquem

254 2728 378 2755 homines
391 2724 499 2761 quidem
517 2727 598 2753 Deum
617 2724 762 2760 propitiem
777 2744 784 2755 ,
802 2724 872 2750 Deus
892 2730 958 2761 vero
976 2729 1040 2755 gra-

255 2763 306 2789 tias
321 2759 475 2789 homiuibus
487 2782 495 2794 ,
513 2762 604 2796 aliquo
618 2759 683 2788 usus
702 2760 842 2796 ministro,
859 2759 982 2796 porrigat
1001 2762 1042 2796 at-

255 2804 308 2858 Pue
324 2796 463 2831 largiatur.
482 2791 493 2822 ί
507 2796 544 2823 Ita
558 2791 670 2829 quoque
686 2800 782 2821 auctor
796 2791 908 2820 Consilii.
926 2791 1041 2824 apostol.

267 2833 305 2858 Ill.
319 2838 348 2858 It.
364 2838 424 2858 can.
437 2831 489 2858 25:
505 2835 616 2857 sanctus
632 2830 746 2856 Basilius
759 2828 901 2856 Constitui.
915 2831 1041 2858 "tonum,

267 2828 305 2858 itu.
319 2838 348 2862 It,
364 2828 424 2864 cap.
437 2831 489 2861 25;
505 2828 616 2857 sanctus
628 2828 746 2864 Basilius
759 2828 901 2864 (Io‘mlilut.
915 2831 1041 2864 niona31.,

256 2873 317 2900 cap.
341 2861 377 2893 22
396 2861 406 2896 Ξ
427 2865 638 2901 Chrysustomus
660 2865 686 2892 in
707 2863 766 2890 Vidi
787 2862 928 2890 Dominum
945 2861 1040 2889 honnl.

1090 2329 1119 2364 ei
1134 2337 1179 2363 alii
1194 2329 1306 2370 passim.
1320 2329 1515 2370 Vérttltitaiueli
1530 2332 1698 2370 Adlﬁllﬂllltlls
1712 2330 1797 2370 Ιίιιίιιι
1812 2329 1875 2370 Con:

1090 2344 1119 2364 et
1134 2341 1179 2363 alii
1194 2341 1306 2370 passim.
1322 2341 1515 2362 Verumtamen
1530 2341 1570 2359 All
1591 2341 1698 2360 ustuurs
1712 2341 1760 2356 nu.
1778 2341 1797 2356 ιι
1812 2341 1875 2355 huu-

1088 2378 1129 2399 tra
1145 2371 1363 2402 Parmenianum,
1379 2377 1440 2403 cap.
1452 2368 1480 2400 8.
1497 2376 1530 2395 ex
1544 2368 1556 2405 _l
1568 2341 1689 2405 'filllolll.
1701 2372 1740 2397 ιι,
1754 2364 1784 2405 ᾗ,
1794 2362 1878 2405 arguit

1089 2416 1151 2435 eum
1174 2400 1365 2436 Donatistam,
1386 2400 1457 2438 quod
1479 2403 1596 2438 quodam
1618 2401 1679 2438 loco
1703 2400 1876 2438 mediatorem

1093 2431 1377 2475 Iiii'iss’ci’eiis'eoimh
1392 2431 1463 2475 inter
1479 2431 1604 2475 populum
1619 2441 1647 2464 et
1663 2436 1757 2475 Deum.
1844 2431 1877 2458 ὣς

1093 2477 1145 2504 cile
1162 2477 1220 2504 haec
1234 2469 1424 2503 conciliantur.
1442 2469 1522 2501 Solus
1539 2472 1683 2502 Christus,
1700 2470 1776 2497 aiunt
1805 2469 1878 2496 theov

1092 2512 1156 2547 logi.
1174 2511 1306 2538 mediator
1324 2514 1366 2547 est
1383 2513 1487 2536 natura:
1500 2515 1533 2535 ac
1557 2505 1771 2547 redemptionis;
1788 2510 1876 2532 sacer-

1091 2540 1166 2574 dtﬁes
1183 2552 1271 2573 autem
1288 2544 1453 2572 mediatores
1466 2548 1530 2571 sunt
1544 2541 1688 2570 ministerii
1704 2546 1731 2568 et
1747 2540 1876 2567 interces-

1089 2589 1184 2609 SIOIIIS.

1126 2607 1296 2678 (gllICodex
1319 2614 1462 2650 Sangerm.
1476 2632 1485 2646 ,
1503 2622 1513 2639 ι
1530 2611 1640 2640 oﬁ‘erre.
1658 2620 1668 2638 ι
1696 2609 1775 2638 Libb.
1792 2607 1874 2638 editi,

1126 2660 1134 2678 )
1156 2660 1185 2678 er
1201 2672 1207 2678 .
1230 2660 1239 2676 ι

1091 2661 1101 2678 σ
1119 2656 1207 2678 ullel‘t.
1230 2660 1239 2676 ι

1125 2687 1182 2722 (52)
1197 2686 1248 2719 Qui
1260 2686 1287 2713 in
1303 2685 1373 2722 griis
1387 2684 1492 2722 quidem
1510 2691 1561 2722 no};
1577 2690 1626 2722 pro
1638 2685 1760 2722 peccato,
1775 2679 1819 2722 ιεᾳ
1830 2683 1873 2722 pro

1089 2714 1217 2754 ωιληεέεῖ
1229 2726 1283 2749 etc.
1307 2720 1375 2748 Vide
1393 2714 1520 2747 lluetium
1535 2714 1760 2753 Origenianorum
1786 2714 1830 2741 lib.
1844 2719 1871 2743 it,

1089 2761 1184 2791 qius-st.
1199 2757 1225 2785 5,
1243 2764 1317 2783 num.
1331 2756 1376 2782 24.

1198 2779 1449 2824 quia,
1466 2798 1475 2814 ι
1491 2788 1568 2815 deest
1586 2786 1708 2826 iu‘antea
1724 2784 1815 2817 editis,
1828 2779 1872 2810 leti

1092 2821 1243 2855 restituitur
1259 2834 1273 2854 ε*
1290 2821 1638 2860 codiceSangertuaueusi.
