1902 3063
267 106 314 133 ΗΕ)

264 167 449 194 I‘ronuntiabo
476 167 617 194 adversum
637 175 678 194 me
695 167 855 201 iniustitiam
883 174 971 193 meam
1000 167 1052 194 lio-
1068 171 1088 198 Λ

264 214 348 243 tnino.
364 219 392 240 et
405 219 431 239 ιιι
450 213 580 240 remisisti
599 213 768 247 itttpietatent
789 213 881 240 cordis
905 213 969 240 ntei.
987 223 996 239 t
1023 213 1050 240 ltt

264 267 317 294 quo
335 259 461 294 impletur
476 265 502 285 et
518 259 595 290 illud,
617 259 690 293 quod
716 258 835 286 Iacobus
851 259 990 294 apostolus
1011 259 1052 286 di—

264 305 302 332 cit
318 304 340 320 ⁷³
359 312 366 330 :
385 312 394 329 ι
417 303 444 330 Si
458 303 518 336 quis
535 308 623 329 autem
644 303 819 335 inﬁrmatur,
843 307 922 331 vocet
941 303 1053 339 presby-

265 356 337 378 teros
350 349 486 381 Ecclesiae,
499 353 526 376 et
539 349 680 383 imponant
694 350 718 377 ei
730 357 825 377 manus
838 348 904 385 (42),
921 355 1052 384 tingentes

264 405 324 424 eum
337 397 397 423 oleo
414 397 440 423 in
458 397 566 424 nomine
584 395 703 428 Domini,
718 400 743 422 et
755 395 843 424 oratio
860 396 920 423 fidei
937 396 1053 423 salvabit

264 443 413 474 inﬁrmum,
427 448 453 470 et
471 443 492 470 si
511 443 537 469 in
555 441 675 477 peccatis
691 441 785 475 fuerit,
803 442 978 469 remittentnr
989 441 1024 469 ei.
1039 451 1049 468 ι

263 488 295 515 Et
320 494 346 515 tu
365 496 430 524 ergo
454 496 514 515 cum
539 488 615 514 venis
628 486 684 522 (45)
701 487 735 514 ad
755 488 871 522 gratiam
898 488 1050 522 baptismi,

263 534 377 562 vitulum
399 535 536 568 obtulisti,
564 535 628 569 quia
652 535 678 561 in
702 540 816 562 mortem
836 534 938 562 Christi
964 535 1053 570 bapti~

263 584 344 611 zaris.
362 583 428 610 Cum
443 590 508 609 vero
524 582 556 609 ad
574 581 736 616 martyrium
748 582 866 612 duceris.
883 581 988 608 hircum
1001 581 1052 608 ob-

265 629 364 658 tulisti.
383 633 444 663 quia
463 633 603 655 auctorem
621 627 726 662 peccati
752 627 889 655 diabolum
911 627 1051 663 jngulasti.

263 675 331 702 Cum
349 683 412 702 vero
428 674 629 709 eleetnosynam
648 674 756 706 feceris,
775 679 802 702 et
816 682 882 709 erga
900 675 1052 710 indigentes

263 721 390 749 aﬁcctum
410 721 603 748 misericordim
621 720 736 747 sollicita
754 721 854 755 pietate
879 721 1050 756 depcnderis.

263 767 349 794 altare
375 774 482 794 sacrant
510 768 598 795 laedis
618 768 764 802 pinguibus
781 769 912 795 oncrasli.
934 767 1002 795 Nam
1029 768 1050 796 si

262 821 296 840 ex
316 814 398 841 corde
418 814 556 841 remiseris
577 819 719 848 peccatum
735 814 811 841 fratri
830 820 888 846 tuo,
903 819 930 841 et
944 815 1052 842 iracun-

264 860 316 886 duc
333 865 437 886 tmnorc
453 860 588 894 deposito,
614 860 706 887 mitem
723 860 793 887 intra
812 864 838 888 te
853 865 878 887 et
901 860 1050 894 simplicem

263 905 434 939 recollegcris
461 904 594 938 animum,
627 905 783 932 immolasse
811 909 837 931 te
857 905 987 935 arietem,
1009 904 1051 932 vel

264 958 365 986 agnum
396 951 421 976 in
450 951 614 977 sacrificium
653 951 782 978 obtulisse
813 950 928 978 conﬁde.
967 951 1052 978 Porro

263 1002 354 1022 autem
367 996 387 1023 si
404 997 501 1023 divinis
521 996 682 1024 lectionibus
694 996 845 1023 instructus
863 996 900 1023 sis
916 996 973 1032 (Μ)
994 1004 1050 1024 meo.

263 1041 376 1070 (litando
387 1041 455 1068 sicut
470 1041 606 1072 columba,
623 1047 648 1068 et
665 1041 691 1068 in
706 1041 764 1076 lege
782 1041 887 1068 Domini
909 1041 1051 1076 vigilando

220 1119 225 1124 l
262 1087 306 1114 die
322 1095 352 1114 ac
368 1091 454 1119 nocte,
474 1087 507 1114 ab
532 1095 626 1114 errore
650 1095 700 1114 sno
727 1088 898 1114 converteris
925 1093 1052 1122 peccato-

263 1140 331 1165 rcm,
349 1138 375 1160 et
391 1132 494 1166 objecta
514 1134 632 1168 nequitia
649 1133 682 1160 ad
706 1133 908 1167 simplicitatem
925 1141 985 1162 eum
1003 1142 1050 1161 eo-

261 1177 360 1205 luntbtc
382 1179 563 1210 revocaveris,
589 1179 852 1215 alqtte‘adhmreudo
870 1179 984 1211 sanctis,
1013 1180 1052 1207 fc-

263 1224 332 1251 ceris
350 1232 411 1251 cutn
427 1224 583 1252 societatem
598 1225 710 1254 tnrturis
725 1225 837 1257 imitari,
854 1232 903 1259 par
917 1230 1051 1255 turturum

263 1275 310 1296 aut
337 1270 405 1298 duos
434 1270 522 1304 pullos
556 1268 740 1296 columbarum
774 1270 887 1297 Domino
916 1271 1049 1299 obtulisti.

263 1315 340 1348 Quod
357 1316 378 1342 si
394 1316 437 1342 illa
456 1323 515 1350 anc
531 1323 579 1350 spe
602 1321 629 1343 et
654 1316 706 1342 ﬁde
730 1317 815 1350 major
838 1322 890 1348 cst,
909 1317 1050 1350 Charitas,

263 1363 443 1388 abundaverit
461 1363 487 1388 in
503 1362 584 1388 corde
598 1366 660 1395 tuo,
678 1363 714 1389 ita
731 1367 759 1388 nt
777 1363 874 1398 diiigas
898 1363 1051 1397 proximunt

263 1412 339 1434 tuuttt
359 1415 411 1434 ttou
437 1407 524 1434 solum
543 1408 614 1435 sicut
630 1408 757 1442 teipsum,
776 1409 821 1434 sed
838 1409 908 1436 sicut
933 1409 1052 1435 ostendit

264 1453 311 1480 illo
335 1453 382 1487 qni
409 1453 514 1480 dicebat
538 1453 586 1480 7‘z
608 1463 618 1480 ι
637 1453 767 1487 Majorcm
793 1454 862 1480 hanc
890 1454 1051 1481 charitatent

986 102 1147 131 OlllGl-ZNIS

1069 840 1089 871 li

1850 104 1864 131 4
1869 105 1890 130 :‘t

1140 167 1165 194 li.
1185 167 1238 193 Sed
1255 166 1395 195 videamus
1413 165 1477 200 quid
1506 166 1590 192 etiam
1613 165 1646 191 de
1669 164 1713 192 his
1733 173 1797 201 qua:
1814 172 1888 199 nupe.

1105 214 1217 240 recitata
1231 218 1306 245 sunt,
1319 213 1489 239 sentiendum
1504 213 1539 239 sit
1551 213 1573 228 τυ
1587 220 1593 238 :
1610 221 1619 237 I
1638 211 1667 238 Si
1680 217 1785 245 autem,
1797 212 1886 247 inquit

1104 260 1194 286 anima
1210 267 1262 286 una
1279 259 1436 293 peccaverit
1457 258 1553 284 nolens
1567 266 1600 284 ex
1624 258 1723 292 populo
1743 263 1838 289 terrm.
1861 258 1890 284 fa

1105 306 1200 332 cieudo
1221 313 1304 331 unum
1327 306 1362 331 ab
1385 304 1511 332 omnibus
1535 305 1670 332 mandatis
1694 305 1805 332 Domini
1827 313 1890 340 quo:

1105 358 1158 378 non
1177 351 1232 384 ﬁet,
1256 356 1282 378 et
1296 351 1451 385 deliquerit,
1469 355 1494 378 el
1513 355 1606 377 notum
1622 351 1722 378 factum
1751 351 1837 378 inerit
1863 352 1889 377 ill

1103 403 1244 431 peccatmu
1260 398 1331 431 quod
1351 399 1484 431 peccavit,
1504 397 1733 425 addttectdonum
1752 405 1840 424 suum
1856 406 1890 424 ca

1104 451 1180 478 prant
1196 444 1228 470 de
1247 443 1344 475 Itmdis,
1364 443 1491 471 feminam
1512 444 1572 470 sine
1590 443 1695 470 ntacula
1712 444 1837 472 adducet
1853 452 1890 479 pri

1105 495 1216 524 peccato
1236 490 1307 523 quod
1333 490 1464 523 peccavit.
1485 499 1493 515 ι
1512 489 1545 517 Et.
1560 497 1668 517 omnem
1692 496 1753 523 post
1777 491 1842 518 hanc,
1857 499 1887 517 sa

1104 536 1201 563 criﬁcii
1219 536 1300 563 ritum
1314 556 1321 567 .
1342 537 1492 563 secundum
1517 537 1590 570 quod
1609 544 1689 570 snpra
1706 537 1890 571 exposuimus

1103 583 1252 610 enarravit.
1276 582 1312 609 De
1326 583 1416 609 anirtta
1438 590 1519 616 quam
1539 581 1590 609 sub
1607 588 1721 616 peccato
1738 583 1844 610 factam
1862 584 1885 610 di

1104 627 1141 654 cit
1154 627 1265 661 offerre,
1278 628 1396 663 qualiter
1409 629 1579 656 sentiendum
1594 629 1639 661 sit,
1656 630 1683 656 in
1694 629 1888 662 superioribus

1103 679 1183 708 prout
1199 674 1345 707 potuimus.
1368 674 1575 708 explanavimns
1592 684 1598 701 :
1614 676 1685 709 quod
1713 682 1782 702 vero
1801 675 1828 702 in
1848 675 1890 701 hoc

1104 720 1162 747 loco
1181 721 1295 753 addidit,
1308 721 1400 748 dicens
1417 731 1423 749 :
1444 730 1453 747 ι
1469 721 1565 748 Anima
1581 721 1604 749 si
1621 722 1774 756 peccaverit
1792 729 1826 749 ex
1848 729 1890 756 po-

1103 767 1167 801 pttlo
1185 771 1273 799 terrm,
1289 776 1298 793 I
1315 775 1367 794 non
1385 767 1451 794 ntihi
1467 768 1574 794 videtur
1591 768 1720 794 otiosum.
1738 767 1808 800 Quis
1823 768 1890 794 enim

1105 814 1254 847 dubitaret,
1268 814 1334 848 qttin
1351 821 1380 840 ea
1398 821 1457 847 quae
1473 813 1540 840 dicit
1557 813 1610 844 lex,
1622 814 1654 840 ad
1669 814 1789 845 animas,
1808 814 1850 840 vel
1864 816 1890 839 ad

1105 860 1244 894 populum,
1260 860 1306 894 qui
1321 864 1386 887 sunt
1403 859 1429 885 in
1452 863 1536 889 terra.
1553 859 1733 886 dicerentur?
1747 859 1820 892 Quid
1834 867 1890 893 crgr

1105 905 1287 932 necessarium
1308 904 1374 936 fuit,
1394 910 1422 931 ut
1439 905 1472 930 ad
1495 904 1547 930 hoc
1572 903 1642 938 quod
1659 903 1727 930 dixit
1746 913 1753 930 :
1770 913 1780 929 ι
1798 904 1890 930 Anium

1104 957 1155 976 una
1167 950 1189 976 si
1205 949 1371 984 peccaverit,
1389 958 1398 974 ι
1415 949 1525 975 adderet
1540 955 1546 973 :
1565 958 1573 973 ι
1591 947 1629 974 Ex
1643 947 1741 982 populo
1766 949 1868 975 terra“?
1884 957 1890 974 ι

1103 996 1156 1023 Sed
1177 996 1321 1024 videndum
1336 1000 1388 1025 est.
1412 1002 1446 1022 nc
1461 994 1532 1021 forte
1547 995 1579 1022 ad
1597 995 1805 1022 distinctionem
1828 995 1890 1022 alte-

1104 1043 1160 1070 rius
1176 1042 1267 1077 populi
1284 1042 1329 1076 qui
1345 1049 1398 1069 tton
1413 1047 1453 1068 cst
1470 1042 1503 1068 de
1523 1046 1607 1071 terra,
1629 1041 1685 1068 inec
1713 1041 1807 1068 anima
1837 1049 1890 1076 qua:

1102 1089 1257 1123 peccaverit
1275 1088 1343 1124 (48).
1361 1088 1395 1115 de
1416 1087 1515 1122 populo
1535 1092 1613 1114 tet-ne
1627 1095 1686 1114 esse
1703 1087 1824 1114 dicatur.
1844 1088 1890 1114 Nc-

1102 1143 1154 1170 qnc.
1170 1135 1243 1162 enim
1261 1134 1408 1161 convenire
1425 1135 1527 1161 dictant
1545 1134 1596 1160 hoc
1613 1137 1703 1167 potest
1725 1134 1777 1165 illi,
1794 1135 1840 1168 qui
1857 1134 1890 1160 di-

1102 1181 1181 1208 cebat
1198 1180 1241 1207 ’°:
1262 1189 1271 1205 ι
1293 1180 1390 1208 Nostra
1407 1185 1496 1206 autent
1512 1180 1683 1206 conversatio
1701 1180 1727 1206 in
1745 1180 1828 1207 cmlis
1843 1188 1856 1207 e
1873 1185 1890 1210 ι,

1103 1227 1174 1254 ttnde
1202 1231 1229 1253 ct
1262 1226 1432 1254 Salvatorctu
1460 1230 1651 1260 exspectamus
1679 1226 1828 1252 Dominum
1852 1225 1890 1252 .lc-

1102 1280 1173 1300 sunt.
1189 1281 1198 1298 ι
1215 1272 1354 1305 Quomodo
1368 1279 1432 1306 ergo
1447 1272 1524 1300 i5tant
1538 1272 1654 1298 anintattt
1669 1272 1768 1299 merito
1781 1271 1889 1298 dixerim

1103 1319 1136 1346 de
1152 1319 1230 1353 192
1251 1319 1348 1353 populo
1367 1323 1455 1350 terrae,
1476 1327 1534 1352 quzc
1551 1318 1616 1345 nihil
1642 1318 1726 1345 habet
1749 1325 1890 1345 commune

1102 1373 1165 1393 cum
1181 1371 1265 1397 terra,
1282 1366 1328 1392 sed
1346 1369 1399 1392 lota
1415 1365 1441 1392 in
1458 1365 1535 1391 C(l‘iiS
1551 1369 1602 1397 est,
1619 1369 1645 1391 et
1662 1365 1696 1390 ibi
1713 1371 1889 1390 convena!"

1103 1413 1148 1440 ubi
1166 1412 1290 1439 Christus
1307 1415 1348 1438 est
1366 1411 1391 1438 in
1409 1411 1520 1437 dextera
1546 1411 1591 1438 Dei
1618 1411 1724 1441 sedeas.
1737 1418 1795 1444 quo
1809 1416 1834 1437 et
1850 1419 1889 1436 re-

1103 1458 1160 1485 dire
1175 1457 1326 1487 desiderat,
1349 1461 1375 1484 et
1401 1465 1461 1484 esse
1479 1465 1538 1484 cum
1558 1457 1688 1486 Christo,
1713 1457 1801 1485 multo
1821 1457 1886 1484 enim

265 1507 344 1526 Itetttlt
362 1499 441 1526 Italic!
456 1519 463 1531 .
484 1508 564 1534 quam
595 1505 624 1526 ul
646 1500 765 1527 animam
794 1507 871 1527 suam
889 1504 971 1534 ροιιδι
1001 1507 1087 1539 ρτοο
1105 1503 1200 1531 melius
1217 1503 1256 1534 ⁷⁷,
1281 1505 1326 1529 sed
1357 1510 1514 1536 permanere
1545 1503 1570 1529 in
1598 1511 1680 1530 carne
1707 1504 1886 1530 necessarium

263 1545 359 1572 amicis
383 1546 440 1572 suis
452 1566 459 1576 ,
478 1555 488 1571 ι
505 1553 587 1581 panes
613 1546 767 1574 similaccos
784 1546 838 1582 (45)
857 1546 883 1573 in
907 1546 1050 1574 charilatis

264 1592 324 1617 oleo
339 1592 476 1623 subactos,
495 1593 552 1619 sine
571 1592 625 1619 ullo
640 1592 773 1619 fermento
792 1592 900 1618 malitia!
915 1596 942 1619 et
956 1593 1050 1626 nequi-

265 1639 317 1669 lizc,
333 1639 359 1664 in
371 1639 476 1673 azymis
492 1639 659 1666 sinceritatis
683 1643 709 1665 et
733 1638 858 1666 veritatis
880 1643 905 1664 te
919 1637 1050 1665 obtulisse

264 1691 408 1719 cognosce.
429 1684 457 1710 Si
478 1690 568 1710 autem
595 1685 620 1710 itt
649 1683 830 1710 amaritudine
847 1683 924 1710 ﬁctus
938 1683 974 1710 tui
994 1682 1049 1718 (46)

265 1730 349 1756 fueris
364 1730 448 1761 luctu,
467 1730 594 1764 lacryntis
609 1735 636 1756 et
649 1730 843 1757 lamentatione
861 1730 1011 1761 confectus.
1027 1729 1049 1756 si

263 1782 374 1801 carnem
400 1779 472 1801 luam
501 1776 696 1807 maccraveris,
722 1781 749 1802 ct
775 1775 885 1809 jejuniis
909 1783 941 1803 ac
966 1775 1048 1801 multa

261 1821 427 1848 abstinentia
444 1821 548 1847 aridam
567 1821 682 1854 feceris,
708 1826 735 1848 et
757 1820 875 1851 dixeris,
893 1821 954 1855 quia
980 1821 1051 1848 sicut

262 1867 404 1894 frixoriunt
422 1867 543 1894 confrixa
559 1873 623 1894 sunt
640 1875 702 1895 ossa
723 1875 793 1900 mea,
811 1871 874 1893 tunc
885 1867 1048 1894 sacriﬁcium

261 1915 406 1942 sintiianta
427 1915 577 1950 sartagine,
604 1915 646 1943 vel
675 1923 690 1942 a
720 1916 849 1943 craticula
875 1915 1007 1943 obtulisse
1024 1921 1049 1943 te

262 1963 370 1988 noveris
386 1961 441 1996 (Π)
460 1971 466 1988 :
483 1967 510 1989 et
538 1963 588 1989 hoc
610 1963 689 1988 modo
705 1962 838 1988 invcttiris
854 1966 881 1988 ιιι
902 1962 1002 1992 verius,
1023 1966 1050 1997 et

260 2006 408 2039 perfectius
437 2007 584 2034 secuudnnt
613 2007 788 2039 Evangelium
821 2005 921 2034 oﬁerre
946 2005 1046 2032 sacriﬁ-

261 2052 313 2084 cia,
336 2060 394 2086 qmc
409 2053 558 2079 secundum
581 2052 666 2088 legem
684 2053 740 2086 jant
766 2051 866 2081 offerre
884 2059 938 2079 non
961 2055 1052 2086 potest

260 2096 353 2124 lsraeL

297 2189 319 2205 ⁷³
334 2187 392 2216 Jac.
410 2195 435 2219 v,
454 2188 498 2215 Μ.
536 2188 560 2204 ⁷⁸
574 2195 651 2214 toan.
665 2195 710 2219 xv,
729 2188 771 2215 15.

261 2234 394 2259 incentor.
411 2232 468 2266 Ipse
479 2232 552 2259 enim
566 2240 637 2258 nunc
657 2240 705 2258 nos
723 2238 750 2259 ut
770 2239 913 2267 peccemus
925 2231 1049 2267 instigat.

260 2268 319 2301 ipse
335 2269 428 2300 etiam,
444 2275 505 2294 cum
522 2267 735 2301 pec-caverimus,
749 2272 869 2294 accusat.
892 2266 920 2293 Si
935 2266 1002 2300 ergo
1024 2268 1048 2295 in

259 2303 313 2329 vita
338 2303 537 2336 praaveniantus
557 2309 629 2330 eum.
645 2307 672 2328 et
690 2302 740 2335 ipsi
765 2302 849 2328 nostri
873 2307 1050 2330 accusatores

259 2339 359 2366 simus.
378 2337 528 2371 nequitiam
547 2337 645 2363 diaboli
664 2337 764 2363 inimici
781 2337 865 2363 nosiri
888 2342 916 2363 et
933 2345 1049 2364 accusa-

261 2374 327 2400 toris
343 2371 496 2406 effugintus.
521 2372 566 2399 Sit:
587 2372 660 2398 enint
683 2377 710 2398 et
733 2372 796 2398 alibi
814 2373 943 2406 propheta
956 2372 1023 2399 dicit
1039 2382 1046 2399 :

260 2408 310 2435 Die
325 2414 352 2434 lu
365 2408 516 2442 iniqnilales
540 2413 599 2433 Inus
621 2407 704 2441 prior,
723 2413 749 2432 ul
768 2407 924 2441 justi/icui:
936 2428 943 2438 ,
965 2417 973 2432 t
991 2413 1046 2434 etc.

262 2443 329 2471 Hinc
353 2451 417 2469 sane
442 2443 529 2476 quivis
559 2444 592 2468 ah
617 2443 690 2468 omni
720 2443 893 2475 pra-jodicata
920 2443 1048 2475 opinione

261 2479 331 2505 liber
354 2479 463 2512 colliget
481 2478 593 2504 ntultunt
618 2478 652 2504 ab
678 2478 904 2504 ltcterodoxorum
921 2478 1046 2504 doctrina

259 2514 380 2541 abfuisse
392 2514 548 2548 Origencrn,
565 2513 663 2547 quippe
675 2514 721 2546 qui
736 2521 796 2539 cunt
814 2512 935 2539 Ecclesia
951 2513 1046 2538 catho-

260 2549 310 2576 lica
331 2549 451 2576 Romana
464 2548 544 2574 docet
558 2555 620 2575 vere
630 2549 806 2582 pceniteutem
820 2555 872 2573 non
884 2549 1047 2574 erubescere

258 2585 358 2611 debere
372 2584 461 2611 omnia
479 2587 588 2617 peccata
605 2590 654 2609 sua
670 2583 752 2610 etiam
767 2582 871 2609 occulta
888 2590 940 2608 ttott
958 2582 1045 2609 solum

260 2619 326 2650 Deo.
341 2620 386 2646 sed
403 2619 485 2646 etiam
511 2619 644 2646 saccrdoti
663 2619 802 2650 iudicare,
823 2622 850 2644 et
877 2617 1040 2644 medicinam

258 2656 293 2680 ah
305 2662 337 2680 eo
351 2661 483 2687 qumrerc.

296 2686 402 2724 (59.)71'21
426 2690 560 2724 imponant
580 2690 604 2715 ei
627 2696 730 2724 manus.
749 2687 786 2714 Ex
806 2687 936 2724 memoria
954 2686 1044 2724 laudat

260 2721 392 2756 Origenes
400 2724 481 2749 verba
490 2721 587 2750 'Jacobi
599 2723 713 2758 apostoli
727 2723 773 2757 qtti
788 2723 937 2749 secundum
953 2722 1042 2747 omnia

260 2758 423 2792 excinplaria
438 2759 546 2791 scripsit
561 2768 568 2786 :
587 2768 596 2784 ι
615 2764 643 2785 et
656 2763 735 2784 orent
751 2765 832 2790 super
847 2764 918 2784 cum.
938 2765 947 2781 ι

296 2792 351 2828 (45)
364 2794 452 2819 (Index
470 2793 624 2827 Sattgcrtn.,
640 2802 648 2818 ι
660 2794 746 2820 venis.
760 2802 768 2816 ι
786 2792 863 2818 Libb.
878 2792 954 2821 editi,
971 2799 980 2815 ι
998 2799 1042 2817 re.

260 2828 342 2854 neris.
357 2838 365 2854 ι
393 2828 474 2855 I’aulo
492 2833 552 2862 post
570 2829 640 2855 idem
664 2835 715 2854 nts.
735 2828 819 2854 codex
832 2847 838 2859 ,
857 2836 865 2852 ι
879 2827 904 2853 itt
928 2833 1041 2854 mortem

1107 1549 1181 1577 ducit
1197 1549 1251 1583 («59)
1267 1555 1377 1584 propter
1393 1549 1457 1576 nos?
1475 1548 1535 1576 lltcc
1552 1550 1623 1576 eniut
1642 1549 1732 1576 anima
1753 1558 1815 1584 qicc
1831 1558 1887 1584 prc-

1106 1600 1161 1623 cat.
1182 1595 1214 1621 de
1229 1594 1327 1628 populo
1343 1599 1422 1620 terrm
1437 1599 1488 1625 cst,
1505 1594 1606 1620 facirtts
1619 1602 1700 1620 unum
1715 1594 1751 1620 ab
1768 1596 1886 1621 omnibus

1106 1641 1240 1667 mandatis
1269 1639 1389 1673 Domini,
1418 1641 1489 1674 quod
1510 1648 1561 1665 ttott
1581 1640 1635 1666 fiet.
1654 1639 1702 1665 Diti
1721 1648 1766 1667 me
1788 1641 1815 1666 in
1841 1641 1884 1667 hoc

1105 1694 1228 1714 sermone
1243 1685 1352 1720 quidam
1367 1691 1459 1719 stupor
1470 1686 1613 1712 attonitum
1631 1686 1727 1713 tenuit.
1745 1686 1803 1713 Nott
1821 1688 1884 1714 enim

1104 1737 1305 1765 consequenter
1318 1730 1421 1757 dictum
1439 1731 1516 1757 video
1536 1732 1608 1765 quod
1618 1733 1774 1765 peccaverit
1789 1733 1882 1763 ani-na,

1103 1781 1130 1802 et
1148 1776 1241 1803 fecerit
1261 1784 1342 1802 unum
1357 1784 1388 1803 ex
1407 1776 1544 1802 mandatis
1557 1777 1661 1803 Dontini
1678 1778 1750 1812 quod
1766 1787 1818 1805 non
1835 1779 1884 1805 ﬁci.

1104 1822 1131 1848 Si
1149 1822 1220 1848 eiiim
1241 1823 1398 1848 mandatum
1417 1822 1523 1848 Domini
1539 1827 1590 1852 est,
1609 1823 1746 1856 quomodo
1764 1824 1822 1850 fieri
1838 1832 1883 1850 nott

1103 1867 1206 1899 debuit,
1227 1874 1288 1893 cnm
1311 1867 1404 1900 utique
1429 1867 1460 1892 ad
1487 1867 1538 1893 hoc
1567 1868 1664 1894 dentur
1687 1869 1816 1895 ntattdata
1836 1869 1882 1895 Do-

1104 1911 1179 1943 tnini,
1205 1917 1233 1937 ut
1258 1911 1341 1938 fiant?
1362 1911 1394 1937 Et
1409 1911 1544 1944 quomodo
1571 1911 1613 1938 hic
1635 1911 1735 1938 dicitur
1762 1919 1884 1946 peccasse

1103 1964 1191 1983 annva
1209 1955 1264 1991 (50)
1280 1964 1339 1990 quae
1355 1956 1450 1983 fecerit
1467 1963 1549 1982 unum
1566 1957 1599 1983 de
1619 1957 1757 1984 mandatis
1774 1958 1882 1989 Domini,

1100 2003 1171 2038 quod
1189 2011 1241 2030 non
1258 2003 1322 2029 fiet?
1343 2003 1375 2030 Et
1396 2002 1520 2030 fortassis
1536 2003 1670 2037 aliquibus
1685 2004 1824 2031 videbitur
1837 2011 1876 2030 er-

1102 2051 1147 2075 ror
1165 2049 1324 2087 elocutionis
1350 2056 1398 2083 per
1426 2049 1589 2083 ittterpretcs
1618 2048 1705 2075 factus
1721 2057 1728 2074 :
1747 2049 1795 2076 sed
1822 2048 1880 2075 mihi

1065 2101 1086 2128 ι)
1101 2094 1236 2121 curiosius
1262 2094 1409 2128 inquirenti
1434 2098 1602 2129 compertutn
1627 2098 1670 2120 est
1686 2101 1784 2121 omnes
1805 2094 1881 2120 inn-r-

810 2187 833 2203 ⁷⁵
849 2186 914 2214 Lev.
932 2194 969 2218 tv,
987 2186 1022 2213 27
1036 2192 1151 2221 etseqq.

1189 2185 1213 2201 ⁷⁸
1228 2185 1343 2220 Philipp.
1358 2193 1400 2217 ιιι,
1412 2185 1458 2213 20.
1512 2185 1535 2201 '"
1552 2185 1668 2220 Philipp.
1684 2193 1704 2217 ι.
1720 2185 1768 2218 22,
1783 2185 1828 2213 25.

1105 2231 1207 2272 _Chri.sli
1224 2231 1381 2272 baptizaris.
1394 2240 1404 2257 t
1419 2231 1495 2258 Libb.
1509 2231 1586 2263 editi,
1601 2239 1611 2256 ι
1633 2232 1662 2258 in
1680 2237 1771 2258 morte
1784 2231 1880 2259 Christi

1103 2268 1262 2301 baptizaris.
1276 2275 1285 2291 I

1137 2301 1192 2337 (Μ)
1208 2300 1357 2327 Instructo:
1370 2301 1416 2328 sil.
1438 2301 1517 2328 Deest
1538 2301 1564 2328 in
1580 2305 1663 2329 antea
1677 2301 1771 2335 editis,
1786 2311 1796 2328 ι
1810 2301 1855 2332 sis.
1870 2310 1878 2326 ι

1102 2342 1129 2363 at
1145 2336 1279 2369 reperitur
1296 2337 1321 2363 in
1342 2337 1435 2362 codice
1448 2337 1689 2370 Saugermanensi.

1137 2371 1192 2407 (45)
1220 2371 1297 2397 Libb.
1322 2377 1401 2407 antea
1424 2372 1505 2403 editi,
1521 2381 1529 2396 ι
1543 2377 1625 2405 ponat
1638 2373 1700 2406 quis
1715 2379 1766 2406 pro
1791 2371 1880 2398 amicis

1099 2408 1166 2436 suis.
1186 2413 1269 2440 panes
1284 2406 1483 2440 similagineos,
1503 2416 1513 2432 ι
1539 2413 1605 2438 etc.,
1623 2412 1651 2433 at
1668 2415 1733 2434 mss.
1750 2413 1781 2434 ttt
1798 2407 1823 2433 iu
1839 2414 1881 2432 no-

1230 2450 1235 2464 1
1250 2460 1257 2467 ι

1099 2446 1360 2512 ειῗὶιὲῗῖιέιιηοιηεη
1378 2485 1387 2501 ι
1401 2477 1437 2512 tni
1451 2485 1460 2502 ι
1480 2477 1555 2504 deest
1579 2475 1607 2503 in
1631 2481 1711 2504 antea
1729 2476 1819 2508 editis,
1835 2476 1878 2502 sed

1100 2517 1234 2545 Tcpt-rlllll‘
1248 2511 1274 2538 in
1292 2511 1388 2538 codice
1405 2511 1645 2546 Sangertuanensi.

1100 2583 1104 2587 _
1135 2546 1189 2587 (47)
1200 2546 1269 2587 Idem
1280 2547 1363 2573 codex
1376 2546 1531 2581 Saugerut.,
1545 2555 1554 2572 ι
1567 2547 1699 2574 obtuleris
1707 2552 1734 2574 et
1743 2547 1795 2575 hoc
1804 2546 1878 2573 modo

1098 2588 1256 2609 "numeris.
1273 2591 1283 2606 I

1128 2616 1189 2657 (48)
1201 2616 1273 2643 Idem
1287 2615 1383 2649 codex,
1399 2625 1408 2641 ι
1419 2616 1585 2650 peccaverit.
1598 2627 1607 2642 ι
1622 2616 1699 2644 Libb.
1713 2617 1788 2647 editi,
1804 2626 1814 2641 ι
1825 2622 1877 2650 pec-

1097 2657 1276 2720 caitilti).lclem
1293 2687 1388 2718 codex,
1407 2696 1416 2712 ι
1432 2687 1514 2714 ducit.
1527 2697 1536 2713 ι
1554 2686 1627 2713 Lihh
1644 2687 1720 2716 editi.
1739 2695 1748 2712 ι
1762 2686 1833 2712 dicit.
1848 2693 1857 2710 ι

1133 2722 1189 2756 (δυ)
1207 2722 1281 2753 λιες..
1311 2731 1321 2747 ι
1334 2724 1433 2749 anima.
1452 2731 1461 2748 ι
1492 2722 1570 2749 Lihb.
1588 2723 1672 2753 editi,
1700 2731 1708 2746 ι
1721 2722 1846 2748 animam.
1865 2728 1872 2744 I

1099 2757 1182 2784 Paulo
1200 2762 1260 2790 post
1274 2765 1351 2788 mss.,
1373 2766 1379 2781 ι
1401 2765 1478 2784 error
1495 2757 1656 2784 elocutionis
1671 2764 1720 2790 per
1744 2757 1873 2788 interpre-

1099 2798 1139 2818 tes
1153 2793 1271 2818 factus.t
1289 2792 1366 2818 Libb.
1390 2793 1466 2825 editi,
1494 2802 1502 2817 ι
1521 2800 1639 2820 errorem
1663 2791 1806 2818 locutionis
1832 2795 1875 2823 per

1098 2828 1262 2862 interpretes
1276 2827 1386 2855 factum.
1401 2837 1411 2853 ι
