1894 3059
238 99 292 128 £25

536 161 674 191 HOMILIA
688 162 729 189 lll.

242 226 280 255 De
294 236 324 255 eo
336 228 405 262 quod
418 229 542 259 scriptum
552 234 589 256 ert
600 229 623 244 "
640 237 646 254 :
665 238 674 254 ι
690 228 719 256 Si
732 234 818 255 autem
831 229 919 255 auium
934 237 1025 263 pecca-

279 263 352 294 t-erit.
371 269 394 290 et
408 264 520 291 audierit
540 272 625 290 rocmt
638 264 797 297 juramenti,
812 268 837 290 et
853 265 895 290 hic
908 264 980 290 testia
993 265 1025 290 sit

277 304 322 325 aut
335 299 439 329 viderit,
453 304 498 326 aut
514 299 633 325 conscius
649 299 740 332 fuerit,
755 300 777 325 si
791 307 842 325 non
857 299 1026 330 iudicaverit,

277 340 300 360 et
315 334 370 368 ipsa
385 334 494 367 accipiet
514 339 649 367 peccatum
667 334 736 368 ejus.
753 333 788 360 Et
802 335 891 360 anima
903 342 1028 368 quit-cun-

276 376 323 404 que
336 369 448 402 tetigerit
467 376 568 395 omnem
585 376 639 394 rem
658 369 833 401 immundam,
847 375 893 396 aut
908 369 1027 396 tttortici-

276 411 348 432 uum.
364 408 408 429 aut
421 412 435 429 a
447 404 503 437 [era
515 408 631 437 captum,
648 412 657 429 ι
673 409 730 431 etc.

277 482 303 508 ί.
324 482 360 508 De
383 482 525 509 sacriﬁciis
546 490 606 517 qua:
626 482 779 510 oﬂ‘eruntur
801 484 834 511 ab
861 483 903 511 his
918 484 962 518 qui
982 492 1029 518 per

241 528 434 563 ignorantiam,
461 528 503 556 vel
523 529 566 562 qui
589 536 641 555 nott
674 529 814 557 voluntate
844 531 1027 563 peccaverint,

240 581 332 601 sermo
347 579 399 601 est.
411 574 488 601 Unde
501 578 526 601 et
540 574 566 600 in
582 574 780 609 superioribus,
796 582 858 602 cum
874 576 906 602 de
919 577 1029 610 pontili-

239 619 280 646 cis
301 619 445 646 sacriﬁciis
469 618 524 654 (58)
546 619 709 651 diceremus,
741 620 946 647 observavimus
975 629 1027 647 non

238 672 299 692 esse
309 664 440 698 Scriptum
458 664 491 691 de
507 672 550 697 eo,
570 665 634 698 quia
656 664 833 699 iguoraverit.
856 665 908 693 Sed
929 665 951 693 si
967 666 1029 701 quis

239 710 309 738 bene
320 710 550 737 tueminiteorum
573 717 634 745 quae
654 710 726 736 dicta
741 715 814 742 sunt,
833 715 922 745 pilest
951 712 1028 738 nobis

240 758 340 789 dicere,
359 757 420 792 quia
434 757 596 784 sacrificium
615 757 685 791 quod
699 757 852 791 pontiﬁcem
866 766 915 792 pro
933 765 1029 792 pecca-

241 807 269 830 to
283 802 400 829 diximus
416 802 556 834 obtulisse,
575 802 686 837 figurauit
707 803 807 829 Christi
827 808 918 829 tenere
933 805 1027 838 posui-

974 100 1018 128 0R

1083 100 1134 128 ηις
1803 105 1840 133 let

1041 165 1064 192 Λ
1080 162 1105 188 in
1128 168 1212 188 carne
1230 160 1341 195 positus,
1366 165 1394 188 et
1416 161 1501 188 teneri
1521 161 1617 196 potuit,
1638 165 1665 189 et
1681 161 1772 190 occidi.
1793 163 1842 192 Nam

1078 215 1222 242 ponamus,
1243 206 1317 234 verbi
1338 207 1438 241 gratia,
1460 208 1481 235 si
1499 208 1629 235 Dominus
1649 207 1789 242 maiestatis
1802 217 1841 237 non

1077 254 1197 280 venisset
1217 254 1243 280 in
1268 260 1362 286 carne,
1383 261 1436 280 non
1458 254 1593 289 arguisset
1617 253 1734 286 Judaaos,
1755 263 1798 282 non
1813 256 1844 283 eis

1079 299 1175 326 fuisset
1189 299 1279 334 gravis
1288 300 1409 326 etiamad
1425 299 1583 332 vivendum,
1599 307 1652 326 non
1669 300 1758 334 utique
1774 303 1842 328 teneri

1078 344 1222 379 potuisset,
1251 351 1340 378 neque
1356 344 1389 371 ad
1410 350 1523 371 [nonem
1544 345 1631 378 tradi;
1647 353 1777 380 nunquam
1799 347 1846 374 siue

1079 391 1160 417 dubio
1182 390 1301 418 venisset
1321 390 1433 425 sanguis
1457 390 1515 424 ejus
1531 398 1615 425 super
1636 391 1719 425 ipsos,
1737 396 1762 418 et
1778 400 1846 426 super

1080 436 1149 464 ﬁlios
1164 443 1267 464 eorum.
1290 436 1344 464 Sed
1360 436 1424 470 quia
1439 437 1513 463 venit
1533 437 1559 464 in
1574 444 1668 469 carne,
1683 441 1709 464 et
1724 445 1767 471 pro
1783 439 1846 465 nobis

1079 488 1219 518 peccatum
1235 483 1324 512 factus
1334 488 1387 516 est,
1403 487 1431 511 et
1444 483 1500 510 hzec
1514 483 1569 518 pati
1581 483 1680 518 potuit,
1697 483 1790 510 idcirco
1802 484 1847 518 ipse

1079 529 1179 556 dicitur
1201 536 1312 564 peccare
1329 529 1459 565 populum
1483 527 1590 561 fecisse,
1615 528 1661 563 qui
1684 526 1745 555 fecit
1761 529 1846 556 eumiu

1079 582 1109 602 se
1127 582 1206 609 posse
1222 583 1352 610 peccare.

1114 621 1141 648 9.
1159 620 1211 648 Sed
1226 621 1368 648 videamus
1381 620 1437 656 jam
1451 619 1509 655 (63)
1527 620 1592 655 quid
1608 620 1662 656 agit
1677 624 1705 647 et
1719 620 1765 648 ista
1784 620 1850 657 ιθῆ

1079 666 1179 700 anima,
1196 674 1256 702 qua:
1279 667 1356 693 audit
1373 674 1468 694 vocem
1489 667 1648 701 juramenti,
1664 672 1692 694 ct
1712 667 1782 694 testis
1806 673 1849 698 est.

1079 712 1121 740 vel
1138 720 1199 747 qua:
1222 713 1288 740 vidit
1307 712 1408 747 aliquid
1436 717 1462 740 et
1483 713 1594 740 cottscia
1612 717 1664 744 est,
1688 717 1776 740 etnon
1791 713 1848 740 iudi-

1079 762 1138 790 cat;
1157 765 1190 784 ex
1211 764 1264 792 quo
1281 757 1385 792 accepit
1405 758 1487 784 etiam
1508 758 1564 790 ipsa
1585 763 1726 792 peccatum
1740 757 1792 791 ejus
1803 758 1851 784 sine

1080 801 1173 832 dubio,
1194 801 1239 836 qui
1255 801 1347 836 inique
1361 806 1408 828 aut
1422 803 1477 837 egit
1490 802 1603 837 aliquid,
1619 807 1665 828 aut
1680 802 1786 836 juravit.
1805 802 1851 829 lluc

240 855 311 880 tuus,
336 852 363 875 et
378 846 544 874 conueniens
561 854 613 873 non
629 847 765 873 videbitur
782 852 810 874 ut
832 847 958 874 Christus
981 849 1026 881 qui
1045 847 1064 874 B
1079 851 1159 877 etiam
1179 851 1327 878 secundum
1352 850 1493 878 historiam
1516 857 1566 876 nos
1584 850 1712 883 :cdilicat,
1725 855 1751 877 ct
1776 850 1851 882 docet,

240 899 380 929 peccatum
394 894 492 926 nescit,
513 901 561 927 pro
575 898 687 927 peccato
699 893 756 928 (59)
775 893 880 920 dicatur
899 894 1028 921 obtulisse

240 941 415 972 sacrificium,
427 939 488 966 licet
503 946 549 973 per
562 939 722 973 mysterium
738 947 780 965 res
796 943 901 973 agatur,
916 945 941 965 et
958 940 1027 966 ideut

240 987 299 1021 ipse
314 985 445 1022 pontifex,
464 986 533 1013 ident
545 991 663 1021 ponatur
678 990 705 1013 et
722 985 820 1013 hostia.
848 984 915 1012 Vide
927 993 990 1020 ergo
1005 987 1026 1012 si

238 1039 267 1060 et
283 1036 317 1060 ad
333 1033 384 1059 hoe
395 1040 539 1067 possumus
553 1032 603 1059 hoc
617 1032 696 1059 modo
708 1026 863 1063 occurrere,
876 1031 940 1066 quia
953 1030 1030 1059 Citri-

239 1083 297 1105 stos
309 1082 450 1113 peccatum
475 1077 583 1112 quidem
605 1084 658 1104 non
683 1076 757 1109 fecit,
780 1081 920 1110 peccaturo
938 1080 1028 1102 tamen

239 1131 288 1158 pro
306 1123 384 1151 ttobis
401 1123 489 1151 factus
500 1129 541 1152 est
555 1132 561 1150 :
577 1124 640 1151 dum
657 1124 702 1158 qui
715 1128 775 1150 erat
790 1121 915 1149 informa
930 1121 986 1154 Dei,
1002 1121 1028 1148 iu

240 1169 327 1197 forma
338 1170 408 1197 Servi
423 1177 482 1198 esse
494 1170 621 1205 dignatur
635 1179 641 1196 :
660 1170 723 1197 dum
736 1169 782 1204 qui
800 1168 963 1196 immortalis
975 1173 1027 1201 est,

240 1217 366 1250 moritur.
385 1223 412 1244 et
427 1216 600 1251 itnpassibilis
619 1216 733 1251 patitur,
749 1221 777 1243 et
799 1214 943 1243 invisibilis
957 1215 1029 1243 vide-

240 1268 296 1295 tur,
313 1267 340 1290 et
354 1264 416 1298 quia
430 1263 506 1290 nobis
525 1262 684 1290 horninibus
700 1262 742 1289 vel
761 1271 846 1295 mars,
868 1263 910 1291 vel
924 1263 1027 1298 reliqua

239 1309 329 1336 omnis
345 1307 477 1343 fragilitas
493 1308 518 1335 itt
532 1316 617 1336 carne
639 1316 672 1336 ex
693 1308 796 1343 peccati
811 1309 967 1337 conditione
983 1317 1030 1336 su-

241 1353 370 1388 perducta
384 1357 426 1379 est
441 1362 449 1380 :
467 1353 523 1387 ipse
545 1353 627 1380 etiam
643 1354 690 1388 qui
710 1354 736 1380 iu
755 1354 963 1382 similitudinem
980 1354 1029 1381 lto-

240 1399 344 1426 tttinunt
374 1398 459 1426 factus
483 1405 535 1431 est,
560 1403 588 1427 et
615 1399 707 1427 habitu
737 1405 861 1434 repertus
877 1405 906 1427 ut
932 1400 1024 1434 homo,

236 1445 299 1472 sine
322 1445 402 1473 dubio
427 1453 476 1480 pro
499 1450 611 1480 peccato
627 1446 698 1481 quod
715 1453 747 1472 ex
763 1446 841 1473 nobis
856 1453 1027 1481 susceperat,

239 1492 302 1527 quia
315 1496 424 1527 peccata
435 1496 527 1519 nostra
542 1492 668 1526 portavit,
684 1491 797 1519 vitulum
811 1491 1025 1525 immaculatum,

240 1538 292 1565 hoc
316 1543 356 1565 est
377 1545 489 1565 carnem
519 1538 762 1565 incontantiuatatn
785 1538 883 1565 obtulit
909 1538 1026 1566 hostiam

239 1584 305 1612 Deo.
323 1584 377 1612 Sed
393 1585 460 1619 quid
477 1583 607 1611 faciemus
621 1584 653 1610 de
664 1592 707 1617 eo,
721 1584 793 1620 quod
807 1584 833 1611 in
851 1584 1028 1619 sequentibus

237 1629 375 1665 jungitur?
398 1629 447 1657 Ubi
463 1629 534 1656 enim
549 1628 616 1657 dicit
633 1629 656 1645 "
672 1637 679 1656 :
699 1640 708 1656 ι
737 1629 766 1658 Si
781 1630 889 1665 quidem
907 1630 1026 1665 pontifex

238 1677 284 1712 qui
301 1681 397 1703 unctus
412 1682 464 1708 est,
484 1676 649 1711 peccaverit,
668 1686 676 1702 ι
697 1676 733 1704 ibi
754 1677 885 1704 additur:
903 1686 912 1702 ι
932 1676 966 1704 Ut
981 1685 1028 1712 po-

239 1722 331 1757 pulum
357 1722 459 1749 faceret
478 1729 601 1757 peccare,
625 1721 721 1749 offer-et
735 1730 784 1757 pro
800 1728 914 1757 peccato
934 1730 993 1749 suo.
1015 1732 1024 1749 ι

237 1768 379 1802 Quomodo
394 1776 458 1803 ergo
473 1768 618 1796 conveniet
634 1774 663 1796 ut
679 1769 743 1803 quia
758 1777 806 1804 per
819 1777 929 1798 carnem
940 1778 1027 1802 suam,

237 1822 320 1849 quam
335 1815 454 1850 suscepit
468 1822 500 1842 ex
513 1813 590 1842 nobis
601 1813 693 1846 Jesus,
707 1814 765 1849 ipse
776 1821 919 1850 peccatum
938 1817 1028 1845 factus

236 1865 290 1892 est,
305 1868 420 1895 peccare
434 1860 530 1888 fecerit
544 1859 692 1895 populum?
704 1860 833 1888 Ausculta
863 1867 890 1889 et
905 1863 939 1890 de
964 1863 1026 1895 hoc,

237 1906 264 1933 si
291 1906 361 1934 forte
391 1913 452 1933 cum
473 1906 562 1940 aliqua
586 1906 781 1940 consequentia
805 1905 861 1944 (60)
881 1914 1027 1941 possumus

237 1953 410 1988 respondere.
429 1953 523 1980 Passio
547 1952 647 1980 Christi
672 1951 850 1980 credentibus
864 1953 974 1987 quidem
989 1954 1028 1981 vi—

239 2006 304 2033 tam,
320 2005 434 2027 tnortem
448 2006 515 2026 vero
533 2006 585 2025 ttou
604 1998 779 2025 credentibus
792 1998 908 2027 confert.
925 2000 1028 2033 Quant-

238 2046 280 2073 vis
291 2045 363 2073 enim
372 2045 444 2072 salus
455 2045 579 2080 gentibus
592 2045 626 2072 sit
637 2053 684 2079 per
700 2052 808 2072 crucem
821 2045 880 2079 ejus
892 2051 916 2073 et
927 2046 1028 2080 justifi-

238 2092 327 2125 catio,
353 2091 455 2119 Judmis
482 2096 571 2118 tamen
597 2091 725 2119 interitus
746 2096 788 2118 est
810 2096 838 2118 et
861 2093 1027 2120 condemna-

239 2137 287 2165 tio.
306 2137 351 2164 Sic
366 2137 436 2163 enint
449 2141 476 2163 et
489 2136 620 2170 scriptum
642 2141 683 2163 est
698 2137 723 2163 in
748 2136 896 2172 Evangelio
913 2137 968 2174 (61)
979 2138 1001 2154 ⁸⁸
1018 2146 1024 2164 :

243 2191 253 2208 ε
271 2182 342 2209 Ecce
363 2181 406 2208 hic
419 2186 498 2208 natus
512 2185 553 2208 est
573 2181 605 2208 ad
626 2181 730 2207 ruinam
753 2187 780 2208 et
799 2184 1025 2210 resurrectionem
1043 2197 1065 2225 ι)

237 2228 395 2256 multorum.
415 2237 424 2254 ι
442 2227 474 2254 Et
487 2227 538 2254 hoc
552 2227 630 2254 modo
648 2234 696 2261 per
712 2233 854 2262 peccatum
868 2230 1027 2260 suurn,'ltoc

238 2278 280 2300 est
302 2280 350 2308 per
374 2280 485 2299 carnem
513 2274 538 2300 in
556 2280 666 2300 crucmn
693 2278 792 2304 actam,
818 2274 843 2299 in
861 2281 912 2308 qua
934 2281 1025 2302 nostra

238 2325 348 2356 peccata
363 2323 531 2354 susceperat,
549 2326 597 2346 nos
617 2317 726 2353 quidem
745 2318 886 2347 credentes
902 2320 1026 2348 liberavit

238 2374 252 2393 a
278 2370 406 2400 peccato;
435 2364 561 2398 populum
583 2371 647 2391 vero
665 2372 719 2391 non
734 2363 887 2391 credentem
911 2373 1026 2399 peceare

236 2410 311 2441 fecit,
326 2410 423 2444 quibus
438 2411 470 2437 ad
490 2409 688 2437 incredulitatis
703 2409 815 2442 malum,
835 2410 918 2437 etiant
934 2411 1023 2438 sacri-

236 2457 298 2491 legii
316 2456 372 2492 (62)
388 2455 502 2482 accessit
524 2455 659 2489 impietas.
673 2454 706 2481 Et
723 2455 774 2482 hoc
794 2455 872 2482 modo
901 2455 1024 2489 pontifex

236 2503 287 2530 iste
300 2511 348 2536 per
356 2510 433 2529 suurn
450 2505 589 2536 peccatum
606 2509 721 2536 peccare
734 2501 860 2536 populum
879 2501 950 2533 fecit,
962 2503 1024 2529 dunt

270 2560 292 2576 "'
306 2559 392 2586 Levit.
409 2566 434 2588 v.
451 2559 461 2585 l
478 2565 505 2586 ct
520 2566 597 2593 seqq.
634 2558 657 2574 ⁸⁵
669 2558 755 2585 chit.
770 2566 808 2589 tv,
821 2558 849 2586 '5.

272 2604 327 2638 (58)
343 2604 434 2631 Codex
450 2605 604 2640 Sangerm.,
620 2614 629 2631 ε
645 2606 798 2633 sacrificiis.
820 2616 828 2632 t
843 2605 921 2633 Libh.
943 2608 1020 2640 editi,

239 2649 248 2664 ι
260 2640 366 2666 sacrilic
377 2646 403 2666 0.
419 2650 428 2665 t

271 2674 327 2708 (59)
347 2675 424 2700 Littb.
440 2680 518 2703 antea
533 2676 609 2707 editi.
631 2685 640 2702 ‹
656 2684 719 2704 vero
736 2676 846 2704 Christo
862 2677 907 2711 qui
926 2685 1021 2711 pecva-

237 2714 294 2750 tuttt
312 2710 409 2750 nescit,
423 2715 451 2736 ut
471 2719 518 2744 pro
533 2716 656 2746 peccato,
680 2721 689 2737 t
703 2712 751 2739 scd
765 2720 815 2739 ms.
832 2710 976 2747 Saitgerm.
994 2718 1021 2738 ut

237 2748 263 2771 in
281 2748 372 2770 nostro
389 2749 474 2771 textu.

271 2778 428 2816 (60)"Libh.
455 2781 535 2816 editi,
564 2788 653 2807 tcum
682 2781 772 2816 aliqua
798 2782 988 2808 consonantia.
1010 2791 1018 2807 ι

236 2814 320 2842 Codd.
336 2814 476 2841 Bccceusis
488 2819 516 2842 ct
532 2816 672 2849 Saugernt.
690 2822 718 2843 ut
729 2814 762 2843 'in
776 2823 867 2842 nostro
883 2822 966 2842 lt’xlll.

274 2848 329 2885 (ω)
345 2850 433 2876 Codex
449 2848 702 2885 Sangcrmauensis,
719 2861 727 2877 ι
746 2852 771 2878 in
789 2851 952 2886 Evangeliis.
972 2861 982 2877 ι

886 2559 908 2574 ⁸⁵
924 2557 1024 2592 Luc.tt,
1038 2561 1084 2588 54.

1080 903 1114 923 ne
1131 904 1249 931 unquam
1265 896 1292 923 in
1309 896 1428 931 peccatis
1438 895 1551 922 alterius
1561 896 1713 929 polluantus
1729 896 1852 922 conscien-

1081 942 1130 968 tias
1144 947 1262 975 nostras,
1277 949 1309 968 ne
1324 948 1486 968 consensum
1503 941 1573 968 male
1585 943 1730 976 agentibus
1749 940 1855 974 prebea-

1080 995 1149 1015 mus.
1172 987 1338 1015 Consensum
1359 993 1450 1015 autem
1478 988 1550 1019 dico.
1578 995 1630 1014 non
1659 987 1747 1014 solum
1766 987 1855 1020 pariter

1079 1033 1195 1067 agendo,
1212 1034 1260 1060 sed
1274 1033 1355 1060 etiam
1371 1041 1431 1068 qua:
1443 1032 1536 1059 illicite
1548 1037 1622 1067 gesta
1633 1037 1708 1064 sunt,
1725 1031 1856 1059 reticendo.

1081 1078 1128 1105 Vis
1146 1084 1235 1105 autem
1249 1078 1321 1106 scire
1337 1079 1401 1113 quia
1416 1079 1590 1105 consentiant
1611 1078 1670 1105 ha-e
1682 1078 1763 1105 etiant
1785 1084 1856 1104 evan-

1079 1124 1172 1160 gelicis
1193 1124 1356 1159 praeceptis?
1373 1125 1430 1159 Ipse
1446 1124 1578 1151 Dominus
1600 1124 1667 1151 dicit
1684 1124 1707 1140 “
1725 1133 1732 1151 :
1755 1133 1765 1150 ι
1784 1123 1810 1151 Si
1827 1123 1859 1149 ri-

1080 1169 1152 1196 deris
1163 1169 1275 1196 fratrem
1296 1174 1370 1196 tuum
1388 1175 1513 1203 peccare,
1528 1176 1613 1203 argue
1629 1176 1692 1195 eutn
1716 1168 1785 1195 inter
1798 1172 1820 1194 te
1836 1171 1858 1193 et

1080 1216 1166 1251 ipsum
1188 1217 1287 1243 solum.
1315 1215 1343 1242 Si
1371 1219 1397 1242 te
1420 1214 1548 1246 audierit,
1566 1214 1687 1241 lucratus
1703 1221 1736 1241 es
1761 1212 1859 1240 fratrem

1080 1267 1166 1290 tuum.
1181 1261 1259 1296 Quod
1274 1261 1295 1288 si
1312 1265 1338 1288 te
1359 1268 1412 1288 non
1437 1260 1567 1294 audierit,
1582 1260 1680 1288 adhibe
1698 1265 1786 1288 tecum
1804 1258 1860 1285 alios

1080 1306 1157 1339 duos,
1171 1306 1213 1334 vel
1225 1311 1290 1333 tres.
1305 1305 1380 1338 Quod
1392 1305 1413 1332 si
1428 1312 1478 1332 nec
1490 1305 1563 1340 ipsos
1580 1305 1710 1338 audierit,
1725 1305 1769 1332 dic
1781 1302 1861 1330 Eccle-

1079 1353 1137 1380 siae.
1155 1352 1184 1380 Si
1208 1359 1272 1379 vero
1287 1360 1336 1380 nec
1349 1351 1498 1379 Ecclesium
1525 1351 1652 1383 audierit,
1668 1352 1705 1378 sit
1730 1349 1778 1377 tibi
1802 1349 1862 1376 sicut

1079 1400 1203 1427 ethnicus
1220 1404 1248 1426 et
1267 1398 1441 1434 publicanus.
1465 1406 1474 1423 ι
1492 1397 1545 1425 Sed
1567 1397 1756 1432 evangelicum
1774 1403 1862 1432 prince

1080 1451 1154 1479 ptum
1172 1446 1198 1472 in
1224 1453 1257 1472 eo
1272 1444 1418 1479 perfectius
1445 1444 1537 1471 datum
1561 1449 1613 1477 est,
1637 1445 1710 1479 quod
1738 1442 1862 1471 indicandi

1081 1492 1183 1526 peccati
1200 1491 1255 1527 (6i)
1269 1492 1376 1518 tttodutn
1393 1491 1618 1526 disciplinamque
1635 1489 1797 1518 constituit.
1815 1488 1862 1516 Non

1081 1536 1136 1563 vult
1149 1538 1221 1563 enim
1238 1542 1274 1568 te,
1292 1537 1314 1563 si
1335 1535 1405 1564 forte
1426 1541 1567 1572 peccatum
1592 1536 1697 1564 videris
1716 1535 1810 1563 fratris
1824 1534 1864 1563 tui,

1064 1584 1207 1623 ‘coutinuo
1227 1583 1334 1611 evolare
1355 1583 1388 1611 ad
1406 1583 1555 1618 publicum,
1571 1588 1597 1611 et
1618 1583 1795 1618 proclamare
1812 1589 1864 1616 pas-

1080 1630 1141 1664 sim,
1158 1638 1188 1658 ac
1200 1630 1340 1665 divulgare
1349 1631 1437 1658 aliena
1454 1636 1563 1666 peccata
1580 1639 1588 1657 :
1604 1631 1678 1665 quod
1694 1634 1772 1657 esset
1785 1629 1866 1663 utique

1080 1682 1131 1702 non
1156 1675 1329 1710 corrigentis,
1346 1677 1393 1703 sed
1413 1675 1503 1710 potius
1530 1675 1705 1703 infamantis.
1726 1675 1816 1708 Solus,
1832 1675 1866 1700 in-

1079 1720 1147 1755 quit,
1161 1720 1232 1747 inter
1246 1725 1272 1747 te
1286 1726 1312 1747 et
1322 1721 1409 1756 ipsunt
1424 1720 1510 1748 solum
1530 1722 1635 1756 corripe
1651 1729 1732 1749 eum.
1746 1721 1796 1749 Ubi
1807 1721 1868 1747 enim

1079 1766 1183 1792 servari
1210 1766 1261 1793 sibi
1288 1767 1446 1802 mysterium
1476 1767 1576 1794 viderit
1599 1767 1644 1794 ille
1666 1768 1717 1802 qui
1745 1773 1868 1802 peccave-

1080 1811 1115 1838 rit
1132 1811 1197 1847 (65),
1216 1813 1335 1839 servabit
1348 1817 1377 1840 et
1393 1812 1451 1847 ipse
1466 1813 1670 1841 emendationis
1689 1814 1833 1847 pudoretn.
1846 1810 1869 1838 Si

1078 1865 1144 1885 vero
1157 1857 1290 1885 dili‘amari
1307 1865 1336 1886 se
1350 1859 1452 1892 videat,
1469 1859 1543 1886 illico
1558 1859 1592 1886 ad
1611 1859 1774 1894 denegaudi
1791 1859 1870 1892 impu-

1079 1904 1198 1932 dentiam
1212 1909 1406 1938 couvertetur;
1422 1909 1450 1932 et
1461 1913 1515 1932 non
1528 1905 1616 1932 solum
1636 1913 1696 1933 tton
1714 1904 1871 1933 emendave-

1079 1951 1117 1978 ris
1134 1956 1287 1985 peccaturo,
1313 1953 1361 1979 sed
1385 1957 1412 1979 et
1426 1952 1618 1987 duplicaveris.
1642 1952 1729 1979 Disce
1757 1958 1822 1987 ergo
1844 1958 1871 1977 ex

1079 1996 1232 2031 Evangeliis
1247 1997 1382 2025 ordinem.
1396 1997 1500 2031 Primo,
1517 1998 1614 2033 inquit,
1632 1998 1713 2026 solus
1730 1998 1804 2025 inter
1818 2002 1842 2024 te
1853 1999 1871 2022 ιι

1079 2042 1176 2076 ipsum.
1195 2043 1321 2070 Secundo
1337 2043 1437 2070 adhibe
1460 2048 1549 2071 tecum
1563 2044 1631 2072 alios
1649 2044 1738 2078 duos,
1755 2045 1796 2072 vel
1812 2049 1871 2070 tres.

1079 2088 1170 2122 Quare
1185 2089 1254 2116 duos
1267 2089 1308 2116 vel
1327 2089 1399 2116 tres?
1414 2098 1423 2115 ι
1442 2090 1470 2117 ln
1485 2097 1534 2117 ore
1553 2090 1639 2122 enim,
1657 2091 1803 2126 inquit".
1817 2090 1871 2117 duo-

1080 2142 1150 2167 rum,
1161 2134 1202 2161 vel
1217 2135 1300 2162 trium
1315 2135 1423 2162 testium
1437 2135 1518 2163 stabit
1531 2143 1612 2163 omne
1629 2138 1764 2165 verbum.
1783 2145 1793 2162 t
1811 2135 1871 2169 Quo-

1081 2180 1151 2206 niam
1168 2181 1276 2214 quidem
1296 2181 1376 2209 tertio
1399 2182 1599 2217 correptionent
1627 2183 1750 2211 mandat
1779 2182 1812 2210 ad
1833 2181 1871 2209 Ec

1080 2227 1191 2254 clesiant
1206 2227 1393 2261 deferendam,
1420 2229 1539 2255 secundo
1562 2228 1618 2255 vult
1642 2230 1730 2262 duos.
1755 2230 1799 2258 vel
1829 2234 1871 2254 ιτα

1081 2278 1162 2301 testes
1187 2273 1331 2307 adhiberi;
1350 2274 1449 2309 quibus
1476 2275 1658 2309 praesentibus
1677 2282 1837 2311 correptus,
1858 2282 1869 2302 s

1079 2319 1224 2347 emendare
1240 2327 1270 2347 se
1286 2328 1339 2347 non
1355 2320 1421 2352 vult,
1441 2328 1501 2348 cum
1525 2321 1559 2348 ad
1582 2321 1743 2350 Ecclesium
1762 2323 1871 2350 delatum

1079 2366 1160 2393 fuerit
1173 2362 1232 2399 ejus
1247 2371 1399 2400 peccatum,
1419 2368 1505 2402 possit
1525 2367 1631 2395 duobus
1650 2368 1794 2396 adhibitis
1808 2366 1871 2394 testi

1081 2411 1130 2438 bus
1143 2411 1277 2439 coul'utari
1298 2419 1305 2438 :
1323 2412 1481 2446 frequenter
1497 2413 1569 2440 enim
1594 2414 1714 2447 accidit,
1735 2419 1766 2442 ut
1791 2413 1871 2440 volent

1080 2458 1142 2492 quis
1154 2457 1341 2492 evangelicum
1358 2458 1471 2492 implere
1495 2459 1670 2493 mandatum,
1695 2459 1871 2488 calutnniato‘

1081 2504 1202 2531 videatur
1215 2504 1236 2530 si
1252 2503 1354 2530 crimen
1366 2503 1471 2531 deferat
1483 2505 1516 2531 ad
1533 2505 1704 2539 Ecclesium,
1732 2510 1763 2534 et
1776 2505 1871 2533 dcficia

1122 2561 1145 2577 ⁸⁸
1162 2561 1257 2589 Matth.
1270 2569 1348 2594 xvtu,
1365 2562 1407 2595 lii,
1428 2563 1470 2590 16.
1507 2563 1529 2578 ⁸⁷
1543 2562 1608 2589 ibid.

1111 2609 1166 2645 (62)
1176 2610 1261 2646 Codd.
1275 2609 1450 2646 Cadomeusis
1461 2614 1487 2637 et
1503 2610 1664 2646 Saugertn.,
1681 2619 1692 2635 ι
1710 2610 1871 2644 sacrilegii]

1074 2645 1153 2672 Libh.
1169 2645 1244 2676 editi,
1264 2653 1272 2670 ι
1292 2645 1432 2679 sortilegii.
1447 2656 1455 2671 ι

1111 2681 1167 2713 (65)
1189 2679 1328 2706 Videamus
1337 2680 1404 2714 jam.
1420 2687 1472 2708 etc.
1485 2681 1590 2707 Citatur
1603 2679 1649 2707 ltic
1668 2680 1754 2709 locus
1763 2682 1800 2710 ab
1816 2679 1871 2708 Jon:

1076 2716 1215 2742 Aurelian.
1233 2715 1280 2742 lib.
1296 2723 1304 2742 ι
1318 2715 1355 2741 De
1367 2716 1450 2742 imm.
1463 2716 1537 2748 Μία,
1552 2723 1612 2750 cap.
1628 2715 1681 2743 18.

1112 2750 1167 2784 (fit)
1191 2751 1280 2777 Codex
1308 2750 1464 2784 Saugertn,
1485 2759 1493 2775 ε
1512 2751 1625 2785 peccati.
1656 2760 1669 2777 ι
1686 2751 1782 2788 Libh.
1806 2750 1869 2779 editi

1079 2795 1088 2810 ί
1109 2791 1259 2819 pet-catum.
1278 2794 1288 2810 t

1113 2820 1168 2856 (65)
1182 2821 1252 2848 Idem
1267 2828 1330 2853 tns.,
1347 2829 1356 2845 ι
1376 2825 1479 2854 peccat.
1497 2829 1506 2846 t
