1894 3059
55 116 102 144 (‘25

642 119 674 145 IN
696 117 881 146 LIiVlTlllUil
904 118 1041 145 IIONIIIJA
1061 110 1106 146 Ill.

1633 124 1685 152 426

55 175 179 201 testibus.
199 174 238 201 Ne
252 182 318 208 ergo
332 175 381 202 hoc
399 175 516 206 accidat,
534 176 635 203 idcirco
649 177 717 204 duos
729 178 768 204 vel
789 183 845 204 tres
860 178 881 205 Α
898 185 975 210 passa
990 183 1041 210 cst,
1054 183 1081 204 et
1095 179 1216 213 ct-Ogavit
1232 186 1338 207 omnem
1356 180 1537 208 substantiam
1562 191 1638 210 suam
1659 185 1684 211 in

56 225 137 247 testes
153 221 179 246 itt
191 221 310 247 secunda
330 221 509 248 conventione
527 221 607 256 jussit
628 223 763 250 adhiberi.
777 223 843 250 (lum

54 273 118 300 ergo
134 266 275 301 Evangelii
291 266 345 302 (66)
359 267 411 294 tale
426 268 582 294 mandatum
596 268 639 298 sit,
653 273 680 295 et
693 269 733 295 lex
750 270 845 303 praeci-

55 314 108 347 piat
123 314 184 347 quia
203 314 224 340 si
242 314 366 346 tacuerit,
377 313 491 348 accipiet
509 320 649 348 peccatum
666 315 741 348 ejus:
757 317 846 343 scien-

54 359 116 385 dum
130 365 182 392 cst,
209 360 282 394 quod
296 360 317 386 si
336 361 397 394 quis
408 368 439 387 ea
455 367 517 394 qua:
535 361 605 388 videt
627 363 652 388 itt
669 362 767 391 delicto
783 372 845 398 pro-

55 406 119 432 ximi
140 406 193 437 sui,
210 406 251 432 vel
268 414 320 433 non
339 407 440 434 indicat
457 409 605 434 secundum
630 410 749 443 regulam
765 418 845 445 supe-

55 452 111 478 rius
132 452 236 483 dalam,
260 452 301 479 vel
323 452 350 480 in
371 453 558 480 tcstimonintn
575 460 698 485 vocatus,
718 464 770 482 non
785 463 844 489 qme

53 504 117 523 vera
145 501 209 523 sunt
237 497 347 528 dixerit,
373 501 514 530 peccatum
546 498 616 532 qttod
643 498 777 525 commisit
800 498 844 525 ille

55 553 133 579 qttctn
145 545 227 577 celat,
243 545 300 580 ipse
316 546 454 580 suScipiel,
467 549 494 572 et
511 552 589 579 pwna
603 544 740 571 commissi
755 544 843 571 revol-

52 596 132 618 vetur
151 592 185 618 ad
199 593 348 618 conscium.
367 591 540 619 Suﬂ‘tcienter
557 591 659 626 ergoitt
678 590 729 617 Itoc
743 591 842 624 capite.

52 637 112 672 ipse
138 645 189 664 nos
218 638 363 664 aediﬁcavit
389 643 480 665 textus
503 637 634 664 historire.
662 637 729 664 Puto
754 641 843 664 tamen

52 683 124 717 quod
139 688 166 710 et
185 683 228 709 illa
247 684 348 715 anima,
367 691 426 718 qure
442 683 506 718 legit
520 683 650 716 scriptum
667 683 693 709 itt
712 682 770 717 lege
785 683 842 714 Dei,

52 729 116 763 quia
141 738 149 753 ι
167 728 272 762 juravit
288 728 428 761 Dominus,
446 735 496 755 nec
517 735 579 755 eum
596 728 748 762 pcenitebit,
773 734 800 755 tu
814 735 843 756 es

52 774 183 801 sacerdos
196 773 223 800 in
236 779 368 801 aeternum
384 774 534 801 secundum
555 775 679 801 ordinem
700 774 842 802 Melchise-

51 820 118 846 dech
131 819 166 850 ⁸³,
185 829 194 845 ι
213 819 287 846 audit
302 827 393 847 vocem
405 819 562 853 juratneuti,
578 824 607 846 ut
626 819 728 846 faciunt
741 819 842 848 Scribze

50 870 77 892 et
94 865 225 892 Pharisaei
239 873 346 899 semper
360 866 414 892 hac
432 865 605 898 meditantes,
621 866 667 892 scd
689 870 786 897 Iacent,
815 872 843 893 et
858 850 879 877 Β

50 913 195 938 enuntiare
209 912 243 938 ad
266 911 393 945 populum
417 912 520 942 uolunt.
539 920 572 940 ne
587 913 688 939 Christi
708 917 843 939 testentur

50 958 208 984 adventum.
224 958 366 991 Propterea
383 965 446 992 ergo
463 958 513 992 ipsi
535 958 670 993 accipient
690 962 841 992 peccatum,

50 1003 76 1030 in
88 1011 143 1039 quo
156 1012 211 1031 non
231 1006 404 1034 cnuntiantes
417 1007 450 1033 ad
466 1006 592 1040 populum
610 1014 670 1040 quae
689 1013 751 1032 vera
768 1009 840 1036 sunt,

50 1056 165 1084 peccare
183 1050 288 1077 faciunt
305 1051 362 1086 (67)
380 1052 473 1081 Israel.

83 1096 110 1122 5.
128 1095 195 1123 Post
221 1097 277 1123 haec
291 1096 343 1123 alia
367 1097 407 1124 lex
426 1097 620 1132 promulgatur.
638 1108 646 1123 ι
666 1098 773 1130 Anima,
805 1097 843 1124 in-

48 1142 147 1176 quit”,
163 1144 578 1177 qumcunqueIetigeritomnem
593 1151 647 1170 rem
663 1143 842 1175 immundam,

48 1194 95 1214 aut
117 1189 295 1214 tnorticinum
321 1189 505 1223 jutnenlorum
528 1189 738 1221 immttttdorum,
760 1193 787 1215 ct
808 1188 844 1215 la-

48 1235 130 1260 tuerit
150 1241 230 1264 eum,
258 1239 285 1261 et
310 1235 467 1270 inquinatus
489 1240 539 1265 est.
559 1239 605 1262 attt
626 1236 648 1262 si
671 1235 790 1268 tetigerit
809 1234 842 1261 ab

46 1279 223 1306 immunditia
242 1279 372 1311 hominis,
390 1281 424 1307 ab
439 1281 512 1308 omni
534 1280 716 1312 itnmunditia,
739 1288 770 1308 ex
789 1288 840 1315 qua

47 1325 222 1359 inquinetur,
244 1335 253 1351 ›
270 1332 323 1353 etc.
347 1327 408 1353 Iltec
423 1327 532 1360 quidem
548 1327 618 1361 apud
637 1326 745 1354 Judmos
764 1327 842 1354 iude-

45 1377 143 1398 center
155 1373 225 1399 satis
244 1377 270 1399 et
288 1372 422 1399 inutiliter
436 1374 624 1400 observantur.
646 1372 748 1408 Ulquid
768 1373 841 1400 ettim

45 1417 206 1445 immundus
231 1419 364 1446 habeatur
388 1419 434 1453 qui
462 1419 620 1454 contigerit,
648 1419 723 1447 verbi
747 1426 841 1451 causa,

45 1464 150 1491 animal
179 1468 328 1496 tnortunm,
353 1471 401 1492 aut
428 1474 528 1500 corpus
558 1466 676 1493 hominis
701 1466 845 1493 defuncti?

45 1510 117 1542 Quid
141 1511 165 1536 si
184 1510 322 1544 propheta:
346 1519 443 1546 corpus
470 1511 525 1539 sit?
539 1512 604 1545 quid
620 1513 642 1539 si
667 1512 840 1546 patriarchm,
856 1523 877 1551 α

45 1556 86 1582 vei
105 1556 190 1582 etiam
218 1556 301 1591 ipsius
325 1557 440 1584 Abrahae
462 1557 585 1592 corpus?
608 1558 673 1592 qttid
693 1558 715 1585 si
735 1563 760 1585 et
780 1566 841 1585 ossa

45 1601 186 1630 Samuelis
200 1603 356 1638 contigerit,
373 1604 527 1631 immundus
544 1605 614 1632 erit?
627 1605 696 1638 Quid
708 1605 729 1631 si
753 1605 842 1633 Elismi

46 1655 110 1675 ossa
127 1649 271 1683 contingat
285 1657 344 1684 quze
358 1655 384 1676 et
400 1655 535 1677 mortuum
551 1650 703 1677 suscitant?
722 1651 841 1677 Immun-

46 1694 99 1722 dus
114 1695 168 1722 erit
198 1695 244 1722 ille
272 1695 316 1728 qui
343 1695 486 1728 contingit,
502 1700 529 1721 et
547 1696 714 1722 immundum
739 1696 842 1723 faciunt

45 1747 108 1766 ossa
123 1740 265 1774 prophetae
278 1741 358 1766 etiant
379 1740 453 1766 illutn
481 1741 580 1774 ipsum,
597 1748 676 1775 quem
698 1748 712 1767 a
727 1742 842 1768 mortuis

45 1786 202 1813 suscitant?
218 1785 285 1813 Vide
298 1794 378 1820 quam
396 1786 590 1813 inconveniens
610 1787 646 1814 sit
661 1786 774 1814 Judaica
802 1788 841 1813 itt-

47 1831 210 1866 leliigentia.
241 1831 294 1858 Sed
318 1840 365 1859 nos
391 1832 532 1859 videamus
547 1832 634 1866 primo
655 1833 719 1867 quid
736 1834 772 1859 sit
787 1837 841 1858 tan-

45 1885 121 1912 εει-ο,
132 1883 161 1904 et
171 1877 234 1912 quis
243 1878 278 1905 sit
293 1883 379 1904 tactus
390 1878 434 1912 qui
446 1877 527 1904 faciat
536 1878 715 1904 itntnuttdum.
724 1879 840 1913 Aposto-

45 1923 88 1950 lus
102 1924 171 1951 dicit
185 1924 209 1939 ⁹⁰
225 1932 232 1950 :
245 1933 254 1949 ι
273 1924 374 1950 Bonum
391 1930 433 1950 est
447 1924 548 1951 Itomitti
559 1924 700 1951 mulierem
715 1933 766 1951 uott
781 1929 840 1951 tan-

45 1978 120 2004 gere.
142 1980 152 1996 I
182 1969 232 1997 llic.
256 1974 342 1997 tactus
365 1970 519 1997 immundus
542 1974 598 2002 est;
624 1971 675 1998 hoc
701 1976 740 1998 est
769 1972 840 1998 enim

45 2016 124 2049 illud,
155 2016 229 2050 quod
254 2015 384 2043 Dominus
413 2016 437 2042 itt
463 2016 608 2051 Evangelio
631 2016 700 2043 dixit
716 2017 737 2032 9‘
756 2025 763 2043 :
785 2026 794 2042 ε
812 2017 840 2044 Si

45 2063 108 2096 quis
125 2062 228 2089 viderit
243 2062 382 2089 mulierem
392 2063 424 2088 ad
438 2062 694 2094 concttpiSCcndum,
706 2062 761 2096 jant
778 2070 841 2089 intc-

44 2107 146 2134 citatus
174 2112 217 2135 est
238 2115 297 2134 eam
323 2108 349 2134 in
365 2108 448 2135 corde
475 2115 534 2135 suo.
554 2117 563 2133 ι
584 2107 684 2143 Tetigit
697 2109 769 2135 enim
794 2117 841 2136 cor

45 2154 104 2187 ejus
118 2154 351 2188 concupiscentiae
373 2153 476 2185 vitittm,
498 2158 525 2180 et
551 2154 688 2180 immunda
712 2153 783 2181 facta
799 2159 840 2181 est

898 223 1029 256 medicos,
1046 231 1095 250 nec
1111 224 1212 258 aliquid
1233 225 1366 257 proiicere
1385 227 1482 260 potuit,
1502 236 1548 262 per
1565 229 1686 256 immnnc

897 268 991 295 dit’iam
1014 270 1117 302 peccati
1134 270 1160 296 itt
1177 270 1226 296 hoc
1241 271 1365 298 devoluta
1387 277 1439 300 est.
1455 273 1595 309 Tetigerat
1611 276 1684 302 enitn

897 319 1049 348 peccatum,
1070 320 1096 341 ct
1122 315 1226 342 idcirco
1249 315 1382 351 ﬂagellum
1410 319 1502 346 carnis
1529 327 1685 356 acceperat.

897 359 949 386 Sed
966 365 1108 396 postquam
1126 361 1177 389 {ide
1191 363 1267 397 plena
1280 364 1363 398 tetigit
1374 364 1509 392 fimbriam
1521 365 1597 399 Jesu,
1611 368 1687 396 stetit

897 404 984 432 ﬂuxus
999 406 1140 439 sanguinis
1161 407 1229 441 ejus,
1251 412 1277 434 ct
1296 413 1406 442 repente
1425 409 1495 437 facta
1510 415 1551 438 est
1575 412 1684 446 munda,

896 458 955 484 quae
964 456 1026 477 attle
1035 459 1082 486 per
1093 456 1195 479 tanttttn
1205 457 1309 487 tempus
1317 455 1382 480 vixit
1392 456 1539 483 immunda.
1552 457 1583 484 Et
1592 465 1686 492 quem-

896 496 1040 524 admodum
1060 506 1119 525 cum
1136 499 1268 534 tetigisset
1291 499 1433 526 Dominutn
1455 506 1482 528 et
1501 502 1685 536 Salvatorcm,

898 541 976 577 195
994 543 1062 569 dixit
1078 543 1135 578 ipse
1150 543 1172 558 ⁹¹
1189 552 1195 571 :
1215 553 1223 569 ι
1244 543 1310 576 Quis
1334 552 1376 571 me
1401 546 1487 580 tetigit
1505 547 1517 574 ?
1532 547 1588 583 Ego
1612 550 1685 576 enim

895 589 968 615 sensi
998 589 1124 616 virtutem
1149 589 1239 616 exisse
1261 589 1294 616 de
1322 597 1363 617 me
1379 599 1387 623 ;
1405 600 1415 616 ι
1436 591 1506 618 illam
1522 593 1580 620 sine
1603 595 1686 622 dubio

895 634 1036 667 virtutem,
1052 642 1112 669 quae
1130 635 1269 662 mulierem
1287 641 1442 668 sanavcrat,
1458 643 1485 664 et
1506 638 1609 666 fecerat
1624 648 1685 668 eam

896 679 1036 712 ntnndant,
1051 680 1090 706 sic
1111 679 1313 714 intelligendum
1330 686 1381 714 est,
1397 682 1459 716 qttia
1475 684 1497 710 si
1515 684 1577 718 quis
1597 686 1687 713 conti--

895 726 965 761 gerit
985 725 1041 760 (68)
1065 731 1218 760 peccatum,
1240 732 1319 754 exeat
1334 735 1366 754 ex
1391 728 1448 762 ipso
1470 735 1580 764 peccato
1599 732 1686 760 virtus

894 772 1016 806 quaedam
1036 772 1164 807 maligna,
1183 781 1242 808 quae
1257 782 1318 801 cum
1341 774 1385 809 qui
1407 783 1436 802 se
1463 776 1576 811 contigit
1602 776 1686 805 faciat

895 818 1072 851 immundum,
1091 823 1118 845 et
1139 819 1189 846 hoc
1207 825 1249 846 est
1264 828 1326 848 vere
1341 821 1487 856 contigisse
1505 823 1684 851 imntuttdum.

895 864 982 891 Simili
1004 864 1108 891 ratione
1127 864 1209 892 etiam
1229 865 1261 892 de
1283 867 1427 894 tttorticino
1444 867 1571 901 hominis,
1592 870 1634 896 vel
1651 871 1686 898 de

895 911 1040 938 morticino
1052 912 1160 946 pecoris
1174 912 1266 938 mundi
1283 917 1328 939 aut
1338 913 1467 940 immundi
1478 915 1620 942 dicendum
1630 921 1686 944 est.

896 955 1068 983 Morticinum
1081 964 1197 991 namque
1212 957 1330 985 hominis
1343 959 1475 994 contingit
1490 960 1511 987 is
1523 962 1568 996 qui
1585 961 1610 988 itt
1623 969 1686 996 pec-

893 1003 963 1029 catis
974 1003 1030 1029 suis
1041 1010 1178 1030 mortuum
1193 1004 1347 1038 quempiam
1365 1005 1407 1032 vel
1421 1006 1558 1040 sequitur,
1568 1007 1609 1033 vel
1626 1008 1686 1035 imi-

894 1052 977 1075 tatur.
994 1048 1047 1076 Sed
1065 1050 1127 1083 quia
1148 1049 1315 1084 singulorum
1337 1050 1392 1085 (69)
1413 1052 1574 1080 diﬂ'ereutiae
1594 1055 1679 1089 requi-

893 1095 984 1122 rcndac
999 1101 1074 1129 sunt,
1089 1096 1194 1130 singula
1210 1104 1411 1125 recenseamus.
1430 1098 1552 1127 Hominis
1568 1101 1686 1128 mortici.

895 1149 969 1174 num,
989 1142 1058 1169 sicut
1075 1149 1155 1176 supra
1181 1143 1309 1176 diximus,
1333 1144 1395 1170 illud
1413 1152 1558 1179 possumus
1582 1147 1684 1181 dicere,

895 1188 965 1222 quod
985 1188 1130 1222 Apostolus
1143 1189 1176 1216 ad
1192 1189 1349 1217 Corinthios
1367 1191 1432 1218 dicit
1453 1199 1460 1217 :
1483 1201 1492 1218 ι
1508 1191 1621 1227 Scripsi,
1641 1195 1684 1220 in-

893 1235 952 1269 quit
966 1234 1000 1266 ",
1022 1234 1098 1262 vobis
1121 1235 1147 1262 in
1170 1235 1300 1269 epistola,
1322 1242 1349 1263 ut
1378 1244 1430 1264 non
1454 1239 1684 1267 comtnisceantini

894 1279 1062 1313 fornicariis;
1079 1288 1130 1307 non
1148 1281 1241 1315 utique
1257 1281 1414 1310 fornicariis
1426 1283 1505 1318 hujus
1519 1285 1621 1318 tttundi,
1637 1290 1685 1313 aut

894 1325 998 1357 avaris,
1014 1330 1060 1351 aut
1077 1326 1231 1360 rapacibus,
1251 1331 1298 1353 aut
1313 1327 1391 1355 idolis
1406 1329 1598 1363 servientibus,
1617 1330 1685 1359 alio-

894 1368 959 1403 quin
976 1368 1132 1396 debueralis
1149 1370 1180 1397 de
1198 1371 1248 1397 hoc
1265 1372 1364 1399 mundo
1380 1373 1481 1401 exisse.
1496 1373 1572 1402 Nunc
1594 1380 1684 1403 autem

895 1415 990 1449 scripsi
1004 1415 1091 1447 vobis,
1104 1419 1134 1442 ut
1154 1423 1207 1443 non
1223 1419 1468 1451 comntisceatuini,
1482 1420 1504 1448 si
1520 1421 1582 1455 quis
1599 1421 1687 1450 frater

895 1461 1053 1488 nominatur
1077 1461 1235 1494 fornicator,
1260 1468 1307 1491 aut
1329 1464 1494 1500 immundus,
1515 1473 1561 1495 aut
1575 1475 1685 1503 avarus,

896 1512 942 1533 aut
955 1507 1034 1534 idolis
1045 1508 1178 1540 serviens,
1196 1513 1242 1535 attt
1257 1509 1416 1544 maledicus,
1429 1517 1475 1538 aut
1490 1513 1626 1547 ebriosus,
1638 1519 1687 1543 aut

897 1560 990 1586 rapax,
1014 1561 1075 1579 cuttt
1093 1553 1246 1587 hujusmodi
1266 1563 1316 1582 nec
1342 1557 1432 1584 cibum
1451 1565 1568 1586 sumere.
1582 1568 1591 1585 ›
1619 1560 1684 1588 Illud

893 1603 1011 1633 estergo
1030 1599 1147 1626 hominis
1163 1601 1338 1628 morticiuum
1362 1604 1530 1637 contingere,
1552 1606 1598 1640 qui
1614 1606 1637 1633 ei
1655 1614 1685 1634 se

894 1645 997 1671 socium
1013 1645 1108 1672 saltem
1126 1646 1152 1672 itt
1167 1646 1228 1673 cibo
1241 1648 1453 1684 pra:buerit,qtti
1471 1649 1496 1676 in
1511 1651 1621 1678 Christo
1637 1652 1686 1680 ho-

894 1698 937 1716 ttto
949 1690 1070 1723 cﬂ‘ectus,
1088 1699 1193 1719 rursum
1212 1692 1236 1718 itt
1252 1693 1371 1727 peccatis
1380 1700 1422 1722 est
1437 1703 1568 1724 tnortuus.
1578 1697 1644 1724 Nam
1657 1703 1684 1726 et

894 1736 937 1762 illa
958 1737 1047 1769 vidua,
1061 1738 1093 1764 dc
1107 1745 1158 1771 qua
1176 1738 1242 1765 dicit
1257 1740 1403 1774 Apostolus
1412 1741 1449 1774 η,
1465 1751 1474 1766 ι
1496 1749 1555 1776 quae
1575 1743 1600 1769 in
1618 1743 1682 1770 deii-

893 1783 943 1810 ciis
964 1784 1056 1811 Vivens
1074 1791 1178 1813 mortua
1201 1790 1253 1818 est,
1273 1795 1282 1811 ι
1307 1787 1480 1814 morticinum
1496 1788 1613 1815 hominis
1630 1789 1683 1816 dici

893 1833 992 1861 potest.
1011 1828 1062 1856 Sed
1079 1835 1106 1856 et
1129 1830 1257 1857 animalia
1277 1831 1416 1858 morticina
1434 1832 1609 1860 nihilominus
1624 1842 1683 1868 qua:

892 1878 956 1899 sunt
979 1873 1005 1900 in
1026 1874 1156 1907 Ecclesia,
1180 1876 1340 1910 requirenda
1359 1881 1432 1904 sunt.
1450 1877 1477 1904 Si
1503 1879 1683 1913 simpliciores

893 1919 993 1953 quique
1003 1920 1035 1946 ad
1050 1921 1099 1946 hoc
1108 1921 1179 1955 quod
1191 1921 1258 1948 nihil
1271 1922 1420 1956 prudentia:
1431 1926 1643 1958 egerunl,etiant
1657 1927 1681 1954 iu

893 1971 1064 2000 peCcatorum
1081 1967 1205 1994 sordibus
1223 1968 1387 2002 volutentur,
1403 1969 1451 1996 hos
1472 1970 1493 1996 si
1510 1971 1570 2004 quis
1586 1978 1682 2005 sequa-

894 2016 947 2043 tur,
961 2012 1002 2039 vel
1017 2017 1109 2047 tangat
1121 2020 1152 2040 eo
1167 2018 1238 2040 tactu
1252 2021 1304 2048 quo
1315 2021 1395 2049 supra
1410 2016 1594 2050 exposuimus,
1610 2024 1682 2043 mor-

894 2060 1006 2087 ticiuum
1025 2060 1181 2087 animalium
1197 2060 1253 2096 (70)
1272 2062 1369 2096 tetigit.
1387 2061 1463 2094 Quod
1480 2067 1570 2088 autent
1590 2062 1684 2090 Eccle-

893 2108 930 2133 sia
948 2107 1044 2133 halteal
1060 2113 1085 2134 et
1103 2108 1241 2140 animalia,
1258 2108 1319 2134 attdi
1336 2108 1471 2143 quomodo
1486 2109 1551 2136 dicit
1567 2109 1593 2136 in
1608 2108 1684 2136 Psal-

894 2153 982 2179 mis“:
997 2162 1005 2177 ι
1017 2152 1144 2180 Ilomines
1157 2159 1183 2180 et
1193 2153 1316 2188 jumenta
1327 2154 1416 2181 salvos
1431 2154 1527 2186 facies,
1542 2155 1681 2183 Domine.»

46 2200 138 2228 anima
155 2201 226 2235 ejus.
242 2199 271 2227 Si
289 2201 349 2234 quis
364 2207 429 2234 ergo
448 2200 499 2227 hoc
522 2200 602 2227 modo
621 2200 705 2234 tangit
721 2200 837 2234 aliquam
855 2194 877 2221 Β
893 2198 924 2225 Hi
944 2206 1009 2233 ergo
1025 2200 1069 2232 qui
1096 2199 1168 2226 verbi
1193 2199 1237 2226 Dei
1257 2204 1282 2227 et
1300 2199 1471 2226 rationabilis
1491 2200 1608 2227 institttti
1626 2205 1681 2228 stu-

47 2254 117 2279 rem,
127 2247 156 2274 id
168 2252 211 2274 est
226 2246 267 2273 vel
278 2255 326 2281 per
334 2247 456 2273 mulieris
468 2246 728 2280 concupiscentiam,
740 2246 780 2273 vel
794 2254 841 2281 per

48 2295 172 2325 pecunia:
188 2293 376 2328 cupiditatem,
391 2293 431 2320 vel
446 2293 499 2320 alio
515 2293 636 2328 quolibet
648 2292 751 2329 peccati
769 2293 840 2320 desi-

48 2340 136 2371 derio.
155 2340 324 2366 imutuudum
339 2339 436 2374 tetigit,
450 2345 478 2366 et
490 2338 648 2373 inquinatus
661 2343 713 2366 est.
727 2338 842 2372 Oportet

48 2393 114 2420 ergo
128 2391 156 2413 te
170 2386 192 2412 si
210 2385 273 2420 qttid
299 2385 350 2412 tale
366 2385 522 2420 contigeris,
539 2385 611 2412 scire
626 2385 762 2419 quomodo
777 2383 843 2411 oﬂ‘e-

48 2440 95 2459 ras
105 2432 282 2463 sacriﬁcium,
308 2431 456 2458 secumlum
476 2439 506 2458 ea
529 2439 589 2466 qua:
611 2431 637 2458 iu
653 2431 840 2464 superioribus

47 2479 271 2510 memoravimus,
301 2482 330 2504 ttt
357 2478 472 2504 tnundus
497 2477 565 2504 cﬂici
590 2477 688 2511 possis.
717 2475 765 2504 Vis
791 2476 837 2504 tibi

45 2525 190 2552 ostendam
209 2531 268 2558 quae
283 2528 324 2551 est
353 2524 442 2550 anima
472 2531 532 2557 qua:
553 2523 640 2558 tetigit
657 2523 837 2553 immundum,

46 2571 229 2599 ctitnmunda
247 2570 317 2598 facta
341 2575 392 2601 est,
413 2575 440 2598 et
454 2578 561 2597 rursum
585 2569 672 2604 tetigit
695 2569 836 2599 mundum.

47 2622 80 2644 et
91 2617 159 2644 facta
176 2622 218 2644 est
241 2617 363 2644 munda?
377 2616 422 2644 Illa
440 2624 499 2651 quae
520 2615 679 2650 proﬂuvium
696 2615 837 2649 sanguinis

87 2665 108 2681 ⁸³
122 2665 194 2692 Psal.
208 2664 303 2696 ctx,4.
340 2664 362 2680 "
389 2664 473 2692 Levit.
491 2672 517 2696 ν,
540 2664 568 2697 2,
588 2664 615 2690 ὅ.

47 2700 82 2732 9,
98 2702 129 2728 I0
151 2705 178 2727 et
200 2708 260 2735 seq.
297 2701 320 2717 ”
338 2700 345 2726 Ι
363 2699 433 2727 Tim.
456 2708 481 2732 v,
503 2700 529 2726 6.
567 2699 590 2714 ⁸⁸
604 2699 673 2726 Psal.
702 2707 786 2729 xxxv,
805 2698 831 2724 ’1.

89 2749 142 2783 (66)
170 2748 237 2775 Cum
262 2755 322 2782 ergo
353 2747 497 2783 Evangelii,
514 2753 566 2774 etc.
587 2747 683 2774 Exstat
703 2747 746 2773 hic
765 2747 838 2783 locus

49 2787 120 2817 apud
132 2784 228 2812 Ionam
245 2781 386 2810 Aurelian.
403 2781 450 2810 lib.
465 2791 471 2810 l
488 2783 523 2810 De
535 2784 620 2809 ittstit.
634 2783 706 2810 laic..
721 2789 780 2815 cap.
794 2781 837 2807 18.

91 2820 143 2852 (67)
158 2820 243 2852 Idem,
263 2827 271 2844 ι
292 2818 411 2851 faciunt;
431 2829 440 2844 ι
458 2819 523 2844 lihh.
541 2818 616 2848 editi,
634 2827 642 2843 ε
664 2818 773 2844 faciant.
791 2826 801 2842 ι

93 2821 130 2852 (67
158 2821 243 2852 Idem,
263 2827 271 2844 ι
292 2821 411 2851 faciunt;
431 2829 440 2844 ι
458 2821 523 2844 liltli.
541 2821 616 2848 editi,
634 2827 642 2843 ε
664 2821 773 2844 lactant.
791 2826 801 2842 ι

93 2821 143 2891 (63}
164 2855 236 2882 Idem
258 2862 321 2884 tns.,
344 2862 351 2877 ε
371 2853 524 2887 (nutigerit.
540 2864 548 2879 ν
568 2852 643 2881 [δὶιὼ.
659 2853 733 2885 cditi,
752 2862 760 2877 ι
779 2860 840 2879 euu-

211 2904 346 2932 PATROL.
364 2901 422 2931 Gtt.
448 2900 516 2930 XII.

654 2663 676 2679 ⁹⁰
695 2663 702 2689 I
725 2663 788 2690 Cor.
815 2671 862 2695 vn,
887 2662 913 2688 2.
953 2662 974 2677 ⁹¹
992 2662 1086 2688 Matth.
1107 2668 1117 2686 ι

656 2699 673 2725 I.
702 2707 786 2729 xxxv,
805 2698 831 2724 ’1.
872 2697 940 2723 “IV
970 2697 1034 2731 Reg.
1052 2696 1117 2727 t,l0.

891 2244 965 2271 diutn
982 2249 1091 2279 gerunt,
1104 2245 1230 2272 homines
1245 2245 1422 2280 appellantur.
1438 2245 1487 2278 Qui
1503 2253 1568 2272 vero
1583 2246 1684 2281 alisque

892 2289 1043 2323 Itujusmodi
1061 2289 1157 2317 studiis
1178 2291 1272 2318 vivunt
1288 2295 1315 2318 et
1338 2292 1461 2319 scientiae
1477 2292 1606 2318 exercitia
1629 2299 1682 2319 non

893 2337 1044 2372 requirunt,
1062 2337 1153 2365 ﬂdeles
1168 2343 1257 2365 tamen
1271 2343 1343 2369 sunt,
1359 2338 1484 2365 animalia
1501 2339 1621 2372 quidem,
1635 2339 1683 2365 sed

894 2383 992 2409 munda
1012 2382 1146 2410 dicuntur.
1174 2383 1250 2410 Sicut
1273 2384 1345 2411 enim
1370 2389 1433 2411 sunt
1459 2385 1569 2419 quidam
1595 2383 1684 2410 humi—

894 2436 941 2456 nes
968 2428 1034 2461 Dci,
1065 2430 1099 2456 ita
1128 2435 1191 2457 eunt
1222 2430 1330 2465 quidam
1360 2435 1387 2456 et
1417 2438 1482 2458 oves
1517 2430 1575 2457 Dei.
1608 2429 1683 2457 Scri-

894 2481 968 2509 ptum
993 2480 1034 2502 cst
1061 2476 1132 2502 enim
1159 2477 1221 2510 quia
1255 2475 1360 2512 Moyses
1382 2483 1434 2502 non
1460 2481 1519 2503 erat
1539 2476 1597 2503 ovis
1623 2475 1682 2508 Dei,

891 2521 938 2548 sed
967 2521 1046 2548 homo
1075 2522 1130 2548 Dei.
1157 2522 1188 2548 Et
1215 2522 1287 2549 Elias
1315 2530 1367 2549 non
1397 2527 1455 2549 erat
1473 2522 1531 2549 ovis
1550 2521 1607 2552 Dei.
1635 2521 1682 2549 sed

897 2566 977 2592 homo
997 2566 1054 2594 Dei.
1071 2567 1117 2593 Sic
1133 2567 1205 2593 enim
1229 2567 1287 2601 ipse
1310 2566 1412 2593 dicit"
1429 2575 1434 2592 :
1453 2575 1462 2591 ε
1480 2565 1507 2591 Si
1532 2565 1613 2591 homo
1636 2564 1682 2592 Dei

894 2620 954 2640 sum
969 2620 1030 2648 ego,
1052 2614 1200 2640 descendat
1220 2613 1290 2648 ignis
1305 2612 1338 2640 de
1357 2612 1426 2639 ccelo
1441 2617 1468 2639 et
1489 2615 1630 2638 consumat
1645 2615 1682 2642 te,

953 2661 974 2677 ⁹¹
992 2661 1086 2688 Matth.
1107 2668 1133 2692 v,
1148 2661 1192 2688 28.
1235 2661 1258 2676 °’
1278 2660 1344 2688 Luc.
1361 2667 1421 2692 vttt,
1435 2660 1480 2688 46.
1517 2660 1539 2676 ’³
1554 2658 1561 2685 Ι
1575 2658 1637 2685 Cor.
1655 2665 1683 2690 ν,

960 2764 965 2769 .
988 2754 996 2768 1

898 2749 984 2813 Ηῆἱέῦ)
1006 2779 1076 2806 hlcm
1094 2787 1155 2810 ms.,
1174 2789 1183 2804 ι
1203 2779 1248 2806 sed
1263 2778 1284 2805 si
1299 2778 1477 2814 singulorum,
1497 2787 1505 2802 ι
1522 2782 1574 2803 ctc.
1662 2809 1666 2814 .

930 2815 986 2850 (70)
1008 2815 1078 2841 Idem
1094 2822 1157 2846 ms.,
1176 2823 1184 2840 t
1204 2814 1371 2841 animalitun.
1388 2823 1396 2839 l
1415 2813 1492 2839 Libit.
1507 2813 1582 2844 ριιιίίν
1601 2819 1610 2836 ι
1624 2817 1684 2836 ant-

895 2851 959 2877 tnal.
978 2860 987 2875 ι

1509 2892 1543 2922 Η.
