1902 3063
80 142 130 169 4⁸³29

669 142 701 169 IN
721 141 906 170 LEVITICUM
930 142 1071 171 llOMIlJA
1090 144 1134 172 ΙΙΙ.

1663 148 1715 175 450

80 200 198 233 miseris,
212 204 240 227 ct
270 207 384 229 servare
408 209 462 229 non
490 202 623 236 quiveris,
640 202 702 229 audi
729 202 792 236 quid
808 202 874 237 legis
889 203 911 231 Α
925 202 997 234 dem,
1010 203 1035 230 id
1050 203 1251 231 estdivinitatis
1270 202 1328 236 ejus
1339 208 1444 231 secreta
1470 204 1589 237 velabat;
1602 207 1713 234 renibus

77 245 146 274 ordo
176 247 341 282 praecipiat:
358 258 367 273 ι
393 248 421 275 Si
447 248 619 282 peccaverit,
645 248 732 283 inquit
748 249 769 280 ³,
791 256 873 275 unum

78 293 182 328 aliquid
197 295 232 321 de
258 294 331 326 istis,
350 295 508 329 pronuntiet
524 301 665 330 peccatum
690 297 761 330 quod
778 303 873 330 pecca-

78 340 117 366 \‘it
130 340 199 376 (79).
213 350 223 366 ι
237 340 284 367 Est
294 340 401 375 aliquod
418 341 443 367 in
454 341 504 368 hoc
517 342 639 369 mirabile
647 347 793 374 secretum,
803 342 873 377 quod

75 387 153 422 jubet
183 387 363 421 pronuntiare
384 392 535 421 peccatum.
553 387 659 415 Etenim
684 388 758 415 omni
774 396 873 424 genere

77 433 284 467 pronuntiatula
298 438 371 466 sunt,
388 434 455 460 etin
471 434 608 468 publicum
624 435 786 468 proferenda
803 443 872 463 cun-

76 483 121 504 cta
139 485 199 511 qum
215 479 337 513 gerimus
354 479 421 514 (80).
437 478 464 505 Si
486 480 550 513 quid
568 480 595 507 in
620 481 727 508 occulto
742 482 870 516 gerimus,

76 524 99 550 si
120 524 185 558 quid
199 525 227 550 in
243 532 371 552 sermone
385 525 453 557 solo,
478 526 520 552 vel
541 526 624 553 etiam
641 526 712 554 intra
728 527 873 563 cogitatio-

76 578 142 597 num
158 575 268 599 seereta
292 572 490 605 commisimus,
509 577 607 601 cuncta
624 582 737 602 necesse
762 580 804 602 est
821 583 870 609 po-

76 615 187 649 blicari,
203 621 302 644 cuncta
319 617 434 651 proferri
449 628 455 644 :
469 617 583 652 proferri
601 623 692 645 autent
712 619 746 645 ab
763 619 808 646 illo
825 619 870 653 qui

75 666 103 688 et
120 667 269 689 accusator
296 664 400 697 peccati
426 669 467 691 est
493 668 521 690 et
551 664 686 691 incentor.
714 665 773 698 Ipse
798 664 870 691 cttittt

76 716 149 736 nunc
168 716 219 737 nos
246 713 274 736 ut
303 716 447 744 peccemus
473 709 595 744 instigat,
619 709 676 741 ipse
699 711 780 737 etiam
809 719 870 738 cum

74 755 284 788 pcecaverimus
301 760 422 782 accusat.
439 755 466 782 Si
484 763 548 790 ergo
561 757 587 782 itt
603 757 655 783 vita
673 757 871 791 pra-.veuiamus

75 807 149 832 cum,
171 804 198 827 et
224 801 272 833 ipsi
291 801 376 828 nostri
403 806 579 829 accusatores
602 802 700 835 simus,
720 803 869 837 nequitiam

75 846 176 873 diaboli
197 846 301 873 inimici
319 847 404 873 nostri
430 851 456 873 ct
471 847 640 874 accusatoris
653 848 807 882 effugimus.
825 848 870 876 Sic

74 893 145 919 cnim
159 897 187 919 et
198 893 262 919 alibi
278 893 411 928 propheta
430 893 517 920 dicit:
533 903 542 918 ι
566 894 612 920 Dic
628 900 666 926 tu,
682 894 769 929 inquit
782 895 804 928 ι,
818 895 870 922 ini-
886 885 908 912 Β

73 938 195 972 quitates
222 943 282 966 tttas
305 939 398 973 prior,
417 943 446 966 ut
471 938 644 972 justiticeris.
661 950 670 966 t
691 939 784 968 Nonne
811 942 869 969 evi-

73 984 170 1011 denter
197 985 361 1019 mysterium
377 985 410 1012 de
425 991 480 1019 quo
498 989 648 1012 tractamus
659 986 791 1019 ostendit,
806 994 867 1013 cum

72 1029 160 1057 dicit:
182 1029 232 1057 Dic
258 1036 287 1057 tu
314 1030 410 1065 prior?
424 1035 453 1057 ut
469 1031 595 1057 ostendat
614 1030 661 1058 tibi
685 1032 748 1066 quia
766 1039 868 1067 praeve-

71 1075 132 1102 nire
151 1075 231 1102 illutn
251 1075 365 1108 debeas,
380 1075 426 1111 qui
443 1078 553 1110 paratus
568 1081 610 1103 est
624 1077 658 1103 ad
672 1079 866 1105 accusandum.

71 1121 109 1148 Tu
127 1129 210 1156 ergo,
226 1121 327 1156 inquit,
351 1123 396 1149 die
419 1123 503 1157 prior,
522 1128 556 1148 ne
586 1127 612 1149 te
632 1122 676 1149 ille
693 1125 843 1158 praeveniat
859 1133 865 1151 :

69 1170 132 1204 quia
151 1171 175 1197 si
187 1170 268 1205 prior
285 1170 398 1204 dixeris,
410 1176 437 1198 et
454 1173 618 1200 sacrificium
633 1173 801 1206 poenitentia:
819 1173 868 1200 ob-

70 1214 176 1249 tuleris,
192 1216 344 1243 secundum
359 1224 392 1244 ea
408 1223 468 1251 qum
485 1218 511 1244 in
533 1219 721 1252 superioribus
746 1219 866 1246 diximus

69 1260 225 1294 oﬂ‘erenda,
242 1267 269 1288 ct
287 1262 433 1290 tradideris
458 1270 569 1290 carnem
583 1270 655 1291 tuam
673 1265 698 1291 itt
715 1265 865 1297 interitnut,

70 1313 97 1334 ut
114 1308 233 1343 spiritus
247 1308 341 1336 salvus
356 1309 402 1336 fiat
415 1309 441 1336 in
456 1310 499 1336 die
513 1309 630 1342 Domini,
643 1311 750 1338 dicetur
764 1316 791 1338 et
806 1312 866 1345 tibi,

68 1355 129 1389 quia
149 1355 300 1390 percepisti
325 1361 352 1382 et
380 1362 407 1382 tu
425 1357 450 1382 in
471 1357 524 1383 vita
542 1362 587 1384 tua
614 1357 695 1389 mala,
712 1365 784 1385 ttuue
801 1366 866 1386 vero

68 1401 110 1428 hic
127 1401 287 1436 requiesce.
306 1401 360 1428 Sed
376 1407 403 1430 et
418 1402 502 1429 David
520 1404 614 1431 eodem
632 1405 728 1440 spiritu
746 1405 866 1441 loquitur

67 1448 93 1475 in
110 1447 243 1480 Psalmis,
261 1453 288 1475 et
301 1449 365 1475 dicit
380 1449 402 1464 ”
417 1457 423 1474 :
445 1458 453 1474 ι
469 1450 641 1484 iniquitatem
661 1459 747 1478 meant
772 1457 864 1479 notant

67 1495 130 1528 leti,
157 1499 185 1522 et
201 1499 346 1529 peccatum
373 1503 461 1522 meum
479 1503 532 1523 nou
549 1498 687 1532 cooperui.
713 1498 784 1531 Dixi,
800 1501 864 1527 Pro-

69 1542 201 1569 nuntiabo
217 1541 363 1569 adversum
381 1550 423 1569 me
442 1542 600 1575 injustitiam
615 1551 715 1577 meam,
731 1549 759 1571 et
775 1550 801 1572 tu
820 1552 863 1572 re-

68 1587 168 1614 misisti
199 1588 370 1622 impietatem
397 1588 488 1615 cordis
506 1589 569 1615 ntei.
597 1598 606 1614 t
630 1588 697 1616 Vide
721 1597 786 1624 ergo
801 1591 863 1625 quia

67 1635 248 1667 pronuntiare
260 1638 403 1667 peccatum
415 1654 423 1667 ,
441 1635 630 1662 remissionem
652 1637 756 1670 peccati
773 1644 862 1664 mere-

67 1684 117 1705 tur.
132 1678 298 1706 Praaventus
312 1680 383 1706 enim
407 1680 529 1708 diabolus
548 1681 574 1708 in
592 1682 775 1715 accusatione,
792 1682 862 1709 ultra

65 1733 111 1752 nos
130 1733 270 1753 accusare
284 1733 336 1753 non
352 1727 473 1761 poterit;
495 1732 522 1754 et
547 1727 570 1754 si
590 1728 640 1762 ipsi
667 1728 754 1755 nostri
777 1729 863 1757 simus

65 1779 256 1806 accusatores,
273 1774 383 1809 proiicit
403 1775 482 1802 nobis
498 1774 533 1802 ad
547 1774 678 1807 salutent;
695 1776 718 1804 si
734 1783 798 1802 vero
815 1783 863 1803 ex-

65 1825 221 1853 spectemus
241 1824 273 1847 ut
296 1827 312 1847 δ
329 1821 437 1849 diabolo
453 1828 629 1853 accusemur,
652 1822 792 1849 accusatio
816 1821 861 1849 illa

63 1868 133 1894 cedit
148 1868 232 1895 ttobis
246 1868 282 1895 ad
297 1875 407 1902 poenam
423 1876 431 1902 ;
449 1868 561 1897 habebit
576 1869 649 1896 enim
663 1869 753 1897 socios
771 1869 797 1897 in
813 1877 860 1905 ge-

64 1913 164 1946 benna,
182 1921 255 1948 quos
271 1913 421 1941 convicerit
435 1913 582 1941 criminum
604 1914 705 1941 socios.

95 1960 123 1987 5.
145 1959 266 1986 Multum
291 1959 346 1986 erit
367 1967 439 1987 nunc
468 1960 617 1987 hostiarum
634 1960 819 1993 diversitates,
834 1965 861 1987 et

61 2003 266 2030 sacriﬁciorum
281 2004 361 2035 ritus,
380 2011 412 2030 ac
425 2005 575 2032 varietates
600 2006 723 2040 exsequi,
741 2011 769 2033 et
782 2005 860 2041 longe

60 2050 174 2076 alterius
188 2050 298 2085 operis,
312 2057 392 2084 quant
414 2050 475 2085 cjus
488 2050 576 2083 verbi,
590 2051 661 2085 quod
680 2051 706 2078 itt
721 2053 858 2079 communi

61 2096 198 2123 auditorio
218 2095 318 2130 vulgus
333 2096 461 2130 excipiat.
472 2096 570 2123 Verum
586 2101 615 2123 ut
631 2096 722 2131 aliqua
735 2097 761 2124 in
774 2102 861 2125 trans-

60 2150 140 2171 cursu
167 2144 358 2178 perstringere
379 2144 537 2177 videamur,
556 2144 647 2171 ontnis
665 2145 773 2178 quidem
791 2153 859 2178 pene

61 2190 147 2217 hostia
168 2197 232 2224 qua:
247 2189 374 2221 offertur,
393 2190 474 2216 habet
498 2189 601 2224 aliquid
627 2190 722 2217 forma:
744 2195 771 2217 et
788 2191 857 2217 ima-

60 2236 129 2268 ginis
140 2234 260 2262 Christi.
278 2235 307 2260 ln
321 2234 407 2268 ipsuut
425 2240 544 2268 namque
567 2234 657 2262 omnis
679 2235 766 2262 hostia
782 2243 858 2262 recao

61 2281 204 2314 pitulatur,
219 2280 246 2306 in
266 2284 370 2306 tantuttt
390 2284 418 2306 ut
433 2283 577 2314 postquam
603 2280 660 2314 ipse
683 2281 791 2308 oblatus
805 2286 857 2314 est,

60 2335 155 2354 omnes
170 2326 269 2353 hostiae
283 2327 463 2358 cessaverint,
478 2334 539 2362 quae
551 2334 615 2354 eum
628 2327 655 2353 in
673 2331 737 2362 typo
754 2334 781 2354 et
798 2336 857 2354 unt-

60 2374 105 2400 bra
118 2377 321 2408 praecesserant
334 2381 342 2405 ;
353 2373 386 2400 de
397 2373 507 2407 quibus,
519 2378 599 2408 prout
610 2374 763 2409 potuimus,
774 2374 800 2400 in
812 2381 858 2401 su-

60 2420 214 2453 pcrioribus
227 2419 365 2453 quomodo
374 2418 472 2446 vitulus
482 2419 539 2454 (8i)
552 2427 567 2446 a
583 2419 712 2454 pontifice
729 2419 837 2446 oblatus
847 2440 855 2452 ,

59 2467 113 2492 sive
126 2466 153 2493 in
172 2471 302 2498 munere,
309 2465 368 2492 sive
382 2472 429 2500 pro
441 2469 565 2499 peccato,
575 2465 690 2492 formant
701 2465 759 2500 eius
770 2465 853 2492 habe-

60 2510 486 2544 ret,ostertditnus.Adipesvero
495 2511 703 2545 quioli‘eruutur
718 2511 743 2538 itt
757 2519 853 2538 mune-

60 2566 97 2587 ιιι,
108 2557 407 2592 operientesinteriora
421 2556 567 2584 etrenibus
576 2557 756 2589 coltzerentes,
765 2561 854 2591 potest

58 2609 149 2630 sancta
166 2604 214 2630 illa
232 2603 293 2638 ejus
306 2602 395 2629 anima
411 2602 523 2638 intelligi
537 2623 546 2636 ,
567 2611 627 2638 qua:
646 2602 776 2630 interiora
793 2603 854 2637 qui-

91 2673 200 2701 ‘Levit.
221 2679 248 2705 v,
268 2671 296 2699 5.
335 2672 345 2688 ’
363 2672 550 2704 lsa.xt.m,‘26.
590 2672 611 2687 ‘°
625 2671 695 2698 Psal.
710 2671 834 2701 xxqu.

93 2734 146 2766 (τευ)
164 2733 195 2761 Si
219 2732 384 2765 peccaverit,
401 2737 454 2759 etc.
480 2732 552 2758 Citat
576 2731 647 2757 luutc
658 2730 751 2766 locum
766 2729 849 2756 Jonas

59 2764 198 2805 Aurelian.
217 2764 266 2805 lib.
284 2766 350 2805 [De
365 2767 448 2793 instit.
468 2766 542 2805 laic._,
559 2772 618 2800 cap.
637 2764 679 2805 ιβ.
742 2799 747 2805 _
764 2800 769 2805 I

94 2803 148 2839 (80)
169 2803 250 2831 Libb.
268 2802 370 2839 editi.t
390 2809 449 2839 qua:
463 2802 611 2839 egerimus,
631 2800 653 2827 si
667 2799 747 2839 quod
764 2800 788 2826 in
803 2807 850 2826 oc-

62 2835 282 2874 culto'gerimus,
302 2837 325 2864 si
342 2838 424 2872 quod,
442 2846 450 2862 t
472 2835 537 2868 elc.,
554 2836 602 2863 sed
623 2835 684 2863 cod.
707 2835 848 2869 Sangcrut.

64 2880 90 2900 nt
109 2876 133 2901 in
155 2879 251 2902 nostro
268 2878 357 2900 textu.

335 2672 345 2688 ’
363 2672 493 2704 lsa.xt.nt,
504 2672 550 2699 ‘26.

877 1552 899 1580 (Σ

924 253 1027 280 autem,
1039 249 1090 276 hoc
1100 253 1143 276 est
1150 248 1284 284 corporali
1301 249 1432 282 materiis,
1440 258 1500 284 quae
1507 258 1539 277 ex
1550 251 1627 280 nobis
1638 258 1712 280 caste

924 300 1031 329 sumpta
1048 295 1147 327 fuerat,
1159 295 1334 328 cohaerebat;
1348 300 1376 324 et
1391 297 1480 324 media
1506 298 1579 326 inter
1601 307 1711 327 carnem

925 340 1064 376 Deumque
1079 341 1176 376 posita,
1198 342 1379 370 deiﬁcaudaut
1401 342 1468 379 (82),
1485 344 1713 373 sanetiﬁcandnm

926 387 1004 422 197
1019 387 1105 415 sacris
1121 387 1263 421 altaribus,
1273 393 1301 415 et
1315 389 1415 416 divinis
1439 389 1547 425 ignibus
1573 391 1713 419 illustran-

923 432 986 459 dattt
1003 437 1030 459 et
1055 433 1270 460 conservandam
1286 440 1381 461 secum
1409 435 1442 462 ad
1467 436 1562 467 caelos,
1586 442 1712 464 naturam

923 478 1015 505 carnis
1033 478 1159 513 imponit.
1186 478 1338 506 Renunculi
1366 485 1458 507 autent
1477 481 1584 515 ignibus
1609 483 1712 517 traditi,

923 523 985 558 quis
996 524 1100 551 dubitet
1112 524 1183 557 quod
1209 524 1298 552 nullos
1314 525 1340 552 in
1352 525 1462 553 Christo
1487 527 1573 555 fuis~e
1591 529 1713 557 ittdicent

924 567 1083 601 genitalium
1096 569 1214 603 partium
1228 569 1336 596 motus?
1349 570 1425 603 Quod
1451 578 1514 598 vero
1531 573 1564 599 de
1584 574 1713 608 sanguine

924 613 1020 640 hostia:
1034 614 1134 648 septies
1148 620 1210 642 ante
1230 615 1374 642 Dontinunt
1390 617 1520 644 sacerdos
1555 625 1713 654 respergere

923 664 1102 692 memoratur,
1120 661 1263 688 evidenter
1283 662 1372 689 sancti
1403 662 1524 697 Spiritus
1539 664 1625 692 virtus
1651 674 1712 700 scp-

924 705 1060 739 tcmplicis
1086 706 1180 741 gratia:
1211 706 1269 742 (85)
1296 708 1347 735 sub
1382 709 1514 744 mysterio
1541 711 1710 744 designatur.

923 752 1044 785 Quatuor
1056 760 1160 781 cornua
1188 754 1293 787 altaris,
1323 763 1383 790 qua:
1409 757 1540 790 sanguine
1568 758 1710 790 linitmtur,

922 798 1022 826 Christi
1040 800 1196 834 passionem
1213 800 1309 828 referri
1325 807 1443 836 quatuor
1460 803 1614 839 Erangeliis
1640 806 1712 832 indi-

922 849 995 877 cant,
1011 845 1057 880 qui
1077 853 1164 880 penna
1177 846 1280 880 iecoris
1292 847 1415 875 offertur.
1431 848 1458 876 In
1487 849 1578 883 jecore
1599 851 1638 877 ira
1666 852 1710 884 ju-

921 891 1040 926 gulatur.
1059 891 1088 918 In
1101 900 1191 927 penna
1208 893 1286 920 velox
1311 899 1339 921 et
1351 895 1457 922 concita
1473 896 1514 923 vis
1539 896 1641 924 furoris
1667 905 1712 925 os—

922 938 1057 965 tenditur.
1074 939 1204 974 Reliqnus
1222 945 1313 967 autem
1328 942 1450 975 sanguis,
1467 943 1514 976 qui
1531 943 1563 969 ad
1578 943 1662 970 basim
1675 943 1712 970 al-

922 984 988 1011 taris
1000 983 1158 1018 effunditur,
1175 990 1240 1019 pttto
1253 987 1325 1020 quod
1339 987 1412 1014 illius
1423 989 1517 1022 gratia:
1533 988 1647 1016 formant
1662 990 1712 1017 dc-

920 1030 1019 1064 signet,
1038 1038 1090 1065 qua
1115 1031 1141 1058 itt
1158 1032 1313 1060 novissimis
1323 1033 1419 1061 diebus
1433 1040 1607 1070 posteaquam
1623 1036 1710 1070 pleni-

921 1077 988 1103 tudo
1002 1077 1123 1112 gentium
1136 1078 1338 1111 subintroicrit,
1351 1081 1441 1107 omnis
1455 1081 1500 1112 qui
1515 1081 1635 1116 reliquus
1650 1082 1707 1109 fue-

921 1122 957 1149 rit
977 1121 1069 1155 lsrael,
1084 1123 1117 1150 ad
1133 1123 1260 1151 ultimum
1276 1124 1349 1152 velut
1359 1126 1393 1152 ad
1412 1126 1499 1153 basiat
1523 1127 1618 1155 altaris
1634 1129 1709 1163 posi-

921 1172 975 1199 tus,
991 1167 1148 1196 eﬂusionem
1165 1170 1267 1197 Christi
1280 1172 1422 1205 sanguinis
1441 1174 1523 1199 etiant
1538 1174 1595 1208 ipse
1620 1175 1708 1202 susai-

918 1213 983 1247 pieI.
1000 1213 1036 1241 De
1050 1214 1127 1248 agnis
1143 1221 1208 1242 vero
1222 1220 1250 1242 et
1271 1215 1370 1248 haedis,
1389 1216 1540 1245 turtur-ibus
1554 1222 1581 1245 et
1605 1219 1709 1246 colum-

919 1260 973 1291 bis,
989 1260 1036 1287 sed
1054 1265 1081 1287 et
1093 1260 1180 1288 simila
1197 1268 1346 1296 conspersa
1361 1263 1388 1289 in
1401 1262 1471 1294 oleo,
1482 1268 1527 1290 aut
1545 1264 1570 1291 iu
1591 1266 1709 1299 panibus

918 1306 1024 1341 azymis
1046 1311 1134 1338 cocta,
1152 1311 1282 1341 quantum
1298 1314 1341 1334 res
1364 1308 1420 1342 pati
1444 1309 1544 1342 potuit,
1559 1317 1640 1345 supra
1668 1312 1709 1338 di-

919 1357 993 1379 ctum
1006 1356 1058 1379 est.

954 1398 981 1426 6.
996 1398 1140 1426 Videamus
1150 1406 1222 1426 nunc
1240 1407 1302 1434 quae
1316 1400 1360 1428 lex
1379 1402 1539 1436 proponitur
1550 1403 1576 1430 in
1592 1404 1709 1432 oil'cmn-

918 1445 961 1472 dis
977 1444 1075 1472 hostiis
1090 1452 1139 1479 pro
1153 1450 1276 1479 peccato.
1295 1456 1304 1472 ι
1320 1447 1353 1474 Ει
1370 1447 1478 1475 locutus
1490 1454 1532 1475 est
1544 1470 1552 1481 ,
1571 1449 1659 1482 inquit
1672 1452 1706 1483 ”,

919 1491 1050 1519 Dominus
1062 1490 1095 1517 ad
1112 1489 1221 1526 Moysen
1237 1493 1332 1521 dicens
1348 1504 1354 1521 :
1371 1494 1468 1521 Anima
1483 1494 1505 1521 si
1519 1502 1570 1528 qua
1586 1495 1709 1531 latuerit,

917 1547 945 1569 et
956 1543 1111 1577 peccaverit
1130 1549 1184 1569 non
1198 1540 1293 1568 volens
1305 1548 1319 1567 a
1337 1542 1440 1569 sanctis
1461 1542 1580 1576 Domini,
1609 1545 1707 1571 otl‘erat

916 1596 966 1623 pro
982 1589 1083 1616 delicto
1102 1596 1152 1616 suo
1169 1587 1284 1615 arietem
1309 1588 1518 1615 immaculatum
1539 1590 1572 1616 de
1598 1591 1707 1622 ovibus,

915 1640 1037 1670 emptum
1054 1635 1143 1670 pretio
1157 1634 1263 1669 argenti
1275 1633 1343 1661 siclo
1360 1639 1466 1666 sancto,
1484 1635 1509 1662 in
1523 1643 1556 1662 eo
1571 1637 1642 1671 quod
1660 1637 1707 1664 de—

916 1680 1005 1715 liquit,
1021 1685 1047 1708 et
1058 1681 1131 1715 quod
1145 1680 1270 1715 peccavit
1286 1688 1302 1707 a
1317 1681 1432 1712 sanctis,
1449 1682 1554 1715 reddet,
1582 1688 1610 1710 et
1627 1683 1707 1717 quiu-

917 1733 958 1756 tas
977 1727 1088 1763 adiiciet
1099 1728 1131 1756 ad
1146 1728 1222 1760 illud,
1237 1732 1264 1754 et
1280 1727 1356 1755 dabit
1368 1727 1442 1754 illum
1458 1729 1605 1762 sacerdoti,
1620 1735 1645 1757 et
1660 1738 1706 1757 sa-

915 1773 1012 1801 cerdos
1023 1773 1147 1800 exorabit
1159 1780 1208 1807 pro
1224 1780 1257 1800 eo
1272 1773 1298 1799 in
1315 1773 1403 1800 ariu-te
1417 1774 1519 1806 delicti,
1535 1779 1564 1801 et
1581 1776 1705 1802 remitte-

915 1824 959 1846 tur
971 1819 1007 1847 ei.
1028 1828 1037 1845 t
1056 1819 1083 1846 In
1096 1819 1281 1853 superioribus
1295 1819 1412 1854 legibus,
1425 1827 1486 1854 quae
1502 1821 1535 1847 de
1560 1821 1705 1848 immundi-

915 1865 958 1891 tiae
974 1864 1116 1892 sacriﬁciis
1137 1864 1336 1897 referebantur,
1356 1865 1442 1892 sicubi
1467 1865 1566 1892 diverit
1581 1865 1702 1893 offeren-

913 1911 989 1943 dum,
1015 1910 1089 1938 verbi
1114 1918 1208 1941 causa,
1235 1917 1325 1942 ovem,
1350 1915 1397 1937 aut
1424 1911 1545 1943 haedum,
1572 1913 1673 1940 addidit
1694 1921 1701 1938 :

912 1956 989 1991 Quod
1003 1957 1025 1983 si
1049 1964 1103 1983 non
1118 1956 1216 1983 sttﬂieit
1241 1963 1338 1983 manus
1349 1956 1407 1990 ejus
1425 1957 1457 1983 ad
1473 1957 1593 1990 hostium,
1609 1964 1654 1986 aut
1668 1961 1701 1987 ad

913 2010 1022 2038 agnum,
1035 2002 1130 2030 offerat
1151 2010 1199 2037 par
1215 2007 1353 2030 turturum
1366 2023 1374 2035 ,
1389 2008 1435 2030 aut
1459 2004 1529 2031 duos
1541 2005 1629 2039 pullos
1652 2014 1701 2032 co-

913 2049 1059 2076 lumbinos.
1073 2049 1104 2076 Et
1120 2049 1319 2082 iteruszuod
1336 2050 1357 2077 si
1375 2057 1424 2078 nec
1442 2051 1475 2078 ad
1499 2053 1550 2078 hoc
1576 2052 1701 2085 sufﬁt-iet,

911 2096 1008 2122 offerat
1021 2095 1213 2130 similaginem.
1229 2096 1256 2122 In
1274 2096 1326 2123 hac
1342 2104 1409 2124 vero
1426 2097 1483 2132 lege
1496 2118 1504 2129 ,
1520 2099 1564 2125 ulti
1583 2100 1616 2126 de
1639 2108 1703 2134 pec-

911 2146 974 2168 cato
990 2142 1063 2176 quod
1081 2141 1107 2168 itt
1126 2142 1229 2168 sanctis
1246 2143 1439 2175 committitur,
1454 2144 1576 2176 disserit,
1598 2146 1701 2172 nnilatu

911 2188 1130 2215 substitutionem
1144 2188 1282 2216 inferioris
1295 2189 1390 2216 hostia:
1402 2191 1539 2223 secundat,
1557 2192 1598 2218 vel
1614 2192 1700 2218 tcrti:e

876 2220 896 2247 ί)
912 2234 1080 2268 sttbrogavit,
1096 2233 1144 2261 sed
1161 2235 1257 2261 statuit
1271 2234 1358 2261 solum
1380 2236 1493 2262 arietem
1507 2235 1674 2263 oli‘erendum
1692 2246 1700 2269 ;

874 2670 894 2686 ιι

912 2286 962 2306 nec
976 2279 1055 2306 aliter
1071 2279 1191 2306 ostendit
1207 2278 1274 2306 solvi
1293 2287 1375 2313 posse
1405 2287 1546 2314 peccatum
1572 2282 1644 2316 quod
1673 2283 1699 2309 in

911 2328 1005 2352 sancta
1031 2325 1223 2357 committitur,
1255 2325 1305 2352 nisi
1333 2326 1448 2352 arietem
1468 2326 1656 2361 iugulaverit:
1673 2333 1700 2354 et

909 2379 964 2399 non
980 2371 1142 2405 simpliciter
1151 2371 1274 2403 arietem,
1285 2371 1332 2398 sed
1342 2371 1453 2399 arietem
1466 2373 1554 2407 pretio
1565 2378 1697 2406 emplum,

909 2421 937 2444 et
954 2421 1029 2444 certo
1044 2416 1143 2450 pretio,
1160 2425 1170 2442 ι
1187 2416 1265 2448 siclo,
1286 2416 1384 2450 inquit,
1408 2423 1512 2444 saneto.
1530 2427 1540 2443 t
1554 2418 1622 2450 Quid
1649 2418 1698 2452 igi-

911 2460 975 2488 tur?
994 2460 1017 2487 si
1034 2460 1094 2495 quis
1113 2467 1215 2495 pauper
1228 2460 1323 2493 fuerit,
1339 2465 1365 2487 et
1383 2468 1435 2488 nou
1455 2462 1581 2488 habuerit
1598 2462 1695 2489 siclum

909 2511 1032 2534 sanctum
1057 2506 1128 2533 unde
1155 2506 1270 2533 mercari
1286 2505 1373 2540 possit
1402 2507 1528 2538 arietem,
1551 2511 1695 2541 peccatum

909 2552 969 2587 ejus
981 2559 1032 2580 non
1049 2552 1169 2581 solvetur
1183 2552 1195 2580 ?
1212 2553 1371 2586 Quaerenda:
1387 2557 1449 2579 sunt
1466 2559 1532 2586 ergo
1548 2553 1695 2587 unicuique

908 2605 935 2626 et
953 2598 1063 2630 divitias,
1078 2602 1107 2625 ut
1121 2603 1263 2633 peccatum
1274 2597 1333 2632 ejus
1352 2597 1438 2631 possit
1452 2596 1565 2624 absolvi.
1593 2596 1693 2624 Verunt

912 2667 997 2695 Levit.
1012 2674 1039 2700 ν,
1054 2665 1098 2697 14,
1115 2665 1157 2697 15,
1171 2663 1213 2692 l6.

939 2727 994 2761 (8i)
1016 2724 1094 2761 Libb.
1107 2723 1214 2761 editi,_c_
1237 2723 1263 2748 itt
1280 2721 1468 2761 superioribus
1485 2720 1603 2761 diximus
1623 2727 1692 2754 quo-

906 2755 991 2789 modo'
1003 2759 1112 2790 vitulus,
1126 2768 1134 2784 t
1146 2758 1193 2785 sed
1208 2758 1233 2784 itt
1252 2756 1330 2784 codd.
1349 2763 1413 2783 mss.
1423 2755 1509 2786 deest,
1520 2764 1529 2780 ι
1541 2755 1688 2782 diximus.)

952 2796 996 2828 8‘2)
1018 2796 1046 2822 In
1067 2792 1320 2827 codiceSangerm.
1339 2791 1427 2828 deest,
1445 2799 1453 2815 ι
1471 2790 1662 2828 deiticandam.
1679 2799 1688 2815 t

952 2797 996 2828 8‘2)
1018 2797 1046 2822 lu
1067 2797 1320 2827 codiceéangerm.
1339 2797 1427 2821 deest,
1445 2799 1453 2815 ι
1471 2797 1662 2830 oetncanuam.
1679 2799 1688 2815 t

941 2797 997 2866 i85)
1013 2830 1086 2857 ldent
1106 2829 1190 2856 codex
1208 2828 1299 2860 habet,
1321 2835 1330 2852 ι
1347 2825 1459 2858 spiritus
1479 2825 1612 2859 stmpltcts
1628 2833 1690 2860 gra-

907 2873 958 2894 ιιυυ.
979 2876 988 2891 t
