1902 3063
213 143 261 171 431

212 204 234 230 si
253 203 376 237 dignetur
391 202 528 233 Dominus,
539 202 578 229 vel
596 202 673 229 nobis
690 202 784 229 oculos
797 202 830 229 ad
844 202 999 230 videmlmn.
1015 205 1038 232 Α

211 248 254 276 vel
268 248 342 276 vobis
357 249 391 275 ad
405 248 567 275 audicmlum
585 254 666 273 aures
690 249 781 275 cordis
799 248 916 282 aperire,
935 249 999 282 quid

213 294 264 320 sibi
278 293 341 320 velit
356 292 519 328 lcgislatoris
533 299 628 318 sensus
646 297 757 325 opertus
779 293 918 327 mysteriis
941 293 998 328 (84)

213 338 392 372 requiremus.
408 336 440 363 Et
460 337 547 370 primo
559 336 666 370 quidem
686 336 826 363 videamus
841 337 891 364 hoc
912 337 998 372 ipsum

210 384 281 418 quod
305 383 447 410 recitatum
465 386 507 408 est
530 383 680 409 secundum
706 381 823 408 litteram
844 382 923 416 quale
951 384 996 409 sit.

211 430 321 456 Videtur
336 427 408 456 enim
437 428 469 455 de
493 427 536 455 his
565 428 658 455 dicere
686 428 713 454 in
734 436 848 462 quormn
875 429 998 455 manilms

209 479 300 502 sancta
317 474 462 501 commissa
474 478 548 505 sunt,
565 473 592 500 id
607 478 649 500 est
675 481 735 508 qua:
753 474 780 501 in
797 473 901 501 Domini
917 474 998 501 donis

207 520 298 547 oblata
311 524 374 546 sunt
390 527 397 545 ι
414 518 487 546 verbi
506 519 604 553 gratia,
625 525 685 547 vota
705 525 732 547 et
755 527 867 547 munera
881 529 941 554 qum
970 522 995 546 in

208 565 335 592 Eci-lesiis
351 563 398 591 Dei
428 563 461 590 ad
484 571 549 590 usus
564 569 731 598 sanctorum,
765 571 792 592 et
816 566 996 593 ministerium

207 611 391 642 sacerdotum,
412 608 455 635 vel
472 616 533 643 qtue
545 609 579 636 ob
593 610 783 637 necessitatem
799 618 961 645 pauperum,
981 619 994 638 a

207 656 311 682 devotis
327 660 354 681 et
371 654 507 690 religiosis
523 655 658 682 mentibus
670 654 829 683 olIeruntnr.
852 657 889 683 De
906 656 948 683 his
963 657 985 684 si

205 702 267 736 quis
281 701 403 735 qualibet
431 701 644 736 prazsnmptione
669 702 848 734 subtraxerit,
873 702 995 730 decernit

207 750 260 778 lex.
287 749 348 776 utsi
368 752 565 776 rememoratus
579 748 660 775 fuerit
673 755 800 782 peccasse
811 754 885 781 se,et
899 754 994 783 sponte

205 795 443 830 t-ontpunctionem
458 794 549 822 cordis
568 795 718 828 acceperit;
729 795 761 821 de
789 802 821 822 eo
849 796 920 821 enim
948 795 994 830 qui

208 849 260 868 non
276 846 371 875 sponte
386 840 588 875 compungitur,
603 841 649 868 sed
661 841 715 867 alio
728 846 859 876 arguente
881 842 993 868 convin-

205 889 286 920 citur.
301 889 440 916 diliicilius
453 888 600 915 remedium
618 891 678 920 est;
692 888 736 915 hic
747 896 823 923 ergo,
838 889 882 922 qui
897 893 993 923 sponte

197 936 367 963 't‘ecordatus
389 935 472 961 fuerit
493 938 634 968 peccatum
648 941 740 965 suum,
762 935 866 966 reddet,
895 935 991 968 inquit,

206 982 270 1008 illml
283 981 370 1016 ipsum
389 981 459 1015 quod
475 980 666 1013 subtraxerat,
692 985 719 1006 et
747 980 827 1007 addet
858 981 890 1007 ad
925 981 990 1007 illud

204 1027 324 1061 qninlas,
342 1031 366 1054 et
392 1025 489 1052 olli-ret
518 1026 630 1052 arietem
654 1033 704 1060 pro
733 1031 845 1060 peccato
872 1031 991 1060 emptum

205 1074 292 1108 pretio
304 1073 370 1100 siclo
383 1076 488 1099 sancto.
501 1072 577 1104 Quod
596 1072 673 1104 dicit,
685 1073 766 1100 addet
783 1074 816 1099 ad
832 1073 897 1100 illud
914 1074 991 1108 quin-

205 1126 256 1152 tas,
270 1119 450 1155 simpliciores
461 1120 562 1154 quique
583 1119 742 1146 existimant
771 1120 806 1146 ita
824 1120 937 1151 dictum,
951 1125 990 1153 ιιι,

205 1166 278 1193 verbi
294 1173 386 1199 causa,
419 1165 441 1192 si
474 1165 595 1200 quinque
621 1166 723 1192 nummi
753 1166 886 1194 subtracli
915 1173 990 1199 sunt,

203 1219 273 1238 unus
288 1212 414 1244 addatur,
425 1216 453 1237 ιιι
469 1218 517 1246 pro
532 1211 652 1245 quinque
670 1219 716 1238 sex
732 1212 990 1239 reddere'videatnr.

203 1259 255 1286 Sed
268 1259 314 1293 qui
329 1259 355 1285 in
372 1257 517 1292 disciplina
532 1265 707 1284 nttmerorum
731 1259 856 1293 peritiam
882 1263 989 1293 gerunt,

203 1305 282 1340 longe
300 1304 379 1332 aliter
406 1303 484 1330 istius
512 1302 636 1330 vocabuli
662 1311 803 1330 numerum
831 1309 990 1338 supputant.

203 1351 268 1377 Nam
282 1355 308 1378 et
324 1351 349 1377 in
365 1349 460 1377 Graeco
474 1357 526 1376 non
539 1349 620 1377 habet
633 1350 767 1385 πέμπτον,
778 1351 849 1384 quod
860 1351 990 1385 simplwi~

204 1398 363 1431 tcrqniutas
389 1396 465 1428 facit,
491 1395 537 1422 sed
561 1397 640 1423 habet
657 1396 920 1431 ὲπίπεμπτοιι,ιιιιοιι
942 1404 991 1424 nos

202 1443 313 1478 quidem
332 1448 477 1477 possumus
493 1443 583 1469 dicere
595 1449 676 1477 super
687 1443 795 1476 quintas
814 1452 820 1470 :
842 1443 893 1469 nisi
917 1442 992 1469 dice-

204 1495 279 1517 retur
294 1489 364 1516 istud
383 1489 512 1523 specialis
527 1488 668 1522 cujnsdam
699 1489 802 1516 numeri
827 1489 897 1523 apud
930 1488 990 1516 illos

202 1544 262 1562 esse
291 1535 462 1565 vocabulum,
485 1542 538 1567 quo
561 1534 697 1561 indicetur
715 1534 770 1567 (85)
798 1542 846 1568 pro
871 1535 990 1569 quinque

202 1583 271 1609 alios
291 1582 410 1616 quinque
440 1582 554 1614 dandos,
580 1585 607 1608 et
630 1587 711 1606 unum
735 1587 832 1614 super;
858 1585 886 1606 ut
916 1580 989 1607 \erbi

201 1628 290 1663 gratia
310 1627 478 1661 intelligatur
492 1627 536 1661 qui
550 1626 657 1653 furatus
668 1626 701 1652 sit
713 1626 833 1660 quinque
854 1633 990 1657 nununos,

204 1674 275 1707 ipsos
291 1673 399 1708 quidem
420 1673 539 1708 quinque
561 1673 715 1702 restituere,
734 1677 760 1698 et
780 1672 848 1698 alios
871 1671 991 1706 quinque

204 1726 257 1746 uno
272 1719 459 1754 superaddito.
473 1717 529 1745 Nec
545 1723 635 1744 tamen
649 1719 707 1745 luce
723 1717 851 1744 continuo
868 1725 916 1752 pro
935 1717 990 1744 iur-

203 1764 237 1790 tis
251 1769 298 1790 aut
321 1763 461 1790 fraudibus
480 1763 653 1797 intelligenda
669 1767 743 1794 sunt,
760 1763 806 1789 sed
819 1763 889 1797 quod
908 1763 989 1789 etiam

202 1810 223 1836 si
244 1810 305 1843 quis
324 1817 372 1844 pro
397 1809 491 1836 usibus
521 1809 685 1835 necessariis
701 1808 752 1834 sibi
773 1809 805 1835 de
824 1809 927 1835 sanctis
943 1816 989 1843 pe-

201 1856 310 1881 cuniam
332 1857 458 1889 sumpsit,
476 1860 503 1882 et
519 1862 609 1881 morus
629 1854 721 1880 attulit
736 1854 915 1887 restituendo,
938 1854 989 1881 lni-

198 1900 316 1934 jusmodi
335 1900 392 1933 lege
407 1899 615 1933 constringitur.
635 1899 699 1932 Quae
721 1899 761 1926 lex
784 1899 868 1926 etiam
891 1906 989 1926 secun-

200 1947 263 1973 dum
276 1946 395 1973 litteram
409 1946 548 1974 zedilieare
556 1946 637 1973 debet
653 1945 803 1972 audientes.
820 1945 903 1972 Valde
916 1946 988 1972 enim

200 1994 275 2021 utilis
303 1998 329 2021 et
359 1993 511 2021 necessaria
535 1998 576 2020 est
601 1993 767 2023 observatio,
790 1992 832 2018 his
855 1992 990 2026 prmcipne

200 2041 246 2074 qui
259 2039 454 2067 ecclesiasticis
461 2039 712 2073 dispensatiouibus
723 2044 854 2072 pra-sunt,
865 2042 892 2064 ut
903 2038 990 2065 sciant

200 2086 250 2113 sibi
270 2086 304 2113 ab
326 2086 368 2113 his
388 2093 450 2120 quae
477 2085 503 2111 in
524 2092 602 2111 usum
621 2089 779 2112 sanctorum
801 2084 890 2110 oblata
909 2088 983 2116 sunt,

200 2133 307 2158 cautius
326 2136 353 2158 et
370 2131 526 2166 diligentius
539 2130 751 2159 observamlnm.

237 2177 263 2204 7.
274 2177 327 2204 Sed
342 2182 368 2204 et
384 2184 433 2204 nos
447 2177 546 2211 quibus
563 2177 613 2204 ista
636 2175 705 2202 forte
721 2182 771 2201 non
787 2175 930 2206 accidunt,
952 2175 988 2201 vi-

200 2224 314 2250 deanms
326 2230 378 2256 qua
390 2230 422 2249 ex
437 2228 514 2257 parte
527 2229 618 2249 sermo
638 2221 705 2255 legis
729 2221 854 2247 :etlilicet.
883 2220 913 2246 Et
938 2229 989 2255 ego
1006 2227 1027 2254 ι)

199 2268 292 2300 hodie,
310 2268 371 2295 licet
388 2273 516 2302 peccator
533 2267 606 2300 sim,
627 2271 718 2294 tamen
736 2266 799 2300 quia
823 2266 989 2299 dispensatio

200 2314 265 2342 mihi
285 2314 361 2342 verbi
378 2314 510 2341 Dominici
527 2313 630 2340 credita
649 2317 701 2342 est,
722 2315 816 2338 sancta
837 2311 883 2337 Dei
897 2311 989 2338 videor

200 2362 303 2389 habere
321 2361 478 2389 counnissa,
497 2360 589 2395 Neque
608 2366 681 2386 nime
694 2357 822 2392 primum,
838 2357 885 2384 sud
917 2366 987 2392 smpe

196 2407 252 2441 jam
269 2411 296 2434 et
316 2406 380 2434 olim
395 2405 599 2440 dispensatione
614 2405 665 2432 hac
680 2411 744 2438 erga
763 2410 810 2430 vos
825 2403 935 2430 utimur.
958 2403 986 2428 Si

199 2453 260 2489 quis
274 2461 340 2487 ergo
360 2459 392 2479 ex
411 2451 489 2478 vobis
507 2451 639 2485 suscipiat
654 2458 669 2476 a
687 2457 729 2476 me
746 2449 912 2476 Dominicam
940 2455 986 2483 pe-

199 2499 319 2528 cuniam,
335 2503 373 2530 et,
392 2501 421 2523 ut
448 2496 505 2523 ﬁeri
533 2495 612 2527 solet,
631 2502 758 2528 egressus
780 2493 940 2524 Ecclesium,
961 2501 988 2519 et

199 2544 315 2570 diversis
328 2541 554 2577 occupationibus
567 2540 659 2568 s:eculi
675 2545 776 2574 raptus,
788 2538 915 2566 oblivioni
929 2546 988 2572 qua:

200 2591 323 2617 audierat
342 2589 427 2620 dedit,
450 2595 501 2615 nec
517 2595 585 2622 opus
616 2586 726 2621 aliquod
744 2593 777 2613 ex
804 2584 887 2612 verbo
917 2584 988 2618 quod

200 2637 330 2671 SltSt‘t‘pll,
350 2636 481 2671 implevit,
499 2635 550 2662 iste
577 2639 617 2661 est
636 2634 681 2668 qni
702 2631 843 2667 pecuniam
868 2631 901 2657 de
924 2638 987 2656 san-

238 2706 259 2720 "
277 2705 295 2731 ll
311 2705 373 2731 Cor.
399 2712 428 2735 ιι,
444 2703 487 2730 l5.
527 2703 548 2719 ¹³
561 2703 633 2730 Psal.
655 2709 752 2731 xxviii,
765 2701 791 2727 9.

202 2740 223 2756 ¹³
236 2740 334 2766 Cenes.
349 2747 407 2765 xui.
447 2739 467 2753 "
481 2738 586 2766 Coloss.
602 2747 630 2772 ιι,
646 2738 672 2765 5.

237 2796 292 2831 (84)
309 2795 408 2831 Omnes
427 2802 504 2824 mss..
524 2803 532 2819 ι
546 2798 666 2831 opertus
692 2790 839 2826 mysteriis.
865 2798 873 2813 ι
905 2787 983 2814 Libh.

202 2829 301 2861 e.li'ti,'c
321 2830 423 2863 apertis
442 2829 587 2863 mysteriis.
606 2837 613 2853 ι
742 2859 750 2863 _
855 2859 870 2863 υ
887 2857 891 2862 _
947 2858 951 2863 .

239 2859 293 2899 κείς)
306 2859 405 2892 omnes
426 2859 503 2895 mss”
524 2874 532 2889 ι
553 2864 696 2890 indicetur.
714 2870 723 2887 ι
741 2859 817 2887 Libb.
829 2859 905 2890 editi,
923 2868 931 2884 ι
947 2859 986 2884 iii—

953 141 1111 168 UlilGENIS

832 2699 873 2725 I‘l
889 2699 966 2725 .leau.
988 2706 1006 2728 I,
1027 2697 1050 2723 l.

1791 147 1843 174 δίΰέ

1053 203 1105 230 etis
1118 207 1271 237 susceptam
1285 211 1336 230 non
1359 204 1484 231 reddidit.
1500 204 1574 232 Unde
1590 206 1631 234 vel
1646 207 1688 234 bis
1704 207 1804 235 auditis
1816 209 1843 234 in

1056 249 1213 276 memoriam
1233 254 1352 282 revocet,
1367 251 1438 285 quod
1455 258 1486 277 ea
1511 259 1570 286 quae
1583 253 1684 280 dudum
1709 254 1760 281 sibi
1780 254 1842 281 l‘ne-

1053 300 1112 322 rant
1125 296 1151 322 in
1169 295 1252 322 verbo
1265 296 1311 322 Dei
1332 297 1488 328 coimuissa,
1502 297 1631 331 neglexit.
1657 299 1759 326 lleddat
1773 308 1843 335 ergo

1050 346 1077 367 et
1098 342 1148 368 hoc
1168 342 1239 376 quod
1255 342 1369 377 accepit,
1384 347 1411 369 et
1437 343 1518 370 addat
1533 346 1565 372 ad
1586 345 1611 372 id
1632 346 1742 379 quiutas
1760 346 1846 381 198

1051 395 1082 415 eo
1104 389 1182 414 modo
1202 396 1256 422 quo
1273 394 1336 415 ante
1352 388 1407 422 jam
1425 391 1546 418 diximus
1567 400 1574 417 :
1607 391 1633 418 id
1653 396 1706 424 est,
1736 398 1766 418 ut
1799 393 1846 420 bis

1049 434 1144 467 quinta
1170 433 1236 464 sint.
1254 439 1283 460 et
1305 442 1374 461 unus
1389 436 1597 469 superaddatur.
1616 436 1762 463 Videamus
1775 444 1844 472 ergu

1048 480 1183 513 quomodo
1202 479 1322 514 quinque
1343 480 1385 507 isti
1409 482 1570 509 reddantur.
1597 481 1723 516 Quinque
1743 491 1843 510 nume-

1050 533 1095 552 rus
1120 525 1287 560 frequenter,
1318 526 1372 553 imo
1403 535 1471 562 pene
1492 535 1611 562 semper,
1640 536 1688 563 pro
1719 529 1845 564 quinque

1047 571 1171 598 sensibus
1195 573 1338 606 accipitur.
1354 572 1430 600 Scire
1451 581 1515 608 ergo
1535 575 1665 601 debemus
1685 574 1737 602 hoc
1758 576 1843 602 modo

1048 617 1114 644 istos
1132 617 1253 652 quinque
1270 626 1366 646 sensus
1380 619 1407 646 in
1429 620 1535 647 sanctis
1548 620 1654 648 actibus
1666 628 1746 655 posse
1760 621 1843 648 resti-

1047 663 1096 696 tui,
1116 663 1181 690 utsi
1203 664 1274 690 l‘orte
1285 665 1510 699 prtesumpsimus
1524 665 1597 693 abuti
1613 666 1652 693 eis
1674 666 1700 693 iu
1725 666 1843 694 saecula-

1047 709 1122 735 ribus
1137 708 1253 740 actibus,
1274 712 1300 735 ct
1319 709 1500 743 impendimus
1519 718 1597 738 usuin
1619 718 1715 738 eorum
1733 711 1762 738 in
1780 712 1839 744 his,

1045 762 1106 789 quae
1123 762 1176 781 non
1199 755 1349 782 secundum
1373 755 1456 782 Deum
1480 757 1633 791 gessimus,
1658 758 1841 786 restituamus

1046 808 1116 827 nunc
1131 805 1158 827 et
1178 800 1250 835 ipsos
1265 800 1386 835 quinque
1408 802 1511 829 sanctis
1523 803 1631 830 actibus
1648 803 1844 839 religiosisque

1045 845 1218 877 ministeriis,
1237 850 1264 872 et
1295 845 1365 872 alios
1397 846 1438 873 his
1466 847 1587 881 quinque
1613 848 1756 879 addamus,
1789 849 1840 883 qui

1047 895 1109 917 sunt
1124 890 1261 917 interioris
1281 890 1400 918 hominis
1416 899 1512 919 sensus
1529 902 1536 919 :
1555 900 1602 927 per
1617 901 1686 927 quos
1702 893 1742 920 vel
1759 901 1844 920 mun-

1047 935 1074 961 di
1086 937 1168 962 corde
1179 936 1266 963 ellccti
1289 935 1371 963 Deum
1389 938 1510 965 videmus
1522 958 1530 971 ,
1546 938 1589 965 vel
1610 946 1688 966 aures
1706 939 1844 966 habemus

1047 982 1080 1008 ad
1094 982 1226 1009 audienda
1241 990 1272 1009 ea
1293 991 1353 1018 (μιιιξ
1367 985 1446 1011 docet
1458 983 1548 1016 Jesus,
1566 984 1605 1011 vel
1623 985 1733 1011 odorem
1762 986 1842 1020 capi-

1047 1035 1108 1055 mus
1121 1028 1195 1054 illum
1214 1037 1294 1064 quem
1315 1028 1382 1056 dicit
1401 1030 1544 1065 Apostolus
1559 1031 1589 1062 ",
1614 1039 1623 1056 ι
1643 1030 1709 1063 Quia
1733 1030 1842 1058 Christi

1047 1073 1135 1100 bonus
1146 1074 1214 1101 odor
1227 1082 1321 1102 smmis
1338 1075 1410 1106 Deo;
1431 1085 1439 1100 ν
1457 1075 1498 1102 vel
1512 1077 1595 1102 etiam
1611 1081 1720 1110 gustum
1753 1076 1842 1102 sumi-

1047 1127 1106 1146 mus
1125 1119 1212 1152 illum,
1228 1120 1261 1147 de
1276 1127 1330 1154 quo
1347 1121 1412 1147 dicit
1429 1119 1562 1154 Propheta
1579 1121 1601 1136 "
1634 1128 1641 1147 :
1671 1130 1680 1146 ι
1712 1120 1842 1154 Gustata,

1046 1168 1073 1190 et
1088 1164 1328 1198 videte,qooniam
1354 1164 1446 1191 suavis
1462 1169 1503 1190 est
1531 1164 1672 1196 Dominus;
1693 1174 1702 1189 ι
1725 1164 1768 1191 vel
1800 1169 1844 1191 ta-

1047 1215 1117 1236 ctum
1142 1209 1215 1236 illum
1240 1217 1321 1244 quem
1347 1210 1412 1237 dicit
1435 1209 1552 1237 Joannes
1569 1211 1600 1241 ",
1632 1211 1693 1244 quia
1717 1219 1727 1235 ι
1749 1210 1842 1238 oculis

1047 1255 1147 1282 nostris
1166 1255 1343 1290 inspeximus,
1360 1260 1387 1282 et
1416 1263 1511 1282 manus
1529 1261 1628 1282 nostrae
1658 1255 1842 1290 palpavnrunt

1046 1299 1102 1335 (86)
1119 1300 1152 1326 de
1173 1300 1254 1327 verbo
1273 1301 1344 1327 vitm.
1368 1310 1378 1327 ι
1404 1300 1451 1328 His
1475 1307 1564 1328 autem
1594 1301 1721 1327 omnibus
1751 1309 1838 1327 |llllllll

1045 1347 1280 1380 superaddamns,
1306 1351 1335 1373 nt
1359 1347 1391 1373 ad
1421 1354 1503 1373 unum
1535 1345 1619 1373 Deum
1648 1347 1706 1373 baie
1735 1353 1838 1374 cuncta

1046 1392 1206 1420 referamus.
1224 1392 1257 1419 Et
1283 1393 1340 1420 ha-c
1372 1393 1480 1427 quidem
1509 1393 1544 1420 de
1571 1392 1750 1420 restituendis
1782 1393 1839 1425 his,

1046 1446 1105 1472 qua:
1121 1437 1241 1472 qualibet
1254 1438 1330 1473 culpa
1347 1446 1379 1465 ex
1398 1439 1503 1466 sanctis
1513 1438 1603 1466 ablata
1626 1437 1746 1471 fuerant,
1761 1438 1837 1466 dicta

1045 1485 1109 1512 sint.

1079 1529 1106 1555 8.
1124 1528 1193 1561 Quid
1212 1536 1276 1555 vero
1293 1528 1414 1556 dicemus
1427 1528 1460 1556 de
1476 1528 1612 1556 sacriﬁcio
1627 1529 1721 1556 arietis
1745 1531 1838 1564 pretio

1046 1575 1142 1608 empti,
1160 1579 1187 1602 et
1201 1575 1288 1609 pretio
1309 1574 1367 1601 sicli
1385 1575 1483 1607 sancti,
1500 1575 1546 1609 qui
1561 1583 1609 1609 pro
1622 1575 1725 1609 peccati
1739 1577 1837 1610 expia-

1045 1621 1238 1655 tionejubetur
1252 1620 1364 1647 ollerri?
1383 1621 1461 1648 Dives
1477 1620 1584 1648 futurus
1598 1627 1650 1653 est,
1674 1622 1719 1655 qui
1743 1623 1837 1656 pretio

1043 1667 1139 1694 arietis
1155 1667 1240 1701 possit
1257 1666 1354 1694 delicta
1369 1673 1494 1701 purgare.
1513 1666 1577 1700 Quae
1591 1671 1654 1694 sunt
1681 1667 1739 1694 istze
1768 1668 1836 1694 divi-

1043 1714 1096 1745 tiae,
1113 1713 1294 1747 requiramus.
1311 1712 1394 1739 Docet
1407 1719 1456 1739 nos
1470 1711 1685 1746 sapientissimus
1700 1712 1834 1739 Salomon

1042 1759 1137 1786 dicens
1152 1759 1172 1774 ⁸⁵
1191 1769 1196 1785 :
1222 1767 1231 1784 ι
1253 1758 1413 1792 Redemptio
1426 1758 1523 1784 animae
1541 1758 1603 1790 viri,
1621 1759 1740 1792 propriae
1760 1758 1835 1785 divi-

1044 1804 1088 1830 tia:
1104 1802 1173 1837 ejus.
1197 1812 1205 1828 ι
1223 1803 1307 1829 Audis
1324 1803 1404 1829 verba
1418 1801 1569 1836 sapientiae,
1584 1803 1722 1837 quomodo
1738 1811 1836 1831 neces-

1045 1849 1126 1876 sariis
1141 1857 1202 1876 cum
1217 1848 1439 1883 proprietatibus,
1457 1849 1510 1876 vim
1533 1848 1748 1882 uniuscujusque
1773 1857 1836 1876 scr-

1043 1895 1130 1922 monis
1163 1894 1328 1921 enuntiarit?
1362 1894 1474 1921 Divitias
1501 1895 1566 1919 dicit
1600 1898 1678 1927 aptas
1712 1897 1745 1920 ad
1774 1894 1836 1921 ani-

1043 1949 1093 1968 ma:
1117 1933 1342 1974 redemptionem,
1371 1944 1398 1966 et
1434 1940 1544 1967 divitias
1564 1947 1615 1966 non
1633 1939 1754 1972 alienas,
1789 1948 1835 1966 ne-

1042 1996 1094 2022 que
1106 1994 1275 2018 couunuues,
1297 1986 1342 2013 sed
1377 1986 1486 2012 divitias
1512 1985 1645 2019 proprias.
1679 1985 1731 2012 Per
1759 1987 1834 2020 quod

1041 2033 1161 2062 ostendit
1177 2040 1238 2060 esse
1255 2033 1384 2066 quasdam
1402 2032 1511 2059 divitias
1527 2033 1667 2066 proprias,
1693 2033 1831 2066 quasdam

1043 2087 1106 2106 vero
1122 2087 1173 2105 non
1195 2078 1327 2112 proprias.
1345 2077 1397 2104 Sed
1420 2077 1470 2104 hoc
1489 2077 1640 2103 evidentius
1658 2076 1791 2104 Dominus
1807 2078 1832 2103 in

1042 2124 1195 2159 Evangeliis
1212 2123 1370 2154 declaravit,
1389 2130 1450 2149 cum
1467 2122 1535 2148 dixit
1550 2122 1570 2137 "
1585 2129 1592 2148 :
1625 2131 1635 2147 ι
1663 2122 1740 2155 Quod
1757 2123 1779 2150 si
1806 2124 1832 2150 in

1043 2170 1132 2196 alieno
1150 2169 1243 2196 ίίιΙι-Ιιιε
1260 2176 1312 2195 ιιοιι
1328 2168 1428 2201 fuistis,
1442 2169 1513 2203 quod
1538 2173 1659 2195 vestrum
1683 2173 1738 2201 est,
1769 2170 1832 2203 quis

1043 2215 1116 2241 dabit
1135 2214 1211 2241 vobis
1226 2213 1237 2239 ’ἔ
1255 2223 1264 2239 ι
1283 2212 1436 2240 Ostendeus
1451 2220 1499 2247 per
1511 2213 1560 2239 hoc
1581 2214 1724 2247 prmsentis
1737 2214 1830 2240 δίει-υῐί

1043 2260 1152 2287 divitias
1186 2266 1238 2284 non
1270 2265 1330 2285 esse
1352 2263 1459 2284 nostras
1485 2258 1616 2292 proprias,
1644 2259 1692 2285 sed
1715 2259 1829 2285 alienas.

1042 2307 1195 2333 Transeunt
1211 2304 1330 2336 enim,et
1354 2304 1423 2330 sicttt
1440 2305 1535 2329 umbra
1563 2309 1742 2338 prmtcreunt.
1765 2304 1831 2331 Pro-

1041 2354 1105 2387 priae
1119 2360 1184 2378 vero
1202 2356 1266 2377 situt
1287 2350 1338 2376 illae
1369 2350 1482 2381 divitiae,
1507 2350 1541 2376 de
1573 2350 1672 2385 quibus
1699 2351 1830 2385 propheta

1042 2401 1075 2427 dix
1087 2400 1107 2426 it
1120 2399 1140 2414 ¹⁷
1158 2407 1164 2424 :
1185 2406 1194 2423 ι
1215 2397 1247 2424 Et
1261 2397 1293 2424 ad
1310 2402 1336 2424 te
1349 2397 1519 2432 congregabo
1537 2397 1646 2424 divitias
1661 2398 1797 2431 gentium.
1818 2407 1827 2423 ι

1043 2446 1079 2472 Ex
1094 2445 1135 2471 his
1163 2443 1279 2469 fortasse
1309 2442 1412 2468 divitiis
1428 2448 1455 2469 et
1483 2442 1619 2469 Abraham
1646 2442 1723 2469 dives
1739 2441 1829 2468 factus

1040 2496 1080 2518 est
1096 2489 1173 2515 valde
1192 2489 1219 2515 in
1242 2495 1321 2520 auro,
1337 2492 1363 2514 et
1385 2493 1508 2522 argento,
1527 2492 1553 2514 et
1583 2488 1729 2522 pecoribus
1748 2493 1830 2522 atque

1040 2537 1112 2563 omni
1131 2534 1307 2569 suppellectili
1329 2534 1360 2561 ¹⁸.
1387 2533 1432 2560 Vis
1451 2534 1497 2560 tibi
1514 2534 1655 2560 ostendant
1673 2541 1705 2560 ex
1730 2535 1830 2567 quibus

1042 2582 1177 2609 the~auris
1193 2581 1361 2607 descendant
1378 2580 1436 2607 ista:
1449 2580 1568 2606 divitiae?
1585 2579 1654 2606 Audi
1672 2580 1828 2613 apostolum

1042 2628 1152 2654 l’aulum
1169 2627 1305 2653 dicentem
1319 2625 1352 2651 de
1369 2625 1482 2651 Domino
1498 2624 1561 2652 Jesu
1576 2625 1686 2652 Christo
1697 2626 1718 2641 "
1736 2634 1744 2652 :
1766 2635 1775 2651 ι
1800 2625 1828 2652 In

1087 2697 1110 2711 ¹⁵
1129 2695 1276 2725 l’rov.xut,
1289 2693 1316 2720 8.
1357 2694 1377 2708 "‘
1396 2694 1459 2720 Luc.
1475 2701 1529 2726 xvi,
1549 2693 1589 2720 l‘2.
1630 2694 1650 2708 "
1666 2694 1738 2721 Zaeh
1770 2701 1825 2721 ⁴υν.

1042 2787 1186 2813 dicaretur.
1206 2793 1215 2810 ι

1077 2820 1237 2855 ιὸϋμὶυύυκ
1265 2819 1427 2851 Sangan
1459 2831 1467 2845 ι
1501 2821 1688 2855 palpavernnt.
1712 2830 1720 2846 ι
1748 2819 1822 2847 Libl).

1043 2857 1118 2887 editi,
1141 2865 1150 2881 ι
1171 2860 1419 2882 contrectzn'erunt.
1434 2866 1443 2882 ι
