1894 3059
76 113 120 140 ltili
650 109 682 135 IN
704 105 890 135 LICV'ITICLM
913 105 1052 134 IIOlillJA
1069 107 1112 134 IV.

1644 106 1694 137 434

73 178 122 206 quo
151 176 233 201 sinu,
261 170 366 204 inquit,
389 178 484 198 omnes
510 169 628 197 thesauri
659 169 799 204 sapientiie
832 173 854 194 et

914 167 997 193 clinia-
1013 167 1159 194 Dominicm
1181 174 1278 193 nomen
1296 170 1348 197 cst,
1369 170 1395 192 et
1414 166 1440 192 in
1462 166 1551 193 multis
1572 166 1694 200 Scriptu-

72 217 188 244 icientiae
205 216 367 243 absconditi.
393 225 403 242 ι
427 215 479 243 Sed
492 220 518 243 et
537 216 562 243 in
586 215 738 249 Evangeliis
767 215 853 242 Domi-

72 271 120 290 nus
134 262 201 289 dicit
211 262 246 293 ’°,
264 262 325 296 quia
340 262 428 289 scriba
449 262 524 289 dives
546 271 554 287 ι
572 261 675 296 profert
692 261 725 288 de
750 261 857 288 thesau-

73 309 109 335 ris
122 307 177 334 suis
192 314 262 333 nova
276 312 303 332 et
318 311 418 334 vetera.
438 315 447 331 ι
467 306 506 334 De
521 306 563 332 his
582 311 609 332 et
624 305 764 339 apostolus
787 304 856 330 Pau-

74 355 112 380 lus
124 353 189 381 dicit
201 353 235 384 ",
258 362 267 377 ι
286 352 348 386 quia
371 351 396 378 in
412 351 538 377 omnibus
554 351 649 377 divites
668 350 731 376 facti
746 349 814 376 estis
831 348 855 374 in

74 401 126 433 illo,
142 401 168 426 iu
185 399 261 427 onmi
284 400 379 430 verbo,
391 403 416 426 et
434 398 460 425 io
472 398 545 425 omni
562 398 688 425 scientia.
706 407 715 423 ι
747 396 784 423 Ex
815 396 858 423 his

72 455 133 481 ergo
145 446 257 476 divitiis,
271 453 330 479 qum
343 445 377 472 de
395 445 533 472 thesauris
545 444 684 479 sapientia:
698 448 725 471 et
738 443 857 470 scientize

73 493 258 528 proferuntur,
286 491 448 518 mercandus
469 491 546 517 nobis
568 494 610 517 est
629 490 680 517 iste
698 490 786 521 aries,
810 489 855 524 qui

73 538 163 566 oll'crri
183 537 282 564 debeat
307 544 354 570 pro
383 535 502 571 peccatis
531 535 584 562 illis
607 535 711 562 scilicet
738 542 798 568 qua:
829 534 856 560 in

73 586 164 610 sancta
190 580 336 608 commissa
355 585 430 614 sunt,
450 585 476 607 et
504 579 564 607 sicli
583 579 669 606 sancti
693 586 856 606 annumera-

73 629 144 656 tionc
174 627 348 655 Incrcandns.
382 626 441 654 lam
482 626 606 660 superius
635 626 754 652 diximus
786 625 858 659 quod

71 673 158 700 otnnis
185 673 275 699 hostia
309 677 399 707 typum
426 676 503 706 gerat
529 675 555 698 et
585 670 729 705 imaginem
746 669 856 701 Christi.

73 720 155 746 multo
184 718 272 752 magis
297 718 381 748 aries,
410 717 454 752 qui
475 721 502 744 et
524 725 572 751 pro
597 716 672 743 Isaac
692 716 827 749 quendam
843 723 856 741 a

74 765 126 793 Deo
140 765 306 792 substitutus
335 767 378 791 est
404 763 586 790 immolaudus
613 762 647 789 “.
679 761 751 789 Siclo
776 761 859 795 igitur

73 816 166 838 sancto
180 810 381 844 comparandus
402 809 480 836 nobis
497 814 540 836 est
555 809 693 840 Christus,
704 808 750 842 qui
764 815 859 842 pecca-

74 860 98 882 ta
113 860 206 883 nostra
237 854 381 882 dissolvat.
409 854 498 882 Sielns
530 859 643 882 sanctus
671 854 732 880 fidei
762 859 860 881 nostra:

74 903 190 929 formam
207 905 291 928 tenet.
311 900 339 928 Si
363 901 435 928 enim
457 901 537 928 fidem
569 901 702 928 obtuleris
732 905 859 935 tanquam

72 948 202 982 pretium,
217 948 328 975 Christo
345 947 419 974 velut
438 948 524 974 ariete
551 947 726 974 immaculato
754 947 780 973 in
812 948 861 974 ho-

71 995 150 1022 stiam
166 994 231 1020 dato
246 993 434 1021 remissionem
453 993 573 1028 accipies
590 999 774 1028 peccatorum.
791 994 861 1021 Sen-

74 1040 110 1067 tio
121 1040 193 1074 quod
214 1040 240 1066 in
256 1038 429 1073 explanando
443 1038 515 1066 vires
537 1044 643 1066 nostras
668 1040 860 1075 mysteriorum

72 1090 184 1119 superat
214 1085 380 1120 magnitudo.
414 1083 467 1112 Sed
496 1085 618 1118 quamvis
644 1093 696 1112 non
722 1084 861 1112 valeamus

72 1135 169 1157 cuncta
184 1129 334 1162 disserere,
362 1135 451 1157 tamen
485 1130 617 1158 sentimus
637 1135 735 1158 Cuncta
760 1131 860 1165 repleta

71 1184 131 1203 esse
153 1177 301 1210 n~ysteriis.
319 1176 350 1203 Et
361 1177 422 1204 ideo
438 1177 568 1204 studiosis
590 1177 742 1211 quibusque
762 1177 862 1203 indicia

73 1224 196 1258 posuisse
209 1223 334 1256 sufﬁciat,
349 1223 448 1258 quibus
463 1224 573 1251 excitati
597 1224 630 1250 ad
650 1223 746 1250 altiora
767 1225 862 1250 horum

72 1275 97 1296 ct
118 1270 298 1304 profundiora
316 1271 485 1304 perveniant,
501 1276 528 1298 et
550 1271 700 1305 intelligant
719 1278 751 1297 ex
764 1271 863 1306 quilms

71 1315 111 1342 eis
122 1316 253 1350 gregibus
272 1321 411 1350 quaeratur
425 1317 526 1344 vitulus
541 1316 574 1343 ad
590 1317 706 1344 hostiam
719 1337 726 1348 .
751 1325 782 1344 ex
805 1317 866 1354 qni-

73 1359 123 1387 bus
150 1360 249 1387 ovibus
270 1361 342 1388 aries
366 1361 549 1396 providendus
563 1362 608 1388 sit.
642 1371 651 1388 ι
679 1362 770 1390 llabeo
791 1363 862 1390 enim

73 1405 181 1440 (inquit
206 1405 284 1434 Jesus
300 1407 342 1441 ")
363 1411 390 1434 et,
410 1407 477 1434 alias
494 1416 569 1441 ores,
591 1416 650 1442 qua:
674 1417 726 1436 non
751 1413 814 1436 sunt
833 1409 865 1436 de

73 1451 124 1479 hoc
145 1452 224 1483 ovili.
242 1456 270 1479 et
300 1452 358 1480 illas
381 1458 489 1486 oportet
517 1461 558 1480 me
574 1454 710 1482 adducere
733 1463 738 1480 :
768 1461 797 1482 ut
818 1455 865 1482 fiat

912 220 1002 239 rarutn
1037 213 1123 245 locis,
1150 213 1265 240 diversis
1297 213 1505 247 appellationum
1539 214 1695 240 nominibus

911 259 1024 292 pecunia
1066 259 1205 286 Dotninica
1262 263 1441 286 memoratur.
1481 258 1533 286 Sed
1570 260 1694 294 quamam

911 304 1004 336 proba,
1020 304 1140 337 quzrdam
1158 312 1223 332 vero
1250 306 1364 339 reproba
1382 305 1492 332 dicitur.
1515 305 1602 332 Proba
1635 310 1695 332 erat

912 350 954 377 illa
975 351 1087 384 pecunia
1105 351 1138 381 ",
1159 358 1240 385 quam
1271 351 1468 386 paterfamilias
1491 359 1604 386 peregre
1633 360 1695 387 pro-

912 397 1044 429 fecturus,
1065 396 1169 424 vocatis
1185 397 1273 424 servis
1294 396 1352 424 suis
1379 397 1457 425 dedit
1477 399 1625 432 unicuique
1651 406 1695 424 se-

911 443 1029 469 enmlum
1058 443 1186 470 virtutem
1213 450 1301 471 suam.
1328 444 1414 471 Proba
1444 449 1503 471 erat
1528 449 1555 472 et
1586 445 1628 471 illa
1649 452 1696 479 pe-

910 489 1002 519 cunia,
1029 495 1089 522 qua:
1112 488 1240 517 denarius
1267 490 1430 521 nominatur,
1458 491 1503 525 qui
1540 491 1696 526 eum199

912 536 1088 562 mercennariis
1116 539 1212 570 pactus
1246 541 1308 568 est,
1339 541 1367 563 et
1387 544 1401 562 a
1428 537 1583 565 novissimis
1616 540 1696 564 «tatus

911 585 1048 615 estusque
1061 582 1093 607 ad
1104 581 1217 616 primos.
1233 581 1309 608 Scire
1324 590 1391 617 ergo
1405 587 1431 609 te
1447 588 1563 617 oportet,
1578 584 1641 618 quia
1655 588 1697 610 est

912 630 939 653 et
949 626 1001 653 alia
1012 628 1124 660 pecunia
1138 628 1263 662 reproba.
1273 629 1340 655 Audi
1351 629 1510 663 prophetam
1520 630 1653 656 dicentem
1662 630 1694 657 '7'.

915 675 1078 709 «Argentum
1092 679 1211 702 vestrum
1227 675 1397 709 reprobnma
1414 675 1481 709 Quia
1492 683 1557 711 ergo
1569 681 1611 704 est
1624 684 1697 711 qna!-

913 721 973 747 dam
1004 720 1104 755 proba,
1140 721 1262 755 qtmdam
1292 729 1357 748 vero
1384 723 1519 756 reproba,
1554 728 1697 757 propterea

913 765 1075 800 Apostolus.
1096 765 1169 793 velut
1193 767 1227 793 ad
1251 767 1405 802 probabiles
1426 769 1586 802 trapezitas.
1613 776 1697 803 ιρι-ο-

913 812 1021 844 bantes,
1040 812 1127 848 inquit
1143 813 1175 845 ’⁸,
1193 814 1292 843 omnia,
1313 814 1384 848 quod
1402 815 1501 841 bonum
1519 819 1561 841 est
1573 815 1698 842 obtinen-

913 864 977 886 tes»
993 859 1072 886 Solus
1085 860 1157 887 enim
1175 864 1215 886 est
1228 859 1358 887 Dominus
1371 865 1463 888 noster
1474 861 1552 889 .Iesns
1563 862 1697 898 Christus,

911 907 957 941 qui
975 912 1000 934 te
1019 907 1173 940 lmjusmodi
1198 913 1282 934 artem
1298 907 1382 942 possit
1398 908 1526 942 edocere,
1548 917 1596 944 per
1615 918 1695 945 quam

912 953 982 980 scias
999 953 1163 986 discernere,
1187 961 1247 988 qua:
1271 954 1305 981 sit
1327 956 1452 988 pecunia,
1475 963 1536 990 quae
1550 956 1604 983 veri
1627 959 1699 990 regis

912 998 1058 1032 imaginem
1079 1002 1169 1030 tenet;
1193 1006 1253 1032 qum
1268 1006 1332 1025 rem
1352 1000 1387 1026 sit
1410 1000 1583 1033 adulterina,
1612 1007 1639 1029 et
1669 1008 1698 1029 ιιι

913 1043 990 1078 vulgo
1006 1044 1115 1075 dicitur,
1134 1048 1210 1071 extra
1227 1049 1362 1071 monetam
1383 1045 1509 1078 formata,
1525 1054 1584 1080 quae,
1598 1055 1695 1075 nomen

912 1089 1020 1123 quidem
1042 1089 1141 1117 habeat
1163 1091 1249 1124 regis,
1267 1091 1413 1117 veritatem
1428 1097 1517 1118 autem
1533 1093 1612 1126 regite
1628 1093 1697 1128 [lgn-

914 1141 950 1160 ηιξ
980 1142 1032 1160 non
1059 1139 1160 1162 teneat.
1182 1134 1255 1161 Multi
1288 1144 1406 1170 namque
1430 1141 1492 1163 sunt
1522 1138 1567 1172 qui
1597 1147 1695 1171 nomen

913 1179 1014 1207 Christi
1034 1180 1143 1212 habent,
1169 1181 1216 1208 sed
1242 1182 1386 1208 veritatem
1401 1190 1452 1209 non
1468 1183 1566 1210 habent
1584 1184 1696 1212 Christi.

915 1224 948 1251 Et
961 1229 1072 1260 propter
1088 1225 1138 1252 boc
1152 1226 1216 1253 dicit
1231 1226 1369 1261 apostolus
1384 1227 1483 1256 Paulus
1502 1230 1524 1246 "
1538 1239 1545 1257 :
1565 1239 1574 1256 ι
1585 1229 1699 1265 Oportet

914 1270 987 1297 enim
1012 1274 1039 1297 et
1064 1271 1183 1299 hzereses
1203 1279 1280 1306 esse,
1308 1277 1336 1300 ιιι
1353 1274 1457 1308 probati
1477 1275 1612 1303 manifesti
1633 1277 1700 1304 flant

915 1315 985 1343 inter
1006 1324 1064 1345 vos.
1081 1327 1089 1342 ι
1114 1317 1216 1346 Idcirco
1238 1319 1319 1353 igitur
1336 1324 1362 1346 et
1383 1320 1408 1347 in
1431 1322 1560 1355 praesenti
1584 1321 1700 1350 lectione

916 1361 1069 1395 legislator,
1088 1367 1161 1390 totus
1184 1364 1216 1390 ad
1236 1365 1380 1399 mysticum
1400 1371 1428 1391 et
1447 1365 1595 1400 spiritalem
1617 1368 1700 1401 respi-

915 1408 990 1435 ciens
1013 1415 1132 1441 sensum,
1158 1409 1262 1436 addidit
1280 1415 1309 1436 ιιι
1334 1410 1405 1437 aries
1431 1410 1495 1443 iste,
1524 1411 1569 1446 qui
1594 1412 1629 1439 ob
1649 1412 1701 1439 hoc

916 1459 1099 1488 comparatur,
1125 1459 1153 1482 ut
1179 1460 1318 1490 peccaturo
1344 1457 1428 1490 possit
1455 1457 1616 1489 absolvere,
1646 1466 1699 1484 non

73 1505 144 1525 unus
165 1505 231 1532 grex
252 1503 279 1526 et
295 1506 364 1526 unus
382 1504 485 1533 pastor.
503 1508 511 1525 ι
536 1499 630 1527 Sciant
646 1501 728 1528 etiam
741 1501 786 1528 ubi
809 1507 864 1528 Iur—
877 1512 899 1540 ε
916 1501 1099 1535 qualicunque
1112 1501 1194 1534 siclo,
1210 1502 1261 1529 hoc
1283 1507 1333 1534 est,
1353 1511 1406 1529 non
1423 1503 1603 1538 qualicunque
1619 1511 1700 1538 pecn-

73 1548 158 1574 turesI
179 1544 223 1570 ubi
239 1544 371 1572 columba
385 1545 553 1579 requirenda
577 1550 650 1573 sunt.
681 1555 692 1571 ί
708 1546 795 1579 Oculi,
822 1548 863 1573 iu-

72 1590 132 1624 qnit
149 1590 183 1620 “,
201 1589 239 1616 tui
253 1590 324 1617 sicut
336 1590 469 1618 columba:
484 1599 567 1625 super
584 1591 765 1625 plenitudines
776 1601 859 1628 aqua-

73 1643 144 1661 rum.
165 1644 174 1660 ι
189 1635 230 1662 ΑιΙ
249 1642 380 1669 aquarum
410 1643 476 1671 ergo
505 1636 687 1670 plenitudines
717 1645 864 1672 properan-

73 1681 137 1707 dum
153 1685 206 1711 est,
224 1681 250 1707 in
267 1680 309 1707 his
325 1681 397 1708 enim
418 1689 524 1716 sponsa:
551 1683 716 1710 describitur
743 1683 863 1717 pulchri-

73 1727 150 1754 tudo.
166 1736 176 1752 ι
195 1727 226 1754 Et
247 1726 357 1759 collum,
379 1727 465 1761 inquit
478 1729 511 1760 “,
533 1732 608 1754 tuum
625 1729 694 1755 sicut
707 1730 831 1756 turturis.
851 1740 859 1755 ι

72 1772 99 1799 ln
131 1774 267 1800 columbis
286 1774 355 1800 oculi
378 1773 568 1806 praedicantur.
590 1775 666 1808 Quod
687 1777 759 1803 enim
783 1777 862 1808 dixit,

73 1828 83 1845 ι
103 1820 239 1848 columbae
258 1827 340 1855 super
351 1820 533 1855 plenitudines
558 1829 700 1856 aquarum,
725 1832 735 1848 ι
772 1823 863 1850 ferunt

71 1866 124 1893 hoc
140 1873 226 1901 genus
248 1867 319 1899 avis,
339 1874 401 1894 cum
418 1868 452 1894 ad
472 1875 560 1902 aquas
576 1869 702 1900 venerit,
730 1869 793 1904 quia
827 1870 862 1899 ibi

71 1912 144 1939 solet
164 1912 305 1947 accipitris
329 1913 444 1940 insidias
469 1914 535 1948 pati,
557 1915 710 1941 venientem
748 1915 864 1949 desuper

71 1957 234 1991 inimicum,
250 1957 390 1985 volitantis
405 1958 500 1985 umbra
519 1958 597 1992 aquis
615 1959 735 1992 inspecta
766 1959 863 1992 deprc-

71 2004 206 2036 hendere,
227 2009 254 2030 et
270 2003 409 2031 oculorum
430 2002 597 2038 perspicacia
616 2003 738 2030 fraudem
752 2003 862 2038 periculi

72 2051 248 2078 imminentis
259 2050 386 2077 evadere.
406 2049 482 2082 Quod
502 2050 524 2077 si
544 2054 571 2077 ct
590 2054 617 2076 tu
649 2050 685 2076 ita
707 2050 863 2085 prospicere

70 2097 198 2130 potueris
213 2095 327 2123 insidias
343 2095 442 2122 diaboli
460 2100 486 2122 et
500 2103 608 2129 cavere,
628 2095 793 2123 sacrificium
811 2095 864 2123 Deo

69 2143 216 2170 columbas
233 2141 377 2168 obtuleris.
391 2140 444 2167 Sed
458 2145 485 2168 et
497 2141 596 2175 quibus
613 2142 675 2168 talia
696 2149 768 2169 curae
788 2146 867 2174 sunt,

70 2188 139 2214 illud
159 2187 243 2215 etiam
263 2187 413 2222 requirant.
435 2193 467 2213 ex
494 2187 592 2221 quibus
610 2188 650 2215 eis
665 2187 739 2223 agris
773 2188 860 2216 simila

70 2235 154 2261 debet
184 2233 287 2262 oﬂ‘erri.
309 2233 363 2268 Ego
396 2235 515 2262 arbitror
534 2236 606 2269 quod
632 2242 664 2262 ex
690 2235 764 2263 illius
782 2240 862 2264 terrae

70 2281 222 2316 segetibus,
258 2288 317 2315 qua:
336 2280 401 2307 facit
436 2280 518 2308 alium
550 2281 727 2309 centesimum
746 2303 754 2316 ,
779 2282 861 2310 alimn

72 2326 274 2360 sexagesimum
292 2345 301 2356 ,
322 2325 404 2352 alittm
426 2325 592 2353 tricesimum
611 2327 738 2354 fructum.
762 2328 862 2363 Requi-

72 2379 137 2399 rant
149 2373 247 2404 etiam,
264 2372 327 2405 nisi,
342 2373 484 2407 plusquam
499 2373 590 2405 debet,
607 2374 744 2402 curiosum
767 2375 860 2403 videa-

72 2422 132 2449 tur,
152 2418 252 2452 quibus
270 2418 435 2445 molentibus
467 2418 556 2445 simila
583 2419 633 2445 ista
668 2419 700 2446 ad
726 2420 862 2447 sacriﬁcia

71 2468 253 2498 prcharetur.
274 2462 330 2491 Nec
353 2471 400 2490 eos
432 2464 515 2491 lateat
541 2465 608 2492 duas
641 2471 701 2492 esse
720 2473 782 2500 quae
802 2473 860 2494 mo-

72 2508 144 2542 lunt,
167 2517 283 2544 quarum
314 2517 365 2536 una
392 2514 557 2542 assumetnr,
588 2516 617 2537 et
643 2510 695 2537 alia
728 2510 862 2546 relinque-

72 2560 126 2582 tur.
149 2555 188 2584 Ex
215 2556 286 2583 illius
319 2563 384 2590 ergo
407 2555 476 2583 mola
512 2563 574 2590 quae
604 2556 764 2583 assumenda
801 2562 861 2590 est,

73 2602 192 2628 similam
212 2602 349 2636 oportebit
369 2601 479 2629 offerre.
509 2601 562 2629 Sed
582 2607 609 2629 et
628 2602 709 2629 siclus
737 2608 861 2636 sanctus,

74 2648 119 2682 qui
139 2648 174 2675 ad
201 2648 294 2675 arietis
328 2648 443 2683 pretium
472 2648 642 2675 necessarius
678 2648 788 2681 dicitur,
802 2650 862 2675 vide

75 2694 146 2721 unde
178 2699 205 2722 et
229 2695 365 2730 quomodo
399 2694 597 2729 perquiremlus
631 2694 676 2721 sit.
701 2693 788 2722 Siclns
815 2703 862 2728 pe-

107 2788 130 2804 "
147 2788 231 2815 Matth
263 2795 322 2816 xm.
338 2788 382 2814 Eii.

74 2823 93 2837 “
109 2824 204 2851 Matth.
220 2832 282 2850 xxv.
324 2824 344 2838 "
365 2823 419 2850 Jcr.
442 2831 476 2857 vt,
498 2823 541 2850 30.
581 2823 717 2852 "‘lThcss.
734 2833 758 2857 ν,
782 2826 825 2852 ‘.'l.

432 2789 452 2804 ¹¹
475 2788 559 2816 ICor.
583 2796 601 2819 ι,
618 2789 644 2815 Β.
678 2790 699 2804 ²¹
715 2789 811 2816 chcs.
832 2799 896 2818 nu.

866 2827 886 2840 ’τ’
907 2825 918 2852 Ι
937 2827 995 2851 'i-u.
1020 2826 1103 2854 \t,lll.

917 1546 971 1579 uia,
999 1547 1045 1574 sed
1065 1546 1132 1574 siclo
1154 1552 1248 1574 sancto
1277 1553 1461 1583 compareturs
1494 1548 1570 1581 Quod
1596 1550 1618 1576 si
1646 1557 1699 1576 non

917 1592 1077 1626 respiciebat
1095 1592 1127 1619 ad
1141 1593 1309 1627 mysterium,
1325 1594 1390 1627 quid
1409 1594 1522 1621 rationis
1542 1602 1602 1622 esse
1624 1595 1698 1622 vide-

915 1639 1005 1671 batur,
1024 1644 1052 1665 ιιι
1075 1639 1146 1665 aries
1169 1643 1276 1673 emptus
1295 1639 1439 1666 oﬂ'erretnr
1465 1639 1498 1666 ad
1521 1640 1648 1673 hostiam,
1673 1645 1700 1666 ct

915 1689 988 1711 certo
1007 1684 1118 1718 pretio?
1142 1688 1169 1711 et
1187 1691 1239 1711 non
1260 1684 1359 1712 sull‘tcit
1373 1692 1471 1711 nomen
1494 1686 1614 1718 pecuniae
1629 1686 1697 1713 siclo

916 1730 1080 1762 nominasse,
1101 1731 1148 1757 sed
1171 1730 1275 1757 addidit
1298 1735 1326 1757 et
1349 1735 1445 1757 sancto
1471 1731 1558 1757 siclo?
1583 1732 1652 1765 Quid
1676 1733 1700 1760 si

916 1776 1028 1802 haberet
1041 1775 1140 1810 aliquis
1155 1775 1181 1801 in
1199 1775 1328 1810 gregibus
1341 1775 1399 1802 suis
1415 1776 1514 1802 arietes
1530 1778 1647 1810 optimos
1672 1781 1700 1802 ct

916 1821 1014 1847 divinis
1037 1821 1178 1848 sacriﬁciis
1205 1820 1320 1855 dignos?
1344 1821 1397 1847 Aut
1411 1821 1475 1855 quid
1497 1821 1519 1847 si
1541 1821 1639 1855 aliqpis
1664 1822 1698 1848 ita

915 1873 1020 1900 pauper
1031 1870 1111 1894 esset.
1128 1870 1157 1891 ιιι
1167 1865 1263 1892 sielum
1281 1870 1403 1892 sanctum
1418 1866 1518 1892 habere
1532 1874 1582 1892 non
1595 1865 1699 1901 posset?

916 1911 978 1938 llaec
993 1915 1035 1938 est
1051 1919 1116 1945 ergo
1139 1910 1302 1946 legislatoris
1326 1911 1493 1944 moderatio.
1510 1916 1539 1938 ut
1562 1912 1613 1938 nisi
1636 1913 1700 1947 quis

915 1957 1013 1984 habeat
1028 1963 1132 1984 certum
1149 1957 1271 1991 pecunia:
1286 1957 1405 1989 modum,
1422 1963 1562 1992 peccatum
1575 1957 1633 1992 ejus
1646 1967 1698 1986 non

915 2005 1001 2038 possit
1029 2004 1153 2031 absolvi?
1175 2004 1251 2037 Quod
1279 2010 1370 2039 aperte
1397 2005 1546 2032 secundum
1581 2006 1698 2032 litteram

914 2050 1020 2084 quidem
1050 2051 1155 2076 videtur
1179 2051 1348 2083 absurdum;
1377 2053 1524 2078 secundum
1551 2052 1699 2087 spiritalem

915 2103 979 2122 vero
999 2095 1206 2129 intelligentiam
1229 2101 1332 2122 eertum
1349 2101 1390 2123 est
1410 2097 1480 2131 quod
1509 2099 1699 2126 remissionem

915 2147 1089 2176 peccatorum
1103 2142 1190 2169 nullus
1207 2142 1333 2177 accipiat,
1351 2145 1401 2170 nisi
1416 2144 1700 2180 detuleritintegram,

917 2189 1029 2223 probam
1049 2193 1076 2215 et
1087 2195 1209 2216 sanctam
1224 2189 1316 2219 fidem,
1332 2196 1380 2223 per
1391 2197 1472 2224 quam
1485 2191 1600 2218 mercari
1616 2193 1699 2226 possit

917 2233 1048 2265 arietem;
1063 2234 1139 2266 cujus
1155 2239 1253 2261 natura
1273 2235 1330 2262 hmo
1344 2240 1441 2267 est,.ut
1456 2242 1569 2270 peccata
1587 2238 1700 2264 creden—

917 2279 951 2306 tis
971 2279 1119 2314 abstergat.
1136 2279 1167 2307 Et
1186 2280 1228 2307 hic
1243 2285 1287 2307 est
1297 2281 1379 2307 siclns
1393 2287 1514 2314 sanctus,
1532 2283 1654 2316 probata,
1671 2289 1700 2310 ut

917 2325 1044 2357 diximus,
1058 2329 1085 2352 et
1105 2325 1210 2352 sincera
1230 2325 1306 2358 fldes,
1327 2327 1352 2353 id
1374 2331 1414 2353 est
1427 2348 1434 2360 ,
1452 2327 1495 2354 ubi
1514 2327 1601 2354 nullus
1619 2330 1701 2362 perti-

916 2371 965 2398 diaa
988 2371 1077 2403 dolus,
1101 2371 1172 2398 nulla
1195 2371 1329 2398 haereticm
1356 2373 1512 2400 calliditatis
1537 2375 1702 2407 perversitas

917 2417 1091 2448 admiscetur.
1119 2423 1146 2444 ιιι
1168 2418 1301 2444 sinceram
1325 2418 1403 2444 fidem
1425 2418 1568 2446 oll‘crentes
1583 2420 1700 2453 proliust)

915 2465 1016 2491 Christi
1046 2465 1199 2499 sanguine,
1231 2469 1358 2498 tanquam
1391 2465 1570 2492 immaculata:
1605 2466 1715 2510 hostia:y

916 2510 1060 2540 diluamnr.
1085 2518 1131 2544 per
1157 2518 1237 2545 quem
1268 2515 1310 2538 est
1334 2510 1387 2537 Deo
1412 2510 1484 2536 Patri
1508 2511 1699 2544 omnipotenti.

914 2565 973 2583 cum
993 2556 1095 2590 Spiritu
1111 2562 1221 2588 sancto,
1247 2557 1331 2592 gloria
1353 2562 1377 2583 et
1397 2557 1538 2590 imperium
1557 2556 1582 2583 in
1601 2557 1698 2583 smcula

914 2603 1086 2629 saeculorum.
1103 2604 1198 2630 Amen.

1205 2648 1343 2675 ll0.\Il|.l:\
1366 2648 1408 2675 ιν.

916 2697 953 2722 De
977 2704 1006 2722 eo
1030 2696 1100 2730 quod
1121 2696 1246 2729 scriptum
1262 2701 1298 2721 es!
1314 2696 1334 2709 ³³
1349 2704 1355 2721 :
1372 2704 1380 2720 ι
1395 2694 1421 2722 Si
1435 2696 1578 2729 peccaverit
1599 2696 1700 2727 animo,

947 2791 969 2805 ’⁵
989 2790 1065 2815 .loan.
1088 2798 1113 2819 ιι.
1137 2789 1176 2815 16.
1225 2789 1246 2804 ²¹
1262 2789 1376 2819 Cant.v.
1399 2789 1440 2816 12.

949 2827 995 2851 iui.
1020 2826 1103 2851 will.
1143 2825 1163 2840 ‘°
1190 2824 1275 2851 chil.
1299 2832 1336 2851 Vl.
1356 2826 1381 2851 '2.

1154 2826 1163 2840 °
1190 2825 1275 2853 chit.
1299 2832 1336 2853 Vt.
1356 2826 1381 2851 '2.

1481 2788 1503 2805 "
1515 2788 1593 2817 Cant.
1617 2799 1660 2817 ru.
1675 2791 1689 2815 Α
