1902 3063
171 127 223 155 433

921 118 1081 148 ORIGENIS

1755 109 1809 136 ιιὖὸ

208 194 232 215 ει
263 186 414 221 μνη-ιιιιιίεηδ
445 184 600 219 prmeric'rit
629 187 758 221 ρι’(ιίεμιᾳ
785 181 913 214 Domini,
931 187 964 221 _et
980 184 1003 212 Α
1019 181 1106 213 Absit,
1125 179 1206 212 absit,
1226 178 1351 213 inquam,
1384 180 1414 203 ιιι
1430 176 1488 203 Iure
1506 181 1556 209 ego
1577 173 1609 201 de
1631 173 1720 206 aliquo
1745 173 1810 197 litic-

208 218 350 250 nmilietur
370 218 490 256 proximo
507 228 555 247 suo
568 227 647 252 super
659 218 778 252 deposito
789 238 797 251 ,
817 222 864 244 aut
883 218 964 245 soci:-

210 265 274 288 late,
290 267 299 284 l
332 263 355 284 ct
379 261 486 284 cwlem.

210 315 235 342 Ι.
258 314 288 340 Si
312 311 461 340 secundum
495 309 593 337 ditium
624 309 692 344 legis
717 308 796 336 ﬁdetu
823 308 881 335 haec
906 315 966 342 qua:

174 364 301 395 teguntur
333 358 422 390 nobis,
450 356 584 383 Dominus
600 355 708 382 loculus
727 360 768 382 est
792 355 826 381 ad
844 353 964 390 Moysen,

174 412 240 441 puto
259 405 329 441 quod
347 409 476 438 tanquam
492 403 538 431 Dei
557 403 639 430 verba
662 409 714 429 non
733 402 851 429 debeam
866 408 967 429 secun-

173 458 238 479 num
274 450 488 485 iucapacitatem
518 448 709 479 audientium,
736 447 784 474 sed
817 446 966 473 secundum

177 498 346 532 tuajcstalem
360 495 496 530 loquentis
509 493 633 529 intelligi.
650 503 659 518 ι
674 492 815 524 Dominus,
829 492 917 526 inquit
932 491 966 524 η,

175 544 280 570 locutus
303 547 355 570 est.
371 551 381 567 ι
407 541 478 574 Quid
505 545 548 567 est
567 539 720 567 Dominus?
748 538 894 572 Apostoltts
918 537 966 565 tibi

176 589 349 623 respondeat,
367 593 394 615 et
408 587 442 614 ab
453 587 511 622 ipse
526 586 604 614 disce
617 585 690 621 quod
720 595 728 611 ι
742 584 872 612 Dominus
888 583 968 619 spiri-

176 641 219 662 lus
237 640 279 662 est
297 635 331 663 ³¹.
344 643 353 659 ι
368 633 444 667 Quod
460 633 482 660 si
508 633 556 660 tibi
571 632 694 668 Apostoli
712 639 802 658 sermo
820 638 873 658 non
892 628 968 657 suill-

174 682 222 713 cit,
248 681 311 708 audi
338 681 425 714 ipsum
450 679 594 706 Dominum
617 678 643 706 in
669 678 823 712 Evangeliis
853 678 968 711 loquen-

177 734 230 756 tetn
249 727 283 759 ⁸³,
299 727 362 761 quia
382 735 391 751 ι
407 725 477 753 Deus
492 725 607 759 spiritus
623 729 674 752 est.
697 733 705 749 ι
735 723 762 750 Si
786 731 852 758 ergo
871 727 898 749 et
922 723 970 749 Do-

176 774 280 805 utiutts,
299 778 326 800 et
348 773 417 800 Deus
435 771 550 806 spiritus
564 775 616 804 est,
634 778 695 805 quas
716 770 827 805 spiritus
849 769 970 804 loquitur

175 820 336 854 spiritaliter
357 818 486 846 debemus
507 817 613 844 audire.
634 816 690 852 Ego
706 816 795 843 adhuc
811 822 838 843 et
853 815 970 850 amplius

1017 228 1082 254 litim
1099 225 1229 254 sentiam.
1244 222 1422 251 Conﬁdentcr
1437 228 1503 256 ergo
1518 220 1552 247 de
1567 219 1644 246 vobis
1659 218 1729 250 dico,
1745 217 1810 251 quia

1016 281 1065 301 vos
1093 281 1147 300 non
1174 272 1211 299 ita
1229 269 1364 298 didicistis
1380 267 1537 298 Christum,
1555 271 1644 300 neque
1672 264 1708 291 ita
1735 262 1809 289 docti

1017 319 1094 350 estis,
1110 317 1156 345 sed
1186 323 1274 350 neque
1297 315 1340 342 lex
1356 314 1413 348 ipsa
1430 313 1487 339 hare
1507 310 1610 338 sanctis
1631 313 1659 336 et
1684 307 1811 335 ﬁdelibus

1017 363 1152 399 praecipit.
1177 361 1226 389 Vis
1247 361 1318 389 scire
1330 379 1337 392 ,
1353 359 1416 394 quia
1432 366 1485 385 non
1506 356 1540 383 ad
1555 360 1665 384 sanctos
1679 359 1706 381 et
1720 354 1812 388 iustos

1019 411 1069 438 ista
1087 407 1236 436 dicantur?
1252 406 1322 434 Attdi
1336 404 1495 440 Apostolum
1509 404 1560 430 ista
1576 401 1811 436 distinguentem:

1021 464 1031 481 ι
1050 454 1139 486 Justo,
1157 453 1246 488 inquit
1266 452 1298 484 ",
1327 451 1370 478 lex
1390 458 1444 477 tton
1466 453 1507 476 est
1528 448 1626 483 posita,
1654 446 1737 482 200
1763 445 1812 473 scd

1019 501 1139 536 injustis,
1156 505 1184 527 et
1200 506 1253 526 non
1271 497 1389 525 subditis
1400 517 1408 530 ,
1424 495 1547 523 scelestis
1563 499 1589 522 et
1607 492 1812 524 contaminatis,

1020 546 1174 582 patricidis,
1197 543 1359 576 malrlcidis,
1374 552 1384 568 ι
1407 546 1434 570 et
1453 542 1550 569 ltorttm
1567 540 1715 568 similibus.
1742 538 1812 572 Quia

1019 600 1084 628 ergo
1114 590 1269 627 hujusmodi
1292 587 1450 616 hominibus
1473 586 1619 621 Apostolus
1643 586 1728 619 legem
1748 583 1814 610 dicit

1021 636 1186 670 impositam,
1208 634 1330 662 Ecclesia
1345 632 1403 666 Dei,
1429 640 1510 667 quant
1525 631 1597 658 absit
1610 630 1636 657 itt
1654 628 1811 663 hujustuodi

1022 682 1191 710 facinoribus
1209 680 1353 711 maculari.
1371 679 1467 706 relicta
1485 677 1546 704 aliis
1561 677 1650 704 littera
1664 695 1672 708 ,
1687 674 1814 702 sanctius

1021 729 1171 757 aediﬁcetur
1189 736 1203 754 a
1222 727 1328 762 Spiritu.

1058 817 1085 844 3.
1108 816 1256 844 Videamus
1278 815 1369 849 itaque
1385 820 1457 840 ttunc
1487 812 1560 848 quod
1586 817 1627 839 est
1646 810 1813 844 depositura,

176 865 279 899 aliquid
294 864 371 896 dico,
389 863 451 899 quia
466 870 526 898 qua:
545 862 675 890 Dominus
690 862 821 896 loquitur,
843 869 897 888 non
914 861 967 895 spi-
985 862 1005 889 Β
1021 863 1092 897 quod
1109 862 1227 889 ﬁdelium
1240 860 1429 894 unusquisque
1443 857 1575 892 suscepit.
1591 857 1647 892 Ego
1659 861 1725 891 puto
1741 856 1814 890 quod

178 911 267 938 ritalia
285 915 390 938 tantum
403 930 410 943 ,
425 909 471 937 sed
491 913 519 937 et
540 909 652 943 spiritus
666 916 727 936 esse
742 908 877 936 credenda
893 912 966 935 sunt.

178 960 236 988 Non
251 967 312 988 meo
327 967 409 987 sensu
426 960 499 992 haec,
517 958 563 986 sed
579 959 612 986 de
632 957 787 992 Evangeliis
802 957 967 992 approbabo.

178 1005 246 1032 Audi
263 1005 406 1033 Dominum
428 1009 454 1032 et
471 1004 641 1032 Salvatorem
662 1009 786 1031 nostrum
800 1003 834 1030 ad
850 1002 969 1037 discipu-

177 1051 220 1080 los
245 1059 310 1080 suos
335 1051 470 1079 dicentem
495 1050 539 1077 ³⁵ε
558 1059 568 1076 ι
591 1049 678 1077 Verba
694 1056 756 1085 qua
779 1049 886 1075 locutus
907 1055 968 1076 sum

179 1099 264 1130 vobis,
284 1098 398 1133 spiritus
411 1102 439 1125 et
453 1097 509 1124 vita
527 1101 602 1124 sunt.
619 1106 629 1123 ι
654 1096 683 1124 Si
700 1103 765 1131 ergo
778 1096 862 1131 ipsius
875 1094 969 1123 Salva-

179 1145 245 1173 toris
266 1152 332 1173 voce
356 1145 518 1176 didicimus,
537 1144 600 1178 quia
615 1143 698 1170 verba
723 1150 784 1177 qua:
808 1142 914 1170 locutus
927 1147 970 1169 est

179 1189 319 1225 apostolis,
336 1190 450 1225 spiritus
461 1189 551 1216 etvita
561 1192 638 1218 sunt,
655 1193 827 1220 nequaquam
843 1185 970 1212 dubitare

177 1236 319 1268 debemus,
332 1236 403 1270 quod
417 1236 500 1262 etiant
518 1241 578 1268 quas
599 1240 648 1266 per
663 1231 774 1267 “0’36"
795 1231 901 1258 locutus
914 1235 966 1262 est,

178 1282 290 1316 spiritus
308 1285 336 1307 et
355 1280 409 1307 vita
425 1280 560 1307 credenda
577 1278 641 1304 siut.

214 1338 242 1365 2.
264 1337 315 1365 Sed
328 1337 470 1364 videamus
482 1343 542 1371 qum
557 1336 611 1363 sint
621 1355 628 1366 ,
650 1335 683 1362 de
695 1335 794 1369 quibus
807 1341 878 1360 nunc
891 1338 969 1368 prout

180 1390 333 1418 possumus.
352 1382 442 1417 aliqua
456 1382 548 1409 dicere
570 1382 713 1409 debemus.
732 1389 741 1406 ι
754 1380 788 1407 Ει
799 1380 905 1407 locutus
916 1385 968 1413 est,

180 1428 269 1463 inquit
283 1428 318 1460 ³⁵,
335 1427 466 1454 Dominus
480 1428 513 1454 ad
531 1426 654 1462 Moysen,
668 1426 773 1458 dicens,
785 1427 879 1452 Anima
895 1432 970 1459 quas-

181 1484 287 1511 cunque
301 1475 466 1510 peccaverit,
487 1479 514 1502 et
538 1474 698 1509 praeteriens
717 1473 880 1508 pratterierit
898 1479 968 1505 pra:-

181 1527 259 1555 t'cpta
276 1520 392 1553 Domini,
407 1525 434 1547 et
448 1521 592 1547 nteutietttr
602 1520 728 1553 proximo
740 1526 822 1553 super
833 1519 968 1553 deposito,

182 1573 228 1595 aut
246 1567 387 1600 societate,
401 1572 448 1594 aut
460 1567 554 1601 rapina
568 1575 574 1592 :
591 1571 638 1593 aut
653 1566 746 1592 uocnit
762 1565 863 1600 aliquid
881 1566 973 1599 proxi-

183 1622 238 1646 mo,
262 1618 310 1641 aut
330 1613 435 1640 invenit
452 1612 646 1647 perditionem,
673 1616 699 1638 et
715 1611 862 1638 mentietur
880 1612 913 1638 de
928 1619 972 1643 ea,

183 1665 230 1686 aut
244 1659 378 1693 iuraverit
395 1658 487 1693 inique
509 1659 542 1685 de
567 1666 621 1684 tttto
645 1657 678 1684 ab
696 1656 822 1684 omnibus
845 1663 974 1690 qutecun-

183 1713 236 1739 que
263 1704 359 1732 fecerit
382 1705 475 1737 homo,
500 1709 528 1730 ιιι
548 1708 645 1738 peccet
666 1701 693 1728 in
719 1703 761 1729 liis
777 1711 783 1729 ε
799 1706 826 1729 et
845 1701 898 1728 erit
912 1708 971 1728 cutu

184 1753 350 1787 peccaverit,
365 1757 391 1779 et
411 1751 570 1786 deliquerit,
590 1754 619 1777 et
640 1749 735 1777 reddet
753 1751 875 1784 rapinam
891 1755 972 1783 quam

184 1799 284 1834 rapuit,
310 1802 356 1824 aut
381 1796 509 1830 injuriam
537 1803 588 1829 qua
617 1796 722 1827 nocuit,
751 1799 799 1821 aut
821 1794 972 1828 depositum

182 1845 254 1880 quod
273 1842 493 1871 conuucndatutn
516 1840 572 1877 (87)
588 1846 630 1868 est
642 1841 685 1873 ei,
713 1845 761 1867 aut
781 1839 972 1875 perditionem,

183 1900 263 1926 qttam
279 1891 378 1918 invenit
390 1890 423 1917 ab
437 1889 511 1916 omni
526 1896 564 1920 re.
579 1895 629 1923 pro
639 1895 692 1923 qua
711 1887 848 1922 iuraverit
865 1887 973 1920 injuste,

184 1943 212 1965 et
229 1937 354 1964 restituet
369 1936 456 1970 ipsum
479 1939 570 1969 eapttt,
590 1940 617 1962 et
636 1934 747 1969 quiutas
762 1934 874 1968 insuper
891 1940 974 1968 auge-

187 1983 235 2013 bit,
252 1988 278 2010 et
291 1982 367 2015 cujus
377 1987 418 2008 est
431 1981 455 2008 ei
470 1980 575 2011 reddet,
588 1987 639 2014 qua
652 1979 695 2006 die
708 1979 851 2006 convictus
863 1978 972 2005 fuerit.»

187 2029 332 2061 [lucusque
348 2027 456 2054 interim
477 2026 532 2062 (88)
549 2025 652 2060 peccati
670 2025 774 2059 species
791 2029 973 2058 exponuntur,

186 2079 276 2108 postea
302 2081 365 2099 vero
385 2072 511 2106 purgatio
536 2072 594 2106 ejus
619 2078 667 2105 per
692 2069 795 2097 hostias
811 2069 972 2104 imperatur.

185 2120 214 2148 Si
242 2119 289 2155 qui
324 2118 422 2145 iuﬁrnti
460 2122 523 2145 sottt
549 2123 576 2144 et
604 2117 749 2151 incapaces
786 2114 976 2150 profuudiaris

186 2166 319 2201 mystcrii,
341 2158 509 2192 :cd'iﬁcentur
525 2171 559 2190 ex
575 2163 680 2194 littera,
704 2167 732 2189 et
748 2162 839 2189 sciant
864 2162 930 2196 quia
951 2162 974 2188 si

1020 914 1047 936 et
1074 909 1159 943 ipsam
1186 907 1304 934 animant
1324 910 1459 937 nostram,
1479 909 1507 932 et
1532 910 1633 938 corpus
1658 902 1814 937 depositum

1021 955 1176 989 accepimus
1192 961 1207 979 a
1223 953 1287 980 Deo.
1304 952 1337 979 Et
1351 952 1392 978 vis
1408 951 1504 978 videre
1517 949 1603 984 majus
1617 949 1693 976 aliud
1705 947 1815 983 deposi-

1021 1007 1087 1033 tum,
1101 1001 1172 1035 quod
1187 998 1315 1033 accepisti
1335 1005 1351 1025 a
1370 997 1448 1025 Deo?
1474 996 1526 1032 Ipsi
1555 996 1653 1023 auium
1672 1000 1727 1022 tua:
1744 996 1815 1022 Deus

1021 1047 1168 1082 imaginem
1202 1053 1279 1073 suam
1307 1049 1336 1072 et
1363 1043 1568 1072 similitudinem
1599 1041 1813 1069 commendavit.

1021 1092 1094 1120 Istud
1108 1099 1173 1127 ergo
1189 1091 1360 1126 depositum,
1376 1095 1430 1117 tant
1447 1089 1583 1124 integrum
1602 1087 1650 1115 tibi
1668 1088 1813 1114 restituen-

1021 1140 1084 1167 dum
1094 1143 1136 1167 est
1150 1137 1217 1174 (89),
1234 1145 1316 1173 quam
1335 1146 1350 1164 a
1364 1141 1390 1164 te
1405 1140 1513 1164 constat
1527 1142 1587 1162 esse
1599 1139 1770 1169 susceptum.
1786 1133 1814 1160 Si

1021 1186 1093 1212 enim
1106 1185 1144 1212 sis
1158 1185 1325 1217 misericors,
1342 1185 1412 1212 sicut
1426 1183 1509 1211 Pater
1523 1187 1586 1209 tuus
1599 1181 1626 1208 in
1642 1180 1723 1208 ratiis
1735 1180 1816 1208 mise-

1023 1232 1111 1259 ricors
1129 1236 1183 1264 est,
1206 1232 1296 1266 imago
1314 1231 1360 1258 Dei
1379 1231 1407 1258 in
1425 1235 1451 1258 te
1465 1234 1524 1263 est,
1538 1234 1566 1256 et
1581 1228 1719 1262 integrum
1735 1227 1817 1262 depo-

1022 1279 1104 1306 situm
1119 1285 1224 1306 sertas.
1250 1277 1278 1304 Si
1303 1277 1440 1312 perfectus
1453 1283 1493 1309 es,
1512 1275 1584 1302 sicut
1602 1273 1684 1300 Pater
1706 1278 1771 1301 tuus
1789 1274 1814 1301 ιιι

1021 1325 1099 1352 οωιὶε
1115 1324 1253 1359 perfectus
1273 1329 1333 1356 est,
1353 1322 1480 1357 imaginis
1504 1321 1549 1349 Dei
1571 1321 1598 1349 in
1617 1327 1644 1350 te
1662 1321 1816 1356 depositum

1022 1375 1125 1397 tuauet.
1139 1369 1272 1397 Similiter
1285 1374 1313 1397 et
1329 1373 1428 1397 czetera
1443 1370 1535 1397 omnia
1547 1389 1554 1402 ,
1569 1369 1592 1397 si
1607 1368 1678 1403 pius,
1692 1367 1717 1394 si
1729 1367 1817 1402 justus

1022 1425 1062 1449 es,
1079 1418 1100 1444 si
1121 1422 1244 1450 sanctus,
1261 1417 1282 1444 si
1297 1417 1415 1443 tttuudus
1435 1416 1538 1449 corde;
1558 1421 1584 1444 et
1608 1414 1699 1442 omnia
1719 1420 1779 1449 qua:
1792 1412 1818 1440 in

1025 1465 1080 1492 Dco
1101 1470 1198 1499 praesto
1222 1467 1285 1490 sunt
1307 1471 1355 1497 per
1371 1467 1509 1495 naturam,
1528 1463 1549 1490 si
1574 1462 1621 1489 tibi
1646 1468 1694 1496 per
1728 1459 1816 1488 imita-

1026 1512 1125 1538 tionem
1166 1509 1343 1540 subsistant,
1377 1508 1530 1542 depositqu
1564 1508 1634 1542 apud
1665 1512 1692 1535 te
1723 1506 1818 1534 divina

1025 1556 1152 1591 imaginis
1177 1555 1280 1583 salvqu
1309 1559 1362 1582 est.
1382 1553 1411 1580 Si
1435 1561 1499 1581 vero
1512 1553 1667 1580 econtrario
1685 1560 1768 1588 agas,
1791 1556 1818 1579 et

1025 1611 1074 1638 pro
1104 1600 1281 1629 tttisericorde
1307 1601 1439 1632 crudelis,
1468 1607 1518 1635 pro
1546 1600 1591 1634 pio
1622 1599 1740 1632 impius,
1770 1605 1817 1633 pro

1024 1648 1143 1683 benigno
1172 1646 1320 1679 violentus,
1351 1653 1401 1682 pro
1430 1646 1522 1681 quieto
1546 1644 1740 1677 turbulentus,
1771 1650 1817 1677 pro

1024 1693 1129 1722 liberali
1155 1698 1250 1727 raptor
1266 1693 1396 1725 exsistas,
1413 1692 1519 1727 abjecta
1544 1691 1662 1726 imagine
1681 1690 1745 1722 Dei,
1762 1689 1817 1717 dia-

1024 1740 1078 1768 boli
1096 1740 1124 1767 in
1153 1745 1179 1768 te
1197 1739 1345 1774 imaginem
1368 1738 1530 1773 suscepisti,
1551 1743 1579 1765 et
1594 1737 1696 1764 bonum
1712 1736 1817 1772 deposi-

1026 1792 1083 1814 tum
1110 1785 1157 1814 tibi
1183 1786 1314 1813 divinitus
1339 1787 1560 1813 commendatum
1585 1783 1738 1817 abnegasti.
1766 1783 1817 1809 Aut

1026 1841 1078 1860 non
1092 1833 1145 1860 hoc
1160 1836 1222 1859 erat
1245 1832 1318 1867 quod
1343 1832 1394 1859 sub
1412 1831 1543 1867 mysterio
1568 1829 1716 1865 Apostolus
1734 1828 1817 1856 electo

1026 1877 1159 1914 discipulo
1172 1879 1321 1906 mandabat
1335 1877 1491 1909 Timotheo,
1509 1877 1604 1904 dicens
1618 1876 1641 1892 ⁸⁷
1662 1884 1670 1903 :
1695 1876 1717 1903 0
1729 1874 1817 1902 Timo-

1029 1923 1102 1956 thee,
1117 1933 1127 1949 ι
1143 1925 1242 1951 bonum
1257 1923 1410 1958 depositunt
1425 1922 1543 1950 custodi.
1561 1931 1572 1948 ι
1591 1922 1644 1957 Ego
1656 1922 1741 1948 etiam
1756 1920 1816 1947 illud

1027 1970 1108 2004 addo,
1120 1970 1192 2005 quod
1208 1975 1234 1997 et
1250 1969 1392 1997 Christum
1406 1969 1549 1996 Dominum
1562 1968 1714 2002 deposilttnt
1729 1973 1817 1994 susce-

1027 2017 1128 2051 pimus,
1150 2020 1177 2044 et
1197 2020 1321 2043 sanctum
1345 2015 1476 2050 Spiritum
1503 2014 1655 2049 depositum
1678 2013 1815 2040 habemus.

1028 2063 1178 2090 Videndum
1201 2070 1266 2097 ergo
1282 2062 1361 2089 nobis
1377 2066 1418 2089 est
1430 2082 1438 2094 ,
1459 2068 1492 2088 ue
1511 2061 1563 2088 hoc
1580 2063 1676 2087 sancto
1698 2059 1816 2094 deposito

1027 2118 1080 2136 ttou
1096 2114 1190 2137 sancte
1208 2115 1318 2136 utamur
1330 2129 1338 2141 ,
1353 2113 1381 2136 et
1397 2115 1459 2135 cum
1481 2115 1529 2135 nos
1551 2107 1576 2134 itt
1596 2114 1760 2134 consensum
1777 2105 1815 2132 sui

1026 2161 1138 2191 peccata
1165 2155 1331 2188 sollicitant,
1355 2154 1480 2189 juremus
1507 2161 1556 2180 nos
1583 2161 1636 2180 non
1663 2152 1816 2186 suscepisse

185 2198 248 2246 quis
276 2211 433 2244 prmtcriens
452 2209 616 2244 prmterierit
644 2212 779 2242 prmeepta
808 2207 924 2239 Domini,
950 2213 975 2235 et
992 2203 1191 2238 Ddepositum.
1225 2201 1301 2235 Quod
1335 2201 1431 2235 utique
1449 2200 1472 2226 si
1505 2199 1653 2227 habeamus
1679 2199 1705 2226 in
1732 2198 1814 2229 uobis,

187 2256 316 2283 mentitus
335 2255 419 2282 fuerit
435 2255 560 2289 proximo
576 2260 657 2288 super
674 2253 807 2287 deposito,
825 2257 870 2279 aut
888 2253 976 2279 socie-

187 2307 253 2333 tate,
279 2304 326 2327 aut
350 2300 456 2334 rapina,
483 2299 586 2334 peccati
611 2297 729 2331 ingentis
744 2303 879 2325 statuetur
902 2305 972 2325 reus.

187 2348 240 2374 Sed
256 2347 327 2374 absit
340 2346 391 2373 hoc
404 2346 438 2373 ab
452 2345 573 2372 Ecclesia
591 2343 650 2375 Dei,
671 2348 699 2370 ιιι
718 2350 767 2378 ego
783 2342 894 2370 credant
915 2350 976 2370 esse

186 2394 306 2428 aliquem
325 2394 351 2420 in
371 2397 443 2419 ecetu
460 2392 511 2418 isto
536 2394 705 2421 sanctorum,
718 2389 763 2424 qui
776 2397 805 2416 se
821 2394 873 2416 tattt
886 2388 975 2416 infeli-

186 2442 255 2468 citer
274 2445 347 2476 agat,
373 2445 401 2466 nt
428 2437 581 2473 depOsitum
596 2436 713 2471 proximi
738 2435 780 2462 sui
804 2439 902 2470 neget,
928 2439 976 2461 attt

185 2488 344 2515 societatem
363 2485 458 2513 fraude
473 2484 658 2515 contaminet,
679 2487 725 2509 aut
741 2481 782 2509 vel
803 2481 860 2515 ipse
884 2481 973 2507 aliena

186 2534 310 2568 diripiat,
326 2539 372 2559 aut
385 2533 420 2559 ab
435 2531 497 2559 aliis
513 2535 589 2565 rapta
606 2519 747 2564 suscipiat,
774 2532 802 2555 et
816 2535 866 2562 pro
887 2527 930 2554 his
952 2527 974 2553 si

185 2581 220 2607 ab
249 2588 282 2606 eo
315 2579 501 2613 requirantur,
529 2581 624 2604 contra
655 2575 853 2603 conscientiam
889 2574 974 2607 juret.

1030 2253 1143 2284 peccato
1154 2247 1311 2275 consentire
1326 2254 1378 2273 non
1390 2253 1543 2280 possumus.
1556 2244 1607 2272 Sed
1619 2250 1644 2271 et
1656 2245 1714 2278 ipse
1726 2250 1816 2271 sensus

1031 2295 1213 2327 rationabilis,
1231 2294 1275 2328 qui
1290 2293 1315 2320 ιιι
1333 2300 1375 2319 me
1395 2297 1452 2323 est,
1468 2291 1673 2318 commendatus
1689 2289 1753 2316 milti
1767 2293 1815 2318 est.

1031 2348 1060 2371 ιιι
1075 2351 1108 2371 eo
1126 2347 1189 2370 utar
1208 2342 1242 2368 ad
1258 2339 1462 2374 intelligentiam
1475 2338 1628 2366 divinorttm
1644 2345 1651 2369 ;
1670 2336 1815 2370 ingenium.

1030 2390 1171 2421 membria,
1189 2388 1340 2424 judicium,
1363 2386 1443 2418 ratio,
1465 2390 1492 2412 et
1510 2392 1604 2412 omnes
1623 2383 1668 2418 qui
1688 2384 1759 2410 intra
1777 2388 1816 2407 tne

1030 2440 1094 2463 sunt
1109 2439 1210 2466 tttottts,
1234 2431 1416 2461 commendati
1437 2431 1502 2458 mihi
1526 2430 1652 2457 videntur
1670 2436 1685 2455 a
1700 2428 1771 2459 Deo,
1789 2431 1816 2453 ttt

1031 2481 1071 2508 eis
1087 2486 1149 2508 utar
1166 2481 1193 2507 in
1219 2480 1262 2507 bis
1285 2486 1346 2514 qua:
1368 2478 1497 2513 pracepit
1520 2476 1562 2503 lex
1582 2476 1684 2503 divina.
1706 2475 1733 2502 Si
1757 2479 1816 2500 vero

1030 2528 1064 2554 ad
1084 2527 1170 2554 malas
1186 2531 1260 2553 artes
1279 2525 1366 2552 solers
1385 2528 1412 2550 et
1430 2524 1570 2558 perspicax
1587 2526 1726 2549 vertamus
1746 2520 1815 2553 iugc-

1031 2574 1116 2606 uium,
1135 2578 1162 2601 et
1182 2574 1263 2600 rebus
1285 2573 1331 2600 Dei
1357 2573 1502 2600 abutamur
1517 2570 1542 2597 itt
1558 2570 1600 2597 liis
1614 2576 1673 2603 qum
1695 2575 1746 2595 non
1762 2566 1814 2592 vult

222 2673 244 2690 ¹¹
264 2674 330 2701 Ibid.
351 2674 374 2700 l.
413 2674 434 2690 ³¹
447 2672 467 2700 ll
489 2672 552 2700 Cor.
568 2679 608 2705 ut,
627 2670 669 2698 l7.
708 2669 731 2686 ³⁸
743 2668 823 2697 Joau.
842 2675 880 2700 tv,
896 2667 942 2694 24.

1034 2672 1094 2691 oan.
1110 2671 1146 2695 γι,
1170 2662 1215 2689 δι.
1255 2663 1276 2678 ³⁵
1291 2661 1419 2694 Levit.vt,
1438 2661 1449 2688 l
1465 2664 1493 2688 et
1506 2666 1582 2694 seqq.
1621 2653 1813 2688 “l'l‘im.t,9.

191 2710 206 2724 “⁷
231 2710 250 2736 ll
271 2709 341 2736 Tim.
361 2717 380 2739 ι,
400 2709 442 2736 M.

225 2780 281 2816 (87)
310 2780 411 2808 Omnes
442 2780 636 2816 manuscripti,
673 2788 683 2804 ι
708 2776 938 2806 conmtcndattun.
963 2785 971 2800 ι

189 2815 268 2843 Libh.
280 2816 365 2846 editi,
392 2824 401 2840 ι
419 2815 632 2842 conttttodatuut.
655 2823 663 2839 ι

225 2852 280 2886 (:53)
296 2845 373 2878 Libli.
398 2851 474 2882 editi,
502 2860 509 2876 ι
526 2850 610 2881 ettim,
628 2858 635 2874 ι
657 2854 682 2875 ct
712 2847 792 2882 paulo
810 2851 880 2881 post,
906 2855 914 2871 ι
929 2845 974 2872 scd

1029 2774 1074 2808 qui
1092 2771 1191 2799 inﬁrmi
1213 2775 1285 2798 sunt.
1299 2779 1307 2795 ι
1327 2770 1447 2808 At_ms_s_.
1466 2773 1495 2808 ut
1510 2766 1535 2794 in
1554 2767 1745 2808 ιιοςνιιςιιιιθιιιιἲ

1079 2808 1123 2841 89)
1138 2807 1183 2834 Sic
1201 2805 1396 2838 manuscripti;
1412 2803 1473 2831 libri
1501 2809 1568 2830 vero
1587 2800 1670 2834 editi,
1692 2808 1700 2824 ι
1714 2800 1807 2830 integre

1032 2841 1079 2871 tibi
1097 2841 1295 2870 restituendum
1314 2845 1365 2867 cst.
1386 2849 1394 2864 ι
