1902 3063
176 120 227 147 639

917 119 963 146 0R

1028 118 1080 146 NIS
1757 126 1802 154 tu

177 179 301 212 deliquit,
323 181 350 205 et
363 177 452 205 orabit
477 186 524 212 pro
550 185 582 204 co
604 177 732 205 sacerdos
754 183 848 205 contra
875 178 965 204 Donti-
980 175 1006 204 A
1019 178 1099 210 latus,
1115 186 1163 205 cor
1178 178 1328 205 contritum
1347 183 1374 204 ct
1392 177 1562 204 btuniliatum
1578 177 1648 205 Deus
1661 184 1715 203 non
1732 183 1802 210 sper-

177 233 254 256 nutn,
268 230 294 252 et
316 224 471 252 remittetur
482 224 506 251 ci
527 231 574 258 pro
591 232 644 250 uno
663 224 698 251 ab
713 224 841 251 omttibus
855 233 914 258 qua:
929 224 967 250 ie-

175 273 214 300 cit
242 277 269 298 et
294 271 407 305 deliquit
430 272 456 299 in
479 277 521 296 eo.
536 281 544 296 ι
567 270 691 298 Diximus
717 271 742 297 in
768 270 965 305 superioribus,

155 310 159 319 ’
175 318 241 352 qttid
254 322 294 344 cst
310 316 410 344 offerre
427 317 552 349 arietem,
570 322 597 344 et
609 319 680 345 hunc
700 318 788 352 pretio
803 318 862 344 sicli
877 318 964 344 sancti

176 370 306 397 emptum.
325 363 401 390 Nunc
423 368 557 397 superest,
584 368 613 390 tit
633 364 814 390 dilfereutiam
838 364 910 390 illam
927 365 968 390 di-

175 417 268 435 camus
283 418 289 436 ε
306 409 377 444 quod
403 409 438 436 ibi
454 409 571 444 pretium
596 409 686 443 postiit
710 409 769 436 sicli
794 409 893 440 saucii,
924 409 967 436 hic

177 456 365 482 tantummodo
378 455 496 489 pretittm
511 454 597 487 dicit,
616 461 666 481 nec
679 454 858 488 quantitatem
875 455 966 489 pretii,

177 511 227 529 nec
254 510 351 529 nomen
379 500 501 535 pecunia;
525 500 689 534 designavit.
721 500 749 527 In
778 501 967 534 superioribus

175 549 246 575 enim
268 548 312 574 ubi
337 555 385 582 pro
407 549 519 581 peccato
541 546 613 580 quod
629 546 654 573 iu
678 551 773 573 sancta
789 546 964 573 commissum

176 595 271 625 fuerit,
287 594 330 621 lex
356 593 482 624 dabatur,
498 591 595 618 siclum
607 597 733 619 sanctum
751 592 868 619 diximus
881 593 964 618 nomi-

176 641 283 669 natum,
305 640 333 663 et
353 636 450 663 siclum
474 643 573 663 nomen
605 644 665 664 esse
688 637 824 672 pecunitn;
851 642 878 663 ut
903 637 966 663 alibi

177 685 284 718 obolus,
311 684 374 711 alibi
399 684 543 717 drachma,
571 684 637 712 alibi
660 693 733 718 mna,
753 685 794 711 vel
820 685 966 716 talentum,

176 733 218 758 vel
234 732 366 759 minutum
380 738 416 758 tes
431 732 473 759 vel
489 731 617 759 denarius
630 732 740 759 dicitur.
757 731 804 758 Hic
816 740 880 766 ergo
899 731 965 757 nihil

177 778 273 805 horutn
290 779 456 811 nominatur,
469 779 516 806 sed
529 784 632 806 tantum
649 779 735 813 pretio
745 778 846 805 oﬂ'eren
860 779 899 804 lus
910 777 965 813 (93)

179 826 252 852 aries
267 825 378 852 dicitur.
406 825 524 853 Interest
542 826 615 852 enim
635 833 749 860 peccare
767 825 793 851 itt
810 825 923 856 sanctis,
939 829 966 851 et

177 879 291 905 peccare
305 876 382 897 extra
413 876 518 898 sancta.
542 871 590 898 Vis
607 876 634 898 et
651 870 715 896 alibi
733 869 916 896 vitlere.‘hauc
930 869 965 903 ip-

176 926 234 944 sam
260 917 488 944 distinctionem?
504 917 572 944 Audi
603 916 739 951 quomodo
754 917 781 942 iii
809 915 965 949 Regnorum

177 962 255 989 libris
282 962 347 988 dicit
375 962 433 988 lleli
461 962 593 989 sacerdos
609 961 641 987 ad
661 961 731 987 ﬁlios
760 968 825 986 suos
842 959 864 975 ³³
882 968 888 985 :
908 969 916 984 ι
938 959 966 986 Si

176 1008 249 1034 enim
265 1007 420 1042 peccaverit
441 1007 502 1041 quis
520 1008 547 1034 in
566 1007 714 1036 hominem.
731 1006 855 1033 exorabit
868 1013 915 1039 pro
933 1013 966 1032 eo

177 1054 317 1080 sacerdos.
337 1053 364 1080 Si
383 1057 474 1079 autem
490 1052 517 1079 in
536 1052 620 1080 Deum
639 1052 804 1086 peccaverit,
820 1052 883 1085 quis
898 1059 965 1077 exo-

176 1099 248 1124 rabit
266 1105 314 1132 pro
331 1106 362 1125 eo
377 1098 389 1124 ‘3
404 1108 412 1124 ι
432 1097 563 1125 Similiter
587 1097 743 1125 etJoannes
767 1097 905 1131 apostolus
926 1097 967 1123 di-

177 1144 273 1172 cit":
292 1154 301 1170 t
321 1144 369 1172 Est
403 1150 543 1179 peccatum
569 1145 601 1171 ad
622 1149 748 1176 mortem,
774 1152 828 1170 non
849 1151 899 1178 pro
921 1143 967 1170 illo

177 1191 239 1218 dico
252 1195 280 1218 ut
290 1196 393 1219 oretur.
410 1201 419 1216 ι
435 1191 503 1224 Quia
518 1198 582 1225 ergo
598 1190 773 1217 diversitates
791 1195 965 1224 peccatorum

176 1237 283 1263 discere
307 1243 340 1263 ex
368 1235 485 1270 spiritali
504 1235 564 1270 lege
582 1235 724 1267 debemus,
741 1235 767 1262 in
787 1235 885 1268 quibus
905 1242 967 1268 pec-

176 1282 248 1309 catis
276 1281 464 1308 tantummodo
487 1281 619 1307 emendus
647 1281 683 1307 sit
713 1280 796 1312 aries,
821 1280 847 1306 in
871 1279 968 1312 quibus

175 1334 242 1354 vero
269 1327 334 1353 siclo
362 1330 458 1353 sancto
488 1325 662 1357 mercandus,
683 1325 728 1360 qui
749 1325 832 1352 etiam
852 1325 906 1351 sint
922 1324 967 1350 isti

176 1372 222 1406 qui
239 1372 355 1398 vendant
376 1371 486 1403 arietes,
508 1371 694 1405 requiramus.
720 1370 774 1404 Ego
788 1369 907 1396 arbitror
929 1371 968 1403 ip-

178 1425 225 1445 sos
237 1424 298 1444 esse
315 1417 394 1448 istos,
414 1416 460 1451 qui
491 1416 592 1443 arietes
620 1418 654 1442 ad
681 1416 846 1443 sacriﬁcintn
864 1415 966 1441 distra-

177 1465 256 1497 ltunt,
274 1463 319 1498 qui
336 1467 399 1491 sunt
417 1467 444 1490 et
457 1463 512 1496 illi,
529 1462 575 1497 qui
592 1461 680 1489 oleum
700 1465 732 1488 ad
755 1461 895 1495 lampadas
911 1461 966 1486 vir-

179 1508 270 1542 ginum
287 1508 417 1540 vendunt,
436 1508 469 1534 de
485 1507 585 1542 quibus
604 1507 732 1533 dicebant
752 1506 804 1533 illa:
820 1507 967 1540 prudentes

178 1554 270 1581 stultis
292 1554 444 1587 virginibus
461 1554 504 1579 "z
525 1562 535 1578 ι
557 1553 594 1580 Ite
609 1553 642 1580 ad
668 1553 824 1582 vendentcs,
840 1557 867 1578 et
885 1552 967 1578 etuito

177 1600 265 1627 vobis.
293 1609 302 1626 ι
332 1598 456 1626 Vendunt
482 1606 547 1634 ergo
563 1599 604 1626 vel
627 1599 715 1625 oleum
748 1598 906 1630 luminibus,
926 1598 967 1625 vel

178 1646 280 1673 arietes
296 1645 450 1678 sacriﬁciis,
466 1645 511 1679 qui
528 1645 574 1672 alii
603 1645 655 1672 nisi
680 1645 820 1680 prophetae
840 1645 925 1671 sancti
942 1648 968 1671 et

178 1692 306 1726 apostoli,
334 1694 378 1726 qui
405 1693 471 1719 mihi
495 1700 557 1718 Cllm
586 1699 736 1726 peccavero
760 1692 916 1721 ostendunt.
942 1696 969 1718 et

178 1737 320 1764 consilium
337 1738 400 1764 dant
415 1738 550 1772 quomodo
571 1738 683 1764 debeam
698 1737 837 1771 corrigere
860 1745 968 1763 errores

178 1791 254 1810 meos
285 1789 312 1811 et
337 1784 483 1811 emendare
505 1783 634 1817 peccata?
665 1782 764 1810 Vendit
797 1783 862 1809 mihi
886 1782 968 1810 Isaias

178 1829 292 1856 arietem
316 1830 350 1856 ad
374 1828 583 1856 sacriﬁcandum
602 1836 651 1863 pro
675 1834 797 1863 peccato,
817 1837 879 1856 cum
902 1830 966 1856 ntibi

178 1875 254 1907 dicit,
281 1881 408 1910 tauquam
441 1883 474 1903 ex
502 1875 547 1903 Dei
575 1870 689 1910 pérsona
711 1876 755 1902 "z
776 1885 784 1900 t
805 1875 968 1910 Holocausta

177 1921 305 1953 arietum,
329 1927 356 1948 et
372 1922 465 1955 adipes
492 1929 637 1957 agnorum,
653 1926 680 1948 et
699 1922 859 1956 sanguinem
877 1922 967 1948 hirco-

178 1974 237 1993 rum
256 1973 282 1993 ct
297 1972 436 1994 taurorum
453 1967 526 1995 nolo.
540 1967 681 2002 )Etpaulo
694 1972 756 2000 post
772 1966 913 2001 subjttngit
927 1966 966 1992 ":

181 2021 190 2037 ι
208 2012 317 2040 Auferte
333 2014 468 2047 nequitias
485 2013 519 2040 ab
537 2013 637 2040 animis
654 2014 763 2044 vestris,
785 2019 800 2038 a
820 2016 967 2046 conspectu

177 2059 320 2085 oculorum
331 2065 503 2091 vestrorum;
517 2059 615 2087 discite
632 2060 732 2086 bonum
751 2058 852 2089 facere,
871 2057 968 2092 eripite

178 2105 306 2139 iujuriam
331 2105 522 2139 accipientem,
544 2105 666 2140 iudicate
692 2104 806 2140 pupillo,
821 2109 848 2131 et
865 2103 967 2139 justiﬁ-

178 2156 238 2177 cate
256 2151 375 2182 viduam,
392 2155 420 2177 et
434 2151 525 2177 venite
543 2151 724 2184 disputemus,
738 2150 805 2177 dicit
825 2150 966 2176 Dominus.

1020 224 1069 251 ttit.
1087 233 1096 248 ι
1125 224 1191 251 Cum
1220 231 1286 259 ergo
1312 224 1410 259 singuli
1433 225 1638 259 prophetarum,
1661 223 1703 250 vel
1727 223 1806 250 etiam

1020 271 1204 304 apostolorum
1226 270 1370 297 consilium
1397 271 1439 297 his
1465 271 1509 303 qui
1533 270 1704 304 delinquunt,
1728 271 1808 297 dede-

1020 315 1085 345 rint,
1101 323 1154 349 quo
1168 315 1273 349 possint
1285 316 1424 349 corrigere
1438 315 1479 341 vel
1496 315 1642 342 emendare
1654 319 1810 349 peccatum,

1021 362 1117 388 merito
1136 362 1178 388 his
1201 361 1356 388 vendidisse
1372 362 1473 388 arietes
1491 361 1523 387 ad
1541 361 1709 388 sacriﬁciutn
1729 362 1807 388 vide-

1018 407 1131 435 buntur.
1158 406 1228 439 Quid
1255 412 1347 434 autem
1368 407 1448 441 pretii
1473 415 1487 433 a
1513 407 1737 442 comparantibus
1763 416 1810 434 su-

1019 457 1105 486 mant,
1132 453 1197 480 illud
1219 453 1325 487 opittor,
1355 453 1463 487 legendi
1479 454 1611 483 studium.
1629 454 1735 488 vigilias
1760 463 1810 481 au-

1018 492 1108 526 diendi
1123 499 1198 525 verbi
1215 499 1272 531 Dei,
1290 505 1317 526 et
1332 507 1413 534 super
1428 500 1516 526 omnia
1533 500 1721 534 dignissimum
1747 509 1810 533 pie-

1020 545 1086 571 tiutn
1102 544 1286 572 obedientiam
1311 549 1384 580 puto,
1412 545 1445 572 de
1457 552 1511 580 qua
1530 545 1597 573 dicit
1621 545 1754 573 Domitttts
1769 546 1809 571 "°:

1021 598 1030 614 t
1045 589 1234 616 Obedientiam
1254 589 1324 616 malo
1338 597 1420 624 quant
1435 590 1610 622 sacriﬁcium,
1627 595 1655 618 et
1668 591 1739 618 dicto
1762 600 1811 618 an-

1018 635 1147 662 dientiam
1166 635 1252 669 magis
1267 643 1350 669 qttam
1365 636 1534 663 holocausta.
1546 647 1555 662 ι

1051 679 1080 706 6.
1090 679 1153 706 Post
1163 680 1219 706 haec
1227 680 1400 715 subsequitur
1411 682 1431 700 ⁶¹
1444 689 1470 706 :t
1486 682 1517 708 Et
1526 682 1690 714 locutusesi,
1706 683 1793 717 inquit
1802 704 1808 713 .

1019 725 1148 753 Dominus
1161 727 1193 752 ad
1206 726 1326 761 Moysen,
1342 727 1434 754 dicens
1450 737 1456 754 :
1471 728 1588 763 Ptaccipe
1601 729 1690 755 Aaron
1703 735 1730 755 et,
1747 730 1810 756 ﬁliis

1018 774 1086 806 ejus,
1101 773 1193 800 dicens
1210 782 1217 800 :
1236 773 1298 799 llaec
1308 778 1349 800 est
1365 774 1405 801 lex
1419 774 1498 809 202
1512 775 1675 802 holocausti:
1687 775 1742 802 lloc
1761 777 1809 802 Itu-

1019 820 1172 846 locaustum
1193 819 1218 845 in
1236 820 1405 846 crcmatione
1415 829 1461 846 sua
1479 821 1531 847 erit
1548 829 1629 855 super
1649 822 1736 848 altare
1753 828 1807 849 tota

1020 869 1097 891 nocte
1116 864 1236 898 usqueiu
1255 872 1333 891 ntatte
1355 870 1402 891 :et.
1415 866 1485 898 ignis
1497 866 1591 893 altaris
1609 867 1808 901 ardebitsupcr

1020 909 1093 941 illud,
1114 917 1163 936 nec
1190 910 1392 943 exstinguetur.
1409 910 1439 937 Et
1459 912 1551 938 induet.
1571 920 1600 938 se
1618 913 1748 939 sacerdos
1763 919 1805 939 tu—

1019 955 1108 982 nicam
1135 955 1246 987 lineam,
1274 961 1300 982 et
1328 961 1482 991 oampcstre
1498 957 1598 984 littcum
1623 958 1717 986 induet
1734 959 1810 987 circa

1018 1007 1118 1034 Corpus
1129 1007 1224 1031 suum;
1240 1004 1266 1026 et
1276 1000 1381 1027 auferet
1397 1001 1525 1034 hostiam,
1539 1010 1620 1036 quam
1633 1011 1810 1038 consumpse-

1019 1046 1054 1072 rit
1071 1046 1153 1079 ignis,
1177 1052 1204 1072 et
1232 1046 1424 1073 holocaustum
1439 1046 1472 1073 de
1489 1047 1581 1080 altari,
1599 1053 1625 1074 et
1640 1054 1725 1082 ponet
1742 1049 1810 1076 illud

1018 1099 1096 1118 sccas
1109 1092 1213 1123 altare;
1232 1097 1258 1118 et
1275 1091 1438 1125 dcspoliahit
1454 1099 1482 1118 se
1500 1092 1567 1119 stola
1587 1101 1645 1124 sua,
1662 1100 1689 1121 et
1706 1095 1810 1122 indue-

1020 1142 1064 1163 tur
1078 1137 1144 1163 stola
1172 1138 1240 1169 alia;
1271 1142 1297 1164 et
1311 1137 1401 1171 ejiciet
1425 1137 1540 1165 hostiam
1557 1146 1617 1173 quae
1631 1145 1753 1167 cremata
1769 1146 1812 1168 est

1018 1189 1094 1210 extra
1107 1188 1196 1210 castra
1213 1183 1238 1210 iti
1265 1183 1353 1209 locum
1373 1184 1513 1210 mundum.
1532 1183 1566 1210 Et
1583 1185 1652 1219 ignis
1668 1194 1755 1219 super
1770 1187 1812 1213 al-

1019 1233 1076 1256 tare
1092 1229 1210 1262 ardebit,
1227 1237 1276 1256 nec
1298 1229 1498 1264 exstinguetur,
1523 1235 1550 1257 et
1569 1232 1712 1259 comburet
1727 1241 1812 1267 super

1019 1276 1083 1302 illud
1114 1276 1243 1303 sacerdos
1267 1275 1337 1310 ligna
1356 1283 1448 1307 mane,
1468 1279 1496 1302 et
1515 1277 1680 1311 constipahit
1700 1279 1726 1304 in
1742 1279 1811 1306 illud

1019 1322 1217 1353 holocaustum,
1231 1327 1259 1348 et
1286 1321 1406 1355 imponet
1423 1328 1504 1355 super
1518 1321 1582 1348 illud
1605 1323 1713 1358 adipem
1735 1325 1812 1351 salu-

1020 1368 1097 1400 taris,
1120 1373 1147 1394 et
1176 1368 1246 1403 ignis
1267 1374 1375 1401 semper
1395 1367 1501 1394 ardebit
1528 1376 1612 1402 super
1636 1369 1732 1402 altare,
1759 1378 1814 1398 nec

1021 1414 1223 1448 exstinguetur.
1243 1423 1253 1440 ι
1279 1413 1348 1440 Audi
1381 1419 1491 1446 semper
1517 1413 1616 1440 debere
1632 1422 1693 1442 esse
1717 1414 1812 1450 ignem

1019 1469 1101 1495 super
1127 1461 1215 1487 altare
1233 1465 1259 1487 et
1280 1466 1318 1491 tu,
1337 1460 1358 1486 si
1378 1459 1419 1486 vis
1443 1468 1504 1488 esse
1528 1462 1656 1489 sacerdos
1671 1462 1729 1495 Dei,
1754 1463 1812 1489 sic-

981 1524 1002 1553 C
1023 1513 1052 1534 ut
1081 1508 1214 1542 scriptum
1238 1513 1279 1535 est
1294 1509 1351 1535 δίει
1374 1509 1474 1536 Omnes
1501 1509 1573 1536 enim
1597 1517 1644 1536 vos
1676 1511 1813 1536 sacerdo-

1021 1560 1061 1580 tes
1092 1553 1196 1580 Domini
1220 1554 1309 1581 erilis.
1334 1564 1343 1580 ι
1366 1554 1400 1580 Et
1424 1554 1457 1581 ad
1487 1560 1512 1581 te
1532 1555 1604 1582 enim
1630 1554 1736 1581 dicitur
1762 1554 1808 1581 ⁶¹³ε

1021 1608 1030 1623 t
1046 1598 1117 1625 Gens
1131 1599 1225 1630 electa,
1246 1599 1335 1634 regale
1345 1600 1537 1632 sacerdotium,
1551 1599 1665 1635 populus
1680 1601 1707 1627 iit
1719 1601 1814 1635 acqui-

1018 1645 1156 1672 sitionem.
1176 1655 1184 1670 I
1200 1646 1227 1672 Si
1255 1653 1320 1680 ergo
1341 1646 1381 1672 vis
1404 1646 1588 1673 sacerdotium
1611 1653 1694 1681 agere
1708 1648 1813 1675 animae

1020 1695 1084 1720 tute.
1101 1698 1236 1724 nunquaut
1256 1692 1366 1718 recedat
1380 1691 1450 1725 ignis
1469 1692 1502 1719 de
1518 1692 1597 1719 altari
1621 1697 1678 1719 tuo.
1694 1692 1753 1719 Hoc
1769 1699 1814 1720 est.

1020 1737 1090 1770 quod
1120 1741 1147 1763 et
1171 1737 1302 1764 Dominus
1328 1738 1353 1764 in
1379 1738 1533 1772 Evangeliis
1565 1739 1688 1773 praecipit
1713 1740 1754 1772 “,
1783 1745 1815 1768 ut

1022 1791 1031 1808 t
1044 1783 1099 1809 sint
1115 1783 1196 1809 lumbi
1213 1783 1293 1810 vestri
1307 1784 1457 1818 prmeincti,
1471 1789 1497 1810 et
1510 1785 1628 1812 lucernae
1637 1789 1735 1812 vestra:
1743 1793 1814 1812 sem—

1019 1837 1066 1863 per
1094 1831 1231 1856 ardentes.
1253 1839 1261 1855 ι
1278 1829 1392 1864 Semper
1417 1830 1474 1866 (94)
1491 1838 1555 1865 ergo
1582 1831 1631 1858 tibi
1649 1831 1720 1866 ignis
1735 1832 1812 1865 ﬁdei,

1019 1881 1045 1902 et
1062 1876 1170 1902 lnocrna
1184 1876 1305 1903 scientia:
1323 1886 1438 1905 accensa
1461 1878 1506 1904 sit.
1523 1878 1575 1904 Sed
1593 1883 1620 1904 et
1633 1878 1705 1912 quod
1729 1878 1812 1910 dixit,

1022 1932 1030 1947 t
1051 1921 1134 1948 lumbi
1151 1922 1232 1948 vestri
1249 1923 1398 1956 praecincti,
1417 1932 1425 1948 ι
1447 1923 1576 1950 Dominus
1593 1924 1618 1950 iu
1637 1923 1786 1958 Evangelio
1804 1931 1813 1950 :

1020 1967 1069 1994 hoc
1083 1967 1153 1992 idem
1168 1972 1220 1998 est,
1237 1967 1308 2002 quod
1330 1973 1357 1995 ct
1379 1976 1452 1995 nunc
1471 1968 1610 2003 iegislator
1624 1969 1765 2003 praaccpit,
1782 1974 1814 1996 ιιι

1019 2011 1164 2046 campestri
1181 2012 1253 2038 lineo
1270 2013 1454 2048 pra-cingatur
1470 2014 1611 2044 sacerdos,
1626 2018 1653 2040 et
1666 2014 1705 2040 ita
1723 2014 1813 2041 veteri

1019 2060 1110 2086 cinere
1119 2059 1254 2094 deposito,
1271 2059 1381 2087 innovet
1399 2068 1494 2087 sacros
1507 2060 1593 2094 ignes.
1606 2060 1721 2094 Oportet
1736 2061 1812 2087 enim

1019 2105 1103 2132 etiam
1130 2114 1177 2134 nos
1206 2106 1297 2133 dicere
1313 2105 1354 2133 "z
1373 2115 1382 2131 ς
1401 2105 1471 2133 Ecce
1504 2111 1596 2132 vetera
1624 2106 1812 2138 transierunt,

1020 2157 1046 2179 et
1058 2152 1128 2179 facta
1145 2153 1312 2179 sunlomnia
1337 2160 1418 2181 nova.
1440 2162 1449 2178 ι
1465 2152 1618 2186 Campestri
1644 2152 1717 2179 enitn
1735 2152 1813 2179 lineo

176 2196 210 2222 Et
222 2197 243 2223 si
255 2196 357 2222 fuerint
372 2200 482 2231 peccata
497 2200 589 2223 vestra
603 2200 632 2223 ut
642 2196 820 2230 plttnuiciutn,
837 2196 966 2223 utnivem
983 2202 1004 2229 ι)
1021 2198 1150 2233 cingitur,
1171 2199 1223 2230 vel,
1240 2199 1311 2226 Sicut
1328 2198 1393 2225 alibi
1419 2198 1534 2230 dicitur,
1553 2197 1733 2225 femoralibus
1757 2199 1814 2224 titi-

177 2242 324 2274 dealhabo;
343 2242 366 2269 si
385 2247 474 2269 autem
494 2246 523 2269 ut
547 2242 702 2275 coccinum,
718 2247 748 2269 ut
768 2242 857 2269 lanam
873 2243 967 2270 candi-

177 2289 238 2315 datn
251 2287 377 2315 cﬂiciam.
391 2297 400 2313 ι
420 2287 522 2315 Vendit
540 2287 608 2314 mihi
626 2287 740 2315 arietem
753 2293 781 2314 et
797 2287 889 2314 Daniel
903 2295 965 2314 cum

179 2334 246 2361 dicit
258 2333 291 2366 ⁸⁸,
319 2334 382 2369 quia
398 2343 407 2360 ι
424 2341 477 2362 non
491 2338 533 2362 est
561 2333 638 2362 locus
652 2333 685 2360 ad
711 2333 920 2360 sacriﬁcandum
938 2333 964 2360 iti

181 2385 328 2416 conspectu
339 2385 395 2414 tuo,
411 2386 440 2408 ut
453 2380 589 2415 possimus
599 2379 720 2407 invenire
736 2379 964 2406 tnisericordiam.

181 2427 234 2454 Sed
265 2427 291 2454 in
319 2427 409 2454 anima
439 2427 620 2454 contribulata
643 2429 671 2453 et
684 2425 780 2460 spiritu
802 2425 965 2452 humilitatis

178 2473 362 2508 suscipiamur
392 2468 463 2500 vehi
486 2474 513 2500 in
542 2472 718 2501 multitudine
749 2479 880 2506 agnorum
907 2472 966 2506 pitt-

177 2519 280 2552 guinm,
297 2519 337 2546 sic
353 2519 399 2546 ﬁat
410 2519 574 2546 sacriﬁciutn
588 2523 710 2545 nostrum
723 2517 749 2544 in
762 2521 908 2552 conspectu
921 2522 967 2543 tuo

180 2565 270 2592 hodie.
285 2575 294 2591 ι
311 2565 410 2592 Vendit
433 2565 512 2592 nobis
526 2569 553 2592 et
575 2565 658 2591 David
683 2564 797 2591 arietem
819 2563 966 2595 sacriﬁcii,

179 2618 240 2636 cum
260 2611 324 2638 dicit
340 2611 382 2636 ":
401 2620 411 2636 ι
435 2611 607 2638 Sacriﬁcium
626 2611 680 2638 Deo
695 2610 807 2644 spiritus
828 2609 967 2636 contribu-

214 2657 257 2682 ⁵³1
275 2657 339 2691 Reg.
359 2666 390 2690 ιι,
407 2658 451 2685 25.
492 2658 515 2674 ⁵³
536 2659 542 2684 Ι
562 2658 641 2685 Joau.
659 2666 685 2689 v,
704 2657 748 2684 16.

178 2690 279 2727 38,59.
328 2693 350 2708 "
369 2693 427 2719 I’sal
452 2702 487 2722 ιι.
503 2694 546 2720 19.
597 2694 619 2708 ⁸⁰
636 2693 642 2719 Ι
663 2693 729 2727 Heg.
756 2700 800 2724 xv,
819 2692 863 2718 2‘2.

181 2725 203 2741 “
219 2725 281 2753 Luc.
295 2734 345 2758 xu,
358 2728 402 2754 55.
441 2728 564 2755 εειιεον.
584 2737 611 2760 v,
632 2728 676 2754 17.

216 2772 272 2805 (95)
293 2771 381 2799 Pretio
394 2774 554 2807 offerendas.
571 2775 607 2800 Ita
629 2775 712 2801 codex
729 2774 871 2808 Saugerm.
891 2773 963 2800 Libri

183 2813 270 2843 autem
285 2808 363 2843 editi,
382 2817 391 2833 ι
405 2811 522 2843 pretiutu
541 2818 593 2841 quo
610 2809 775 2837 oil‘erendns.
798 2818 806 2834 ι

219 2842 274 2873 (Ἡ)
289 2842 463 2876 Adrcrbiutn,
482 2853 490 2868 t
512 2852 629 2878 semper,
653 2853 660 2869 ι
685 2845 761 2871 decsl
776 2845 891 2871 iuantca
908 2844 964 2871 cdi-

786 2657 810 2672 ⁵⁵
827 2656 922 2683 Matth.
940 2665 1001 2687 xxv,
1018 2657 1043 2683 9.

917 2691 938 2707 ⁶¹
955 2692 1039 2718 chit.
1062 2700 1100 2726 τι,
1118 2693 1134 2719 8
1147 2699 1259 2729 etseqq.

1021 2249 1074 2277 tur,
1089 2244 1132 2278 qtti
1146 2244 1279 2272 luxuriam
1296 2245 1375 2272 ﬁuxie
1398 2245 1518 2272 libidinis
1530 2245 1642 2280 cingulo
1656 2245 1813 2271 restrinxe-

1021 2290 1056 2317 rit
1072 2290 1218 2317 castitatis.
1234 2291 1304 2320 Ante
1317 2291 1408 2318 omnia
1425 2291 1497 2318 enim
1522 2291 1651 2318 sacerdos
1675 2291 1721 2326 qui
1741 2291 1814 2317 divi-

1020 2333 1062 2360 nis
1092 2334 1196 2361 assistit
1218 2334 1350 2362 altaribus
1371 2335 1498 2362 castitate
1518 2335 1597 2362 debct
1617 2335 1735 2369 accingi,
1761 2344 1814 2362 nec

1020 2379 1099 2405 aliter
1124 2387 1240 2414 purgare
1264 2385 1354 2407 vetera
1371 2386 1397 2408 ct
1417 2381 1572 2408 instaurare
1594 2382 1695 2415 poterit
1725 2389 1810 2413 nova,

1021 2427 1071 2453 itisi
1088 2427 1303 2455 lineisinduatur
1317 2428 1383 2464 (95).
1400 2429 1437 2456 De
1450 2429 1530 2457 lineis
1548 2437 1618 2463 saepe
1632 2429 1688 2463 jatn
1706 2429 1811 2456 dicmm

1020 2477 1072 2504 est,
1086 2475 1113 2497 et
1129 2476 1193 2498 tunc
1207 2473 1325 2499 maxime
1341 2481 1402 2500 cum
1418 2474 1450 2501 de
1475 2474 1640 2501 indumentis
1650 2474 1813 2500 sacerdota-

1021 2515 1091 2544 libus
1115 2517 1282 2550 dicebamus.
1301 2521 1372 2554 quod
1392 2520 1497 2554 species
1514 2520 1566 2547 ista
1587 2519 1702 2546 formam
1719 2525 1814 2547 teneat

1019 2564 1172 2592 castitatis:
1185 2565 1247 2598 quia
1262 2566 1337 2599 origo
1353 2565 1398 2592 liui
1416 2566 1452 2593 ita
1471 2574 1486 2593 e
1509 2571 1579 2592 terra
1599 2565 1718 2597 ducitur,
1737 2571 1764 2592 et
1778 2565 1814 2592 de

1023 2614 1095 2637 terra
1111 2610 1212 2643 editur,
1232 2617 1261 2639 ut
1286 2620 1318 2638 ex
1341 2613 1412 2638 nulla
1430 2612 1593 2639 atltnistione
1612 2616 1743 2645 concepta
1761 2612 1810 2638 sit.

1089 2658 1113 2673 "°
1129 2659 1180 2686 lsa.
1197 2667 1215 2691 I,
1229 2661 1271 2689 Η,
1308 2660 1330 2675 ⁵⁷
1360 2660 1423 2686 ibid.
1442 2661 1483 2688 16.
1501 2659 1543 2692 17,
1565 2659 1606 2685 13.
1645 2659 1669 2674 ⁵⁸
1685 2659 1750 2686 Dan.
1768 2667 1811 2691 ιιι,

1317 2695 1338 2710 ⁶²
1355 2695 1405 2722 lsa.
1425 2703 1480 2729 L.\’l,
1494 2695 1520 2723 6.
1573 2695 1596 2710 "
1614 2694 1621 2720 I
1636 2693 1709 2720 Pctr.
1729 2702 1761 2726 ιι,
1779 2693 1808 2722 9.

1023 2774 1067 2804 tis,
1081 2774 1127 2800 sed
1144 2773 1278 2806 reperitur
1290 2773 1314 2800 ιιι
1330 2782 1393 2801 mss.

1057 2809 1114 2841 (95y
1132 2809 1224 2834 (lodt'x
1244 2809 1399 2842 S.tttget'tn.,
1420 2819 1427 2834 ι
1452 2809 1592 2835 induatur.
1609 2818 1617 2833 ι
1636 2808 1714 2835 Libb.
1732 2807 1810 2839 editi,

1023 2854 1030 2868 ι
1049 2844 1167 2870 indutus.
1187 2853 1197 2869 ι
