1894 3059
79 130 122 157 ιιι
659 125 692 152 ΙΝ
716 125 861 153 LEVITICI

922 124 1061 153 llOMlLlA
1082 125 1124 153 IV.

1647 124 1700 151 ΗΕ

79 185 284 214 Observandum
311 190 400 212 tamen
412 189 453 212 est
476 184 545 218 quod
560 183 622 211 aliis
638 183 803 210 indumentis
819 191 862 211 sa-
877 186 900 214 Α
917 184 988 210 hanc
1014 184 1073 210 dedi
1098 184 1132 210 ab
1156 182 1251 210 hostiis
1277 182 1392 210 Domini.
1417 182 1516 210 Sancta
1543 188 1698 210 sanetormn

79 231 173 258 cerdos
185 231 273 257 utitur
287 231 352 257 dum
364 234 405 258 est
426 230 452 256 in
474 228 673 256 sacriﬁciorum
698 229 860 261 ministerio,

78 281 103 302 et
120 276 184 302 aliis
207 283 269 302 cum
285 275 407 310 procedit
424 275 456 302 ad
482 274 621 309 populum.
636 273 692 300 lloc
707 273 823 300 faciebat
837 278 864 300 et

79 322 178 349 Paulus
196 321 395 348 scientissimus
404 321 606 354 pontiﬁcum,et
621 320 804 354 peritissimus
818 328 864 347 sa-

78 367 290 400 cerdotum.Qui
301 375 363 394 cuin
386 367 496 394 essetin
517 371 587 394 coetu
601 360 865 401 pérfectormu,tan-

77 421 156 447 quam
173 413 244 440 intra
258 413 358 440 Sancta
374 419 528 439 sanctorum
540 414 653 447 positus,
676 418 702 439 et
721 413 789 440 stola
802 421 863 448 pcr-

77 459 202 487 fectionis
218 459 327 486 indutus
337 459 444 486 diccbat
459 459 481 474 σε
496 467 502 484 :
518 468 527 484 ‹
546 459 711 493 Sapientiam
726 459 864 493 loquimur

77 506 150 532 inter
163 504 316 539 perfectos,
331 505 490 539 sapientiam
509 509 598 531 autem
608 513 661 532 non
675 505 752 539 hujus
761 505 863 538 mundi,

75 558 163 584 neque
188 550 344 584 principum
376 549 455 583 hujus
481 549 586 583 mundi,
603 550 648 584 qui
678 551 864 585 destrunntur,

75 597 119 623 sed
136 596 276 630 loquimur
297 595 345 622 Dei
362 595 522 629 sapientiam
537 596 563 622 iu
581 598 709 632 mysterio
723 598 863 624 abscondi-

78 647 141 674 tam,
150 649 233 676 quam
244 649 326 669 nemo
337 641 489 675 principum
501 641 579 676 hujus
588 642 677 668 saeculi
690 643 826 677 cognovit.
837 643 865 670 Si

74 690 146 716 enim
163 689 369 723 cognovissent,
400 695 536 722 nunquam
555 689 698 716 Dominum
715 689 864 723 majestatis

74 735 290 762 crucifixissent.
306 744 313 762 ι
336 733 387 761 Sed
406 739 465 768 post
478 735 535 761 haec
548 739 674 768 tanquam
691 735 724 761 ad
739 737 864 770 populum

75 782 169 807 exiens
198 786 284 808 mutat
311 780 460 811 stolam,ct
485 780 536 806 alia
558 781 678 807 induitur
701 782 781 816 longe
797 782 864 809 infe-

71 833 158 858 riore,
194 834 277 860 quam
301 826 355 853 illa.
379 826 412 853 Et
433 827 496 861 quid
527 827 595 853 dicit
610 827 649 853 ‘7?
668 837 676 852 ι
694 827 764 854 Nihil
779 829 862 859 aliud,

73 872 174 906 inquit,
187 873 311 907 jutlicavi
323 879 364 900 me
377 873 450 899 scire
464 873 532 899 inter
547 880 603 904 vos,
614 872 665 899 nisi
679 872 770 900 Iesum
785 873 863 900 Chri-

73 923 159 952 stum,
173 924 199 946 et
223 920 299 947 hinc
318 919 488 946 crucifixum.
507 929 516 945 ι
537 918 616 946 Vides
633 927 697 954 ergo
716 920 794 946 isttttn
814 921 863 947 do-

73 965 226 991 ctissimum
250 965 430 997 sacerdotem,
449 965 583 999 quomodo
604 965 712 991 indutus
731 967 777 992 sit.
795 966 862 993 Cum

73 1015 113 1038 est
127 1011 218 1037 iturus
236 1012 308 1038 inter
330 1010 476 1045 perfectos,
492 1010 565 1037 velut
586 1011 613 1037 in
637 1011 738 1039 Sancta
756 1018 864 1039 sancto.

74 1064 146 1090 rum,
159 1056 212 1082 alia
234 1056 318 1082 utitur
339 1056 406 1082 stola
429 1056 569 1083 doctrinm.
583 1057 649 1083 Ctttn
674 1064 737 1084 vero
755 1058 810 1084 exit
831 1059 863 1085 ad

73 1108 131 1133 eos,
146 1101 191 1135 qui
206 1101 348 1135 incapaces
362 1106 434 1133 sunt,
446 1106 530 1127 unttat
544 1100 639 1128 stolam
652 1103 726 1129 verbi
751 1108 778 1129 et
798 1103 864 1130 infe-

76 1147 148 1174 riora
166 1147 265 1180 docet;
282 1151 309 1173 et
326 1146 393 1173 alios
410 1146 482 1173 lacte
504 1151 626 1180 potat,ut
640 1147 780 1181 parvulos;
799 1149 864 1176 alios

76 1192 199 1219 oleribus
215 1192 316 1224 nutrit,
341 1196 370 1219 ut
385 1192 525 1224 inﬁrmos;
540 1193 602 1219 aliis
618 1200 681 1219 vero
694 1194 780 1221 fortes
794 1203 863 1228 prte-

76 1242 154 1273 parat
173 1236 264 1269 cibos,
279 1237 320 1264 his
343 1237 446 1264 scilicet
465 1247 473 1263 ι
500 1238 545 1271 qui
559 1246 608 1272 pro
621 1238 798 1272 possibilitate
819 1248 865 1266 su-

76 1283 166 1311 mendi
182 1283 350 1310 exercitatos
374 1282 474 1309 habent
500 1290 595 1310 sensus
616 1284 649 1309 ad
669 1284 861 1312 discretionem

78 1329 153 1360 boni,
168 1327 210 1354 vel
227 1327 332 1355 mali“.
348 1337 357 1353 ι
377 1328 421 1355 Sic
441 1328 545 1355 sciebat
568 1327 666 1355 Paulus
681 1335 785 1355 mutare
807 1336 863 1357 sto-

77 1374 128 1406 las,
146 1380 174 1402 et
188 1375 240 1402 alia
251 1375 288 1401 uti
308 1375 341 1401 ad
356 1374 493 1410 populum,
510 1375 561 1401 alia
586 1376 612 1401 in
631 1375 782 1402 ministerio
802 1384 864 1402 sart-

77 1426 196 1449 ctorum.
216 1419 276 1454 lpse
298 1424 387 1447 autem
409 1420 567 1454 pontiﬁcum
589 1421 720 1454 pontifex,
733 1426 760 1447 et
773 1429 864 1448 sacer-

77 1468 172 1494 dotum
200 1465 328 1493 sacerdos
352 1465 480 1492 Dominus
501 1471 528 1493 et
548 1466 673 1492 Salvator
698 1472 800 1499 noster,
831 1468 864 1494 de

78 1520 131 1548 quo
151 1511 218 1538 dicit
233 1509 416 1545 Apostolus",
429 1510 492 1545 quia
504 1519 514 1536 ι
531 1510 649 1545 pontifex
660 1511 696 1537 sit
710 1512 860 1538 futurorum
878 1527 900 1556 ϐ

77 1558 225 1588 bonorum,
246 1566 256 1582 ι
278 1555 340 1582 audi
353 1556 488 1589 quomodo
520 1556 621 1590 primus
644 1556 699 1583 lucc
717 1557 822 1590 fecerit,
836 1564 864 1585 et

76 1604 114 1630 ita
130 1601 273 1636 discipulis
288 1602 344 1628 suis
356 1602 413 1628 lucc
435 1602 563 1628 imitanda
581 1601 728 1635 reliquerit.
743 1603 864 1638 Evange-

77 1650 142 1677 lium
160 1647 245 1677 refert
261 1649 294 1675 de
305 1655 346 1679 eo,
371 1653 399 1676 et
414 1648 480 1675 dicit
501 1648 537 1681 7°,
562 1649 624 1682 quia
645 1659 654 1674 ι
678 1650 704 1675 in
727 1650 864 1684 parabolis

76 1695 241 1730 loquebatur
258 1695 291 1721 ad
304 1694 408 1727 turbas,
430 1699 458 1721 et
471 1694 529 1721 sine
546 1695 682 1728 parabolis
705 1703 757 1722 non
773 1695 864 1730 loque-

78 1741 159 1767 batur
182 1739 235 1766 eis.
255 1747 264 1764 ι
283 1738 415 1766 Seorsmu
431 1742 519 1765 autem
540 1739 663 1766 solvebat.
681 1748 711 1766 ea
725 1741 864 1775 discipulis

76 1785 145 1812 suis.
164 1783 247 1811 Vides
258 1783 393 1818 quomodo
417 1783 474 1817 ipse
504 1784 594 1811 docuit
618 1783 678 1811 aliis
697 1785 864 1813 imltnnentis

76 1832 114 1859 uti
138 1832 241 1860 debere
266 1831 441 1866 pontiﬁcem,
470 1839 530 1858 cum
557 1831 678 1866 procedit
702 1832 735 1857 ad
754 1832 863 1864 turbas;

77 1877 150 1911 aliis,
169 1885 232 1904 cum
252 1877 366 1904 eruditis
379 1881 406 1904 et
422 1875 551 1911 perfectis
565 1877 700 1903 ministrat
713 1877 738 1903 in
752 1878 861 1904 sanctis.

76 1923 155 1952 llnde
169 1923 319 1957 optandum
335 1923 413 1950 nobis
425 1928 466 1949 est
485 1927 513 1949 et
526 1923 671 1958 agendum,
690 1931 723 1950 ne
736 1923 802 1950 tales
814 1932 863 1950 nos

77 1969 201 1997 inveniat
221 1968 312 2000 Jesus,
332 1969 366 1995 ita
388 1968 537 2003 imparatos
555 1973 582 1995 et
603 1969 638 1996 ita
657 1969 747 1996 sa-culi
761 1970 863 1996 sollici—

75 2015 217 2043 tudinibus
245 2015 381 2049 alligatos,
395 2019 423 2040 ut
448 2023 510 2041 eum
530 2015 619 2042 turbis
641 2015 766 2049 loquatur
784 2016 861 2042 nobis

76 2063 102 2088 in
116 2060 266 2094 parabolis,
284 2064 314 2086 ut
336 2059 457 2087 videntes
474 2068 525 2087 non
539 2061 689 2092 videamus,
708 2066 734 2088 et
751 2063 860 2089 audien-

77 2113 118 2133 tes
142 2113 196 2132 non
221 2105 381 2138 audiamus;
405 2106 452 2132 sed
475 2106 565 2140 potius
589 2106 657 2133 inter
680 2115 726 2134 eos
747 2108 860 2134 inveniri

75 2160 244 2183 mereamur,
270 2151 303 2177 ad
332 2159 401 2184 quos
419 2152 485 2178 dicit
507 2152 527 2167 ⁷¹
546 2161 553 2179 :
573 2162 582 2178 t
610 2152 691 2179 Vobis
716 2153 806 2180 datutn
822 2159 859 2181 est

76 2206 159 2226 nosse
173 2197 302 2233 mysteria
319 2197 394 2232 regni
408 2197 465 2225 Dei.
485 2207 494 2223 ι

111 2245 140 2271 7.
155 2243 220 2270 Post
239 2243 290 2270 hoc
305 2250 313 2269 :
331 2252 340 2267 ι
355 2242 416 2270 Haec
430 2248 481 2275 est,
503 2243 590 2278 inquit
617 2245 651 2276 ⁷³,
673 2244 716 2271 lex
735 2244 862 2272 sacrilicii

75 2294 148 2329 quod
161 2292 280 2320 oﬂ‘erent
296 2293 343 2320 ﬁlii
359 2293 446 2320 Aaron
463 2293 612 2320 sacerdotis
623 2298 685 2320 ante
700 2292 786 2320 altare
799 2300 863 2320 con-

77 2345 117 2366 tra
147 2339 302 2366 Dominum.
333 2339 446 2366 Auferet
467 2339 500 2366 ab
510 2346 544 2366 eo
565 2339 672 2373 plenam
695 2347 804 2366 martum
831 2339 863 2365 de

76 2385 233 2419 similagine
261 2384 388 2413 sacriﬁcii
415 2392 476 2412 cum
498 2384 559 2411 oleo
583 2384 651 2418 ejus,
668 2389 772 2411 etcum
790 2385 862 2412 omni

78 2430 157 2457 thure
166 2431 235 2465 ejus,
248 2437 309 2464 quae
322 2433 385 2456 sunt
397 2430 429 2457 ad
447 2430 622 2460 sacriﬁcium,
640 2434 666 2456 et
683 2429 801 2464 imponet
817 2438 863 2456 stt-

79 2483 126 2509 per
139 2476 224 2503 altare
245 2476 360 2502 hostiam
386 2475 496 2503 odorem
521 2475 664 2502 suavitatis
678 2495 685 2507 ,
708 2475 864 2502 memoriale

76 2523 134 2556 ejus
146 2522 272 2549 Domino.
289 2522 365 2554 Quod
384 2526 474 2548 autem
498 2521 663 2555 superfuerit
677 2529 710 2548 ex
728 2529 770 2552 ea,
785 2529 862 2548 man-

79 2568 187 2595 ducabit
197 2567 286 2594 Aaron
306 2573 334 2594 et
354 2567 399 2594 ﬁlii
415 2567 483 2601 ejus.
512 2568 612 2602 Azyma
636 2567 733 2594 edetur
755 2567 780 2593 itt
802 2567 861 2593 loco

78 2620 180 2645 sancto,
197 2614 223 2640 in
251 2613 323 2639 atrio
343 2613 509 2640 tabernaculi
540 2613 686 2640 testimonii
714 2613 859 2640 manduca—

78 2657 140 2686 bont
157 2667 229 2686 eam.
244 2659 301 2686 Non
315 2664 446 2693 coquetur
460 2658 665 2689 fermentatum,
685 2663 788 2693 partem
805 2659 857 2686 illis

110 2717 132 2732 “
146 2717 152 2743 Ι
165 2718 228 2744 Cor.
247 2725 278 2748 tt,
295 2716 322 2747 6,
337 2716 363 2747 7,
379 2716 406 2742 8.
446 2716 466 2731 ⁸⁷
483 2715 546 2742 ibid.
569 2716 597 2742 2.
636 2716 658 2731 ⁵⁵
675 2716 754 2743 llebr.
777 2724 802 2749 ν,
826 2716 866 2743 Η.

79 2750 99 2766 ¹¹
112 2751 195 2779 Levit.
212 2760 249 2784 γι,
270 2751 302 2778 Η
315 2757 342 2778 et
357 2758 432 2785 seqq.

917 234 990 262 sunt,
1005 230 1073 255 sicut
1091 234 1131 255 est
1152 236 1199 263 pro
1222 234 1332 262 peccato
1349 233 1376 255 et
1402 236 1451 261 pro
1466 229 1576 255 delicto.
1599 229 1699 256 Omnes

915 275 1028 301 masculi
1048 276 1218 301 sacerdotum
1241 275 1321 301 edent
1341 282 1412 302 eam.
1431 273 1592 308 Legitimum
1622 281 1699 300 a-ter.

915 329 978 347 nntn
995 320 1022 347 in
1037 321 1179 355 progenies
1206 326 1311 347 vestras
1337 320 1370 346 ab
1389 320 1484 347 hostiis
1506 319 1621 347 Domini.
1634 319 1700 348 0m-

917 366 958 392 nis
981 366 1026 400 qui
1053 365 1172 399 tetigerit
1197 372 1239 397 ea,
1263 364 1488 391 sanctiﬁcabitur.
1509 374 1517 390 ι
1537 365 1564 391 In
1585 365 1626 392 Itis
1642 373 1700 399 qua:

916 413 1051 447 proposita
1069 417 1145 443 sunt,
1165 420 1223 439 mos
1241 413 1349 446 quidem
1366 412 1537 438 sacriﬁcandi
1550 412 1701 439 sacerdoti-

915 460 964 486 bus
977 460 1065 491 datur,
1082 458 1298 485 etobservantiaz
1316 458 1414 491 quibus
1427 459 1477 485 coli
1498 458 1577 490 Deus,
1593 458 1634 485 vel
1653 467 1700 493 pn-

918 505 1016 531 riﬁcari
1033 503 1145 538 populus
1166 504 1314 536 videretur,
1335 504 1375 530 vel
1394 504 1474 531 etiarn
1491 504 1517 530 in
1537 506 1700 532 necessariis

915 550 1002 577 vietus
1015 557 1096 577 causa
1114 548 1303 576 consuleretur
1316 550 1503 576 sacerdotibus
1514 555 1541 576 et
1557 551 1699 578 ministris.

916 594 1064 622 Offerenda:
1078 595 1150 621 cnim
1171 595 1268 621 simila:
1287 595 1311 621 in
1325 594 1458 621 sacriﬁcio
1475 603 1599 622 mensura
1614 597 1702 630 posits

916 646 967 673 est,
980 647 1040 675 quin
1065 639 1168 666 decima
1189 647 1250 674 pars
1267 640 1328 674 ephi
1345 640 1508 674 appellatur,
1534 640 1596 667 huic
1611 642 1699 668 oleum

917 685 1130 720 superfunditur,
1152 691 1179 712 ct
1207 686 1269 712 thus
1294 689 1495 720 superponitur.
1520 688 1573 716 Sed
1593 696 1653 714 cum
1668 689 1700 714 ad

917 731 1001 758 altare
1019 731 1184 765 pervenerit,
1200 733 1335 763 sacerdos,
1356 731 1451 765 inquit,
1467 733 1573 767 plenam
1591 742 1700 760 tuanum

916 787 949 806 cx
963 789 994 807 eo
1014 785 1112 810 sunwt,
1125 780 1158 805 ita
1177 783 1205 804 ut
1223 778 1293 805 intra
1311 779 1505 813 plenitudinem
1524 789 1618 807 inaltus
1637 789 1701 807 con-

916 826 1005 853 cludat
1028 826 1107 860 203
1125 831 1152 852 et
1176 825 1263 852 oleum
1289 825 1359 858 quod
1385 825 1501 852 infusum
1521 831 1572 856 est.
1596 831 1622 852 et
1640 827 1702 853 thus

879 857 899 883 Β
913 871 982 905 quod
1002 872 1199 906 superpositqu
1213 875 1263 901 est,
1281 875 1310 896 ut
1322 871 1356 896 sit
1372 870 1422 897 hoc
1438 871 1554 898 libamen
1570 877 1597 898 et
1610 872 1701 898 sacri-

915 917 1005 944 lieium
1031 917 1084 944 Deo
1110 917 1135 943 in
1161 917 1269 944 odorem
1290 917 1443 943 suavitatis.
1464 916 1579 949 Caetera,
1604 917 1700 951 inquit,

915 969 1042 990 maneant
1058 964 1244 991 sacerdotibus
1261 965 1293 991 ad
1311 965 1455 997 edendum,
1482 966 1527 991 Sed
1548 966 1651 992 edenda
1671 973 1702 991 ea

915 1009 1021 1036 tradidit
1036 1010 1076 1036 lex
1093 1010 1120 1036 in
1135 1010 1195 1037 loco
1212 1017 1316 1043 sancto,
1337 1012 1362 1037 in
1377 1012 1448 1037 atrio
1469 1010 1648 1043 tabernmatli,
1666 1009 1702 1036 ita

915 1059 944 1080 ut
957 1055 1021 1081 nihil
1048 1055 1223 1082 fermentetur
1249 1065 1281 1084 ex
1313 1057 1363 1084 eis.
1392 1056 1467 1083 llane
1489 1057 1573 1087 enim,
1602 1055 1701 1089 inquit,

914 1100 974 1127 tlcdi
993 1106 1096 1135 partem
1110 1103 1307 1133 sacerdotibus,
1324 1108 1350 1129 ct
1368 1104 1423 1128 lucc
1446 1107 1508 1128 stmt
1523 1102 1621 1128 Sancta
1641 1110 1703 1127 san-

915 1151 1029 1173 ctorum.
1055 1146 1106 1173 Sed
1131 1153 1156 1174 et
1183 1148 1245 1174 illud
1264 1147 1403 1174 observari
1421 1147 1515 1178 voluit,
1532 1151 1558 1172 ut
1575 1147 1624 1172 soli
1644 1155 1702 1172 tua-

915 1192 981 1219 scnli
997 1192 1078 1219 edant
1096 1201 1127 1219 t-x
1144 1201 1185 1224 eo,
1202 1193 1298 1218 femina
1318 1193 1388 1218 mtlla
1411 1193 1559 1225 contingat.
1577 1192 1659 1218 Addit
1674 1197 1703 1219 et

920 1239 980 1270 hoc,
993 1239 1063 1273 quod
1079 1239 1125 1273 qui
1143 1239 1258 1274 tetigerit
1281 1247 1311 1266 ea
1333 1239 1526 1266 sanctilierlur.
1542 1237 1594 1264 Sed
1611 1237 1633 1264 si
1655 1245 1700 1264 ve-

915 1285 995 1312 limus
1012 1293 1082 1312 nuuc
1096 1285 1129 1311 ab
1146 1285 1178 1312 iis
1197 1286 1241 1319 qui
1259 1285 1284 1312 in
1302 1284 1446 1311 manifesto
1468 1283 1550 1311 Judaei
1568 1289 1642 1316 sunt,
1656 1290 1701 1310 re-

915 1331 1024 1364 quirere
1039 1331 1072 1358 de
1089 1331 1202 1365 singulis
1219 1339 1269 1365 qua
1288 1331 1392 1357 ratione
1418 1329 1479 1356 illud
1496 1330 1545 1356 hoc
1564 1329 1641 1356 modo
1658 1328 1702 1355 tli-

915 1382 987 1404 ctmn
1005 1377 1051 1410 sit,
1068 1381 1114 1404 aut
1130 1377 1194 1404 illttd
1214 1377 1267 1403 alio
1292 1377 1380 1407 modo,
1408 1376 1528 1402 absoluta
1554 1375 1631 1402 nobis
1658 1383 1701 1401 re-

915 1423 1060 1457 sponsione
1083 1423 1268 1454 satisfacient,
1290 1423 1408 1449 dtceutes
1425 1431 1430 1448 :
1446 1421 1483 1448 Ita
1504 1422 1589 1448 visum
1607 1427 1646 1448 est
1664 1421 1703 1448 lcv

916 1477 975 1502 gem
990 1470 1075 1500 danti,
1097 1477 1174 1497 nemo
1195 1469 1305 1496 discutit
1328 1468 1469 1494 Domitnttn
1484 1476 1572 1495 sumu.
1590 1468 1622 1494 Et
1642 1467 1702 1494 ideo

916 1516 1041 1542 cedentes
1056 1516 1095 1542 eis
1113 1516 1138 1542 in
1159 1515 1274 1548 caeteris,
1289 1516 1321 1541 de
1342 1516 1393 1541 hoc
1416 1514 1563 1541 noviSsimo
1577 1522 1703 1542 sermone

917 1560 1095 1594 requiramus,
1110 1565 1139 1586 nt
1163 1560 1253 1586 dicant
1290 1560 1424 1594 quomodo
1437 1560 1525 1587 omnis
1545 1561 1590 1594 qui
1609 1562 1703 1596 tetige-

916 1607 951 1632 rit
967 1613 999 1632 ex
1015 1606 1149 1632 sacrillcio
1173 1609 1340 1638 sanctorum,
1362 1606 1554 1635 sanctiﬁcetur.
1572 1607 1600 1634 Si
1617 1607 1703 1634 homi-

915 1650 973 1676 cida
987 1650 1114 1684 tetigerit,
1127 1650 1148 1677 si
1159 1651 1298 1685 profanus,
1308 1651 1329 1677 si
1343 1652 1488 1684 adulter,si
1502 1652 1619 1678 incestus
1631 1651 1700 1688 (96),

916 1696 1101 1723 sanctilieatns
1123 1697 1194 1723 erit?
1214 1697 1271 1723 Non
1292 1697 1363 1723 enitn
1386 1698 1491 1731 excepit
1513 1698 1641 1732 aliquem,
1655 1699 1701 1726 sed

916 1742 984 1768 dixit
1000 1750 1007 1768 :
1026 1750 1035 1766 ί
1053 1741 1146 1768 Omnis
1167 1741 1211 1775 qtti
1240 1742 1359 1775 tetigerit
1376 1749 1417 1773 ea,
1443 1743 1668 1769 sanctiﬁcabitur.
1688 1752 1699 1770 ι

917 1788 1049 1814 Ponautus
1064 1788 1145 1819 enim,
1163 1787 1234 1821 quod
1254 1788 1334 1813 etiam
1351 1795 1424 1814 nunc.
1442 1787 1548 1821 integer
1563 1788 1598 1815 sit
1614 1792 1702 1815 status

917 1835 988 1862 illius
1017 1834 1120 1868 templi,
1146 1833 1294 1861 offerantur
1318 1833 1423 1864 hostiae,
1440 1832 1573 1860 sacriﬁcia
1603 1840 1702 1860 consu—

917 1885 1034 1907 utantur.
1052 1879 1189 1914 Ingressus
1214 1883 1255 1905 est
1274 1877 1372 1911 aliquis
1399 1877 1528 1912 templum
1558 1877 1700 1910 scelestus,

917 1925 1036 1959 iniquus,
1054 1925 1185 1958 impurus,
1205 1923 1305 1950 invenit
1320 1931 1417 1950 carnes
1435 1931 1468 1950 ex
1482 1925 1625 1952 sacriﬁciis
1640 1932 1702 1960 pro-

916 1973 1028 2007 positas,
1045 1976 1071 1997 et
1089 1970 1177 2004 tetigit
1199 1977 1254 2001 eas,
1280 1969 1466 1996 sanctilicatus
1488 1971 1615 1997 continuo
1639 1978 1702 2006 pro-

916 2016 1102 2045 nuntiabitur?
1117 2016 1261 2042 Enimvero
1281 2014 1355 2041 nullo
1369 2015 1458 2047 tuodo,
1479 2015 1518 2043 vel
1536 2016 1573 2042 rei
1593 2021 1700 2049 natura,

916 2065 957 2091 vel
972 2065 1072 2091 veritas
1098 2062 1236 2097 religionis
1253 2061 1303 2088 hoc
1323 2061 1416 2094 recipit
1431 2070 1437 2088 :
1453 2067 1480 2089 et
1503 2062 1563 2089 ideo
1588 2062 1701 2089 redeun-

917 2112 978 2138 dmn
1007 2111 1084 2137 nobis
1107 2115 1147 2136 est
1171 2111 1203 2136 ad
1230 2110 1411 2143 expositiones
1434 2109 1602 2143 evangelicas
1620 2114 1701 2143 atque

918 2156 1090 2191 apostolicos,
1113 2160 1141 2182 ιιι
1159 2155 1198 2182 lex
1215 2155 1298 2190 possit
1315 2155 1438 2189 intelligi.
1456 2155 1510 2181 Nisi
1533 2156 1603 2182 enim
1627 2157 1699 2181 vela-

917 2210 976 2228 men
1006 2201 1150 2228 abstulerit
1172 2200 1345 2235 Evangelium
1371 2201 1402 2228 de
1429 2201 1498 2228 facie
1525 2201 1620 2235 Moysi.
1647 2208 1699 2227 non

917 2253 1005 2282 potest
1019 2248 1103 2274 videri
1121 2247 1209 2274 vultus
1224 2246 1292 2280 ejus,
1311 2254 1360 2274 nec
1382 2255 1477 2274 sensus
1495 2246 1554 2280 ejus
1575 2246 1698 2280 intelligi.

918 2293 982 2320 Vide
1000 2300 1065 2327 ergo
1089 2292 1222 2326 quomodo
1239 2294 1264 2319 in
1282 2291 1400 2319 Ecclesia
1419 2292 1601 2326 apostolorum
1618 2291 1699 2318 disci-

916 2338 970 2372 puli
987 2338 1083 2364 adsunt
1097 2338 1139 2364 his
1161 2345 1221 2372 qua:
1246 2338 1350 2373 Moyses
1369 2338 1531 2372 scripsit,-et
1552 2336 1699 2364 defendunt

916 2391 959 2414 ca,
972 2383 1041 2417 quod
1055 2388 1081 2409 et
1098 2383 1203 2417 itnpleri
1216 2389 1326 2417 qttcant,
1343 2387 1368 2410 ct
1384 2382 1580 2409 rationabiliter
1598 2382 1697 2414 scripta

915 2432 989 2455 sunt.
1002 2427 1156 2455 Judzeorum
1171 2435 1236 2454 vero
1251 2428 1388 2459 doctores,
1403 2432 1430 2455 et
1453 2426 1628 2460 impossibilia
1642 2427 1698 2452 haec

914 2477 942 2501 et
958 2472 1165 2504 irrationabilia,
1181 2478 1325 2507 sequentes
1337 2472 1455 2500 litteram
1472 2471 1583 2498 faciant.

947 2521 974 2547 8.
990 2520 1071 2554 Igitur
1086 2519 1259 2550 sacriﬁciutn,
1277 2526 1325 2553 pro
1343 2526 1396 2553 quo
1416 2518 1472 2545 luet:
1486 2516 1576 2544 omnia
1591 2515 1696 2543 sacrifi-

912 2566 952 2592 cia
970 2566 995 2592 in
1010 2570 1072 2601 typo
1086 2571 1112 2592 et
1136 2566 1219 2599 ﬁgura
1235 2569 1440 2599 praecesserant,
1457 2571 1537 2589 unum
1560 2567 1586 2589 et
1607 2562 1696 2596 perfe-

911 2618 994 2641 ctum.
1012 2611 1164 2638 immolatus
1187 2616 1228 2637 est
1243 2611 1378 2637 Christus.
1397 2609 1481 2643 llujus
1497 2608 1622 2636 sacriﬁcii
1638 2616 1698 2634 car-

911 2667 970 2684 nem
996 2658 1017 2684 si
1047 2659 1108 2692 quis
1135 2658 1269 2691 tetigerit,
1296 2657 1423 2684 continuo
1449 2656 1646 2684 sattctiﬁcatur.
1668 2655 1696 2682 Si

918 2717 940 2732 θ’
962 2717 1041 2743 Ilehr.
1070 2723 1106 2749 IX,
1135 2715 1178 2742 ll.
1228 2714 1251 2730 "
1264 2714 1358 2741 Matth.
1380 2722 1439 2747 xttt,
1453 2714 1498 2742 3L
1536 2715 1558 2731 '”
1574 2715 1638 2742 ibid.
1653 2714 1696 2742 Η.

1563 2800 1591 2815 ’.κ

110 2825 161 2854 (SH;
180 2824 252 2852 ldcm
269 2830 309 2850 ms
324 2843 330 2854 ,
349 2831 356 2848 t
377 2824 398 2849 si
413 2822 541 2850 incestus.
559 2832 567 2848 ι
589 2822 667 2849 Libb.
686 2822 759 2853 editi,
779 2831 787 2846 ι
806 2822 826 2848 si
843 2822 1020 2849 inccsluosns.
1037 2829 1046 2845 ι
