1902 3063
199 103 252 131 445

931 103 1092 132 ORIGENIS

1774 106 1826 131 λίίό

198 161 354 190 imminutus
368 165 419 193 est.
435 163 596 194 mundatur;
614 163 636 190 si
656 163 681 190 in
703 163 780 197 plaga
800 168 844 191 cst
857 164 922 198 (97).
940 172 984 189 sa-
1001 165 1023 192 Α
1038 163 1078 189 vir
1093 161 1281 197 qnau‘itnr,qui
1297 169 1393 188 carnes
1410 165 1518 188 sanctas
1533 161 1618 197 possit
1630 162 1784 194 comedere,
1800 169 1826 190 ct

199 215 290 236 uatnr.
306 208 352 235 Sic
366 208 483 242 denique
494 209 626 236 intcllcxit
641 209 697 241 illa,
712 210 745 236 de
764 217 815 244 qua
831 210 909 244 paulo
924 216 986 236 ante

199 254 359 285 memoravi,
375 262 436 288 qua:
451 254 608 288 profluvium
626 255 766 290 sanguinis
783 255 935 290 patiebatur
948 255 985 287 ⁷³,

197 300 261 334 quia
278 300 334 334 ipse
357 303 428 326 esset
443 307 507 325 caro
522 299 658 332 sacriﬁcii,
675 304 702 327 et
721 307 786 327 caro
808 300 906 328 Sancta
924 309 986 327 sart-

198 350 322 377 etorum;
338 350 365 371 et
379 345 442 379 quia
457 353 523 371 vere
537 345 672 372 intellexit
685 353 744 380 qua:
757 351 827 373 esset
842 354 905 374 caro
921 346 987 373 San-

198 396 240 418 rta
258 395 424 422 sanctorum,
450 392 550 419 idcirco
569 391 696 420 accessit.
713 391 746 418 Et
768 392 852 426 ipsam
878 393 985 427 quidem

197 443 304 463 carnem
327 441 450 464 sanctam
473 437 630 471 contingere
656 444 708 463 non
735 437 814 464 amlet
836 447 843 464 :
866 438 984 464 nondum

195 482 268 508 enim
283 483 411 509 inundata
430 483 530 515 fuerat,
555 491 605 510 nec
629 490 687 517 quae
711 483 830 519 perfecta
847 490 920 516 sunt,
936 492 985 519 ap-

195 528 394 561 prehenderat;
416 529 462 555 sed
483 529 616 556 fimbriam
643 528 731 564 tetigit
748 530 913 562 vestimenti,
931 539 984 566 quo

194 578 289 600 Sancta
304 582 368 602 caro
386 575 538 608 tegebatur,
558 580 585 602 et
608 576 679 604 ﬁdeli
697 582 768 605 tactu
785 578 910 604 virtutem
934 578 984 604 eli-

194 619 252 645 cuit
267 627 299 646 ex
313 627 405 652 carne,
421 628 481 655 qua:
501 629 530 648 se
544 627 572 648 et
591 622 624 649 ab
641 622 810 650 itnmunditia
826 623 984 651 sanctifica-

196 669 249 696 ret,
262 669 290 692 et
311 673 325 691 a
349 666 425 701 plaga
445 675 526 701 quam
545 667 700 701 patiebatur
717 674 837 697 sanaret.
862 669 918 696 Non
936 670 982 697 tibi

196 710 322 738 videntur
340 712 391 739 isto
408 713 492 747 magis
506 714 601 741 ordine
615 718 688 742 stare
704 722 783 749 posse
799 715 870 742 dicta
888 715 981 750 Moysi,

195 757 294 790 quibus
311 758 376 785 dicit
391 767 397 784 :
414 758 508 786 Omnis
523 760 567 794 qui
589 761 707 794 tetigerit
723 769 755 788 ex
776 761 903 788 carnibus
919 769 982 788 san~

194 802 248 829 clis
270 803 503 832 sauctificabitur?
527 805 579 832 llas
600 807 671 833 enim
708 815 816 836 carnes.
839 815 906 842 quas
935 815 983 834 nos

195 849 378 882 exposuimus,
395 851 540 885 tetigerunt
558 859 653 879 otttncs
669 853 713 887 qui
736 861 767 880 ex
783 854 908 884 gentibus
921 862 981 881 cre-

194 894 330 922 didrrnnt.
356 895 408 922 llas
426 897 512 931 tetigit
526 902 552 924 et
570 897 623 929 ille,
638 899 682 932 qui
710 899 870 926 dicebat":
888 909 897 925 ι
922 900 985 926 Fui-

196 947 256 966 mus
272 941 344 967 enim
363 947 388 968 et
407 950 455 969 nos
476 942 623 977 aliquando
638 944 714 971 stulti
732 949 759 971 et
781 945 921 978 increduli,
937 953 983 973 er-

196 990 300 1018 rantes,
316 987 464 1014 servientes
491 988 631 1016 desideriis
646 993 672 1016 et
689 989 872 1025 voluptatibus
888 991 981 1023 variis,

195 1027 223 1054 in
237 1027 337 1055 malitia
348 1033 376 1055 et
389 1028 487 1055 invidia
501 1033 620 1064 agentes,
641 1029 764 1062 odibiles,
779 1031 903 1059 odientes
917 1031 987 1059 invi-

193 1080 265 1100 cem.
280 1072 332 1100 Sed
348 1081 409 1100 cum
426 1074 577 1109 benignitas
588 1080 615 1102 et
627 1076 782 1104 humanitas
795 1077 881 1105 illuxit
893 1077 987 1105 Salva-

195 1120 262 1147 toris
278 1121 362 1148 nostri
380 1121 436 1153 Dei,
451 1122 539 1149 salvos
553 1131 603 1150 nos
619 1123 681 1151 fecit
696 1132 744 1159 per
758 1124 893 1152 lavacrum
908 1134 987 1161 rege-

194 1165 343 1193 nerationis
356 1170 383 1193 et
403 1168 586 1195 renovationis
599 1168 715 1204 Spiritus
727 1170 822 1197 sancti.
848 1180 856 1195 ι
873 1170 907 1198 Et
924 1171 987 1199 alibi

193 1211 275 1239 dicit:
289 1223 298 1238 ι
316 1214 348 1240 Et
360 1213 427 1246 haec,
440 1214 526 1249 inquit
537 1215 569 1247 ⁷³,
583 1216 692 1250 quidem
714 1216 812 1248 fuistis,
827 1218 874 1244 sed
885 1218 987 1252 justiﬁ-

193 1259 245 1286 cati
257 1259 332 1292 estis,
347 1261 394 1287 sed
409 1261 568 1289 sanctiﬁcati
584 1262 649 1289 estis
662 1263 688 1289 in
701 1264 810 1290 nomine
822 1264 927 1292 Domini
941 1273 986 1293 no-

193 1305 241 1332 stri
255 1305 320 1332 Jesu
334 1306 445 1338 Christi,
460 1312 487 1334 ct
501 1307 527 1334 in
544 1308 640 1343 spirittt
656 1309 703 1336 Dei
719 1309 814 1337 nostri.
835 1320 843 1334 ι
859 1310 886 1338 Si
899 1311 983 1345 enim,

193 1355 223 1378 ut
238 1351 366 1383 diximus.
389 1356 480 1388 tangat
500 1354 560 1388 quis
578 1363 686 1382 carnem
706 1355 770 1383 Jesu
791 1365 823 1384 eo
838 1358 919 1385 ntodo
931 1367 985 1393 quo

193 1405 274 1432 supra
285 1399 469 1434 exposuimus,
483 1405 537 1428 tota
551 1400 613 1433 ﬁde,
624 1402 696 1429 omni
709 1402 861 1430 obedientia
874 1406 986 1433 accedat

192 1444 225 1471 ad
235 1444 338 1478 Jesum,
354 1450 481 1481 tanquam
495 1447 528 1474 ad
540 1447 657 1475 Verbum
671 1456 790 1476 carnem.
802 1449 913 1483 factum,
933 1451 984 1478 iste

192 1490 281 1526 tetigit
295 1499 405 1518 carnem
420 1493 545 1520 sacriﬁcii
557 1515 563 1524 ,
577 1498 604 1521 et
619 1494 803 1523 sanctiﬁcatus
818 1502 869 1524 est.
885 1497 983 1533 Tangit
993 1512 1013 1540 ο

190 1541 282 1563 autent
296 1545 392 1565 carnes
403 1538 483 1566 Verbi
496 1545 522 1567 ct
533 1540 586 1572 ille,
600 1540 634 1567 de
644 1549 697 1575 quo
708 1541 773 1569 dicit
785 1542 929 1577 Apostolus
939 1544 962 1559 ⁷⁵
974 1553 980 1571 :

193 1593 203 1608 ι
227 1583 411 1624 Perfectornm
432 1590 521 1612 autem
542 1592 583 1614 est
602 1588 679 1614 cibus
699 1588 802 1615 solidus
821 1597 914 1616 eorntn
935 1589 980 1624 qui

194 1625 243 1652 pro
260 1620 438 1654 possibilitate
452 1624 573 1650 sumendi
590 1626 753 1654 exercitatos
768 1627 869 1654 habent
884 1620 980 1657 sensus

193 1665 227 1690 ad
244 1665 434 1693 discretionem
450 1668 511 1695 horti
527 1676 559 1695 ac
573 1669 647 1698 mali.
667 1680 676 1696 ι
690 1671 786 1708 Tangit
808 1681 873 1708 ergo
891 1679 917 1701 et
935 1675 980 1703 ille

192 1718 302 1737 carnem
322 1712 400 1739 Verbi
430 1714 485 1748 Dei,
508 1716 553 1750 qui
581 1717 709 1745 interiora
730 1719 787 1753 ejus
809 1719 931 1753 discutit,
953 1727 979 1750 ct

192 1757 296 1784 occulta
312 1763 399 1793 potest
415 1761 560 1795 explanare
577 1764 714 1798 mysteria.
736 1765 766 1792 Et
783 1773 832 1793 nos
849 1766 872 1794 si
897 1767 979 1795 habe-

193 1811 283 1830 remus
307 1806 385 1832 talem
413 1806 578 1835 intellectum
594 1830 601 1842 ,
623 1818 762 1844 possemus
787 1812 890 1847 singula
919 1822 978 1848 quin

191 1851 347 1878 scribuntur
362 1853 387 1879 in
408 1853 475 1888 lege,
497 1855 612 1889 spiritali
637 1857 859 1892 interpretatione
877 1860 978 1888 discer-

192 1903 266 1927 uerc,
281 1902 308 1923 et
329 1898 465 1926 obtectum
492 1901 704 1937 uniuscujusque
728 1905 861 1932 sermonis
885 1914 976 1933 sacra—

192 1948 322 1975 mentum,
346 1944 370 1970 in
386 1944 470 1972 lucem
498 1947 618 1974 Sciet-tim
635 1949 782 1976 subtilioris
801 1951 932 1980 educere:
954 1953 976 1978 si

147 2028 149 2030 Ι
190 1988 225 2015 ita
245 1990 342 2017 docere
353 1999 491 2025 possemus
507 1993 665 2028 Eeclesiam,
679 2001 706 2022 ut
723 1996 788 2023 nihil
809 2005 840 2024 ex
858 1998 899 2024 his
917 2007 976 2033 qua:

190 2033 257 2060 lecta
280 2039 341 2060 sunt
359 2042 512 2063 remaneret
534 2039 698 2073 ambiguum,
723 2041 788 2068 nihil
812 2042 977 2076 relinquere-

189 2083 232 2104 tur
251 2079 410 2113 obscurnm,
430 2081 552 2110 fortassis
576 2088 603 2110 et
626 2084 659 2111 de
683 2086 758 2112 nobis
782 2087 835 2114 dici
860 2094 974 2121 poterat,

188 2123 250 2156 quia
268 2124 404 2160 tetigimus
421 2134 518 2154 carnes
538 2135 647 2156 sanctas
661 2131 739 2158 Verbi
772 2132 816 2159 Dei
834 2138 859 2159 ct
876 2135 976 2161 sam-ti-

1038 209 1180 235 comedere
1192 215 1244 234 non
1259 208 1284 234 in
1298 215 1458 242 quocunque
1471 207 1538 240 loco,
1549 208 1594 235 sed
1605 208 1630 234 in
1647 208 1705 235 loco
1717 214 1825 241 sancto,

1038 255 1106 280 intra
1123 254 1220 280 atrittm
1235 253 1414 281 tabernaculi.
1429 254 1547 281 Audiant
1562 254 1619 281 hmc
1635 255 1680 288 qui
1696 255 1825 281 scindunt

1037 299 1196 333 Eeclesiam,
1211 304 1238 327 et
1259 300 1416 335 peregrinas
1435 307 1467 326 ac
1490 307 1586 333 pravas
1608 300 1767 327 inducentes
1782 301 1826 327 dt»

1036 346 1138 373 ctrinas
1156 351 1249 381 putant
1264 353 1293 373 se
1313 353 1405 373 sacras
1419 351 1515 372 carnes
1531 350 1608 371 extra
1624 345 1752 379 templum
1767 345 1826 377 Dei,

1036 396 1062 418 et
1075 397 1149 419 extra
1164 393 1253 418 aulam
1270 391 1437 418 Dominicam
1453 399 1531 426 posse
1543 391 1695 418 comedere.
1708 390 1824 417 Profana

1036 441 1099 464 sunt
1117 445 1210 464 eorum
1231 437 1376 468 sacrificia,
1391 445 1450 471 qum
1472 441 1568 464 contra
1594 436 1712 463 mandati
1738 435 1823 471 legem

1037 490 1176 516 geruntur.
1195 482 1222 509 in
1241 483 1299 510 loco
1323 487 1417 509 sancto
1441 482 1482 508 edi
1502 482 1629 516 iubentur
1652 482 1722 508 irttra
1751 482 1821 508 atria

1038 528 1205 554 tabernaculi
1222 527 1378 556 testimonii.
1398 528 1471 554 Atria
1490 527 1656 554 tabernaculi
1673 527 1822 554 testimonii

1035 578 1107 605 sunt,
1122 581 1182 607 quze
1195 572 1254 600 ﬁdei
1273 580 1364 599 nntrus
1377 573 1471 603 ambit,
1484 573 1539 606 spei
1556 572 1688 599 columine
1706 579 1822 606 suspen-

1035 618 1116 650 duul,
1141 619 1281 646 clinrilalis
1309 618 1456 652 amplitudo
1479 618 1583 644 dilatat.
1612 617 1661 644 Ubi
1683 617 1741 644 lucc
1769 625 1822 643 non

1034 669 1107 694 sunt,
1121 672 1215 690 carnes
1230 669 1329 691 sauch
1340 671 1387 691 nec
1398 663 1489 690 haberi
1509 668 1630 697 possunt,
1643 670 1693 689 nec
1703 662 1821 690 comedi.

1069 710 1096 737 9.
1115 710 1187 736 liene
1212 714 1301 736 antem
1327 710 1398 743 quod
1423 714 1450 736 et
1469 717 1518 741 ea,
1545 716 1607 745 quae
1631 715 1663 735 ex
1688 708 1823 735 sacriﬁcio

1034 755 1116 791 205,
1135 755 1296 789 similaginis
1309 755 1467 787 offeruntur,
1485 755 1562 789 plena
1581 762 1660 781 manu
1678 762 1740 781 cttm
1764 754 1823 780 oleo

1034 801 1185 828 offeruntur
1198 806 1224 828 et
1245 802 1334 834 thure,
1352 801 1376 828 in
1401 802 1512 828 odorem
1536 801 1677 827 suavitatis
1696 800 1822 827 Domino.

1000 836 1019 864 Β
1036 846 1116 873 Istum
1136 846 1223 874 locum
1242 847 1360 874 breviter
1382 847 1536 881 explanavit
1561 847 1701 880 apostolus
1723 846 1824 873 Paulus

1034 893 1067 920 ad
1095 893 1299 928 Pliilippeuses,
1325 893 1418 921 dicens
1433 893 1456 908 "
1471 902 1477 919 :
1492 903 1501 918 ι
1525 892 1649 926 Repletus
1672 901 1732 920 sum
1754 893 1823 920 acci-

1034 940 1111 973 piens
1128 940 1163 966 ab
1177 939 1369 974 Epaphrodito,
1388 947 1419 966 ea
1434 947 1494 974 qua;
1505 947 1518 966 a
1535 939 1610 967 vobis
1626 939 1706 967 missa
1720 944 1783 966 sunt
1796 940 1822 966 iu

1032 986 1141 1012 adorent
1164 986 1323 1018 suavitatis,
1351 986 1465 1012 ltostiam
1490 990 1646 1019 acceptant,
1669 985 1821 1019 placentem

1034 1031 1099 1058 Deo.
1121 1041 1130 1057 ›
1149 1032 1175 1058 lit
1191 1039 1244 1066 qno
1263 1032 1392 1064 ostendit,
1404 1033 1475 1066 quod
1499 1031 1685 1059 misericordia
1699 1031 1821 1066 quidem,

1031 1086 1093 1112 qua:
1106 1085 1170 1111 erga
1182 1085 1314 1113 pauperes
1335 1078 1376 1111 ﬁt,
1396 1078 1483 1106 oleum
1508 1077 1623 1105 infundit
1643 1078 1668 1104 in
1684 1079 1822 1105 sacrificio

1034 1124 1098 1156 Dei;
1117 1125 1295 1151 ministerium
1321 1132 1386 1152 vero
1406 1125 1477 1159 quod
1496 1125 1598 1152 sanctis
1613 1125 1747 1155 defertur,
1761 1132 1821 1150 sua-

1031 1170 1140 1196 vitatem
1167 1169 1252 1196 thuris
1269 1169 1391 1204 imponit.
1416 1169 1468 1196 Sed
1492 1169 1542 1196 hoc
1566 1169 1643 1203 plena
1664 1177 1745 1195 manu
1763 1169 1819 1195 fieri

1031 1214 1129 1241 debere
1141 1215 1304 1249 pr:ceipitur.
1319 1215 1364 1241 Sic
1377 1215 1447 1241 enim
1463 1214 1531 1241 idem
1551 1215 1695 1249 Apostolus
1708 1215 1775 1242 dicit
1785 1215 1818 1247 7’,

1031 1261 1093 1295 quia
1112 1270 1120 1286 ι
1138 1261 1181 1295 ιιιιί
1196 1268 1277 1294 parce
1301 1261 1426 1291 seminat,
1444 1268 1524 1296 parce
1547 1267 1575 1288 et
1595 1266 1685 1288 metet.
1702 1261 1755 1294 Qui
1771 1269 1817 1288 au-

1032 1312 1084 1333 tem
1106 1307 1222 1333 seminat
1242 1307 1267 1333 in
1293 1306 1495 1338 benedictione,
1519 1307 1552 1334 de
1578 1307 1767 1334 benedictione
1794 1313 1819 1334 et

1031 1356 1112 1379 nictet
1126 1352 1207 1379 vitam
1226 1356 1365 1379 aeternam.
1389 1362 1398 1378 ι
1419 1352 1466 1379 Est
1486 1357 1574 1380 tatneu
1597 1353 1698 1387 aliqttid
1715 1355 1741 1380 in
1764 1354 1819 1388 ipso

1030 1398 1177 1430 sacrificio,
1193 1399 1264 1432 quod
1289 1398 1445 1425 tuentoriale
1463 1399 1623 1432 appellatur,
1638 1400 1711 1433 quod
1730 1399 1817 1426 oﬂerri

1031 1444 1144 1471 Dotuino
1157 1444 1265 1471 dicitur.
1279 1443 1334 1479 Ego
1354 1444 1376 1471 si
1389 1451 1494 1478 possent
1510 1444 1553 1471 die
1568 1451 1600 1470 ac
1621 1449 1703 1471 nocte
1718 1445 1744 1471 iu
1764 1446 1818 1479 iege

1032 1490 1135 1517 Domini
1151 1489 1286 1521 meditari,
1299 1493 1327 1516 et
1343 1496 1436 1517 omnes
1453 1490 1608 1524 Scripturas
1630 1491 1762 1517 memoria
1779 1498 1818 1517 re-

1032 1537 1127 1569 tinere,
1145 1536 1303 1563 memorialc
1314 1536 1441 1564 sacrificii
1457 1536 1509 1563 tnei
1522 1535 1634 1563 Domino
1646 1536 1816 1563 obtnlissmu.

1030 1581 1109 1608 Certe
1125 1581 1147 1608 si
1163 1589 1216 1608 non
1237 1582 1326 1609 omnia
1347 1589 1500 1617 possumus,
1513 1582 1607 1609 saltem
1627 1589 1658 1607 ea
1671 1588 1733 1615 qua:
1751 1589 1817 1607 ttttrtc

1031 1628 1160 1654 docentur
1175 1628 1200 1655 in
1221 1628 1345 1659 ecclesia,
1365 1628 1405 1655 vel
1424 1635 1483 1662 quae
1506 1627 1663 1659 recitantur,
1678 1627 1816 1652 memoria:

1030 1673 1264 1707 cutumcndemus;
1278 1679 1306 1700 ut
1321 1679 1452 1700 exeuntes
1464 1674 1496 1700 de
1521 1674 1647 1704 ecclesia,
1666 1679 1692 1699 et
1707 1679 1816 1705 agentes

1029 1727 1110 1754 opera
1133 1719 1373 1750 inisericordim,et
1397 1719 1538 1754 implentes
1560 1720 1649 1746 divina
1669 1723 1814 1753 prmi-epla,

1029 1766 1192 1793 sacriﬁcium
1211 1774 1271 1793 cum
1290 1767 1370 1793 tbnrc
1388 1771 1416 1792 ct
1430 1766 1490 1793 oleo
1507 1765 1652 1793 offeramus
1673 1766 1700 1791 in
1717 1773 1815 1791 memo-

1029 1812 1096 1839 riam
1113 1812 1232 1838 Domino.
1252 1812 1288 1838 Ex
1303 1812 1343 1838 bis
1357 1820 1420 1846 ergo
1439 1812 1599 1842 cdocetuiui,
1615 1816 1645 1837 ut
1664 1819 1726 1844 qua)
1745 1810 1815 1836 andi-

1028 1858 1076 1884 stis
1087 1856 1142 1892 (93)
1153 1857 1178 1884 itt
1197 1856 1322 1888 ecclesia,
1337 1862 1462 1891 tanquam
1478 1858 1574 1883 munda
1586 1856 1813 1888 animalia,volnti

1030 1903 1198 1929 rnmiuanles
1211 1910 1240 1929 ea
1256 1903 1386 1929 revocetis
1397 1903 1429 1929 ad
1441 1902 1608 1933 memoriam,
1621 1907 1647 1928 et
1661 1910 1723 1928 cum
1736 1902 1814 1928 corde

1028 1954 1117 1974 vestro
1143 1956 1201 1982 qua:
1226 1948 1295 1974 dicta
1317 1953 1378 1974 sunt
1404 1947 1561 1975 conferatis.
1583 1947 1660 1980 Quod
1680 1948 1704 1974 si
1728 1948 1812 1981 aliqua

1028 1994 1164 2020 memoria:
1184 1994 1378 2027 superfuerint,
1397 1998 1424 2020 et
1442 1994 1606 2020 intellectum
1627 1998 1748 2020 vestrum
1771 2000 1812 2019 su-

1027 2039 1191 2072 peraverint,
1208 2038 1291 2066 facile
1305 2041 1376 2074 quod
1399 2040 1541 2074 praesentis
1566 2039 1683 2065 mandati
1702 2038 1812 2065 auctori-

1027 2090 1067 2113 tas
1092 2087 1223 2120 prmcipil,
1246 2087 1338 2113 dicens
1353 2087 1374 2101 ⁸³
1392 2095 1398 2112 :
1414 2094 1423 2110 ι
1441 2085 1517 2118 Quod
1542 2090 1630 2111 autem
1648 2084 1811 2119 superfuerit

1026 2138 1058 2157 cx
1078 2132 1129 2164 Itis,
1152 2131 1350 2158 tuamlucabunl
1369 2131 1423 2167 (99)
1445 2131 1533 2158 Aaron
1551 2137 1579 2158 et
1595 2131 1641 2158 ﬁlii
1667 2132 1739 2165 ejus.
1759 2141 1767 2156 ι
1784 2130 1809 2156 Si

188 2169 259 2196 ticali
274 2178 377 2198 sumus.
392 2171 438 2199 Sic
451 2177 540 2199 autem
557 2175 660 2209 accipio
672 2181 698 2202 et
711 2177 774 2204 illud
787 2179 856 2212 quod
869 2179 970 2207 dictum
988 2180 1009 2207 D
1025 2177 1088 2211 quid
1109 2177 1278 2211 superaverit
1292 2182 1318 2204 et
1332 2177 1481 2204 excesserit
1499 2177 1665 2203 intellcclutn
1681 2183 1755 2203 tuum
1772 2176 1809 2202 vel

187 2220 239 2245 est,
253 2216 315 2250 quia
331 2224 426 2244 omnes
438 2218 548 2245 masculi
563 2227 595 2246 ex
611 2222 796 2250 sacerdotibus
809 2225 888 2250 edent
901 2232 970 2252 eam.

186 2259 262 2286 Nulla
278 2261 350 2288 enim
367 2262 476 2295 femina,
493 2271 542 2290 nec.
560 2265 669 2292 remissa
690 2271 717 2294 et
738 2268 868 2295 dissoluta
884 2270 972 2296 anima

186 2306 286 2338 poterit
307 2307 387 2334 edere
411 2316 508 2336 carnes
533 2316 640 2339 sanctas
655 2311 735 2339 Verbi
763 2312 819 2340 Dei.
838 2314 971 2343 Masculus

185 2351 315 2383 quzeritur
337 2353 382 2386 qni
409 2360 454 2380 eas
473 2355 543 2381 edat.
566 2355 674 2382 Mascnli
702 2357 817 2392 denique
836 2364 908 2392 sunt,
927 2361 970 2394 qni

184 2396 367 2429 perducuntur
383 2399 417 2424 ad
438 2407 591 2431 numerum.
618 2410 747 2436 nusquam
775 2403 889 2434 femime,
907 2413 971 2431 nus-

182 2450 262 2475 quam
280 2443 382 2477 parvuli
398 2449 585 2473 numerantur.
602 2446 677 2475 Umle
693 2453 719 2474 et
735 2449 878 2483 Apostolus
899 2451 971 2477 dice-

183 2488 226 2514 bat
242 2489 264 2504 7"
280 2498 286 2516 :
307 2498 315 2514 ι
336 2490 402 2516 Cum
418 2496 506 2518 autern
532 2493 619 2520 factus
643 2503 701 2521 stun
718 2495 769 2526 vir,
786 2496 893 2529 deposui
910 2505 969 2530 qua:

180 2539 260 2560 et'aut
275 2536 389 2569 parvuli.
414 2545 424 2562 ι
447 2536 521 2565 Talis
540 2547 605 2575 ergo
625 2540 675 2568 iste
698 2542 845 2574 masculus,
866 2547 892 2569 et
909 2543 969 2570 talis

215 2606 238 2621 ⁷⁸
253 2607 331 2634 Marc.
345 2616 369 2636 ν,

181 2648 218 2672 ix,
240 2643 256 2668 6

407 2609 431 2625 ⁷⁸
441 2610 495 2638 Tit.
508 2619 548 2641 ιιι,
560 2612 586 2640 5.
624 2614 646 2629 ⁷⁸
662 2614 739 2641 lCor.
753 2622 789 2645 vt,
804 2615 846 2641 tl.

215 2710 271 2753 (ΞΠ)
287 2712 357 2753 Idem
383 2722 446 2753 ius...
460 2724 469 2740 ‹
489 2717 670 2744 sanetificatur
693 2719 714 2745 si
739 2719 892 2746 immundus
911 2725 964 2752 est,

180 2751 292 2783 sanatur
306 2749 331 2783 βῆ
350 2749 374 2773 in
392 2749 469 2783 plaga
485 2755 536 2778 est.
557 2760 566 2776 ι

183 2780 270 2841 lbi-9?)
287 2781 356 2809 ldetn
373 2780 470 2817 ms.,'t
495 2786 617 2814 audistis.
642 2796 652 2813 ι
670 2787 746 2815 Libb,
762 2788 838 2821 editi,
859 2798 867 2815 ι
887 2789 963 2816 audi-

885 2615 907 2630 "
919 2615 955 2633 ΙΙ..

303 2616 331 2634 't‘..
345 2616 369 2636 V.
408 2615 431 2625 ⁷⁵
442 2615 495 2638 1⁷11.
508 2619 548 2641 ltt.
560 2615 586 2640 5.
624 2615 646 2629 ⁷⁸
662 2615 739 2641 lCor.
753 2622 789 2645 vt,
804 2615 846 2641 Η.
885 2615 907 2630 ⁷⁸
919 2615 1026 2647 llebr.v,
1045 2618 1086 2646 Η.
1124 2618 1145 2633 ⁷⁷
1159 2618 1166 2644 Ι
1179 2619 1240 2645 (lor.

303 2643 325 2658 ⁸ο
341 2644 425 2672 Levit.
448 2654 482 2675 \‘l.
510 2647 552 2674 16.
590 2647 610 2663 ’“
639 2648 716 2676 Deut.
738 2657 824 2682 uxu,
845 2649 896 2676 7.“
912 2651 998 2677 Levit.
1017 2661 1052 2683 γι,
1070 2653 1101 2680 lt)
1126 2659 1151 2680 et
1167 2662 1241 2688 seqq.

1025 2225 1180 2250 memoriam
1208 2228 1290 2256 luant,
1313 2232 1390 2251 serva
1420 2225 1508 2251 Aaron
1532 2231 1539 2250 :
1569 2224 1618 2250 hoc
1629 2228 1680 2255 est,
1706 2231 1807 2251 reserva

1024 2268 1171 2300 sacerdoti,
1189 2277 1296 2296 reserva
1315 2269 1430 2302 doctori,
1454 2275 1482 2297 ut
1505 2271 1560 2304 ipse
1581 2270 1632 2297 hoc
1655 2271 1807 2300 manducet,

1024 2315 1081 2349 ipse
1104 2315 1242 2347 diseutiat,
1268 2317 1324 2350 ipse
1350 2321 1481 2350 exponat;
1508 2316 1577 2343 sicut
1604 2320 1631 2343 et
1653 2316 1717 2344 alibi
1740 2317 1806 2343 idem

1025 2361 1130 2395 Moyses
1144 2361 1210 2388 dicit
1221 2362 1242 2376 ’“
1258 2370 1265 2388 :
1282 2371 1290 2387 ι
1311 2361 1446 2397 Interroga
1470 2366 1560 2396 patres
1578 2366 1648 2394 tuos,
1664 2367 1691 2389 ct
1705 2370 1806 2389 annun-

1025 2407 1129 2433 Iiabuut
1143 2408 1202 2439 tibi,
1220 2409 1393 2442 presbyteros
1408 2414 1477 2440 tuos,
1492 2413 1519 2435 ct
1544 2409 1634 2435 dicent
1654 2408 1712 2437 tibi.
1731 2418 1739 2433 ι
1756 2407 1805 2441 Ipsi

1024 2453 1094 2478 enim
1110 2453 1198 2480 sciunt
1218 2455 1352 2488 quomodo
1370 2455 1425 2482 hate
1446 2462 1539 2490 azyma
1558 2454 1673 2481 debeant
1695 2454 1804 2480 mandu-

1023 2499 1089 2529 cari,
1103 2503 1128 2525 ct
1142 2501 1168 2525 in
1182 2501 1286 2534 azymis
1299 2501 1465 2528 sinceritatis
1479 2505 1506 2527 et
1523 2500 1646 2527 veritatis
1657 2499 1765 2534 exponi.

1058 2545 1100 2572 10.
1118 2545 1231 2572 Additur
1254 2547 1278 2572 in
1303 2547 1478 2580 sequentibus
1496 2545 1537 2573 "z
1555 2555 1564 2571 ‹
1583 2546 1615 2572 Ει
1635 2546 1742 2573 locutus
1763 2547 1803 2572 est

1682 2620 1703 2635 "
1714 2617 1800 2646 "Cor.

1124 2618 1145 2633 ⁷⁷
1159 2618 1166 2644 Ι
1179 2619 1240 2645 (lor.
1252 2626 1311 2651 xui,
1326 2619 1368 2646 Η.
1406 2619 1429 2635 ⁷⁸
1439 2620 1537 2654 Philip.
1548 2627 1584 2652 tv,
1599 2619 1642 2646 IS.

1053 2722 1108 2755 (99)
1124 2722 1194 2749 idem
1219 2731 1258 2750 ms
1275 2746 1280 2755 ,
1300 2734 1308 2749 ι
1326 2732 1357 2750 ex
1381 2724 1441 2756 his,
1470 2724 1680 2751 mandueabttnt.
1701 2733 1709 2749 ι
1727 2723 1797 2749 [.ibb.

1017 2757 1091 2788 editi,
1115 2767 1122 2782 ι
1139 2767 1168 2784 ex
1185 2759 1217 2784 iis
1231 2760 1409 2785 mandat-abit.
1427 2770 1434 2785 θ
1453 2760 1520 2786 ΙιιΓΓίι
1540 2759 1608 2784 idem
1627 2767 1689 2789 ms..
1704 2767 1713 2783 ι
1734 2759 1798 2783 idem

1019 2792 1122 2827 Moyses
1149 2795 1221 2820 dicit.
1247 2803 1255 2819 ›
1274 2793 1350 2821 Lih‘t.
1372 2795 1447 2826 editi,
1468 2804 1475 2818 ι
1498 2795 1552 2828 ipa:
1568 2793 1670 2828 Moys‘cs
1695 2794 1766 2820 dicit.
1786 2801 1795 2817 υ
