1902 3063
67 110 77 135 ~i
87 110 113 137 Η)

669 110 701 137 IN
727 109 914 138 LEVITICUM
936 109 1075 137 llOMlLIA
1101 109 1130 136 ν.

1650 110 1702 137 “5

69 169 196 195 ltoininus
217 168 251 194 ad
271 168 396 203 Moysen,
414 167 526 195 dicens:
541 167 597 195 lloc
620 177 717 196 ntunns
734 169 823 196 Aaron
839 175 866 196 et
881 171 902 199 Α
919 169 1036 200 ciuulttr,
1053 169 1118 195 sirm
1140 174 1167 195 ct
1185 168 1313 195 Dominus
1328 167 1426 195 fecisse
1442 167 1559 195 rcfcrtur
1573 167 1599 195 in
1613 167 1703 196 Evan-

67 215 180 241 tiliorimt
194 214 265 248 ejus,
283 214 358 248 quod
380 214 494 242 olIerent
512 214 623 242 Domino
642 216 668 242 in
683 216 726 242 die
742 224 794 251 qua
813 224 860 242 un-

67 262 137 288 xeris
152 269 227 292 enin,
241 261 376 288 decimam
390 265 493 294 partem
506 261 568 296 ephi
591 261 752 296 similaginis
770 261 795 288 in
817 269 861 288 sa-

67 307 170 334 criﬁcio
192 314 310 341 semper,
327 306 469 333 dimidium
489 306 547 340 ejus
571 314 661 339 mane,
677 311 703 334 et
718 307 859 334 dimidium

66 354 122 387 ejus
141 357 203 387 post
226 352 380 379 meridiem.
405 351 433 379 lu
459 353 597 388 sartagine
621 360 655 380 ex
681 353 741 380 oleo
765 353 810 380 ﬁet
833 357 861 381 et

67 406 242 433 conspersam
257 397 297 434 (l)
310 397 406 425 oﬁerct
425 405 485 425 cam
498 403 633 431 teneram,
651 399 816 426 sacriﬁcium
829 399 861 426 de

69 445 245 480 fragmentis,
268 444 434 473 sacrificium
456 445 482 472 in
505 445 616 473 odorem
637 445 781 473 suavitatis
810 445 860 473 Do-

69 491 150 518 tuino.
168 490 305 518 Sacerdos
324 491 369 525 qui
390 496 489 517 unctus
510 489 593 518 fuerit
610 498 659 525 pro
682 497 714 519 eo
742 497 775 518 ex
799 490 860 518 ﬁliis

67 536 140 570 ejus,
155 536 238 564 faciat
257 544 287 563 ea
302 546 308 563 :
322 537 365 564 lex
386 541 485 564 :cterna
501 536 611 563 :omnia
632 537 862 564 couSummabun-

69 587 121 609 tur.
145 582 181 609 Et
201 590 282 610 omne
304 583 470 611 sacriﬁcium
495 583 646 611 sacerdotis
672 582 860 610 holocaustum

67 629 170 660 erit,et
188 637 241 655 non
265 629 372 656 edetnr.
391 638 400 654 ι
416 629 442 656 lu
460 630 565 657 caeteris
581 629 688 664 quidem
706 628 860 663 prmceptis,

69 673 189 707 pontifex
207 673 233 699 iu
248 673 393 700 oﬁ'ereudis
411 673 553 702 sacriﬁciis
567 674 665 709 populo
679 673 780 708 praebet
801 673 857 701 οῐῖῑο

68 721 158 751 cium;
178 719 203 746 in
225 719 275 746 hoc
292 727 356 747 vero
373 720 509 752 mandato,
523 727 583 755 qua:
606 720 714 755 propria
730 723 794 747 sunt
812 727 861 746 cu-

70 771 121 797 rat,
135 770 162 792 ct
178 766 249 800 quod
261 766 294 793 ad
306 773 336 793 se
351 771 466 800 spectat,
480 766 648 801 exsequitur.
661 765 778 793 .lubetur
790 765 861 793 enim

69 821 100 840 et
122 813 178 845 die,
194 820 247 847 qua
262 817 359 840 unctus
375 813 465 845 fuerit,
478 820 587 848 semper
607 817 635 840 et
656 812 683 839 in
701 818 860 847 perpetuum

68 857 167 885 offerre
190 858 373 892 similaginem
393 858 453 886 oleo
473 865 666 893 conspersam,
689 862 808 885 teneram
830 865 862 885 ex

69 905 219 940 sartagine.
246 903 328 938 quue
352 904 525 940 cognominat
549 903 716 931 sacriﬁcium
748 912 781 931 cx
809 904 864 930 fra-

69 950 199 984 gmentis,
216 950 242 977 in
261 950 372 977 odorem
387 950 546 983 suavitatis;
560 954 588 977 et
608 951 660 977 hoc
682 950 739 985 lege
760 956 861 978 teterna

70 1003 242 1030 permanere,
257 999 286 1023 et
310 996 455 1023 transmitti
473 995 506 1023 ad
522 1000 646 1030 posteros
670 995 758 1029 jubet.
782 995 864 1023 Addit

70 1049 134 1068 sane
149 1042 361 1074 observandum,
375 1049 409 1068 ne
422 1041 503 1069 ullum
520 1042 687 1069 sacriﬁcium
703 1043 862 1076 sacerdotis,

71 1087 120 1114 hoc
134 1092 187 1120 est,
204 1086 276 1121 quod
294 1094 344 1122 pro
361 1088 451 1123 seipso
470 1087 566 1115 oﬂ‘eret
582 1087 632 1124 (2),
648 1088 744 1115 edatur
764 1096 779 1115 a
795 1095 864 1123 quo-

69 1139 165 1165 quam;
182 1133 230 1160 sed
244 1132 431 1160 holocaustum
451 1134 508 1166 ﬂat,
526 1134 597 1167 quod
615 1138 657 1161 est
673 1134 727 1169 igni
744 1133 862 1162 absumi.

70 1178 239 1213 Pra‘ceptum
256 1179 365 1214 quidem
383 1180 530 1207 secundum
547 1180 664 1207 litteram
686 1180 788 1207 clarum
809 1185 861 1214 est,

69 1225 147 1252 velim
165 1231 255 1253 tamen
271 1226 363 1253 videre
376 1227 421 1261 qui
441 1226 466 1253 in
488 1227 539 1254 hoc
559 1232 648 1262 typus,
666 1231 692 1254 ct
704 1235 763 1262 qua:
779 1228 862 1262 figura

70 1270 214 1299 formetur.
237 1272 381 1299 Dimidium
398 1272 526 1299 sacriﬁcii
546 1272 625 1306 hujus
647 1280 726 1299 tnane
744 1273 800 1299 vult
822 1273 864 1299 of—

70 1314 145 1348 ferri,
162 1319 190 1343 et
205 1316 347 1344 dimidium
371 1324 493 1351 vespero,
517 1321 589 1344 certa
617 1325 741 1344 mensura
765 1318 862 1345 simila:

69 1361 128 1388 oleo
143 1369 297 1396 conspersa:
315 1367 413 1389 lenone
428 1370 441 1389 a
457 1362 604 1397 sartagine.
626 1361 691 1390 Vide
707 1363 730 1390 si
748 1371 811 1395 non,
831 1368 860 1390 nt

70 1414 118 1440 ego
129 1406 267 1440 suspicor,
280 1407 444 1434 sacriﬁcium
456 1407 605 1435 sacerdotis
616 1407 674 1435 hzec
689 1409 744 1442 ipsa
757 1410 793 1435 sit
807 1409 863 1441 lex,

70 1460 127 1486 qua:
140 1459 190 1486 per
204 1451 313 1488 Moysen
325 1452 520 1487 promulgatur,
533 1452 609 1487 cujus
627 1453 766 1480 dimidium
784 1462 864 1482 matre

66 1496 177 1529 jubetur
192 1497 296 1530 offerri,
315 1498 454 1524 dimidium
472 1506 537 1525 vero
553 1499 586 1525 ad
606 1506 758 1533 vesperam.
774 1500 859 1533 Quam

71 1543 152 1577 legem
169 1544 196 1570 in
219 1543 288 1570 duas
314 1548 404 1578 partes
428 1544 509 1571 dividi
537 1547 674 1580 prmeepit,
691 1545 716 1572 in
741 1546 857 1574 litteram

70 1588 197 1616 videlicet
209 1593 235 1615 et
250 1589 387 1622 spiritum.
407 1579 439 1616 Et
456 1579 595 1616 dimidiam
615 1579 723 1624 quidem
744 1596 857 1624 partetn,

71 1643 127 1670 quae
145 1639 188 1662 est
203 1635 304 1667 littera,
321 1634 412 1663 oﬁerri
433 1635 510 1669 jubet
532 1643 620 1667 tuane,
644 1636 731 1669 primo
756 1636 859 1663 scilicet

71 1681 134 1716 legis
158 1687 299 1717 tempore:
315 1682 386 1716 quod
417 1682 468 1709 illis
495 1681 593 1716 quibus
619 1687 684 1710 tunc
709 1685 858 1711 secundum

71 1727 187 1755 litteram
203 1728 266 1754 data
285 1733 338 1759 est,
354 1735 448 1755 novam
465 1727 552 1754 lucem
573 1731 600 1754 et
627 1735 728 1755 novum
745 1729 859 1764 protulit

70 1773 147 1805 diem,
170 1773 312 1800 dimidium
339 1781 403 1800 vero
423 1772 481 1807 ejus
496 1773 586 1801 olI'crri
611 1773 694 1809 jussit
714 1775 738 1802 in
763 1783 858 1810 vespe-

72 1825 136 1846 ram.
159 1819 188 1846 ln
205 1826 317 1853 vespera
339 1819 410 1846 enim
433 1819 511 1847 nobis
537 1819 616 1847 datus
634 1825 677 1847 est
706 1821 857 1849 Salvatoris

70 1865 208 1897 adventus,
228 1865 253 1890 in
271 1873 326 1899 quo
340 1872 404 1898 pars
429 1865 471 1892 illa
496 1865 618 1898 dimidia,
634 1866 687 1894 hoc
704 1872 745 1894 est
761 1875 858 1895 sensus

71 1909 107 1935 vel
120 1910 234 1944 spiritus
251 1909 327 1943 legis,
345 1910 492 1936 secundum
509 1911 580 1945 quod
599 1911 641 1938 lex
659 1911 790 1946 spiritalis
805 1917 856 1945 est,

70 1954 196 1981 offeratur
210 1956 270 1982 oleo
290 1963 436 1989 conspersa
458 1960 559 1983 tenera.
583 1957 677 1984 Oleum
698 1958 730 1984 ad
749 1958 856 1985 iniseri-

70 2001 187 2029 cordiain
210 2006 365 2032 revocatur,
383 2009 442 2036 quae
458 2002 536 2029 debet
557 2002 583 2029 in
603 2003 792 2030 sacerdotibus
810 2003 858 2030 ab-

70 2048 178 2074 umlare.
194 2048 299 2074 Teucra
312 2048 345 2074 ad
362 2048 487 2075 subtilem
501 2052 527 2075 et
541 2056 634 2082 puram
651 2049 856 2084 intelligentiam

70 2094 191 2127 pertinet.
204 2093 281 2127 Quod
298 2098 387 2120 autem
400 2101 414 2120 a
429 2095 566 2129 sartagine
580 2095 691 2126 dicitttr,
710 2099 774 2130 pttto
785 2095 857 2130 quod

70 2140 231 2171 districtum,
249 2144 277 2166 et
294 2139 377 2166 multa
400 2140 565 2167 continentia
585 2141 701 2173 aridum,
725 2145 752 2168 et
775 2141 857 2167 torri-

913 214 990 248 geliis
1006 214 1038 246 ⁸³,
1057 214 1098 240 ubi
1123 214 1260 241 benedixit
1281 221 1376 248 panes,
1402 218 1430 241 et
1454 213 1528 241 dedit
1551 214 1700 249 discipulis,

913 265 940 286 ct
963 259 1086 293 discipuli
1110 260 1314 295 confringentes
1337 263 1522 294 apposuerunt
1547 259 1644 286 turbis.
1670 258 1703 285 Et

913 313 974 333 cum
1000 305 1091 333 satiati
1116 305 1229 333 fuissent
1245 313 1351 336 omnes,
1377 305 1583 340 superfuerunt,
1604 305 1701 339 inquit,

915 351 1127 386 lragmeutorum
1154 351 1262 386 cophini
1291 351 1444 378 duodecim.
1471 349 1545 378 lstud
1575 355 1616 378 est
1635 358 1703 387 ergo

914 395 1076 424 sacrificiqu
1101 404 1134 424 ex
1159 396 1334 431 fragmentis,
1362 404 1423 424 cum
1456 396 1609 424 minutatim
1642 404 1703 431 qua:

914 447 978 470 sunt
999 443 1066 475 legis
1088 447 1181 469 sancta
1204 441 1374 475 discutimus,
1401 447 1429 469 ut
1450 442 1597 477 spiritalem
1611 450 1643 470 ex
1660 443 1702 470 his

915 489 1004 516 cibum
1029 496 1177 523 purumque
1203 488 1350 522 capiamus.
1380 487 1412 516 Et
1435 489 1503 520 haec,
1532 488 1637 522 inquit,
1661 493 1702 515 est

916 533 955 560 lex
979 538 1092 562 aeterna.
1121 532 1241 561 Joannes
1272 532 1381 567 quidem
1410 533 1548 566 apostolus
1575 534 1602 560 in
1627 533 1700 567 Apo-

916 580 1017 615 calypsi
1047 580 1112 608 dicit
1135 586 1195 607 esse
1225 578 1400 613 Evangelium
1427 583 1557 607 internum
1576 579 1599 595 ”
1627 589 1634 606 :
1661 580 1702 607 in-

917 627 1039 654 venimus
1067 632 1094 654 et
1123 627 1167 654 hic
1198 628 1330 661 scriptum
1354 633 1414 654 esse
1445 626 1532 660 legem
1559 630 1700 658 aeternam,

915 673 996 708 205
1011 674 1058 701 sed
1084 674 1126 700 isti
1147 674 1192 708 qui
1210 674 1294 709 legem
1311 675 1460 701 secundum
1479 673 1600 700 litteram
1623 673 1700 707 sequi

916 722 1021 753 volunt,
1033 721 1111 748 vclint
1126 721 1189 748 mihi
1201 729 1271 748 nunc
1284 721 1405 748 dicerent
1420 721 1556 755 quomodo
1567 721 1609 748 lex
1622 720 1701 755 ltnjttl

915 767 1042 794 sacrificii
1057 775 1116 794 esse
1136 767 1220 801 possit
1231 769 1332 793 acterna
1350 774 1357 792 :
1375 773 1436 793 cum
1455 766 1550 801 utique
1561 766 1701 793 destructo

918 812 1026 846 templo,
1042 812 1173 839 subverso
1187 811 1277 843 altari,
1303 816 1329 838 et
1346 811 1473 839 omnibus
1486 819 1548 846 qua:
1572 812 1701 839 diceban-

880 850 902 878 Β
917 862 963 884 tur
978 861 1071 883 sancta
1085 855 1248 891 profanatis,
1272 855 1339 883 rittts
1360 855 1412 883 iste
1428 856 1625 884 sacriﬁciorum
1645 864 1699 884 non

872 1528 893 1556 C

915 902 1031 936 potuerit
1057 908 1229 936 permanere.
1250 900 1396 934 Quomodo
1419 909 1484 936 ergo
1508 906 1638 929 aeternum
1660 902 1701 929 di-

914 953 987 980 cent,
1004 948 1075 982 quod
1091 948 1155 975 olim
1182 955 1305 975 ecssasse
1329 953 1358 975 ct
1372 947 1477 975 ﬁnitum
1490 955 1552 976 esse
1566 947 1619 982 jam
1633 956 1699 976 con—

914 994 989 1021 stat?
1010 994 1103 1021 Restat
1126 998 1155 1020 ut
1183 993 1331 1021 secundttm
1357 1000 1418 1020 eant
1447 999 1550 1028 partem
1574 993 1617 1021 lex
1643 995 1700 1022 lucc

914 1045 1016 1067 interna
1030 1041 1148 1071 dicatur.
1163 1047 1217 1074 qua
1238 1047 1287 1066 nos
1308 1040 1424 1067 dicimus
1441 1039 1526 1073 legem
1546 1047 1605 1066 esse
1619 1040 1701 1074 spiri-

915 1085 1006 1118 talem,
1022 1091 1048 1113 et
1060 1093 1108 1120 per
1126 1094 1184 1113 eam
1196 1085 1329 1119 spiritalia
1347 1092 1426 1119 posse
1439 1085 1530 1112 oll'erri
1545 1086 1679 1114 sacrificia
1691 1106 1699 1117 ,

914 1139 973 1167 qua:
988 1139 1075 1165 neque
1086 1131 1248 1165 interrumpi
1264 1139 1381 1165 unquam
1407 1139 1498 1166 neque
1514 1139 1624 1158 cessare
1638 1139 1700 1165 pos—-

914 1183 986 1205 sunt.
1006 1176 1062 1204 Non
1081 1178 1152 1204 enim
1172 1178 1198 1204 in
1219 1177 1276 1205 loco
1291 1183 1355 1205 sunt
1380 1178 1429 1215 (3),
1457 1178 1502 1212 qui
1520 1178 1697 1210 subvertitur,

915 1228 962 1249 aut
977 1223 1002 1250 in
1015 1228 1136 1258 tempore
1151 1223 1223 1258 quod
1239 1228 1368 1257 mutatur,
1383 1224 1430 1252 sed
1445 1225 1470 1250 in
1484 1223 1536 1251 ﬁde
1549 1224 1698 1256 credentis,

914 1274 941 1296 et
957 1269 982 1295 in
996 1269 1078 1296 corde
1094 1267 1282 1296 sacriﬁcantis.
1299 1269 1370 1296 Sane
1385 1269 1456 1303 quod
1467 1269 1515 1302 ait,
1531 1269 1585 1296 Non
1605 1269 1699 1296 cdetur

914 1315 947 1342 de
960 1314 1094 1341 sacriﬁcio
1107 1315 1255 1341 sacerdotis
1265 1334 1272 1346 ,
1289 1315 1336 1341 sed
1351 1314 1537 1342 holocaustum
1555 1314 1619 1346 erit,
1636 1322 1699 1341 cer-

916 1364 970 1386 tum
983 1365 1024 1387 est
1039 1360 1073 1387 ad
1097 1360 1202 1387 Domini
1226 1365 1253 1387 et
1270 1360 1421 1388 Salvatoris
1445 1361 1528 1387 nostri
1555 1368 1698 1396 personam

915 1407 1021 1434 referri.
1044 1407 1081 1434 De
1099 1407 1171 1434 illius
1188 1408 1261 1435 enim
1291 1408 1425 1435 sacriﬁcio
1455 1415 1507 1434 non
1526 1408 1631 1439 edctur,
1653 1408 1700 1434 sed

914 1453 1100 1480 holocaustqu
1114 1454 1175 1481 erit.
1193 1453 1248 1481 lloc
1262 1454 1288 1482 itt
1308 1454 1367 1481 loco
1390 1454 1569 1486 sacriﬁcium,
1585 1454 1699 1481 Verbum

917 1499 1003 1533 ipsum
1018 1499 1204 1534 accipiendum
1228 1504 1281 1532 est,
1299 1504 1326 1527 et
1339 1500 1475 1532 doctrina,
1491 1501 1523 1527 de
1539 1508 1591 1534 qua
1608 1500 1696 1526 nullus

910 1545 983 1578 edet,
1001 1546 1051 1572 hoc
1071 1551 1109 1572 cst
1128 1545 1216 1572 nullus
1228 1545 1358 1580 disputat,
1384 1545 1473 1572 nullus
1491 1548 1630 1577 retractat,
1646 1545 1694 1572 sed

911 1590 1100 1617 holocaustum
1126 1596 1176 1618 est.
1197 1590 1331 1625 Quidquid
1358 1592 1428 1618 enim
1454 1591 1538 1622 dixit,
1563 1590 1696 1625 quidquid

910 1636 1018 1668 statuit,
1035 1641 1136 1663 mtcrna
1154 1637 1359 1664 consecratione
1377 1637 1519 1670 perdurat,
1538 1643 1587 1663 nec
1601 1636 1699 1670 aliquis

910 1682 947 1709 ita
966 1682 1077 1709 insanus
1101 1682 1140 1718 (4)
1157 1683 1294 1709 invenitur
1307 1687 1354 1710 aut
1379 1682 1518 1717 profanus,
1535 1683 1580 1717 qui
1608 1688 1698 1709 retra-

909 1733 986 1755 ctare
996 1728 1029 1754 de
1042 1728 1101 1762 ejus
1115 1728 1286 1755 sermonibus
1302 1729 1403 1762 possit;
1422 1736 1489 1762 quos
1508 1733 1635 1763 tanquam
1650 1729 1698 1755 ho-

911 1773 1074 1805 locattstum,
1088 1773 1252 1801 sacriﬁcium
1271 1774 1324 1801 Deo
1336 1774 1457 1801 oblatum
1468 1794 1475 1805 ,
1491 1774 1516 1800 in
1531 1774 1604 1801 omni
1623 1773 1696 1800 cttlttt

910 1824 937 1846 et
951 1820 1126 1846 veneratione
1153 1819 1254 1846 habere
1278 1819 1407 1846 debemus
1423 1827 1430 1845 :
1450 1819 1511 1854 quia
1529 1829 1538 1845 ‹
1558 1819 1656 1847 ccelun)
1671 1824 1698 1846 ct

910 1869 981 1891 terra
993 1865 1156 1895 transibunt.
1164 1865 1246 1892 verba
1254 1871 1342 1891 autem
1352 1865 1409 1899 ejus
1419 1873 1470 1891 non
1483 1865 1695 1896 lransihuut",s

910 1910 956 1937 sed
982 1918 1092 1944 semper
1114 1915 1235 1941 manent,
1253 1911 1322 1937 sicut
1341 1916 1366 1936 et
1386 1911 1443 1943 ipse
1470 1918 1577 1944 semper
1594 1916 1694 1937 tnauet.

909 1956 960 1982 Per
982 1957 1068 1990 ipsum
1094 1957 1146 1982 Deo
1167 1956 1238 1982 l’atri
1256 1963 1316 1982 cum
1338 1955 1439 1988 Spiritu
1460 1960 1555 1982 sancto
1568 1955 1653 1990 gloria
1669 1961 1698 1984 ct

910 2003 1054 2037 imperium
1069 2003 1095 2029 in
1114 2002 1212 2030 SiBClllll
1230 2001 1403 2029 surculorum.
1421 2004 1517 2029 Amen.

1211 2057 1350 2085 IlOi‘lllLlA
1371 2058 1402 2085 ν.

909 2104 946 2131 De
958 2112 986 2130 co
1002 2105 1071 2139 quod
1088 2105 1213 2139 scriptum
1229 2108 1267 2139 est
1288 2111 1296 2129 :
1313 2113 1323 2129 ί
1342 2104 1406 2131 Hcce
1421 2104 1462 2131 lea:
1477 2107 1619 2136 peccutmu
1638 2108 1698 2134 loco

941 2148 991 2174 quo
1007 2137 1204 2177 mit/itm.”-
1225 2137 1390 2172 holocausta,
1408 2142 1526 2167 occident
1539 2147 1562 2168 ει
1583 2143 1609 2168 id
1626 2144 1696 2177 quod

69 2186 126 2212 dum
143 2186 208 2212 velit
224 2192 283 2212 esse
304 2185 484 2217 sacerdotem,
503 2186 529 2212 in
548 2193 601 2220 quo
619 2186 685 2212 nihil
711 2187 853 2213 remissurn
871 2196 893 2223 ῃ
940 2175 1040 2208 Imm”
1054 2179 1102 2205 εδίι
1119 2185 1127 2199 ³
1143 2180 1196 2202 "lc'

71 2232 158 2258 haberi
174 2232 207 2258 ad
223 2231 369 2264 luxuriant,
385 2231 451 2257 nihil
462 2231 571 2259 ﬂuitans
586 2232 620 2258 ad
636 2231 774 2259 libidittcm
794 2240 855 2267 pos-

70 2279 110 2304 sit.
130 2277 206 2311 Quod
228 2282 319 2303 autent
340 2277 503 2304 sacriﬁcium
525 2278 614 2312 ipstttn
635 2286 667 2306 ex
695 2278 853 2312 fragmentis

71 2323 210 2349 ueiniuavil
239 2323 265 2349 in
290 2323 400 2350 odorem
427 2324 577 2356 suavitatis,
607 2328 672 2358 puto
699 2325 770 2359 quod
800 2324 854 2350 fra-

71 2374 172 2402 gmenta
195 2368 368 2396 sacerdotum
393 2367 455 2394 velit
479 2367 592 2404 intelligi
609 2377 690 2396 :cum
719 2369 784 2404 legis
808 2377 856 2404 per

71 2420 111 2439 cos
126 2414 213 2441 littera
228 2412 373 2449 frangitur,
389 2417 417 2440 et
438 2414 514 2441 cibus
527 2422 560 2442 ex
575 2422 606 2442 ea
622 2415 708 2442 latens
728 2416 855 2442 intrinse-

70 2465 113 2486 cus
141 2459 272 2494 spiritalis
299 2459 426 2491 elicitur;
452 2465 483 2486 ut
509 2460 651 2489 audientes
682 2462 766 2489 turba:
793 2461 854 2488 reﬁ-

100 2543 121 2558 "
135 2543 228 2571 Matth.
246 2551 302 2571 xiv.
341 2542 365 2559 ³⁵
377 2544 460 2578 Apoc.
482 2551 537 2576 xrv,
558 2542 585 2571 ϐ.

102 2611 136 2645 (l)
150 2611 222 2638 Idem
239 2618 334 2646 ms.”
352 2615 380 2638 et
395 2618 568 2646 conspersam
583 2620 590 2643 ;
609 2621 618 2638 ι
635 2617 661 2639 ct
688 2612 766 2646 paulo
784 2617 852 2646 post,

72 2654 79 2679 γ
93 2646 250 2673 sacriﬁcium
260 2646 294 2673 de
306 2645 480 2679 fragmentis,
493 2647 657 2673 sacrilieium
671 2645 696 2674 in
707 2647 828 2673 odorem.
841 2656 849 2671 I

72 2678 96 2705 In
122 2685 198 2709 antea
232 2682 315 2709 editis
330 2678 609 2716 legitur,¢eonspersa,
631 2691 639 2706 ι
657 2686 752 2716 etpost
773 2691 781 2706 ι
799 2682 853 2707 l'ra-

72 2717 176 2748 gmentis
190 2726 201 2743 ι
217 2724 271 2744 non
287 2717 421 2751 repetitur
438 2726 447 2741 ι
466 2716 641 2743 sacriﬁcium.
661 2725 669 2741 ι
689 2715 758 2742 Infra
782 2717 851 2743 idem

74 2757 150 2786 πλευ(
164 2751 203 2779 lex
221 2750 336 2779 attenta.
354 2760 364 2777 ι
385 2750 543 2784 Libb.editi,
562 2759 572 2776 ι
591 2752 648 2786 lege
673 2757 783 2778 aitet-na.
804 2761 812 2776 ι

104 2785 138 2817 (2)
157 2786 226 2814 ldetn
241 2786 328 2814 codex
342 2785 499 2820 Sangerm.,
516 2795 524 2811 I
544 2785 648 2814 oﬁcrct.
663 2796 671 2812 ι
686 2787 761 2814 Liltb.
775 2786 850 2817 cditi,

77 2826 85 2843 ι
101 2820 181 2849 oﬂ'ert.
201 2831 211 2848 ι
224 2822 296 2849 Infra
312 2822 384 2850 idem
402 2828 464 2854 ms.,
484 2830 493 2847 ι
508 2821 618 2856 jubctur
631 2822 729 2849 oticrri.
750 2831 758 2846 ι
773 2822 849 2848 Libb.

946 2228 970 2255 l.
990 2237 999 2253 ι
1016 2229 1047 2255 Ει
1072 2228 1176 2256 loetttus
1198 2234 1239 2256 cst
1256 2229 1384 2256 Dominus
1405 2229 1438 2255 ad
1452 2229 1559 2264 Moysen
1577 2229 1670 2256 dicens
1685 2237 1693 2256 :

910 2274 1030 2308 Lﬂtlllcl‘c
1051 2275 1084 2301 ad
1106 2277 1208 2306 Aaron,
1231 2280 1258 2302 et
1276 2276 1309 2302 ad
1331 2276 1400 2304 ﬁlios
1418 2276 1476 2310 ejus
1498 2276 1614 2302 dicens:
1634 2275 1696 2302 ilice

908 2327 949 2348 est
964 2322 1004 2348 lex
1019 2322 1123 2355 peccati
1136 2329 1141 2345 ε
1153 2322 1179 2348 ln
1194 2322 1254 2348 loco
1267 2330 1319 2356 quo
1331 2322 1490 2357 jugulautur
1508 2322 1546 2358 (5)
1567 2323 1692 2350 holocaua

908 2374 960 2400 sta,
977 2368 1100 2394 occident
1123 2373 1148 2395 ct
1172 2369 1198 2395 id
1217 2368 1287 2402 quod
1307 2369 1409 2402 peccati
1433 2374 1475 2396 cst
1495 2374 1590 2395 contra
1607 2369 1693 2395 Domi-

909 2423 971 2441 ntun
987 2423 992 2441 :
1013 2414 1111 2441 Sancta
1124 2419 1280 2442 sanctorum
1296 2419 1369 2441 sunt.
1387 2415 1523 2442 Sacerdos
1535 2415 1579 2449 qui
1600 2414 1696 2441 ederet

908 2460 985 2493 illud,
998 2461 1025 2487 in
1039 2461 1097 2488 loco
1111 2466 1205 2488 sancto
1217 2461 1288 2494 edet,
1307 2461 1334 2488 in
1346 2461 1418 2489 atrio
1435 2460 1600 2488 tabernaculi
1619 2460 1694 2486 testi-

624 2543 646 2559 ⁸³
661 2544 753 2571 Matth.
775 2551 846 2574 xxiv,
863 2543 905 2569 l5.

901 2611 975 2641 editi.
994 2620 1002 2636 ι
1022 2610 1131 2644 jubctur
1145 2610 1250 2638 offerre.
1270 2621 1279 2637 ›

939 2647 976 2682 (5)
998 2645 1069 2672 Idem
1087 2653 1151 2676 tus.,
1170 2651 1267 2682 «situt.
1289 2655 1297 2670 ι
1314 2645 1392 2682 Lihh.
1408 2645 1486 2677 editi,
1501 2654 1510 2670 ε
1529 2649 1580 2682 est.
1602 2655 1610 2669 ι

938 2680 976 2714 (lt)
996 2681 1065 2708 Idem
1078 2689 1141 2712 tns.,
1155 2689 1164 2705 ι
1179 2681 1213 2707 ita
1228 2681 1349 2708 insanus.
1361 2690 1369 2705 ι
1381 2680 1409 2707 ln
1424 2685 1502 2707 antea
1512 2680 1590 2707 editis
1601 2683 1687 2712 decu,

902 2726 911 2742 ι
932 2717 978 2744 ita.
991 2727 1001 2741 ι

937 2751 975 2785 (5)
999 2750 1089 2778 Codex
1116 2750 1270 2783 Sangam”
1289 2760 1298 2775 ‹
1312 2750 1477 2785 jugulautur.
1495 2759 1504 2775 ›
1520 2750 1597 2776 Libh.
1610 2751 1686 2782 editi,

904 2795 912 2812 I
931 2786 1135 2820 jngulabuutur.
1159 2794 1167 2810 ι
1185 2784 1257 2812 Infra
1276 2784 1352 2812 idem
1374 2792 1438 2817 uts.,
1462 2793 1470 2809 ι
1495 2786 1623 2812 sacerdos
1641 2787 1686 2820 qui

901 2822 1005 2849 oll'erct.
1028 2830 1037 2846 ι
1054 2820 1130 2848 Libb.
1146 2821 1229 2854 editi,
1248 2830 1256 2847 ι
1273 2820 1400 2848 sacerdos
1414 2820 1459 2854 qui
1475 2820 1564 2848 ollett.
1582 2829 1592 2846 ι
