1902 3063
209 121 256 148 HT

928 119 1088 147 ORICENIS

1779 121 1828 148 458

205 180 302 208 monii.
323 179 419 208 Omnis
431 181 477 215 qui
497 181 579 216 tangit
598 181 631 208 de
648 181 776 209 carnibus
789 180 858 216 eius,
874 181 995 208 sanctiﬁ-
1009 183 1032 211 Α
1047 180 1073 207 ἰιι
1090 180 1182 207 futuro
1202 180 1387 208 htereditatem
1406 180 1466 207 vita:
1481 184 1591 207 teternze
1618 184 1830 214 consequentur,

207 225 330 259 eabitur;
353 230 381 253 ct
394 226 547 261 cuicunque
567 234 708 260 aspersum
726 226 807 254 fuerit
822 235 854 254 ex
869 227 1000 262 sanguine

205 272 283 306 ejus,
310 280 392 307 super
417 273 607 300 vestimentum
633 273 815 308 quodcunque
843 282 999 309 respersum

207 318 306 351 fuerit,
327 323 354 346 et
381 318 468 353 ipsum
495 318 629 346 larabitur
649 319 675 346 in
696 320 755 347 loco
775 325 879 348 sancto.
901 322 935 348 Et
953 329 1000 348 vas

209 366 292 393 ﬁctile
311 365 338 392 in
358 372 520 400 quocunque
540 371 647 393 coctum
669 366 759 399 fuerit,
782 367 970 403 conlringetur
991 377 997 394 :

176 424 178 431 ε
206 411 229 439 si
245 416 335 438 autem
351 411 378 437 in
393 418 457 438 vase
472 418 544 438 aereo
562 411 599 447 (6)
621 417 728 439 coctum
744 412 839 445 fuerit,
858 413 1000 441 defricabit

205 456 272 484 illud
292 461 319 483 et
338 456 424 483 diluet
443 465 523 491 aqua.
544 457 641 485 Omnis
661 459 798 486 masculus
819 467 851 486 ex
872 460 998 487 sacerdos

207 499 280 526 tibus
295 499 357 526 edet
377 508 407 527 ea
425 509 432 528 :
451 501 552 528 Sancta
569 507 726 530 sanctorum
746 508 808 530 sunt
823 504 945 531 Domino.
963 504 995 531 Et

206 543 295 570 omnia
310 552 369 579 qua:
383 553 432 579 pro
451 552 560 580 peccato
576 552 651 580 sunt,
663 555 695 575 ex
707 548 807 583 quibus
821 548 923 575 illatum
939 549 996 575 fuc-

208 589 242 615 rit
256 597 270 616 a
289 591 421 625 sanguine
434 599 527 619 eorum
550 593 576 619 in
592 593 768 622 tabernaculo
787 595 933 622 testimonii
946 596 995 621 de—

208 637 315 669 precari
329 637 355 663 in
369 637 428 664 loco
441 643 546 671 saneto,
571 647 623 666 non
643 641 769 673 edentur,
786 641 832 668 sed
851 641 904 675 igni
919 648 995 667 eom-

207 681 340 708 burentur
351 683 383 710 “.
400 693 409 708 ι
427 683 487 711 ΙΙ;ιιε
500 686 589 711 onmia
602 685 652 713 nisi
662 686 714 712 alio
726 695 806 714 scnstt
819 687 995 721 accipiamus,

208 735 288 766 quam
308 729 403 756 litterte
418 735 509 758 textus
522 733 658 764 ostetnlit,
675 733 746 759 sicut
770 741 840 767 stepe
853 733 910 767 jam
927 733 995 759 di.\i<

208 780 278 803 mus.
298 782 358 800 cum
376 776 402 802 in
424 776 538 804 ecclesia
551 778 710 810 recitantur,
728 779 897 805 ubstacultun
912 780 997 813 magis

206 825 233 845 et
246 821 452 849 sultrersionem
465 824 627 851 Christianm
643 825 778 858 religioni,
795 834 877 860 quant
904 828 995 852 horta-

208 866 316 894 tionem
341 867 379 904 (7)
404 870 664 906 tudiﬁcationmnquc
690 873 864 906 praestabunt.
886 873 913 900 Si
934 881 996 900 vero

209 911 375 939 discutiatur
389 919 415 940 et
439 915 592 943 inveniatur
607 924 659 951 quo
675 925 755 944 scnstt
771 918 826 945 lucc
837 919 907 945 dicta
924 924 995 951 sunt,

209 963 235 984 ct
251 958 331 992 digne
349 960 401 986 Deo
418 961 463 995 qni
481 962 538 989 haec
567 963 690 990 scribere
710 964 820 995 dicitur.
851 965 997 992 advertan-

211 1008 266 1034 tur,
285 1004 329 1031 ﬁet
347 1005 454 1039 quidetn
468 1006 577 1035 Judmus
592 1009 636 1042 qui
651 1009 707 1036 lucc
722 1010 807 1041 audit,
824 1011 870 1037 sed
887 1019 938 1037 non
952 1011 998 1039 ille

209 1049 255 1082 qtti
275 1049 300 1076 in
321 1050 477 1084 manifesto,
499 1054 544 1080 sed
570 1055 614 1088 qui
635 1055 659 1081 itt
679 1055 786 1082 occulto
805 1055 913 1084 .ludzeus
933 1064 995 1083 est:

209 1095 357 1122 secundum
371 1097 442 1123 illam
459 1097 639 1126 dillerentiam
651 1099 748 1133 Judagi,
761 1109 842 1135 qttatn
856 1102 998 1137 distinguit

211 1143 349 1175 apostolus
369 1142 468 1171 Paulus
479 1144 516 1180 (8)
537 1145 631 1173 dicens
647 1147 669 1162 ⁸⁷
689 1154 696 1173 :
718 1155 727 1173 1
746 1147 803 1174 Non
823 1149 894 1175 enitn
910 1150 956 1183 qui
971 1150 996 1175 iu

209 1185 355 1213 manifesta
364 1186 474 1214 Judzeus
484 1192 536 1221 est,
549 1196 639 1223 neque
652 1198 711 1225 qua:
726 1192 868 1220 tnanil‘rstc
881 1194 906 1220 in
921 1201 1002 1221 carne

210 1235 252 1257 est
275 1230 460 1263 circumcisio,
478 1234 525 1260 sed
539 1235 584 1268 qui
600 1235 627 1263 in
647 1237 754 1263 occulto
768 1238 878 1266 Judteus
893 1244 934 1267 est
948 1241 1003 1267 cir-

210 1276 377 1304 cumcisione
401 1278 508 1311 cordis,
534 1281 578 1314 qui
603 1281 715 1315 spiritu.
745 1291 799 1310 non
826 1284 930 1317 littera,
957 1287 1002 1314 cui

210 1322 268 1348 laus
283 1324 320 1358 (9)
338 1331 393 1350 non
409 1324 442 1351 al)
459 1325 623 1360 hominibus,
641 1329 688 1355 sed
703 1337 734 1356 ex
751 1330 804 1358 Deo
819 1337 868 1358 est.
890 1341 898 1357 ι
915 1333 1000 1366 Quam

209 1369 390 1397 dilfcrentiam
410 1371 496 1399 Judtei
513 1373 625 1401 visibilis
638 1379 666 1402 et
682 1375 767 1403 Judaei
788 1377 931 1407 invisibilis
946 1388 1000 1407 non

208 1415 393 1451 intelligentes
408 1418 483 1453 impii
499 1419 629 1454 haeretici,
646 1429 700 1449 non
715 1423 800 1450 solttnt
821 1425 855 1452 ab
869 1426 911 1452 his
926 1425 998 1454 Scri’

210 1459 297 1492 pluris
317 1459 483 1495 refugerunt,
500 1463 547 1489 sed
562 1468 587 1490 et
612 1464 646 1491 ab
672 1465 729 1499 ipso
752 1466 818 1500 Deo,
839 1469 885 1502 qui
913 1469 997 1504 legem

212 1505 283 1532 hanc
297 1506 484 1543 etScriptttras
509 1511 614 1539 divinas
638 1512 794 1540 hominibus
809 1515 893 1546 dedit.
917 1522 998 1551 atque
1013 1521 1034 1549 C

210 1550 293 1578 alium
307 1553 357 1580 sibi
380 1553 471 1587 dettm,
487 1563 587 1590 przetcr
601 1558 676 1585 illum
689 1559 734 1593 qui
747 1560 845 1587 caelum
859 1567 885 1588 et
898 1550 997 1589 terram

211 1598 350 1632 condidit,
378 1601 582 1636 cenﬁnxerunt,
604 1611 665 1631 cum
692 1606 787 1639 utique
813 1606 873 1634 ﬁdei
896 1609 999 1636 veritas

211 1650 294 1670 unum
308 1647 488 1682 enmdemqne
504 1648 585 1675 Dennt
602 1649 669 1683 legis
683 1655 710 1677 et
730 1651 941 1687 Evang-tliorunt
959 1659 999 1679 tc-

212 1694 286 1721 neat,
302 1691 448 1719 visibilium
461 1699 488 1720 et
510 1693 686 1722 invisibilium
704 1701 854 1724 creatorem
871 1705 877 1723 :
896 1699 957 1732 quia
972 1704 999 1725 et

212 1737 403 1770 cognationem
423 1739 569 1772 plurimam
598 1741 715 1768 \‘isibilia
733 1750 793 1769 cum
818 1743 999 1771 invisibilibus

211 1786 333 1814 servant,
352 1782 387 1810 ita
403 1789 430 1810 nt
446 1785 592 1818 Apostolus
605 1787 723 1819 dicat“,
743 1788 805 1821 quia
825 1798 833 1813 1
852 1789 997 1816 invisibilia

211 1826 258 1854 Dci
274 1836 288 1854 a
307 1834 431 1856 creatura
446 1831 537 1857 mundi
554 1839 604 1866 per
619 1840 650 1859 ea
670 1841 731 1867 qua:
745 1833 815 1861 facta
832 1840 905 1867 sunt,
920 1836 999 1862 intel-

210 1873 279 1900 lecta
295 1875 608 1910 conspicimuturnSieut
621 1886 686 1912 ergo
704 1874 895 1913 cognationem
909 1882 949 1908 sui
965 1882 998 1908 ad

211 1919 327 1946 invicem
343 1926 441 1955 gerunt
455 1922 569 1948 visibilia
591 1927 616 1950 et
632 1924 791 1955 invisibilia,
809 1930 879 1952 terra
899 1931 925 1952 et
941 1934 999 1953 cce-

210 1965 276 1996 lutn.
292 1967 381 1993 anima
397 1972 511 2000 ctcaro,
524 1976 624 2003 corpus
637 1971 794 2004 etspiritus,
812 1976 839 1998 et
852 1979 885 1998 ex
903 1973 998 1999 horum

211 2011 455 2045 conjunctiouibus
483 2019 591 2042 constat
611 2015 656 2042 hic
686 2017 822 2050 mutulos;
852 2017 887 2044 ita
917 2018 998 2046 etiam

211 2064 335 2086 sanctam
353 2060 522 2094 Srripturaut
538 2063 704 2090 credendum
727 2069 767 2091 est
790 2071 823 2090 ex
847 2065 1000 2092 visibilibns

211 2109 238 2131 et
254 2105 433 2133 invisibilibus
441 2109 680 2136 constarezveluti
698 2117 729 2136 ex
744 2117 858 2144 corpore
871 2112 999 2145 quodam,

212 2149 312 2178 litterae
328 2151 432 2179 scilicet
444 2161 503 2187 qum
522 2154 646 2187 videtur;
676 2159 702 2182 et
722 2156 823 2188 anima,
839 2164 936 2184 sensus
952 2154 998 2192 qui

212 2196 283 2223 intra
304 2197 390 2230 ipsam
405 2198 632 2233 deprehenditur;
648 2206 674 2227 et
689 2201 796 2235 spiritu,
809 2189 998 2231 secundum-id
1016 2189 1037 2216 Ι)

212 2241 286 2274 quod
302 2243 382 2268 etiatn
398 2243 519 2277 quaedam
538 2244 564 2271 in
588 2252 617 2272 se
632 2245 752 2273 cwlestia
766 2251 869 2280 teneat,
886 2253 914 2274 ut
928 2250 998 2283 Apo-

213 2285 298 2314 stolus
315 2286 380 2314 dicit
394 2288 427 2320 ",
442 2289 504 2322 quia
523 2298 533 2315 1
559 2292 709 2326 exemplari
737 2297 764 2319 et
779 2293 882 2321 umbra}
904 2295 995 2321 deser-

213 2331 291 2359 viunt
309 2332 473 2360 caelestium.
493 2344 502 2360 ι
521 2335 587 2368 Quia
608 2344 672 2371 ergo
696 2338 753 2364 lucc
776 2337 812 2364 ita
831 2346 860 2366 se
886 2339 995 2373 habent,

215 2379 374 2406 invocantes
396 2379 491 2414 Dettttt,
508 2382 553 2415 qui
568 2381 632 2409 fecit
649 2382 797 2418 Scripturae
814 2386 949 2418 animam,
971 2391 998 2412 et

212 2431 314 2458 corpus
327 2428 353 2451 et
364 2425 489 2459 spiritum
507 2434 514 2452 :
531 2434 628 2461 corpus
643 2427 751 2462 quidem
765 2430 798 2456 iis
810 2430 855 2463 qtti
871 2435 934 2457 ante
948 2438 999 2457 nos

213 2468 335 2502 fuerunt,
352 2470 470 2497 animam
483 2479 549 2498 vero
560 2473 648 2506 nobis,
667 2474 791 2508 spiritum
803 2479 894 2502 autem
910 2476 943 2503 iis
955 2476 999 2510 qui

248 2529 272 2545 ⁸⁸
287 2528 376 2557 Levit.
395 2538 431 2563 vt,
446 2530 482 2557 24
495 2536 522 2558 et
536 2539 612 2566 seqq.
650 2532 673 2548 ⁸⁷
691 2532 767 2561 Rom.
787 2542 817 2568 ιι,
830 2534 875 2562 29.
914 2534 937 2550 ⁸⁸
954 2535 997 2561 Βοι

1057 2554 1064 2566 ,
1075 2533 1120 2559 eo.

253 2576 288 2610 13)
307 2576 380 2605 Idem
397 2586 459 2611 ms.,
481 2588 490 2605 1
514 2587 576 2607 vase
592 2588 673 2608 azrco.
693 2590 701 2607 ι
717 2582 794 2610 Libb.
817 2583 903 2616 editi,
923 2591 932 2608 1
950 2590 998 2609 vas

213 2619 324 2638 wreutn.
343 2622 352 2638 ι

252 2646 290 2681 (7)
310 2646 380 2684 Idem
395 2657 457 2680 ms.,
475 2659 485 2675 1
505 2650 696 2677 hortationem.
715 2661 724 2677 ι
737 2651 815 2679 Libb.
832 2652 908 2684 editi,
926 2661 934 2677 1
955 2659 999 2678 ra-

218 2686 332 2716 tionem.
351 2692 359 2708 ι
374 2683 473 2711 Ibidem
489 2693 552 2716 tns.,
574 2695 583 2710 1
599 2686 759 2712 discutiatur
772 2692 798 2713 et
815 2687 997 2713 inveniatur.»

219 2715 301 2755 ιιὶιιιι..
314 2717 395 2755 editi,
413 2728 422 2744 1
441 2719 622 2747 discutiantur
641 2726 668 2746 et
684 2722 868 2748 inveniantur.
888 2731 896 2746 ι
920 2721 1002 2748 l'aulo

218 2755 279 2784 pust
295 2750 441 2789 ill_¢_lll_llls.,
460 2762 468 2778 1
489 2755 569 2789 digne
586 2755 639 2782 Deo
652 2756 697 2789 qui
714 2757 770 2782 haec
795 2756 915 2783 scribere
933 2756 1002 2782 diri-

220 2790 303 2824 tttr._f
315 2785 392 2824 _l._.ibh.
410 2789 487 2824 editi,
507 2785 609 2823 (digne
619 2785 672 2817 Deo
685 2799 744 2824 qua:
761 2791 803 2818 hic
820 2791 1001 2817 scribuntur.»

254 2819 293 2852 (8)
314 2820 415 2849 Nomen
431 2831 440 2848 1
457 2819 581 2851 l'aulusvt
599 2825 672 2852 deest
694 2819 720 2852 in
749 2831 829 2853 antea
844 2826 934 2856 cdilis,
959 2827 1005 2852 scd

1045 233 1094 261 per
1110 233 1190 260 quam
1207 227 1367 262 perveniant
1377 226 1410 253 ad
1427 233 1509 261 regna
1525 224 1644 253 coelestia
1659 234 1667 252 :
1683 233 1744 252 eam
1762 233 1830 251 nunc

1044 280 1124 306 quam
1145 272 1263 299 diximus
1276 272 1344 307 legis
1362 271 1479 298 animam
1502 271 1684 304 requiramus,
1698 277 1830 305 quantum

1049 319 1081 345 ad
1098 326 1217 353 praesens
1236 318 1344 345 interim
1359 321 1473 351 spectat.
1498 316 1595 343 Nescio
1617 321 1708 343 autem
1727 316 1750 343 si
1770 324 1832 351 pos-

1044 370 1138 390 sumus
1156 363 1237 389 etiam
1264 363 1296 389 ad
1317 363 1444 397 spiritum
1462 362 1519 396 ejus
1542 362 1689 389 ascendere
1719 363 1746 388 in
1769 363 1830 393 his,

1045 418 1107 445 qua:
1122 410 1200 437 nobis
1214 411 1247 437 dc.
1260 409 1404 437 sacriﬁciis
1419 409 1488 436 lecta
1508 415 1582 436 sunt.
1605 409 1745 436 Debemus
1760 410 1830 436 enim

1045 463 1119 489 eum,
1136 463 1214 490 quem
1230 456 1311 492 206
1325 457 1442 483 diximus
1458 457 1483 483 in
1496 456 1602 483 occulto
1612 455 1747 486 Juda'um,
1763 455 1831 481 sicut

1045 505 1212 531 ostendimus
1226 504 1288 538 quia
1306 511 1357 530 non
1375 511 1468 535 carne,
1485 503 1532 531 sed
1559 504 1640 530 corde
1658 503 1830 530 circumcidi-

1046 554 1106 583 tur;
1123 550 1159 576 ita
1174 550 1319 577 ostendere
1340 550 1402 584 quia
1421 555 1449 577 et
1464 549 1602 577 sacriﬁcat
1623 557 1675 576 non
1692 549 1719 576 in
1731 557 1830 580 carne,

1047 596 1094 622 sed
1118 595 1199 623 corde
1209 616 1217 629 ,
1231 600 1257 623 et
1271 596 1334 629 quia
1351 596 1412 623 edet
1426 596 1458 623 de
1473 595 1617 623 sacriﬁciis
1634 602 1686 622 non
1709 601 1828 627 carnent,

1047 642 1093 668 sed
1106 642 1232 675 spiritum
1246 641 1313 675 (10).

1081 687 1108 713 2.
1129 687 1181 714 Sed
1200 687 1338 715 videamus
1353 687 1409 721 jam
1425 695 1484 722 quae
1497 691 1561 714 sunt
1575 687 1619 714 illa
1633 695 1693 722 quae
1710 686 1832 714 refertno-

1048 737 1091 759 tur
1107 733 1132 759 itt
1149 733 1217 767 lege.
1235 742 1244 758 1
1262 733 1294 760 Et
1320 733 1425 760 loculus
1452 738 1503 764 est,
1526 733 1625 767 inquit,
1652 733 1784 760 Dominus
1800 733 1831 758 ad

1047 777 1157 813 Moysen
1176 778 1270 805 dicens
1287 787 1294 805 ε
1313 778 1437 809 Loquere
1456 779 1490 805 ad
1514 779 1616 811 Aaron,
1642 783 1669 804 et
1690 778 1762 805 ﬁlios
1775 779 1831 812 ejus

1048 823 1140 850 dicens
1157 832 1163 850 :
1181 823 1243 850 Hch
1270 823 1312 850 lex
1329 824 1450 858 peccati;
1466 833 1475 849 ι
1493 829 1520 851 et
1534 828 1630 850 creti-ra
1649 832 1710 857 qua:
1726 825 1752 850 in
1766 832 1833 857 pra:-

1048 869 1117 895 senti
1131 869 1243 895 recitata
1258 873 1331 896 sunt.
1347 870 1378 896 Et
1391 875 1453 896 ante
1465 870 1520 903 jam
1530 870 1631 896 dixisse
1646 878 1695 897 nos
1710 870 1831 902 tuemini,

1047 915 1109 948 quia
1123 915 1167 941 lex
1183 923 1234 941 non
1250 923 1357 949 semper
1369 916 1470 942 eisdem
1484 916 1562 942 datur
1576 925 1582 942 :
1594 915 1640 942 sed
1656 916 1709 942 alia
1725 916 1832 950 quidem

1049 961 1129 986 datur
1139 960 1202 986 ﬁliis
1215 960 1309 994 lsrael,
1322 961 1373 987 alia
1391 966 1480 988 autent
1493 961 1555 987 [iliis
1569 962 1667 992 Aaron,
1679 961 1733 987 alia
1741 961 1832 993 etiam,

1047 1006 1118 1033 sicut
1132 1007 1294 1040 jampridem
1305 1007 1520 1038 observavimus,
1530 1007 1614 1042 Moysi
1631 1012 1657 1034 et
1673 1008 1780 1034 Aaron:
1797 1013 1835 1034 est

1047 1058 1074 1079 et
1089 1053 1142 1079 alia
1157 1053 1198 1080 lex
1216 1061 1277 1088 quae
1291 1053 1341 1080 soli
1361 1053 1446 1088 Moysi
1464 1053 1553 1085 datur,
1578 1054 1613 1080 ita
1630 1058 1659 1079 ut
1675 1061 1725 1080 nec
1741 1055 1830 1081 Aaron

1048 1099 1116 1134 legis
1134 1099 1218 1134 ipsius
1236 1099 1372 1134 particeps
1389 1099 1446 1126 ﬁat.
1468 1100 1587 1132 Quarum
1613 1099 1833 1134 pet-singuladis-

1048 1143 1193 1171 tinctiones
1228 1149 1256 1171 et
1277 1144 1451 1170 diversitates
1465 1164 1472 1174 ,
1490 1144 1551 1177 quis
1568 1145 1603 1170 ita
1622 1145 1745 1170 scientia:
1763 1144 1832 1171 dono

1049 1188 1218 1216 illntninatus
1234 1197 1248 1215 a
1265 1189 1319 1216 Deo
1341 1194 1392 1220 est,
1418 1194 1446 1216 ut
1464 1190 1552 1224 possit
1571 1190 1675 1223 integre
1690 1195 1833 1224 aperteque

1049 1234 1205 1261 disserere?
1221 1235 1375 1262 lnvenitnus
1390 1235 1461 1262 enim
1479 1236 1504 1262 in
1523 1236 1752 1270 consequentibus
1766 1244 1832 1270 pra-.-

1050 1285 1157 1313 ccptum
1177 1279 1284 1307 Domini
1298 1280 1331 1307 ad
1346 1281 1431 1307 solum
1446 1281 1554 1316 Moysen
1571 1282 1638 1311 dari.
1658 1287 1685 1308 et
1703 1281 1790 1316 juberi
1807 1286 1833 1308 ut

1050 1324 1236 1357 pectusculum
1267 1325 1360 1351 arietis
1391 1324 1568 1358 perfectionis
1611 1323 1697 1359 Moysi
1732 1325 1832 1355 d-tur,

1050 1370 1121 1397 sicut
1132 1370 1274 1404 prtncepit,
1288 1370 1387 1405 inquit,
1407 1370 1536 1397 Dominus
1552 1369 1647 1405 Moysi.
1664 1370 1691 1397 In
1707 1378 1758 1408 qua
1773 1377 1832 1404 por-

1051 1416 1125 1443 tione
1138 1424 1226 1451 neque
1239 1418 1341 1448 Aaron,
1358 1424 1445 1450 neque
1461 1416 1508 1443 ﬁlii
1521 1417 1578 1451 ejus
1594 1417 1742 1451 participes
1758 1417 1830 1442 tinnt.

1050 1461 1083 1489 Et
1096 1463 1233 1489 invenitur
1254 1462 1295 1489 lex
1311 1470 1371 1496 qua:
1387 1463 1501 1496 pertinet
1517 1462 1549 1488 ad
1566 1463 1679 1489 arietem
1693 1463 1833 1496 pet-rerum

1051 1507 1104 1538 nis,
1121 1515 1172 1534 non
1183 1515 1262 1542 posse
1277 1508 1419 1541 pervenire
1433 1515 1517 1541 ttsqtte
1529 1507 1562 1533 ad
1581 1509 1683 1539 Aaron,
1703 1515 1789 1542 neque
1803 1507 1832 1533 ad

1052 1552 1122 1578 lilios
1140 1552 1208 1585 ejus,
1230 1553 1314 1578 multo
1334 1552 1419 1586 magis
1435 1560 1484 1579 nec
1502 1553 1534 1579 ad
1552 1552 1669 1587 reliquos
1687 1553 1757 1579 ﬁlios
1781 1552 1832 1586 (ll)

1050 1598 1145 1630 lsracl,
1163 1598 1209 1624 sed
1226 1599 1258 1624 ad
1277 1599 1364 1625 solum
1385 1597 1507 1633 Moysen,
1523 1598 1568 1632 qtti
1583 1603 1642 1624 erat
1659 1599 1765 1625 anticus
1780 1598 1830 1625 Dei.

1050 1644 1150 1671 Verum
1175 1645 1239 1678 quid
1267 1651 1334 1678 opus
1354 1649 1405 1676 est,
1434 1652 1495 1678 qum
1513 1644 1682 1678 postmodum
1703 1645 1831 1672 recitantis

1050 1695 1125 1723 sunt,
1145 1690 1401 1725 prazrenire?Nunc
1411 1691 1519 1717 interim
1533 1691 1573 1718 lex
1591 1693 1702 1718 recitata
1715 1697 1765 1723 est,
1779 1699 1832 1726 qua:

1051 1737 1084 1764 ad
1099 1737 1188 1763 Aaron
1202 1741 1228 1763 et
1243 1737 1311 1763 ﬁlios
1325 1737 1382 1769 ejus
1393 1737 1590 1772 promulgatur,
1606 1737 1646 1764 lex
1662 1740 1775 1772 peccati,
1788 1739 1832 1765 hoc

1049 1788 1091 1810 est
1108 1783 1201 1810 hostim
1216 1790 1276 1817 qua-
1286 1782 1398 1810 oll'ertur
1414 1783 1469 1819 (12;
1485 1791 1534 1818 pro
1549 1789 1660 1817 peccato
1675 1793 1681 1810 :
1700 1795 1709 1810 1
1727 1786 1754 1812 In
1767 1785 1830 1816 loco,

1051 1829 1148 1863 inquit,
1166 1829 1191 1855 in
1207 1836 1260 1863 quo
1282 1828 1439 1863 jngulantur
1461 1829 1617 1855 holocausta
1629 1849 1636 1860 ,
1654 1829 1689 1855 ibi
1715 1829 1833 1856 occident

1050 1880 1078 1901 et
1094 1875 1119 1900 id
1138 1874 1208 1909 quod
1227 1882 1274 1908 pro
1288 1880 1399 1908 peccato
1415 1878 1469 1906 est,
1494 1874 1519 1900 itt
1537 1878 1683 1908 conspectu
1703 1875 1806 1902 Domini
1823 1881 1830 1900 :

1052 1920 1149 1947 Sancta
1168 1925 1321 1946 sanctortttn
1339 1925 1413 1946 sunt.
1431 1929 1440 1946 ›
1461 1919 1541 1946 Multa
1561 1920 1668 1954 quidem
1693 1921 1762 1955 jatn,
1783 1920 1832 1946 Deo

1047 1966 1169 2000 juvautr,
1189 1966 1221 1991 de
1233 1965 1430 1992 sacriﬁciorum
1448 1966 1500 1992 ritu
1522 1966 1669 1992 secundum
1684 1966 1831 2001 spiritaient

1052 2011 1259 2046 intelligentiam
1286 2012 1311 2038 in
1329 2011 1517 2045 superioribus
1536 2012 1607 2038 dicta
1633 2017 1713 2045 sunt,
1744 2012 1788 2039 sed
1808 2016 1832 2038 et

1055 2065 1126 2084 nunc
1141 2058 1162 2084 si
1179 2058 1264 2092 gratia
1284 2057 1388 2083 Domini
1407 2065 1455 2084 nos
1474 2057 1584 2084 visitare
1600 2057 1738 2092 dignetur,
1753 2064 1777 2085 et
1790 2065 1832 2084 vos

1051 2104 1223 2130 oraliOnibus
1249 2103 1421 2135 adnitatnini,
1442 2104 1572 2130 addemus
1588 2111 1646 2137 quae
1661 2104 1766 2130 dederit
1787 2103 1832 2129 Do-

1053 2151 1152 2176 minus.
1171 2150 1324 2176 llostiarutn
1344 2150 1466 2183 qua-dam
1485 2149 1592 2183 quidem
1605 2155 1669 2175 sunt
1679 2150 1725 2176 Dei
1743 2149 1830 2179 solius,

1055 2197 1090 2224 ita
1105 2201 1133 2222 ut
1152 2196 1241 2222 nullus
1256 2195 1395 2222 hominum
1412 2195 1556 2229 participat
1568 2203 1600 2222 ex
1620 2196 1696 2230 ipsis.
1712 2197 1830 2229 Omrdain

1054 2248 1116 2270 sunt
1137 2243 1226 2269 Aaron
1249 2241 1418 2272 sacerdotis,
1439 2246 1464 2267 et
1488 2241 1601 2268 liliorunt
1619 2244 1678 2276 ejus
1695 2242 1830 2276 :qmedant

1054 2289 1149 2323 ipsius,
1180 2292 1207 2313 et
1237 2287 1364 2318 liliorutu,
1389 2291 1415 2312 et
1437 2286 1554 2313 liliarum
1573 2286 1640 2320 ejus,
1659 2288 1694 2314 ita
1717 2293 1744 2313 nt
1758 2288 1827 2312 ιιιιειιι

1053 2342 1164 2361 uxorem
1183 2333 1337 2360 sacerdotis
1366 2332 1446 2359 edere
1466 2332 1547 2359 liccat
1574 2340 1606 2360 ex
1630 2334 1682 2360 his.
1711 2333 1830 2366 Quantam

1053 2385 1116 2408 sunt
1136 2380 1319 2409 sacerdotum.
1344 2383 1372 2406 et
1395 2378 1510 2405 liliorum
1538 2386 1570 2405 ac
1594 2379 1710 2405 ﬁliarum
1733 2386 1830 2409 rerum,

1054 2428 1100 2455 sed
1117 2427 1148 2454 de
1163 2427 1260 2460 quibus
1276 2426 1357 2452 edere
1376 2425 1457 2452 liceat
1473 2425 1554 2452 etiam
1574 2425 1642 2452 lilios
1657 2424 1749 2452 Israel.
1765 2424 1794 2451 Et
1809 2424 1831 2449 itt

1056 2475 1108 2501 illis
1133 2473 1244 2507 quidctn
1274 2471 1370 2499 ltostiis
1389 2471 1422 2498 de
1453 2471 1551 2506 quibus
1576 2470 1640 2498 licet
1662 2472 1742 2498 edere
1768 2469 1832 2496 ﬁlios

1167 2531 1189 2547 ⁸⁹
1205 2530 1287 2557 llebr.
1306 2537 1364 2561 vm,
1382 2529 1408 2558 5.

1053 2580 1187 2615 reperitur
1198 2579 1227 2615 in
1243 2579 1337 2615 codice
1352 2586 1403 2605 nts.
1424 2577 1566 2615 Sangerm.
1665 2611 1675 2615 _

1090 2616 1128 2650 (9)
1147 2614 1238 2650 codex
1269 2613 1410 2648 Saugernt.
1440 2622 1449 2638 1
1477 2609 1519 2639 ἔιιὶ
1547 2613 1616 2644 laus.
1640 2622 1648 2638 ι
1665 2611 1742 2638 Lihh.
1758 2609 1827 2640 editi,

1057 2659 1067 2676 1
1084 2649 1244 2684 cujusilaus.
1260 2658 1269 2674 ι
1547 2682 1552 2684 _
1609 2682 1614 2684 Α
1635 2683 1638 2684 ν
1756 2680 1782 2684 __

1091 2678 1146 2719 (ιῦ)
1165 2683 1236 2710 ldcm
1252 2690 1315 2712 ms..
1333 2691 1342 2707 1
1361 2690 1488 2719 carnem;
1504 2682 1709 2719 sedspiritum.
1730 2690 1738 2707 ι
1756 2678 1827 2706 Lihlt.

1055 2717 1156 2750 ctliti,'1
1177 2726 1270 2750 carne,
1286 2719 1333 2745 sed
1347 2717 1453 2751 spiritu.
1476 2728 1485 2743 ι
1503 2717 1584 2744 Paulo
1611 2723 1671 2750 post
1686 2717 1753 2742 idctn
1770 2721 1826 2740 nts..

1059 2764 1067 2780 1
1084 2762 1142 2788 qua!
1156 2754 1182 2789 in
1196 2753 1328 2787 praasenti.
1343 2763 1351 2779 ι
1367 2753 1443 2780 Lilub.
1455 2753 1529 2785 editi,
1545 2762 1553 2778 1
1568 2760 1627 2789 qua:
1639 2752 1717 2786 paulo
1730 2755 1796 2789 ante.
1814 2757 1823 2772 ι

1092 2785 1148 2824 (ΙΙ)
1169 2785 1246 2815 hihi).
1260 2788 1335 2820 editi,
1353 2798 1361 2813 1
1382 2789 1514 2824 ﬁliorum;
1535 2798 1544 2813 ι
1562 2785 1607 2814 scd
1625 2785 1687 2819 nisu,
1703 2796 1712 2812 1
1729 2785 1800 2812 ﬁlios.
1815 2791 1822 2806 ι

1095 2822 1150 2858 (l2)
1171 2824 1241 2850 ltlcm
1256 2831 1320 2856 ηιξ.)
1340 2833 1348 2849 1
1364 2822 1524 2851 olIcruntur.
1541 2832 1552 2849 ι
