1894 3059
74 111 126 138 κο

673 113 705 139 IN
728 112 913 140 LEVITILLUM
935 112 1075 139 Il(iiill.l.\
1095 112 1124 138 Υ.

1657 117 1710 143 530

75 171 168 203 Israel,
182 171 243 198 sine
261 171 345 198 dubio
366 172 466 198 habent.
487 172 660 207 participium
674 173 755 200 etiam
776 181 868 200 saccr-
883 176 904 203 Α
923 172 1019 203 Deum,
1034 172 1104 199 sicut
1117 173 1174 206 ipse
1189 179 1237 206 per
1260 173 1419 207 prophetam
1441 173 1508 201 dicit
1521 174 1565 200 ἰε
1585 184 1595 200 ι
1614 175 1710 204 Nonne

77 218 153 243 doles
175 220 203 244 el
226 217 274 243 ﬁlii
300 217 488 249 sacerdotum;
508 225 560 244 non
577 222 666 244 tmnon
687 226 720 245 ex
732 220 804 246 omni
821 220 869 246 ho-

76 263 139 294 stia,
162 270 246 296 quam
268 263 330 290 edet
344 263 484 293 sacerdos.
505 264 588 290 etiam
605 263 675 291 ﬁlios
695 264 776 291 Israel
789 265 869 293 edere

76 308 181 336 licebit.
201 309 285 343 Igitur
302 316 363 335 cum
381 309 440 336 istae
457 310 510 336 sint
525 310 673 336 hostiarum
698 310 867 342 diﬂ'cren‘tian.

77 353 151 379 illam
171 360 254 387 quam
276 353 396 380 diximus
416 353 501 381 solius
515 354 559 381 Dei
577 362 647 387 esse,
665 363 697 382 ex
712 363 763 389 qtta
781 363 868 390 neque

77 398 201 433 Moysen,
221 407 308 433 neque
327 399 429 432 Aaron,
447 408 534 435 neque
552 400 621 428 ﬁlios
632 400 691 434 ejus
703 402 868 436 participare

77 445 117 470 fas
141 449 196 477 est,
218 445 364 479 aliquando
384 446 497 480 quidem
521 447 753 474 holocaustomata
781 449 868 475 nomi-

75 490 133 516 nari
162 491 337 524 invenimus;
364 492 511 526 aliquando
532 500 596 520 vero
618 501 670 519 non
697 494 868 522 bolocausto-

75 540 160 566 mata,
183 536 230 562 sed
251 536 487 571 holocarpomata,
512 539 593 566 veluti
610 539 631 566 si
650 539 773 567 dicamus
795 542 866 574 quod

76 586 149 608 lotus
165 581 224 617 (I5)
241 582 345 609 fructus
365 584 411 616 sit,
428 583 472 610 ille
488 584 592 611 scilicet
610 585 655 619 qui
672 585 726 612 Deo
742 586 865 614 oII'crtur.

74 626 120 653 Est
149 635 217 662 ergo
243 628 330 662 prima
348 629 481 663 Iegislatio
504 630 538 657 de
561 631 715 663 sacriﬁciis,
733 632 755 658 si
776 636 865 658 tamen

75 674 114 701 rcl
140 674 309 702 obsorvastis
340 676 382 702 vel
411 676 533 703 retinetis
554 677 698 712 diligenter
721 685 780 712 qua:
797 677 864 704 lccta

72 726 135 747 sunt
153 728 186 747 ac
204 721 330 752 disserta,
347 725 375 748 et
391 729 444 748 non
463 727 652 749 transcurrunt
667 731 746 750 aures
761 730 814 750 vest
822 732 864 751 ras

73 766 98 791 in
126 773 239 798 vanum,
258 766 299 793 vel
318 773 378 800 qua:
396 774 412 793 a
435 767 512 793 nobis
528 767 672 799 dicuntur,
694 768 735 794 vel
754 777 814 800 qua.-
830 777 861 795 ex

73 810 174 837 divinis
189 810 371 838 voluminibus
392 811 554 838 recitantur.
571 811 662 838 Prima
678 820 742 847 ergo
754 819 795 839 est
815 813 864 839 lto-

920 218 1017 245 catlum
1033 223 1060 244 ct
1073 223 1173 245 terram
1187 226 1236 254 ego
1254 219 1345 253 repleo
1362 219 1432 255 (16),
1448 220 1512 247 dicit
1539 221 1704 249 Dominus?»

918 263 987 290 Audi
997 271 1072 296 ergo,
1081 264 1137 296 ipse
1146 267 1316 299 omnipotens
1328 265 1397 291 Deus
1406 266 1470 300 quid
1482 267 1562 293 etiam
1574 267 1606 293 de
1616 267 1709 299 tc,hoe

919 308 1040 342 cst,quid
1056 309 1089 335 de
1102 310 1254 337 hominibus
1269 311 1367 337 dicat.t
1383 310 1528 343 lIabitabo,
1542 313 1669 346 inquit”,
1681 313 1708 341 in

918 355 968 386 eis,
985 359 1011 381 et
1024 354 1096 381 inter
1111 355 1183 388 ipsos
1194 355 1348 383 ambulabo.
1360 366 1368 381 ι
1382 356 1443 383 I’Ius
1454 357 1556 391 aliquid
1567 359 1639 385 addit
1650 358 1708 395 (Π)

918 407 981 434 erga
993 407 1133 434 personam
1145 405 1244 427 tuanm
1258 402 1352 433 litero,
1363 402 1452 436 inquit
1461 402 1495 435 9‘,
1505 403 1545 429 eis
1555 403 1581 429 in
1592 408 1708 438 patrem,

918 446 997 480 207
1020 451 1046 473 et
1065 446 1116 480 ipsi
1144 451 1224 474 erunt
1246 447 1309 473 mihi
1336 448 1360 474 in
1383 448 1452 475 ﬁlios
1477 453 1504 475 et
1529 448 1614 481 ﬁlias,
1639 449 1706 476 dicit

919 492 1081 518 Dominus.)
1105 491 1191 519 Habet
1220 493 1263 520 hic
1288 493 1404 520 mimdus
1425 493 1523 520 Filium
1551 495 1607 526 Dei,
1626 495 1708 522 habet

917 537 1050 571 Spiritum
1084 542 1226 571 sanctum,
1257 540 1406 566 secundum
1439 539 1511 574 quod
1541 540 1607 568 dicit
1638 540 1706 573 Pro-

917 584 997 618 pheta
1008 584 1031 600 "
1046 593 1053 611 :
1071 593 1080 609 ί
1096 584 1184 611 Verbo
1202 585 1307 611 Domini
1325 585 1385 612 (θωιὶ
1403 585 1501 612 ﬁrmati
1519 593 1592 616 sunt.
1610 590 1637 613 et
1653 587 1707 620 spi-

917 629 972 656 ritu
995 630 1051 656 oris
1076 629 1136 663 ejus
1162 630 1251 656 onmis
1279 631 1366 656 virtus
1393 637 1499 657 eorum.
1517 639 1526 656 ι
1550 631 1580 657 Et
1607 631 1705 658 iterum

917 675 981 701 alibi
996 675 1019 691 ⁸⁸
1039 684 1045 702 :
1066 685 1075 700 ‹
1091 675 1210 709 Spiritus
1235 675 1306 702 eniut
1333 675 1439 702 Domini
1470 675 1585 711 replevit
1611 676 1704 703 orbcttt

917 725 1085 749 terrarum.»
1110 722 1178 749 Audi
1208 727 1234 749 et
1254 722 1300 749 tibi
1330 722 1393 757 quid
1422 723 1488 749 dicit
1515 722 1640 750 Christus
1653 723 1704 750 ’τε

919 776 928 792 ε
943 767 1011 793 Ecce
1029 774 1078 801 ego
1103 768 1241 794 vobiscum
1265 775 1323 794 sum
1348 767 1480 793 otnuibus
1503 767 1597 793 diebus
1620 775 1706 800 usque

916 812 949 838 ad
965 812 1226 839 consummationem
1251 812 1353 840 secettli.
1367 822 1376 838 ι
1395 813 1427 839 Et
1443 813 1476 839 de
1493 812 1594 847 Spiritu
1609 817 1705 839 sancto

71 857 133 887 stia,
149 857 400 884 bolocaustomata.
417 856 509 891 Neque
532 857 604 884 enim
620 859 762 891 oportebat
780 858 860 885 aliam
878 854 899 882 Β
914 857 1012 884 dicitur
1024 858 1046 874 9‘
1063 867 1070 885 :
1089 868 1098 883 ί
1114 857 1257 884 Effundant
1283 858 1316 885 de
1339 858 1434 893 spiritu
1460 866 1520 886 meo
1541 866 1621 894 super
1643 866 1704 886 om-

72 904 160 938 primo
174 904 289 930 hostiam
305 905 452 936 nominari,
469 905 519 931 nisi
535 912 594 931 eam
612 912 671 938 quae
685 905 861 939 omnipotenti

72 950 126 976 Deo
144 949 321 977 oﬂ'crebatur.
342 950 465 977 Secunda
480 951 567 978 hostia
589 956 641 983 est,
657 959 716 985 qua:
730 952 763 978 ad
779 952 862 978 eden—

70 997 133 1021 dmn
154 995 343 1023 sacerdotibus
359 996 538 1031 mancipatur.
553 996 656 1029 Tertia,
670 997 703 1023 de
713 1005 766 1031 qua
779 998 860 1024 etiam

71 1043 139 1069 ﬁlios
160 1042 246 1069 Israel
264 1045 433 1078 contingere,
448 1043 487 1070 vel
503 1043 596 1075 edere,
611 1044 683 1077 ipsos
696 1045 801 1072 scilicet
815 1045 860 1079 qui

70 1088 201 1120 oITcrunt,
227 1089 267 1116 fas
286 1094 337 1116 est.
361 1090 412 1116 Sed
429 1089 499 1117 ﬁlios
514 1089 594 1116 Israel
613 1098 666 1117 non
682 1098 793 1123 eumes,
809 1092 859 1118 nisi

71 1134 130 1160 illos
149 1139 253 1161 tantum
268 1135 312 1170 qui
332 1136 424 1162 nmndi
443 1140 517 1162 sunt.
536 1135 592 1162 Soli
610 1136 682 1162 enim
704 1136 750 1170 qui
768 1137 859 1163 nittndi

71 1186 134 1206 sunt
153 1181 186 1207 de
203 1181 345 1208 sacriﬁciis
360 1182 440 1208 edere
452 1182 592 1215 jubeutur.
609 1181 707 1209 Verum
721 1183 786 1209 istas
802 1190 860 1209 0m-

71 1234 117 1254 ucs
129 1227 232 1254 hostias
249 1231 276 1253 tu
288 1227 333 1262 qui
353 1227 378 1254 in
394 1227 502 1254 occulto
510 1226 619 1254 Judzeus
628 1234 667 1260 es,
687 1235 739 1253 non
756 1227 782 1253 in
798 1231 859 1254 ant-

71 1272 188 1299 nialibus
205 1273 328 1307 requiras
344 1273 496 1300 visibilibus
512 1282 519 1300 :
535 1281 584 1300 nec
608 1273 633 1300 in
653 1274 735 1300 titulis
754 1274 858 1308 pecori-

70 1319 120 1346 bus
149 1319 266 1346 inveniri
294 1324 383 1354 putes,
401 1320 471 1353 quod
492 1318 583 1346 oll‘erri
607 1321 701 1347 deceat
716 1319 773 1355 (14)
793 1320 857 1346 Deo-

69 1363 137 1391 Istas
164 1364 268 1391 hostias
295 1365 365 1391 intra
400 1365 514 1399 teipsum
541 1366 659 1400 require,
685 1370 711 1392 et
738 1366 859 1393 invenies

68 1417 115 1437 cas
143 1409 214 1436 intra
241 1411 361 1437 animant
389 1415 474 1437 tuam.
501 1411 623 1446 Intelligo
651 1416 677 1438 te
697 1412 798 1439 habere
818 1412 859 1439 iu-

70 1462 111 1483 tra
132 1458 304 1492 temetipsum
331 1464 425 1492 greges
441 1458 533 1490 boum,
555 1457 614 1485 illos
631 1458 675 1492 qui
698 1459 859 1486 benedicun-

69 1509 112 1530 tur
124 1504 150 1529 in
162 1503 312 1530 Abraham.
326 1503 449 1538 Intelligo
464 1503 563 1530 habere
583 1508 608 1530 te
620 1509 646 1530 et
660 1512 753 1539 greges
765 1505 855 1532 ovium

66 1554 93 1575 et
111 1556 210 1584 ειη-ενδ
225 1556 379 1583 caprarum,
397 1549 423 1576 in
438 1549 535 1583 quibus
554 1550 688 1577 benedicti
714 1555 741 1577 et
764 1551 856 1577 nmlti-

67 1595 160 1629 plicati
172 1600 235 1621 sunt
252 1596 424 1629 patriarchae.
438 1595 560 1631 Iutellige
578 1603 639 1623 esse
652 1596 720 1623 intra
736 1601 761 1623 te
776 1596 858 1622 etiam

67 1649 131 1668 aves
152 1642 227 1669 caeli.
242 1641 298 1668 Nec
317 1641 426 1668 mireris
439 1642 511 1676 quod
529 1642 587 1669 haec
605 1643 674 1668 intra
693 1648 718 1669 te
739 1650 799 1669 esse
819 1642 859 1668 di-

67 1690 164 1720 cimus,
196 1689 316 1723 intellige
344 1694 369 1715 te
391 1692 419 1715 et
445 1688 527 1714 alium
554 1689 682 1714 mmnlum
708 1696 769 1716 csse
795 1697 857 1722 par-

68 1744 127 1762 \‘IIIII
143 1735 210 1769 (15),
227 1740 254 1762 et
268 1743 327 1762 esse
342 1735 413 1760 intra
430 1739 455 1761 te
470 1735 566 1764 solent.
583 1742 643 1761 esse
659 1735 856 1766 quam,etiam

67 1783 170 1808 stultas.
187 1782 244 1809 IIoc
257 1781 330 1808 enim
347 1781 368 1808 si
379 1781 415 1808 ita
431 1788 483 1807 non
493 1785 576 1812 esset,
593 1788 729 1815 uultquam
744 1781 858 1807 dixisset

69 1829 198 1854 Dominus
221 1829 254 1855 ad
275 1828 413 1855 Abraham
434 1827 480 1853 ":
501 1836 510 1852 ε
534 1827 632 1859 Aspice
650 1827 675 1853 in
703 1827 813 1858 caelum,
829 1831 857 1853 et

67 1876 127 1901 rittc
145 1874 253 1905 stellas,
271 1874 293 1900 si
316 1873 481 1900 dinumerari
510 1877 623 1907 possunt
639 1879 652 1898 a
671 1871 855 1904 multitudine,

65 1922 102 1947 sic
116 1922 169 1948 erit
188 1928 280 1947 semen
300 1924 386 1946 tuum.
404 1929 412 1946 ι
432 1919 487 1946 Nec
501 1919 619 1950 mireris,
644 1919 763 1953 inquam,
779 1917 800 1944 si
815 1917 856 1944 di—

64 1969 134 1994 citur
148 1969 182 1994 ad
201 1968 350 1999 Abraham,
365 1967 428 2001 quia
442 1967 481 1993 sic
497 1966 549 1992 erit
565 1972 657 1992 scmett
686 1969 761 1991 tuum
782 1964 856 1991 sicut

65 2014 149 2041 stellae
167 2018 232 2040 sunt
252 2013 335 2046 caeli;
358 2013 390 2039 de
408 2012 461 2049 illis
485 2011 588 2039 scilicet
607 2011 652 2045 qui
671 2019 702 2038 ex
727 2011 778 2037 ﬁde
798 2009 856 2044 ejus

66 2061 147 2096 geniti
163 2059 365 2087 rationabiliter
376 2059 478 2090 vivant,
491 2066 521 2085 ao
537 2058 643 2085 divinas
659 2057 732 2091 leges
749 2061 774 2083 et
786 2063 854 2090 pra:-

66 2113 142 2140 cepta
156 2105 325 2133 custodiant.
349 2105 418 2132 Audi
433 2104 548 2139 amplius
566 2103 667 2137 aliquid
684 2102 852 2129 Salvatorcm

68 2153 98 2179 ad
115 2150 266 2186 discipulos
282 2151 415 2177 dicentem
431 2151 453 2166 ³³
467 2158 474 2176 :
490 2158 499 2174 ι
517 2148 569 2176 Vos
585 2149 650 2175 estis
666 2148 709 2174 lux
726 2147 827 2174 mundi.
841 2156 850 2172 ι

67 2198 214 2226 Dubitasne
234 2205 294 2224 esse
317 2198 387 2224 intra
406 2201 431 2223 te
448 2196 531 2224 solem
554 2200 582 2223 et
599 2195 706 2225 lunam,
727 2193 759 2219 ad
773 2200 852 2227 quem

66 2245 172 2276 dicitur,
190 2244 254 2278 quia
273 2243 317 2270 lux
347 2244 385 2270 sis
411 2241 522 2270 mundi?
547 2240 595 2267 Vis
619 2240 707 2266 adhuc
735 2238 850 2271 amplius

67 2279 163 2325 aliquid
181 2290 216 2317 de
234 2295 260 2316 te
283 2289 342 2323 ipso
358 2288 462 2320 audire,
491 2294 524 2314 ne
549 2286 618 2313 forte
633 2292 714 2320 parva
730 2285 763 2310 de
780 2289 805 2310 te
824 2289 852 2310 et

67 2336 174 2362 humilia
204 2336 343 2370 cogitans,
371 2340 497 2368 tanquam
524 2332 605 2359 vilem
627 2330 747 2365 negligas
769 2330 850 2355 vitam

68 2384 157 2409 tuam?
177 2382 265 2409 Ilabet
281 2381 326 2408 hic
342 2381 459 2408 mundus
472 2379 682 2414 gubernatorem
702 2382 792 2406 suum,
805 2375 853 2401 ha-

67 2428 108 2454 bet
121 2429 167 2462 qui
184 2435 247 2455 eum
261 2431 337 2461 regat
362 2431 389 2453 et
405 2425 509 2453 habitet
527 2425 553 2450 in
567 2424 625 2458 ipso
640 2422 852 2456 omnipotentem

97 2491 119 2507 ⁵⁸
130 2491 230 2518 (leues.
247 2497 290 2518 xv.
303 2489 331 2516 5.
362 2489 384 2505 ἰ
397 2487 492 2515 Matth.
508 2494 534 2517 v,
550 2486 594 2513 14,
625 2485 647 2501 "
663 2483 764 2512 Jerem.
777 2491 846 2510 xxui

99 2527 151 2545 ςιιη
177 2534 185 2545 1
211 2526 227 2545 'l
276 2525 297 2540 οτ
314 2524 408 2545 Manli.
422 2521 567 2545 uvniﬂﬁ.
604 2520 627 2536 ⁸⁸
646 2519 714 2545 Joel.
729 2527 766 2545 ιι.
784 2518 829 2545 28.

918 2517 929 2525 Ἴ
956 2483 979 2498 ⁹³
996 2483 1014 2508 II
1027 2483 1056 2509 Ct

918 2524 1009 2545 Jenes.
1031 2524 1056 2543 ιν

34 2502 37 2504 ’
65 2502 627 2561 ηΞυιιςῗτῗίς.λνοεῖῑε.ίιὶ,ῒ’;;ε“;ὶ;.;έο·.”οε
646 2502 829 2551 sanitas;

98 2586 153 2621 (I5)
171 2586 244 2613 Idem
263 2592 327 2616 ms.,
345 2593 354 2609 ι
368 2588 465 2610 totum.
484 2591 493 2608 ι

98 2632 153 2668 (ι-ι)
173 2631 324 2668 Idemms.,
336 2639 345 2656 ε
361 2629 466 2668 deceat.
480 2638 489 2655 ι
503 2627 581 2668 Libb.
593 2627 670 2668 editi,
688 2636 697 2651 σ
714 2626 828 2668 (Ιεξιηξςξξ.⁵
838 2635 847 2651 ι

68 2660 220 2701 Ριιῖιιόροει
234 2667 305 2692 idem
318 2660 388 2697 ms.,
407 2674 416 2689 ί
436 2664 557 2691 invenies
581 2670 627 2689 eas
643 2663 722 2689 intra.
740 2671 749 2687 ι
771 2660 849 2687 Libb.

67 2704 139 2734 editi,
157 2712 166 2727 ι
183 2701 307 2729 invenias
320 2701 400 2727 intra.
421 2709 429 2725 ι

99 2748 152 2783 (I5)
173 2748 247 2775 Idem
261 2753 326 2779 ms.,
341 2755 350 2772 ι
369 2746 395 2773 ἱη
411 2752 504 2780 parvo.
524 2753 534 2770 ι

98 2794 152 2829 (16)
169 2793 242 2829 Idem
261 2799 325 2824 ms.,
343 2801 353 2816 ε
365 2792 492 2829 replco._r
506 2789 693 2829 Libb.edit_i,.t
709 2787 824 2829 implit-o.’
836 2796 844 2812 ι

69 2823 151 2856 Paulo
172 2828 245 2857 intra
263 2823 328 2861 ms.,
344 2835 353 2852 t
370 2823 439 2855 inter
469 2826 540 2860 ipsos
566 2825 720 2852 ambulatio.
739 2833 746 2848 ›
768 2823 845 2849 Libb.

914 911 973 930 nem
990 910 1111 934 carnem,
1127 908 1154 930 et
1172 903 1383 938 prophetahunt.
1395 913 1404 930 ›
1426 904 1494 930 Cum
1519 911 1585 938 ergo
1609 904 1702 931 videas

913 949 1013 976 habere
1029 954 1054 976 te
1068 949 1160 976 omnia
1177 956 1236 983 quae
1252 949 1369 976 mimdus
1387 950 1480 982 habet,
1499 950 1626 978 dubitare
1646 958 1700 977 non

912 995 994 1021 debes
1008 995 1078 1028 quod
1097 996 1180 1022 etiam
1202 995 1330 1021 animalia
1346 1004 1407 1030 qua:
1430 995 1582 1023 offeruntur
1605 997 1630 1023 in
1655 997 1704 1023 ho-

912 1041 981 1072 stiis,
1006 1041 1107 1067 habeas
1133 1041 1205 1067 intra
1223 1046 1264 1072 te,
1280 1045 1306 1067 et
1323 1048 1355 1067 ex
1380 1041 1445 1076 ipsis
1464 1041 1620 1074 spirituales
1640 1042 1698 1078 (I8)

911 1087 1010 1114 otl‘crre
1038 1087 1138 1114 debeas
1165 1087 1280 1113 hostias.
1309 1087 1361 1113 Sed
1381 1087 1413 1114 de
1433 1087 1495 1120 illis,
1514 1093 1593 1122 prout
1613 1089 1702 1122 potui-

913 1140 983 1164 mus,
998 1133 1022 1158 in
1039 1133 1226 1166 superioribus
1244 1133 1461 1166 explanavimus.

948 1189 973 1216 Ξ.
998 1189 1073 1216 Nunc
1090 1196 1155 1216 vero
1173 1189 1237 1216 illud
1256 1190 1381 1216 addimus
1400 1190 1471 1224 quod
1491 1190 1568 1222 dicit,
1595 1190 1656 1223 quia
1674 1191 1699 1217 in

914 1234 973 1260 loco
990 1235 1015 1260 iu
1032 1242 1085 1268 quo
1097 1234 1257 1269 jugulantur
1271 1235 1440 1266 holocausta,
1455 1235 1489 1262 ibi
1507 1235 1588 1262 etiam
1606 1236 1702 1262 hostiie

911 1288 960 1314 pro
980 1285 1101 1313 peccato.
1116 1279 1182 1308 Vide
1198 1289 1279 1315 quam
1300 1280 1384 1307 multa
1405 1281 1590 1308 misericordia
1609 1287 1636 1308 et
1653 1281 1699 1308 be-

911 1326 1027 1359 nignitas
1042 1326 1086 1352 Dei
1099 1331 1151 1358 est,
1167 1330 1197 1353 ut
1213 1327 1257 1353 ubi
1277 1326 1463 1353 holocaustum
1479 1326 1618 1362 iugulatur
1632 1327 1698 1354 illud

909 1372 980 1405 quod
999 1372 1049 1399 soli
1070 1373 1125 1400 Deo
1147 1372 1271 1404 oﬂ‘ertur,
1298 1373 1333 1400 ibi
1359 1373 1441 1400 etiam
1460 1373 1549 1400 hostia
1567 1381 1625 1408 qua:
1650 1381 1699 1408 pro

911 1423 1023 1451 peccato
1044 1422 1095 1450 est,
1112 1417 1245 1445 immolari
1260 1417 1401 1452 iubeatur;
1419 1425 1472 1452 quo
1495 1418 1599 1445 scilicet
1619 1418 1698 1446 intel-

910 1463 975 1498 ligat
994 1471 1024 1490 se
1045 1463 1092 1497 qui
1113 1465 1248 1498 peccavit,
1270 1468 1298 1490 et
1315 1463 1439 1498 pceuitet,
1455 1467 1482 1490 et
1500 1470 1648 1491 conversus
1662 1465 1697 1491 ad

912 1509 1055 1536 Dominum
1074 1509 1248 1536 contribulati
1266 1508 1377 1542 spiritus
1399 1508 1516 1535 hostiam
1534 1508 1650 1544 jugulat,
1670 1509 1697 1536 iu

911 1555 971 1582 loco
984 1555 1040 1589 jam
1057 1558 1153 1581 sancto
1172 1560 1256 1585 stare,
1270 1559 1294 1581 et
1311 1553 1411 1581 sociari
1426 1553 1468 1580 Itis
1485 1561 1544 1588 qua:
1563 1555 1698 1589 pertinent

911 1600 944 1627 ad
964 1601 1059 1626 Deum.
1085 1599 1121 1626 Ibi
1138 1607 1204 1635 ergo
1220 1599 1378 1626 immolatur
1393 1599 1480 1626 hostia
1502 1607 1550 1634 pro
1572 1605 1695 1634 peccato,

909 1645 954 1672 ubi
978 1650 1004 1671 et
1024 1645 1221 1678 holocaustum,
1238 1645 1264 1672 in
1282 1649 1444 1679 conspectu,
1462 1645 1560 1679 inquit,
1577 1645 1695 1672 Domini.

910 1690 957 1716 Est
974 1689 1100 1716 fortassis
1122 1689 1147 1715 in
1164 1694 1309 1722 conspectu
1335 1688 1440 1715 Domini
1465 1687 1564 1715 oﬁ‘erre
1588 1689 1695 1715 sacriﬁ-

908 1736 992 1766 cium,
1017 1740 1044 1762 ct
1071 1742 1125 1762 non
1143 1733 1241 1761 oﬁ‘crrc
1258 1735 1284 1761 in
1311 1739 1457 1769 conspectu
1484 1734 1603 1762 Domini.
1629 1735 1697 1767 Quis

907 1790 973 1817 ergo
989 1787 1031 1809 est
1048 1782 1093 1815 qui
1109 1781 1189 1808 oﬁ'ert
1205 1781 1260 1816 (I9)
1282 1781 1308 1807 in
1332 1784 1479 1814 conspectu
1499 1780 1622 1807 Domini?
1638 1780 1694 1813 Ille,

908 1829 1055 1861 utopinor,
1069 1827 1114 1862 qui
1134 1835 1185 1853 non
1201 1826 1267 1854 exiit
1284 1833 1298 1852 a
1315 1831 1461 1860 conspectu
1487 1825 1603 1857 Domini,
1623 1826 1696 1852 sicut

906 1874 972 1900 Cain
988 1873 1021 1904 θ’,
1038 1878 1065 1900 et
1087 1873 1200 1899 cll'eclus
1214 1877 1256 1899 est
1281 1872 1378 1898 timcns
1394 1876 1421 1898 et.
1442 1875 1571 1898 tremens.
1589 1871 1617 1897 Si
1634 1872 1695 1905 quis

906 1927 971 1954 ergo
994 1923 1035 1946 est
1057 1920 1103 1954 qui
1129 1919 1210 1945 habet
1229 1918 1355 1944 ﬁduciam
1381 1922 1469 1943 astare
1494 1917 1520 1944 in
1546 1922 1693 1951 conspectu

907 1964 1031 1995 Domini,
1057 1969 1084 1990 et
1110 1971 1162 1990 non
1185 1962 1252 1997 fugit
1269 1969 1283 1988 a
1301 1961 1371 1988 Iacie
1393 1961 1462 1996 ejus,
1482 1968 1531 1988 nec
1554 1966 1692 1995 aspectum

905 2009 963 2042 ejus
985 2009 1086 2043 peccati
1106 2006 1272 2035 conscientia
1288 2006 1418 2037 declinat,
1435 2006 1486 2033 iste
1502 2006 1528 2032 in
1546 2011 1693 2041 conspectu

908 2055 1012 2082 Domini
1029 2054 1107 2081 oﬁ‘crt
1122 2053 1297 2081 sacriﬁcium.
1320 2051 1395 2079 Hanc
1415 2059 1480 2086 ergo
1496 2051 1611 2078 hostiam
1634 2059 1694 2086 qua:

905 2099 1018 2126 oﬁ'ertur
1034 2106 1083 2132 pro
1098 2098 1232 2133 peccatis,
1248 2097 1313 2124 dicit
1327 2104 1387 2124 esse
1401 2096 1500 2123 Sancta
1523 2102 1692 2124 sanetorum.

907 2145 995 2180 Majus
1021 2145 1122 2179 aliquid
1139 2145 1241 2170 audere
1265 2143 1320 2170 vult
1342 2151 1442 2175 sermo,
1457 2143 1480 2170 si
1497 2148 1586 2169 tamen
1609 2148 1635 2169 et
1649 2151 1694 2170 ve-

907 2196 963 2218 ster
987 2195 1119 2224 sequatur
1147 2190 1267 2216 auditus.
1291 2189 1357 2222 Quae
1381 2193 1423 2215 est
1447 2188 1535 2215 hostia
1560 2195 1619 2222 qua:
1644 2195 1693 2222 pro

907 2237 1027 2272 peccatis
1053 2236 1178 2268 oﬂ'ertur,
1199 2240 1227 2262 et
1253 2240 1295 2263 est
1314 2234 1413 2262 Sancta
1442 2239 1613 2265 sanctorum,
1641 2234 1692 2260 nisi

908 2283 1064 2317 nnigenitus
1081 2280 1167 2308 Filius
1186 2281 1232 2308 Dei
1245 2301 1252 2313 ,
1275 2280 1405 2308 Dominus
1430 2287 1505 2307 meus
1520 2279 1599 2307 Iesus
1615 2279 1694 2306 Chri-

907 2328 983 2356 stus?
998 2328 1056 2363 Ipse
1073 2327 1146 2355 solus
1160 2331 1201 2354 est
1221 2327 1308 2354 hostia
1330 2334 1379 2360 pro
1392 2326 1520 2360 peccatis,
1536 2330 1564 2352 et
1580 2326 1635 2360 ipse
1652 2329 1693 2351 est

908 2374 995 2401 hostia
1013 2373 1113 2400 Sancta
1132 2377 1301 2400 sattclorum.
1331 2371 1383 2398 Sed
1400 2371 1471 2405 quod
1496 2371 1570 2397 addit
1585 2378 1591 2397 :
1612 2379 1622 2395 ς
1638 2370 1692 2397 Sa-

908 2420 1014 2453 cerdos,
1031 2419 1127 2453 inquit,
1142 2419 1187 2453 qui
1204 2417 1284 2445 oﬁ'ert
1300 2417 1377 2449 illud,
1389 2418 1452 2443 edet
1469 2416 1544 2448 illud,
1559 2425 1569 2442 ι
1587 2415 1692 2443 videtur

956 2482 979 2498 ⁹³
996 2481 1014 2508 II
1027 2481 1089 2509 Cor.
1105 2488 1144 2513 vt.
1161 2481 1203 2508 16.
1243 2480 1266 2496 ⁸⁵
1279 2479 1344 2507 ibid.
1358 2478 1402 2506 I8.
1440 2478 1462 2494 "
1475 2476 1545 2504 Psal.
1563 2484 1648 2509 xxxtt,
1664 2477 1691 2504 ϐ.

909 2577 986 2610 editiI
1009 2587 1017 2603 t
1034 2578 1060 2604 iu
1080 2577 1146 2612 ipsis
1159 2575 1314 2603 ambulabo.
1330 2583 1340 2600 ›

942 2624 998 2664 (_I_7)
1018 2623 1088 2650 Idem
1117 2630 1180 2654 ms.,
1202 2630 1211 2647 ε
1230 2621 1316 2648 addit.
1341 2629 1350 2645 ι
1376 2618 1454 2646 Libb.
1475 2617 1551 2650 editi,
1574 2627 1582 2643 t
1603 2618 1693 2644 adlme

906 2660 1005 2745 Ϊυῗξὲ).
1018 2703 1080 2736 Ms.,
1104 2712 1113 2728 ι
1129 2701 1296 2737 spirituales.
1309 2710 1319 2727 ι
1345 2699 1422 2727 Libb.
1446 2697 1526 2732 editi,
1552 2706 1560 2723 ι
1580 2698 1690 2732 spirita-

905 2739 999 2822 Μῖῖέ)
1017 2782 1081 2822 Ms,
1096 2792 1105 2808 (
1119 2782 1225 2814 ntI‘eret,
1239 2791 1248 2807 ι
1262 2786 1290 2809 et
1309 2779 1390 2816 paulo
1406 2783 1478 2814 post,
1491 2787 1500 2803 ι
1514 2777 1568 2809 ille,
1583 2776 1689 2811 opinor;

904 2820 950 2853 qui
967 2827 1020 2845 non
1040 2820 1103 2845 exit.
1117 2827 1126 2843 )
