1894 3059
203 133 250 158 431
934 129 987 157 ORl

1044 130 1093 157 \‘IS
1769 134 1813 162 4ὖῖ

203 190 309 218 dili‘tcile
327 198 388 218 esse
412 191 445 217 ad
465 190 631 218 intelleetmn
655 189 722 225 (ΞΟ).
747 189 812 216 Illud
831 191 903 217 cuitu
920 177 993 223 quod
1009 192 1030 219 it
1045 191 1128 216 cum9
1149 199 1154 216 :
1176 199 1186 216 (
1200 190 1287 218 Locus
1315 191 1385 218 enim
1412 192 1438 218 in
1464 199 1518 226 quo
1546 197 1617 224 stas,
1638 197 1707 219 terra
1732 198 1813 220 sancta

203 239 338 264 edendum
357 238 433 268 dicit,
450 238 482 263 ad
499 241 638 271 peccatum
659 235 754 262 referri
780 236 885 262 videtur
900 247 906 262 :
923 236 993 261 sicut

203 290 231 310 et
260 284 323 310 alibi
353 284 419 310 dicit
451 283 483 309 de
519 282 711 309 sacerdotibus
741 281 907 316 propbcta',
931 281 992 315 quia

207 339 216 356 ι
233 335 340 364 peccata
363 329 452 364 populi
476 329 527 355 mei
555 328 769 354 ntanducabnnt.
785 337 793 352 I
811 327 887 354 Undc
906 332 932 354 et
950 327 993 354 hic

205 376 324 404 o~tendit
355 375 526 402 sacerdotem
565 379 708 408 peccatum
736 373 875 400 offerentis
903 382 993 401 come-

205 421 268 447 dere
287 421 398 446 debere.
414 420 491 454 Sarpe
509 419 679 445 ostendimus
694 427 727 445 ex
750 419 850 446 divinis
868 419 992 454 Scriptu-

206 467 252 497 ris,
269 466 407 492 Christum
437 473 497 493 esse
519 471 546 493 et
574 465 690 492 hostium
717 473 777 499 qua?
803 473 852 499 pro
881 471 992 500 peccato

205 513 296 540 mundi
320 512 443 544 oli‘ertur,
460 517 485 539 ct
501 513 672 538 sacerdotem
689 512 733 546 qui
752 512 847 538 ochrat
865 512 991 539 hostiam.

204 558 280 591 Quod
303 566 356 585 uno
384 559 467 585 verbo
493 558 639 592 Apostolus
662 558 809 592 explicavit
833 557 907 593 (‘21),
931 566 991 585 cum

205 605 268 632 dicit
281 606 310 632 ’ς
329 615 337 630 ι
356 606 406 638 Qui
431 606 550 639 seipsum
570 605 669 632 obtulit
688 606 750 632 Deo.
765 615 773 630 ι
794 605 841 632 ilic
863 614 927 639 ergo
951 611 993 633 est

205 651 343 683 sacerdos,
357 652 401 685 qui
423 656 532 685 peccata
561 652 649 684 populi
665 652 780 677 comedit
805 656 831 677 et
846 652 990 685 consumit,

204 697 238 722 de
250 705 303 729 quo
319 697 418 722 dictum
436 701 476 722 est
490 695 520 722 3:
539 705 548 720 ι
569 695 603 722 Tu
622 704 650 723 es
667 699 794 723 sacerdos
819 698 845 723 in
862 702 991 724 :t'lcrnum

205 742 352 769 secumlum
375 742 497 769 ordinem
523 741 723 776 Melchisedech
749 753 757 767 ι
777 743 903 769 Salvator
927 752 992 777 ergo

206 794 232 814 ct
257 788 387 814 Dominus
411 796 486 814 meus
509 794 619 821 peccata
650 789 737 822 populi
761 790 826 815 edit.
850 789 991 822 Quomodo

205 834 261 860 edit
289 838 400 867 peccata
432 833 545 866 populi?
569 834 630 859 audi
660 833 724 867 quid
755 834 887 867 scriptum
918 839 959 861 est
983 844 989 861 :

208 889 217 904 ε
240 879 323 909 Deus.
348 878 471 912 inquit‘,
496 884 598 910 noster,
619 879 687 913 ignis
720 888 882 906 consumens
908 886 961 908 est.
978 891 987 906 ι

206 925 275 958 Quid
288 925 421 951 consumit
439 924 508 950 Dens
523 925 610 957 ignis?
626 924 748 959 Nunquid
766 930 819 952 tant
837 926 919 960 inepti
935 927 990 962 (2'2)

207 971 319 1001 t‘t'imlls.
335 974 363 996 ut
386 974 510 1004 putemus
523 970 593 1004 quod
614 970 684 996 Deus
708 971 777 1004 ignis
803 972 873 1006 ligna
895 980 992 999 consu-

206 1021 274 1048 mat,
289 1016 489 1050 autslipulatn,
513 1012 560 1042 au't
581 1016 690 1043 fenum?
703 1017 756 1044 Sed
770 1018 905 1045 consumit
922 1019 992 1045 Deus

208 1063 278 1097 ignis
296 1063 413 1089 humana
438 1068 559 1097 peccata,
585 1063 630 1089 illa
655 1064 783 1095 ab~utnit,
806 1065 850 1091 illa
869 1066 990 1097 devorat,

206 1109 251 1135 illa
275 1113 389 1144 purgat,
406 1108 555 1135 secundum
579 1109 649 1143 quod
671 1114 697 1136 et
720 1110 783 1136 alibi
800 1111 864 1137 dicit
881 1112 912 1138 ':
935 1121 943 1137 ι
960 1111 992 1138 Et

205 1155 325 1190 purgabo
339 1160 365 1182 te
383 1154 436 1189 igni
466 1155 498 1181 ad
520 1162 627 1188 purum.
643 1165 652 1181 ι
677 1155 734 1182 Hoc
761 1161 802 1183 est
827 1157 992 1184 ntandttcare

208 1206 347 1235 peccatum
365 1200 424 1234 ejus
444 1201 489 1235 qui
508 1200 588 1227 oii‘ert
606 1201 771 1228 sacrilicium
794 1209 843 1234 pro
866 1206 989 1236 peccato.

206 1246 263 1280 ipse
281 1247 352 1274 enim
371 1252 481 1281 peccata
499 1252 590 1274 nostra
609 1247 738 1281 suscepit,
753 1252 780 1274 et
800 1247 826 1274 in
842 1248 993 1283 semetipso

203 1303 235 1322 ea
253 1299 380 1328 tanquam
402 1293 471 1329 ignis
490 1293 608 1321 conrodit
627 1300 654 1321 et
668 1295 798 1321 absumit.
814 1295 860 1322 Sic
875 1295 992 1330 denique

205 1339 362 1366 econtrario
382 1347 429 1366 eos
452 1340 497 1374 qui
523 1345 684 1374 permanent
709 1340 734 1367 in
760 1341 894 1375 peccatis,
919 1348 991 1368 mors

203 1385 306 1412 dicitur
327 1384 491 1420 tlcgltttisse,
515 1386 586 1413 sicut
611 1387 745 1421 scriptum
773 1391 816 1413 est
838 1393 845 1412 :
864 1394 874 1411 ι
893 1386 990 1420 chlu-

205 1431 254 1457 lict
272 1430 328 1466 (35)
347 1439 419 1457 mors
435 1430 592 1465 pratvaiens.
609 1441 617 1456 ι
637 1431 692 1459 Hoc
708 1437 773 1467 puto
795 1440 856 1460 esse
875 1433 947 1467 quod
964 1433 989 1459 in

205 1477 350 1511 Evangelia
364 1477 489 1504 Salvator
505 1478 611 1505 dicebat
623 1478 653 1505 σς
671 1488 680 1504 ‹
695 1478 785 1513 ignem
803 1478 863 1505 veni
883 1478 991 1506 mittere

1045 240 1096 262 est.
1119 246 1128 262 ι
1149 235 1280 264 Similiter
1293 245 1357 271 ergo
1378 243 1405 264 ct
1426 239 1450 265 in
1469 238 1589 266 Ecclesia
1608 239 1652 265 Dei
1671 238 1742 266 locus
1762 247 1814 266 san-

1045 285 1105 308 ctus
1121 286 1178 313 est,
1204 281 1271 308 fides
1289 282 1427 317 perfecta,
1449 283 1571 310 charitas
1593 284 1626 310 de
1650 284 1731 310 corde
1746 291 1813 318 puro,

1044 331 1071 354 et
1087 327 1254 354 conscientia
1269 328 1349 354 bona.
1369 328 1419 360 Qui
1438 329 1463 355 in
1482 329 1523 356 bis
1541 334 1593 356 stat
1611 329 1637 355 in
1656 329 1777 361 Ecclesia,
1792 332 1813 356 in

1045 376 1103 400 loco
1122 378 1215 400 sancto
1229 380 1301 400 stare
1315 382 1343 401 se
1362 380 1501 409 agnoscat.
1517 375 1608 410 Neque
1624 376 1694 402 enim
1713 376 1738 402 in
1752 383 1814 403 terra

1045 419 1208 454 quaerendus
1228 425 1267 446 est
1285 420 1360 448 locus
1375 427 1497 453 sanctus,
1515 422 1541 448 in
1564 430 1646 456 quam
1669 422 1747 449 semel
1761 423 1814 449 data

1045 467 1178 492 Sententia
1205 470 1246 492 est
1270 474 1284 493 a
1309 467 1362 493 Deo
1386 467 1545 496 dicente”:
1566 478 1575 492 ι
1591 467 1731 495 Maledicta
1753 473 1814 495 terra

1045 511 1071 538 in
1089 511 1216 545 operibus
1234 512 1286 538 tuis
1302 511 1368 548 (‘25).
1384 522 1393 538 ι
1417 513 1496 540 Fides
1510 521 1575 548 ergo
1601 514 1705 548 integra
1720 518 1746 541 et
1764 522 1816 540 san-

1045 563 1087 585 cta
1105 559 1287 591 conversatio,
1309 559 1384 585 locus
1404 565 1446 586 est
1465 565 1585 587 sanctus.
1612 560 1638 586 in
1667 561 1716 587 hoc
1737 561 1815 595 itaque

1045 605 1104 631 loco
1141 605 1245 639 positus
1273 606 1401 632 sacerdos
1430 605 1574 637 Ecclesizc,
1600 606 1690 640 populi
1720 612 1813 640 peccata

1044 654 1204 682 consumat,
1228 655 1256 676 ut
1276 650 1390 676 hostiam
1412 650 1542 685 jugulaus
1564 652 1638 677 verbi
1659 651 1715 683 Dei,
1734 657 1759 678 et
1773 653 1813 679 do-

1044 696 1140 723 ctrina:
1156 704 1228 723 sana:
1243 696 1368 723 victimas
1390 695 1516 728 oiTerens,
1529 697 1611 732 208
1631 704 1725 732 purget
1739 706 1751 725 a
1766 706 1815 734 pec-

1044 742 1114 770 catis
1135 743 1317 770 conscientias
1334 742 1500 769 auditormn.
1531 743 1596 770 Edet
1619 744 1675 779 (26)
1693 753 1755 779 ergo
1777 753 1814 772 sa-

1044 788 1140 815 cerdos
1157 796 1252 815 carnes
1269 788 1395 815 sacrificii
1418 788 1443 815 in
1468 789 1536 816 atrio
1563 789 1729 817 tabernaculi
1751 791 1814 817 testi-

1046 834 1146 865 monii,
1170 842 1230 860 cunt
1257 832 1407 867 intelligere
1431 835 1550 868 poluerit
1573 843 1633 869 qum
1658 836 1693 862 sit
1711 837 1773 863 ratio
1794 837 1815 863 iit

1029 877 1095 912 'bis,
1116 888 1208 914 qutcve
1233 881 1379 915 mysteria,
1402 888 1461 914 quae
1485 881 1679 908 describuntur
1699 883 1729 908 de
1751 883 1816 910 atriis

1044 927 1210 954 tabernaculi
1228 927 1386 955 testimonii.
1405 927 1444 954 Ad
1465 927 1521 954 hcce
1541 929 1613 954 enim
1631 929 1700 955 atria
1722 934 1814 955 secreta

1043 978 1070 999 et
1094 973 1231 1000 recondita
1253 974 1342 1001 nullus
1357 974 1477 1004 accedit,
1502 974 1565 1000 nttlli
1588 975 1646 1000 lucc
1668 974 1718 1001 nisi
1735 982 1814 1002 sacer-

1044 1019 1152 1046 dotibus
1169 1024 1295 1053 pateant:
1310 1020 1332 1046 si
1353 1023 1442 1046 tamen
1461 1024 1588 1053 pateant,
1609 1021 1631 1047 si
1647 1021 1756 1048 scientia
1776 1029 1816 1048 sua

1044 1069 1071 1091 et
1093 1065 1229 1092 intellecttt
1249 1066 1363 1101 mystico
1381 1065 1518 1098 potuerint
1539 1073 1632 1093 eorum
1657 1071 1759 1093 secreta
1775 1075 1814 1101 pe-

1045 1116 1161 1138 netrare.
1175 1111 1237 1138 Scio
1250 1117 1338 1141 autem
1351 1119 1411 1138 esse
1424 1115 1449 1137 et
1465 1112 1516 1137 alia
1529 1112 1652 1146 qnazdam
1667 1113 1692 1139 in
1706 1112 1816 1140 Ecclesia

1043 1158 1171 1192 dogmata
1195 1159 1354 1192 secretiora,
1369 1167 1428 1194 qua:
1448 1160 1523 1186 adire
1544 1167 1593 1186 nco
1617 1159 1684 1194 ipsis
1700 1160 1814 1187 sacerdo-

1045 1203 1116 1231 tibus
1130 1203 1219 1231 liceat.
1231 1203 1278 1231 Illa
1290 1204 1361 1237 dico,
1376 1205 1419 1231 tibi
1434 1213 1496 1232 arca
1512 1205 1678 1237 reconditur,
1691 1205 1734 1232 tibi
1746 1214 1815 1237 urna,

1045 1249 1089 1276 ubi
1118 1257 1214 1276 manna
1241 1255 1268 1277 et
1293 1251 1390 1278 tabula:
1418 1252 1582 1279 testamenti.
1614 1251 1679 1280 Illuc
1711 1259 1743 1280 ne
1760 1252 1816 1287 ipsis

1044 1296 1154 1329 quidem
1173 1297 1360 1324 sacerdotibus
1382 1297 1463 1325 datur
1479 1305 1619 1329 accessus.
1638 1299 1686 1325 sed
1703 1299 1746 1325 ιιιιί
1765 1304 1816 1325 tan-

1044 1344 1099 1366 tum
1125 1340 1264 1374 pontitici,
1286 1346 1313 1367 et
1338 1341 1398 1368 huic
1420 1343 1502 1369 semel
1527 1343 1553 1369 in
1576 1351 1647 1370 anno
1669 1344 1749 1370 certis
1765 1343 1816 1378 qui-

1044 1384 1149 1419 busque
1162 1390 1188 1412 et
1204 1387 1326 1421 mysticis
1339 1388 1571 1421 pm'iticalimtibns
1582 1389 1744 1416 conceditur
1754 1388 1815 1415 istud

1044 1431 1148 1457 intrare
1164 1437 1310 1459 secretum.
1330 1431 1399 1460 Sunt
1419 1438 1447 1460 et
1468 1434 1517 1460 alia
1534 1434 1666 1461 Ecclesia!
1688 1435 1814 1468 tiogntata,

1044 1476 1077 1502 ad
1104 1484 1165 1510 qua:
1187 1482 1301 1511 possunt
1324 1479 1464 1512 pervenire
1485 1479 1565 1506 etiam
1586 1479 1701 1510 Levita,
1721 1479 1763 1505 sed
1782 1479 1817 1505 in-

206 1523 233 1551 in
255 1527 366 1555 terram,
388 1528 414 1550 et
438 1531 519 1557 quam
544 1524 604 1551 volo
627 1528 656 1550 ut
680 1523 855 1550 accendatur.
869 1533 878 1548 ι
903 1524 1029 1562 Atquec
1045 1522 1142 1549 t‘criora
1160 1528 1223 1550 sunt
1239 1524 1272 1550 ab
1299 1524 1340 1550 bis
1365 1531 1425 1558 qua:
1449 1524 1638 1551 sacerdotibus
1663 1525 1738 1551 adire
1759 1531 1816 1551 con-

205 1569 310 1596 utinam
335 1574 362 1596 et
389 1577 447 1596 mea
472 1575 542 1597 terra
570 1570 738 1597 accendatur
759 1569 813 1604 igni
840 1569 942 1602 divino,
962 1574 992 1596 ιιι

207 1614 275 1641 ultra
294 1622 346 1641 non
371 1614 466 1640 all'crat
485 1614 576 1648 spinas
589 1617 616 1640 et
633 1614 756 1641 tribulos.
783 1613 827 1640 Sic
842 1614 994 1649 intelligere

206 1659 289 1685 debes
308 1663 333 1685 ct
351 1659 428 1690 illud,
449 1659 523 1693 quod
545 1659 678 1692 scriptum
705 1659 768 1685 est’
792 1668 800 1686 :
821 1668 831 1684 ι
853 1658 923 1693 ignis
944 1666 991 1686 ac-

205 1711 306 1731 census
328 1709 370 1731 est
394 1705 427 1731 ab
450 1705 489 1731 ira
511 1712 581 1736 mea,
602 1705 724 1732 comedet
745 1710 844 1731 terram
864 1709 891 1732 et
911 1712 992 1740 gene-

205 1761 325 1788 rationes
341 1762 410 1796 ejus.
422 1770 431 1787 ι
461 1759 531 1788 Dicit
556 1768 621 1795 ergo
643 1760 686 1788 lex
704 1760 714 1776 ⁸
730 1768 736 1786 :
755 1770 764 1786 ι
781 1760 917 1788 Sacerdos
944 1762 990 1796 qtti

204 1806 347 1838 obtulerit,
360 1809 422 1834 edet
445 1806 508 1833 illud
524 1806 549 1832 in
566 1805 625 1833 loco
642 1811 748 1839 sancto,
771 1807 798 1833 in
813 1806 885 1834 atrio
904 1806 992 1833 taber-

205 1852 293 1879 nacttli
312 1853 468 1880 testimmiii.
485 1862 494 1878 ι
521 1852 697 1887 Consequens
720 1853 791 1879 cnitn
816 1857 876 1885 est,
899 1857 927 1879 ut
946 1860 988 1879 se-

203 1899 322 1926 cundum
343 1899 488 1934 imaginem
506 1899 565 1934 ejus
586 1899 632 1933 qui
653 1898 836 1925 saecrdotium
863 1898 991 1925 Ecclesia:

203 1945 289 1977 dedit,
308 1946 389 1973 etiam
409 1945 527 1972 ministri
549 1951 577 1972 et
600 1945 758 1972 sacerdotes
781 1943 838 1979 (‘24)
864 1943 991 1971 Ecclesia}

203 1995 315 2027 peccata
339 1992 430 2026 populi
449 1991 599 2025 accipiant,
623 1994 650 2017 et
676 1989 727 2023 ipsi
753 1989 890 2016 imitantes
907 1988 991 2022 magi-

203 2043 306 2069 strum,
329 2036 517 2064 remissionem
541 2040 715 2071 peccatortnu
739 2034 837 2070 popqu
861 2035 990 2062 tribuant.

203 2082 309 2110 Debent
327 2090 391 2117 ergo
414 2086 441 2109 et
465 2082 516 2116 ipsi
546 2081 675 2108 Ecclesiae
698 2081 854 2107 sacerdotes
871 2081 908 2107 ita
931 2088 992 2116 per-

203 2128 265 2155 fecti
287 2135 357 2159 esse,
376 2134 402 2154 et
425 2128 452 2154 in
467 2127 563 2154 ciliciis
578 2134 686 2161 semper
701 2126 916 2154 sacerdotalibus
932 2135 992 2154 eru-

201 2174 263 2206 diti,
282 2179 310 2200 ut
326 2179 436 2208 peccata
452 2173 543 2207 populi
565 2173 594 2199 in
613 2172 670 2199 loco
686 2177 792 2204 sancto,
817 2173 842 2198 in
859 2173 937 2200 atriis
952 2177 989 2199 ta-

202 2220 343 2247 bernaculi
365 2219 540 2252 testimonii,
564 2219 615 2253 ipsi
648 2226 700 2245 non
728 2219 863 2253 peccando
889 2227 987 2245 consu-

203 2270 289 2291 mant.
311 2265 380 2298 Quid
397 2269 543 2292 autemest
566 2265 592 2291 in
619 2263 678 2290 loco
701 2269 797 2291 sancto
821 2264 990 2292 manducare

202 2312 364 2346 peccatum?
388 2311 477 2339 Locus
500 2315 560 2338 erat
580 2315 707 2342 sanctus,
732 2310 758 2336 in
784 2318 864 2344 quem
890 2318 986 2345 perve-

202 2362 282 2384 nerat
317 2357 441 2392 Moyses,
468 2358 616 2384 secundum
648 2356 719 2390 quod
749 2356 851 2383 dictum
881 2361 924 2383 est
953 2357 988 2384 ad

238 2427 246 2442 '
267 2426 330 2453 (ise.
346 2434 381 2460 tv,
397 2426 423 2454 8.

203 2469 289 2494 xuii,
306 2462 350 2489 ‘2‘2.
388 2462 399 2477 ⁸
419 2462 506 2489 Levil.
520 2469 557 2494 vi,
570 2461 616 2488 26.

463 2427 472 2441 ¹
494 2426 573 2452 llebr.
590 2434 626 2458 ix,
641 2425 684 2452 Μ.
722 2426 734 2441 ³
753 2425 825 2452 Psal.
838 2433 893 2458 erit,
913 2427 939 2454 4.

463 2462 506 2488 vit.
520 2469 557 2493 vi,
570 2461 616 2488 26.
653 2461 663 2476 '
684 2460 769 2488 Exod.
784 2469 831 2493 Ill,
847 2461 875 2490 5.
924 2463 939 2478 "

236 2532 294 2567 (ιο)
314 2532 374 2564 M5,,
392 2541 400 2557 ι
415 2531 606 2558 intellectum.»
622 2529 699 2556 Libb.
717 2529 793 2562 editi,
813 2539 822 2555 ι
835 2530 986 2566 inteiligen-

202 2568 276 2594 dum.
289 2577 298 2593 ο

250 2603 295 2637 ΞΙ)
316 2603 378 2635 liis.,
396 2613 405 2628 ι
419 2603 568 2637 explicat.)

249 2634 294 2669 ‘22)
316 2638 377 2668 Ms..
390 2647 399 2662 ‹
415 2634 527 2671 inepti.»
541 2634 702 2667 Libb.ctiiti,
717 2644 726 2661 ι
742 2635 886 2671 imperiti.)
903 2634 987 2662 Paulo

202 2669 263 2705 post
281 2673 348 2699 idem
368 2681 430 2702 ms.,
448 2669 594 2706 (stipulam
609 2676 655 2698 aut
668 2671 768 2698 fenum.
782 2669 797 2696 ⁷»
817 2669 983 2703 Libb.editi,

205 2714 216 2731 ι
229 2708 355 2740 stipulam
370 2712 416 2733 aut
430 2707 561 2733 ferrum.»

239 2739 295 2776 (ΞΒ)
316 2742 377 2773 Ms.,
393 2751 402 2766 ι
417 2740 557 2770 dealutict.
572 2750 581 2767 ι
598 2740 676 2768 Libb.
691 2741 766 2771 editi,
782 2750 791 2765 ι
805 2739 956 2775 dcglutivit.
974 2749 982 2766 ι

239 2775 294 2811 (24)
317 2776 394 2802 Libb.
415 2775 494 2806 editi,
515 2776 652 2802 utuinistt'i
675 2777 733 2809 ejus
756 2777 806 2801 siut
821 2795 827 2805 ,
849 2782 875 2802 et
895 2784 986 2802 sacer-

203 2812 293 2841 dotes,
310 2821 319 2835 »
349 2811 393 2837 sed
412 2811 438 2836 iu
456 2810 639 2844 manuscripto
664 2811 758 2837 codice
784 2811 877 2839 deest.
902 2820 910 2836 ‹
926 2811 985 2845 ejus

203 2852 268 2873 Stttt.
282 2855 291 2870 ι

978 2427 989 2444 ⁸
1010 2431 1088 2457 Deut.
1109 2429 1208 2459 In”.

924 2463 945 2478 '°
966 2463 1066 2493 Cenes.
1084 2471 1125 2495 ιιι,
1142 2464 1185 2490 17.

1043 1575 1149 1595 cessum
1164 1573 1215 1595 est.
1231 1569 1295 1595 Scio
1308 1574 1335 1596 et
1349 1569 1402 1596 alia
1421 1577 1479 1596 esse
1493 1570 1526 1597 ad
1541 1578 1601 1605 qute
1617 1575 1731 1605 possunt
1749 1577 1817 1597 acce-

1043 1613 1107 1640 dere
1126 1614 1207 1640 etiam
1230 1614 1276 1641 lilii
1297 1614 1391 1649 Israel,
1415 1617 1467 1642 hoc
1485 1620 1542 1647 est,
1563 1615 1643 1648 laici;
1663 1624 1716 1643 non
1738 1621 1817 1643 tamen

1042 1658 1217 1693 alienigenas,
1245 1660 1294 1686 nisi
1321 1660 1433 1692 ascripti
1455 1661 1511 1695 jam
1537 1661 1637 1688 fuerint
1662 1662 1688 1689 in
1705 1661 1816 1689 Ecclesia

1043 1704 1164 1738 Domini,
1190 1705 1359 1741 «Egyptins
1383 1706 1457 1733 enim
1482 1708 1561 1734 tertia
1588 1709 1760 1742 generatione
1782 1707 1815 1733 iu—

1043 1762 1124 1790 lrabit
1150 1762 1211 1799 (27)
1234 1763 1260 1790 in
1281 1763 1429 1791 Eceiesiam
1455 1763 1548 1791 Dei".
1564 1773 1573 1790 ι
1599 1764 1690 1792 Credo
1717 1767 1816 1800 propter

1044 1809 1122 1836 [idern
1145 1809 1246 1842 Patris,
1261 1815 1288 1837 et
1302 1809 1374 1842 Filii,
1391 1815 1417 1836 et
1440 1809 1559 1844 Spiritus
1579 1811 1678 1843 sancti,
1695 1811 1720 1837 in
1744 1816 1815 1845 quam

1042 1857 1130 1883 credit
1154 1857 1243 1883 oninis
1261 1857 1306 1891 qui
1331 1857 1451 1884 sociatur
1470 1856 1598 1883 Ecclesia:
1626 1856 1692 1888 Dei,
1717 1857 1815 1883 tertiam

1042 1903 1244 1938 generationem
1268 1903 1380 1937 mystice
1395 1902 1507 1929 dictam.
1531 1902 1724 1929 Verumtamen
1740 1901 1818 1929 scien-

1041 1950 1105 1976 dum
1128 1954 1186 1982 est,
1212 1949 1282 1984 quod
1308 1957 1339 1976 ex
1366 1949 1463 1976 hostiis
1491 1956 1550 1983 qua:
1577 1947 1741 1980 oﬂ'eruutur,
1761 1947 1816 1974 licet

1041 1995 1223 2022 concedantur
1244 1995 1429 2022 sacerdotibus
1444 1995 1478 2021 ad
1500 1995 1646 2027 edendum,
1664 2002 1716 2021 non
1737 1998 1816 2020 tamen

1041 2040 1131 2067 omnia
1148 2039 1348 2071 conceduntur;
1373 2040 1419 2066 sed
1438 2047 1500 2074 pars
1523 2047 1556 2067 ex
1575 2039 1640 2074 ipsis
1660 2040 1747 2074 aliqua
1770 2040 1816 2066 Deo

1041 2086 1164 2119 oll‘crtur,
1186 2090 1211 2112 et
1239 2085 1333 2112 altaris
1360 2085 1468 2121 ignibus
1491 2086 1629 2113 traditur:
1651 2091 1682 2114 ut
1709 2086 1817 2113 sciamus

1041 2133 1122 2159 etiam
1141 2139 1188 2159 nos
1212 2133 1326 2166 quodet
1349 2133 1372 2160 si
1392 2132 1551 2159 conceditur
1575 2132 1652 2159 nobis
1678 2133 1764 2167 aliqua
1787 2139 1814 2158 ex

1043 2177 1141 2204 divinis
1158 2176 1308 2212 St'ripluris
1321 2177 1524 2211 apprehendere
1546 2181 1573 2204 et
1588 2185 1746 2212 agnoscere,
1761 2180 1816 2204 sunt

1043 2229 1131 2250 tamen
1148 2222 1237 2257 aliqua
1258 2231 1319 2257 qua:
1335 2223 1388 2250 Deo
1406 2224 1569 2250 reservanda
1586 2228 1669 2249 stitit:
1687 2231 1746 2258 qua:
1762 2230 1815 2249 cum

1042 2269 1246 2304 intelligentiam
1270 2274 1391 2296 nostram
1425 2274 1554 2304 superent
1579 2269 1652 2304 (28),
1678 2274 1818 2302 sensusque

1041 2323 1136 2344 eorum
1152 2323 1234 2349 supra
1254 2322 1301 2342 nos
1316 2315 1361 2347 sit,
1378 2322 1411 2341 ne
1431 2315 1500 2342 forte
1518 2315 1597 2341 aliter
1614 2323 1628 2340 a
1645 2316 1722 2341 nobis
1743 2321 1815 2348 quam

1041 2369 1069 2389 se
1088 2362 1166 2388 habet
1183 2361 1296 2392 veritas,
1317 2359 1502 2394 proferantur,
1520 2361 1615 2388 tiu-lius
1632 2361 1685 2395 igni
1705 2362 1753 2388 ista
1767 2367 1817 2387 ser-

1243 2428 1254 2443 ⁸
1275 2427 1327 2454 lea.
1338 2435 1359 2459 ι,
1373 2427 1418 2454 ‘25.
1458 2428 1469 2443 '
1490 2428 1555 2455 Luc.
1571 2436 1620 2460 xu,
1634 2428 1678 2456 49.
1717 2429 1727 2443 ⁷
1745 2428 1816 2455 Deut.

1224 2463 1243 2478 ¹¹
1265 2463 1372 2490 Denter.
1388 2471 1465 2494 xxut,
1480 2463 1507 2490 8.

1077 2531 1219 2568 (‘25)4Msn
1238 2540 1248 2556 o
1262 2531 1394 2568 operibus
1410 2530 1473 2558 tuis.
1487 2539 1496 2556 ι
1524 2530 1604 2557 L'bb.
1625 2530 1701 2563 editi,
1720 2540 1729 2556 ι
1744 2535 1818 2564 opere

1042 2566 1098 2594 tuo.
1112 2566 1220 2593 {Paulo
1236 2571 1296 2600 post
1318 2566 1388 2592 idem
1411 2574 1473 2597 tns.,
1493 2574 1501 2590 ι
1514 2571 1623 2599 peccata
1649 2570 1815 2593 consumat.»

1041 2602 1119 2630 Libb.
1132 2602 1208 2633 editi,
1225 2611 1234 2627 ‹
1247 2606 1357 2635 peccata
1374 2601 1519 2627 consumit.
1534 2610 1547 2626 ν

1076 2647 1133 2684 (26)
1154 2647 1216 2680 Ms.,
1237 2656 1246 2672 ι
1257 2647 1328 2674 edet.
1341 2655 1350 2672 ι
1370 2646 1449 2673 Libb.
1461 2647 1539 2677 editi.
1559 2655 1568 2672 ι
1581 2646 1645 2674 edit.
1657 2656 1668 2672 ι

1056 2692 1132 2730 ,(27)
1154 2691 1219 2730 liis._,
1249 2700 1258 2716 ι
1274 2692 1403 2730 intravit.
1417 2691 1516 2730 ις’-ψῃ
1540 2691 1614 2730 [ibin
1630 2698 1709 2718 antea
1737 2689 1816 2730 editi,

1043 2725 1152 2755 (credo
1174 2727 1251 2763 tidem
1273 2726 1360 2753 Patris
1376 2725 1488 2763 etrFilii,
1504 2731 1530 2753 et
1545 2726 1666 2763 Spiritus
1675 2726 1771 2756 sancti,
1788 2725 1815 2763 in

1041 2771 1120 2798 quatit
1137 2762 1249 2789 credunt
1263 2769 1356 2788 omnes
1368 2762 1414 2795 qui
1430 2763 1579 2792 sociantur,
1595 2771 1603 2786 ι
1622 2762 1668 2789 sed
1686 2768 1736 2788 ms.
1748 2762 1810 2787 utin

1043 2803 1136 2825 110511⁸0
1151 2802 1235 2823 textu.

1078 2843 1134 2877 ('28)
1156 2842 1216 2874 315.,
1235 2852 1243 2866 ι
1257 2846 1393 2876 superent.
1410 2852 1418 2868 I
1444 2841 1521 2869 Libb.
1542 2842 1614 2875 editi,
1635 2851 1642 2866 ι
1658 2843 1812 2873 superant.-
