1894 3059
620 86 639 102 \

73 111 122 137 575

638 115 670 142 IN
690 114 876 143 LEVITICUM
904 114 1047 142 liOIillLiA
1076 115 1106 142 \'.

1644 119 1696 148 454

67 185 161 204 vanius
176 176 245 211 (Ξῦ).
261 176 293 203 Et
308 175 366 202 idco
381 175 460 202 etiam
479 175 505 201 in
521 175 572 202 hoc
589 175 659 208 loco,
674 183 733 210 qua:
749 176 858 209 qniicm
875 178 897 205 Α
916 175 1035 205 renibus,
1055 179 1081 202 et
1106 175 1232 202 omnibtts
1259 175 1434 203 intcriorilms
1460 176 1591 203 viscerum
1604 197 1611 207 ,
1635 183 1697 205 tunc

68 231 196 250 concessa
215 228 279 248 stitit
305 221 462 248 hominibus
480 221 511 247 ad
534 222 679 253 edendum,
705 227 783 256 prout
807 229 855 255 po-

69 269 167 296 tuimus
183 269 255 295 intra
276 267 479 295 tabernaculum
497 267 604 294 Domini
626 267 854 302 consumpsimus;

68 316 88 342 si
102 323 154 349 qua
171 323 235 342 vero
251 320 408 349 supersum,
426 318 453 340 et
470 314 512 339 vel
529 321 577 340 vos
595 313 620 340 in
645 313 790 344 attdiettdo,
816 315 856 339 rel

69 369 115 387 nus
141 365 275 394 superant
299 360 325 386 in
354 359 480 390 dicendo,
504 364 644 386 servemus
670 359 724 393 igni
751 358 854 390 altaris,

73 413 203 441 tanquam
219 414 278 433 eam
295 411 408 439 partem,
419 413 476 440 qua:
494 413 542 440 pro
558 409 668 440 peccato
682 412 762 440 super
772 405 856 432 altare

68 452 174 479 Damiui
192 451 303 485 juhclur
317 449 422 477 olTerri.

99 496 126 523 ιι.
150 505 160 522 ι
179 496 211 522 Et
232 496 289 522 luce
313 501 369 527 cst,
395 496 481 529 inquit
497 495 528 527 ¹¹,
553 495 595 521 lex
616 495 711 522 arietis
736 495 780 529 qui
807 503 856 529 pro

67 543 166 569 delicto
182 547 243 568 est:
260 541 360 567 Sancta
387 546 556 567 sanctorum.
579 540 604 566 In
625 540 684 567 luco
701 541 726 567 in
746 549 799 574 quo
814 541 856 574 jn-

66 588 158 621 gulant
177 585 232 620 (ποι
255 585 499 616 ltnlucatlsloututa,
515 584 675 619 jugulabunt
696 590 722 611 et
744 586 854 612 arietem

68 631 110 665 qui
131 638 180 664 pro
197 630 297 656 delicto
309 634 351 655 est
366 634 458 656 contra
479 630 633 660 Dominum,
648 638 656 654 ι
675 635 728 656 etc.
746 629 857 655 Videtur

69 675 178 708 quidem
198 674 224 700 iu
249 673 399 707 Scriptnris
421 673 520 700 divinis
536 673 692 707 frequenter
716 681 854 708 peccatum

68 727 115 754 pro
140 720 251 751 delicto,
279 723 306 746 et
325 718 450 746 delictum
468 727 516 754 pro
539 724 649 753 ιιι-ρετιό
671 718 857 746 indifferenter

67 771 92 792 ct
106 766 212 799 alisque
233 765 322 798 aliqua
343 765 517 791 distinctione
533 764 686 791 nominari:
706 765 731 791 in
749 765 800 791 hoc
817 770 856 791 ta-

68 819 126 838 men
146 812 206 838 loco
228 810 365 837 invenitur
388 810 444 845 (31)
461 817 521 837 esse
536 811 690 837 discretum.
712 810 777 836 Nam
793 818 853 837 cum

909 229 971 247 vero
987 227 1115 256 purgatus
1129 222 1201 248 omni
1217 222 1283 249 vitio
1301 223 1421 250 libidinis
1433 224 1563 258 jngulasti
1582 225 1696 250 hostiam

907 272 956 296 pro
971 265 1080 297 delicto,
1100 271 1126 292 et
1141 266 1261 293 obtulisti
1283 268 1448 294 sacriﬁcium
1472 269 1525 295 ilco
1541 269 1566 295 in
1585 270 1695 296 odorem

907 310 1059 336 suavitatis.
1081 320 1088 334 ι
1103 310 1274 344 Sacerdotis,
1291 312 1379 347 inquit
1394 313 1427 346 η,
1443 314 1487 347 qui
1505 313 1597 341 oﬁ‘cret
1613 321 1638 340 et
1656 323 1699 340 rc-

907 355 1064 388 propitiabit
1090 355 1153 381 illtnl
1178 355 1244 391 (ΒΞ),
1263 357 1346 390 ipsius
1364 359 1426 385 erit.
1443 368 1452 384 ι
1479 359 1588 385 Discant
1606 368 1697 386 sat-cr-

906 399 985 426 dotes
1006 399 1123 431 Domini,
1138 401 1182 434 qui
1199 401 1329 429 Ecclesiis
1347 408 1476 437 praesunt,
1491 404 1553 437 quia
1575 412 1636 438 pars
1656 405 1697 431 cis

907 445 968 472 dat-a
987 450 1028 472 est
1046 453 1108 472 cum
1125 445 1176 477 his,
1196 453 1310 480 quorum
1327 448 1424 474 delicta
1443 449 1694 483 repropitiaverint.

907 490 985 532 Quid.
1000 495 1092 517 autem
1109 496 1151 518 est
1169 493 1350 527 repropitiare
1373 493 1520 520 delictum?
1539 493 1566 521 Si
1593 503 1694 521 assmu-

907 537 994 570 pseris
1016 542 1203 571 peccatoretn,
1235 542 1263 565 et
1289 539 1441 570 monendo,
1467 539 1617 571 hortando,
1649 541 1694 566 do-

906 583 1001 613 cendo.
1020 582 1188 615 instruendo,
1202 583 1348 610 adduxeris
1363 592 1423 611 etim
1442 585 1474 610 ad
1492 586 1693 618 pmnitentiam,

906 627 940 652 ab
956 633 1050 653 errore
1072 628 1234 658 correxeris,
1251 636 1265 654 a
1286 628 1360 655 vitiis
1375 630 1574 659 emendavcris,
1590 635 1616 656 et
1634 630 1697 656 clle-

905 672 977 699 ccris
992 680 1053 699 eum
1074 673 1165 704 talem,
1182 679 1209 700 ttt
1223 674 1247 700 ei
1269 682 1402 701 converso
1418 676 1549 709 propitius
1565 676 1608 702 ﬁat
1626 677 1696 703 Deus

906 725 954 752 pro
977 718 1093 750 delicto,
1123 719 1317 752 repropitiasse
1353 721 1462 747 diceris.
1489 720 1515 747 Si
1541 729 1606 755 ergo
1631 721 1692 747 talis

907 762 989 789 lueris
1020 763 1162 794 sacerdos,
1195 767 1221 789 et
1249 763 1311 790 talis
1341 764 1422 791 fuerit
1453 765 1575 792 doctrina
1601 771 1645 792 ttta
1669 771 1696 792 rt

906 815 996 835 sermo
1020 813 1091 840 tuus,
1111 816 1173 842 pars
1190 809 1238 835 tibi
1262 809 1341 836 datur
1358 810 1413 845 (ὅτ)
1432 818 1524 837 eorum
1547 819 1615 845 quos
1632 820 1694 838 cor-

67 857 194 891 s-iperius
222 857 248 882 in
280 856 370 882 hostia
397 863 446 890 pro
474 862 588 890 peccato
618 857 699 884 ritum
726 857 852 884 sacriﬁcii
872 849 1024 886 Bt‘exeris;
1048 859 1077 880 ιιι
1101 854 1206 881 illorum
1235 856 1361 882 meritum
1387 861 1430 882 tua
1462 865 1565 884 merces
1588 859 1640 889 sit,
1664 863 1694 884 et

67 909 148 937 atque
163 902 288 929 ordinem
306 901 471 933 tradidisset,
489 909 560 928 llllllc
575 901 721 934 separatim
744 902 854 928 mandat

65 947 231 975 sacriﬁcium
247 955 295 981 pro
317 946 432 979 delicto;
463 952 489 974 et
509 948 631 982 quamvis
650 947 742 974 eodem
759 948 853 974 ordine

65 999 146 1027 atque
172 994 267 1020 eadem
303 993 477 1020 observantia
507 998 604 1020 cuncta
632 994 802 1025 mandentur,
827 997 853 1020 ct

65 1039 142 1064 addat
163 1038 188 1064 in
208 1038 361 1065 novissimis
374 1039 415 1065 "z
433 1047 443 1064 ι
459 1039 533 1065 Sicut
548 1039 573 1065 id
591 1038 661 1073 quod
678 1046 726 1072 pro
743 1043 853 1073 peccato

65 1090 113 1115 t‘sl,
130 1085 168 1111 ita
190 1090 216 1111 et
235 1085 261 1111 id
276 1085 347 1118 quod
363 1092 412 1119 pro
430 1084 530 1111 delicto
546 1089 595 1115 est,
614 1084 655 1111 ch
671 1092 723 1110 una
740 1084 792 1110 erit
810 1091 853 1111 eo-

67 1138 138 1160 rum;
153 1139 161 1154 ι
184 1135 274 1155 tamen
297 1129 381 1155 voluit
402 1130 548 1155 ostendere
574 1136 633 1155 esse
655 1129 755 1164 aliquid
778 1129 852 1156 (ἰίΠο-

65 1176 160 1201 ιι-ιιιὶιε
177 1175 202 1200 in
217 1175 269 1207 his,
284 1175 383 1208 quibus
401 1175 536 1201 sacriﬁcia
554 1174 639 1202 divisa
656 1175 803 1204 mandavit.
823 1175 851 1202 In

63 1229 116 1253 quo
140 1227 191 1254 ego
216 1225 280 1254 pntu
307 1220 433 1246 delictum
455 1220 563 1254 quidem
589 1220 764 1247 commissum
791 1227 852 1247 esse

64 1268 148 1294 levius
177 1268 325 1301 aliquanto,
343 1274 422 1301 quam
443 1272 594 1301 peccatum.
617 1266 682 1294 Nam
700 1268 851 1295 invenimus

63 1315 96 1339 de
120 1318 234 1347 peccato
251 1313 315 1344 dici,
336 1312 408 1347 quod
424 1313 460 1339 sit
483 1317 623 1346 peccatum
640 1313 672 1340 ad
690 1319 803 1340 mortem
817 1312 851 1340 “.

66 1359 100 1385 Dc
117 1359 219 1385 detictu
235 1366 288 1385 non
305 1358 419 1393 legimus
438 1358 509 1392 Quod
526 1366 586 1386 esse
601 1359 708 1386 dicatur
723 1359 756 1386 ad
779 1367 852 1386 mor-

63 1408 127 1430 tem.
143 1403 208 1430 Scio
227 1408 315 1429 tamen
337 1407 364 1430 et
389 1402 463 1429 illam
484 1402 676 1436 diﬁ'ereutiam,
698 1411 759 1438 qua:
781 1411 850 1430 non-

63 1449 144 1475 mdlis
159 1448 324 1482 sapientium
348 1449 405 1476 visa
420 1453 474 1481 est,
494 1449 566 1482 quod
591 1449 718 1476 delictum
743 1449 850 1483 quidem

61 1497 109 1525 sit.
132 1503 194 1522 cum
223 1502 276 1521 non
299 1494 414 1521 facimus
435 1501 466 1521 ea
501 1501 561 1528 quae
587 1493 676 1521 facere
701 1494 849 1526 debemus;

61 1550 205 1577 peccatum
222 1549 287 1569 vero
307 1542 351 1573 sit,
366 1548 426 1567 cum
445 1541 639 1567 committimus
655 1548 685 1567 ea
702 1548 761 1575 qua:
779 1548 850 1567 com-

63 1591 172 1616 mittere
187 1596 240 1615 non
258 1588 396 1615 debemus.
411 1586 464 1613 Sed
484 1587 540 1613 lucc
556 1587 683 1620 quoniam
708 1594 762 1613 non
778 1594 849 1614 sem-

60 1644 108 1670 per
124 1635 150 1661 in
171 1634 322 1668 Scripturis
343 1632 440 1659 divinis
462 1632 512 1658 Sub
537 1632 586 1658 ista
612 1631 788 1659 distinctione
806 1632 848 1658 ir.-

59 1682 195 1711 venimus,
218 1679 322 1706 idcirco
339 1677 504 1714 generaliter
519 1676 654 1704 amrmare
678 1684 731 1703 non
752 1685 849 1712 pessu-

60 1735 128 1754 mus.
153 1725 238 1760 lgitur
256 1725 353 1752 eodem
377 1723 456 1750 modo
479 1729 559 1756 atque
582 1723 676 1750 eadem
703 1723 850 1750 traditione

59 1775 89 1799 de
108 1771 245 1799 sacriﬁcio
272 1770 343 1805 quod
371 1777 420 1805 pro
444 1769 543 1796 delicto
568 1768 693 1800 otl‘ertur,
710 1769 847 1803 accipien-

58 1820 120 1844 dum
137 1822 190 1849 est,
204 1825 258 1852 quo
271 1821 297 1843 et
312 1824 392 1851 supra
410 1816 586 1851 exposuimus
611 1816 644 1842 de
660 1823 692 1841 eo
709 1815 780 1849 quod
798 1822 848 1849 pro

57 1868 171 1898 peccato
187 1867 238 1890 est.
257 1861 390 1888 Similiter
412 1861 484 1889 enim
506 1861 637 1895 iubentur
658 1860 751 1894 adipes
774 1859 846 1886 arie-

58 1911 102 1941 ιις,
120 1909 138 1935 ii
153 1908 202 1942 qui
220 1908 293 1935 circa
315 1914 394 1934 renes
409 1911 482 1939 sunt,
498 1911 524 1933 et
547 1906 563 1933 ii
580 1905 624 1940 qui
644 1905 770 1932 interiora
783 1911 847 1939 ope-

58 1957 142 1986 riunt,
160 1954 261 1988 imponi
278 1961 359 1988 super
381 1953 487 1980 altare:
506 1956 535 1979 ιιι
555 1957 582 1979 et
606 1957 632 1978 tu
655 1952 700 1985 qui
725 1952 782 1978 haec
797 1958 846 1977 au-

56 2002 106 2033 dis,
123 2001 194 2027 scias
209 2007 289 2027 onme
304 2000 375 2034 quod
390 2004 430 2026 est
446 1999 515 2026 intra
531 2003 557 2026 te
569 1998 691 2025 crassius
715 2001 743 2025 et
759 1997 846 2032 operit

56 2047 187 2074 interiora
205 2051 262 2078 tua,
274 2045 373 2072 debere
388 2049 412 2072 te
427 2044 525 2072 olIerre
542 2044 597 2079 igni
616 2043 723 2076 altaris,
738 2048 767 2070 ut
784 2051 844 2078 pur-

55 2097 153 2126 gentur
166 2092 257 2118 omnia
277 2091 406 2117 interiora
424 2094 481 2121 tua,
495 2094 522 2117 et
537 2089 611 2116 dicas
630 2093 658 2115 et
673 2093 712 2121 tu,
732 2088 802 2115 sicut
816 2092 843 2114 et

57 2138 139 2164 David
157 2138 265 2165 dicebat
279 2137 318 2163 "z
334 2145 343 2162 ι
358 2135 483 2169 Benedic,
497 2136 588 2162 anima
602 2141 673 2166 mea,
689 2134 841 2165 Dominum,

905 899 988 934 209
1009 900 1117 927 illorum
1148 901 1223 927 salus
1240 906 1282 927 tua
1308 902 1403 935 gloria.
1428 902 1481 928 Aut
1508 911 1559 928 nun
1580 909 1607 930 et
1625 905 1695 938 Apo-

909 947 995 973 SIolus
1007 948 1063 974 haec
1078 947 1205 978 ostendit,
1220 947 1263 974 ubi
1281 947 1345 974 dicit
1361 948 1392 980 ’⁷,
1405 949 1466 982 quia
1484 958 1494 974 ι
1514 950 1586 983 quod
1603 958 1695 984 super-

904 993 1077 1020 :cditicaverit
1114 994 1174 1026 quis
1205 994 1356 1020 mercedum
1390 994 1525 1027 accipiet?
1552 1004 1561 1020 ι
1591 995 1694 1022 Intelli-

903 1042 966 1072 gant
978 1038 1060 1072 igitur
1077 1039 1235 1066 sacerdotes
1257 1040 1374 1070 Domini,
1398 1040 1441 1066 ubi
1458 1040 1496 1066 eis
1511 1041 1572 1067 data
1603 1043 1693 1075 portio

903 1088 955 1115 est,
971 1084 1038 1110 etin
1059 1085 1111 1111 hoc
1124 1090 1221 1112 vacent
1234 1090 1315 1119 atque
1343 1085 1384 1111 his
1409 1093 1516 1119 operam
1541 1088 1614 1114 dent.
1635 1087 1692 1114 Non

903 1138 933 1157 se
960 1130 1084 1158 inanibus
1107 1135 1134 1158 et
1158 1130 1302 1165 super-(luis
1335 1131 1439 1158 actibus
1469 1132 1617 1166 implicent,
1644 1134 1690 1160 sed

903 1175 990 1202 sciant
1004 1183 1033 1203 se
1049 1176 1076 1203 in
1092 1176 1164 1203 nullo
1176 1176 1229 1203 alio
1242 1181 1346 1210 partem
1362 1176 1502 1203 habituros
1511 1177 1580 1212 apud
1592 1177 1690 1212 Deum,

903 1220 953 1247 nisi
965 1221 991 1247 in
1005 1228 1037 1247 eo
1051 1221 1122 1255 quod
1140 1220 1258 1248 oderunt
1286 1221 1342 1256 (56)
1371 1228 1424 1256 pro
1444 1223 1581 1256 peccatis,
1599 1223 1624 1249 id
1639 1229 1691 1257 est,

902 1267 973 1300 qttod
990 1273 1005 1293 a
1019 1266 1060 1293 via
1072 1267 1174 1301 peccati
1193 1267 1377 1294 converterint
1393 1273 1558 1301 peccatores.
1585 1268 1689 1296 Notan-

901 1312 964 1339 dum
980 1313 1061 1339 etiam
1076 1312 1140 1340 illud
1154 1317 1208 1346 est,
1224 1313 1294 1347 quod
1310 1321 1371 1348 qua:
1394 1313 1545 1340 oderantur
1565 1315 1592 1340 in
1616 1315 1691 1342 holo-

902 1363 1034 1390 caustum,
1063 1358 1193 1385 interiora
1219 1364 1300 1392 sunt;
1318 1359 1389 1393 quod
1405 1366 1470 1385 vero
1489 1360 1612 1387 exterius
1637 1364 1690 1394 est,

901 1402 1015 1430 Domino
1043 1410 1097 1430 non
1113 1402 1234 1430 odertur.
1252 1403 1333 1431 Pedis
1360 1403 1473 1430 Domino
1499 1413 1553 1431 non
1567 1404 1690 1439 olfertur,

901 1456 950 1476 nec
961 1449 1032 1476 cedit
1047 1449 1074 1476 in
1091 1449 1329 1477 holocaustomata.
1347 1449 1420 1475 'I'alis
1445 1448 1501 1484 (55)
1525 1449 1576 1477 fuit
1592 1456 1620 1477 et
1644 1447 1691 1478 ille

865 1514 886 1543 Ο
904 1496 975 1522 ﬁlius
987 1494 1065 1529 Juda,
1080 1495 1126 1530 qui
1143 1495 1284 1523 dicebatur
1296 1495 1349 1522 Her
1364 1496 1395 1529 ’⁸,
1408 1497 1479 1530 quod
1494 1496 1689 1530 interpretatur

903 1541 992 1575 ρειιὶι.
1015 1541 1160 1576 Propterea
1178 1545 1204 1568 et
1218 1540 1336 1576 ller(36)
1349 1542 1481 1575 pessimus
1492 1546 1560 1573 erat,
1573 1546 1600 1569 et
1617 1541 1690 1570 occi-

900 1587 939 1614 dit
954 1594 1015 1614 eutu
1031 1587 1111 1620 Deus,
1121 1588 1181 1621 quia
1199 1587 1239 1614 isti
1253 1587 1318 1613 tales
1336 1587 1450 1614 Dmnino
1461 1595 1515 1615 ιιοι)
1527 1587 1688 1616 oderantur.

935 1632 961 1660 5.
978 1641 990 1658 ο
1004 1632 1036 1659 Et
1049 1639 1128 1660 omne
1148 1633 1310 1659 sacriﬁcium
1335 1633 1405 1666 quod
1421 1634 1466 1660 ﬁet.
1486 1633 1514 1660 in
1527 1633 1646 1666 clibano,
1661 1639 1689 1661 et

899 1685 979 1704 omne
989 1678 1061 1712 quod
1074 1679 1120 1704 ﬁet
1138 1678 1164 1704 in
1185 1678 1326 1710 craticula,
1350 1678 1389 1704 vel
1417 1679 1442 1705 in
1473 1679 1623 1713 sartagine,
1644 1686 1688 1706 sa-

899 1723 1016 1750 cerdotis
1028 1723 1074 1757 qui
1088 1721 1184 1750 oﬂeret
1204 1724 1266 1750 illud
1280 1724 1363 1758 ipsius
1382 1725 1479 1751 erit".
1498 1734 1507 1751 ι
1527 1725 1596 1758 Quid
1616 1724 1686 1752 dici-

899 1767 1151 1795 mus?Putamusne
1170 1769 1241 1802 quod
1268 1769 1441 1803 omnipotens
1467 1769 1537 1797 Deus
1567 1770 1612 1805 qui
1644 1779 1688 1798 re-

899 1823 998 1850 sponsa
1012 1815 1098 1850 Moysi
1112 1816 1220 1843 caelitus
1230 1816 1319 1849 dabat,
1333 1817 1490 1850 declibano,
1503 1821 1530 1844 et
1541 1817 1682 1849 craticula,

897 1865 925 1888 et
940 1861 1077 1896 sartagine
1094 1861 1252 1896 praeceperit
1272 1862 1344 1896 (57);
1369 1867 1398 1888 ut
1426 1863 1544 1889 disceret
1567 1861 1683 1896 populus

897 1914 945 1942 per
957 1907 1076 1942 Moysen,
1092 1907 1155 1942 quia
1170 1914 1217 1942 per
1232 1908 1290 1934 haec
1306 1909 1376 1935 Deus
1388 1908 1427 1934 eis
1445 1908 1576 1942 propitius
1589 1908 1646 1939 liet,
1659 1909 1682 1935 si

897 1953 1019 1987 quaedam
1036 1953 1062 1980 in
1078 1952 1216 1987 sartagine
1241 1953 1376 1986 frixerint,
1391 1954 1512 1988 quaedam
1528 1953 1554 1980 iu
1575 1954 1683 1981 clibano

896 1999 1028 2031 coxerint,
1044 1999 1165 2033 quaedam
1181 1999 1208 2026 in
1225 1999 1357 2026 craticula
1375 1999 1546 2026 assaverint?
1562 1999 1615 2026 Sed
1629 2007 1682 2027 non

896 2044 932 2071 ita
945 2043 1074 2071 Ecclesiae
1089 2044 1164 2078 pueri
1182 2044 1320 2071 Christum
1347 2043 1511 2077 didicerunt,
1533 2051 1583 2071 nec
1603 2046 1639 2072 ita
1654 2046 1682 2073 in

894 2097 956 2117 eum
971 2097 1020 2124 per
1035 2089 1171 2124 apostolos
1182 2089 1280 2116 eruditi
1294 2094 1370 2120 sunt,
1384 2093 1414 2115 ut
1429 2089 1463 2116 de
1484 2090 1600 2117 Domino
1623 2098 1683 2117 ma-

891 2136 998 2170 iestatis
1013 2135 1114 2170 aliquid
1130 2140 1184 2161 tam
1209 2135 1311 2162 humile
1330 2139 1359 2161 et
1377 2140 1431 2162 tam
1447 2135 1499 2162 vile
1520 2136 1680 2170 suscipiant.

57 2190 82 2210 et
102 2184 194 2210 omnia
220 2183 348 2210 interiora
375 2190 432 2209 mea
465 2188 563 2209 nomen
595 2185 718 2208 sanctum
744 2179 813 2214 ejus.
828 2190 837 2206 ι
857 2182 878 2209 D
893 2181 962 2214 Quin
985 2180 1074 2215 potius
1096 2180 1244 2207 secundum
1274 2180 1423 2214 spiritalem
1445 2187 1573 2212 sensum,
1599 2190 1681 2217 quem

56 2228 109 2255 Nisi
133 2229 205 2255 cuitu
229 2227 317 2254 ablata
341 2227 422 2254 fuerit
449 2227 601 2254 crassitudo
617 2227 661 2254 illa
685 2233 746 2260 qtae
773 2226 840 2260 tegit

58 2275 183 2301 interiora
205 2279 269 2305 tua,
288 2281 340 2300 non
365 2277 476 2308 possunt
499 2272 624 2299 subtilem
645 2277 672 2299 et
689 2271 839 2306 spiritalem

57 2328 148 2354 capere
163 2327 284 2350 sensum,
299 2326 348 2346 nec
364 2323 474 2353 possunt
492 2318 658 2345 intellectum
679 2325 777 2352 capere
797 2325 840 2344 sa-

57 2366 171 2399 pientiae,
190 2371 218 2392 et
242 2365 301 2392 ideo
329 2364 472 2392 Dominum
499 2365 610 2391 laudare
632 2371 685 2391 non
715 2368 840 2398 possunt.

56 2412 127 2444 Quod
147 2412 170 2439 si
192 2411 314 2438 ablatum
330 2411 412 2438 fuerit
429 2418 510 2437 omne
529 2411 600 2444 quod
627 2411 727 2444 pingue
741 2414 783 2437 est
806 2411 839 2438 de

87 2469 107 2483 ”
127 2467 214 2494 Lerit.
229 2474 278 2499 \‘ll,
293 2467 319 2492 1.
377 2466 398 2482 ¹⁸
418 2466 483 2493 ibid.
505 2466 530 2492 7.

56 2502 74 2518 ’λ
87 2503 186 2529 Cenes.
202 2509 316 2530 xxxvnt.
329 2501 356 2528 6.
394 2501 416 2519 "
430 2501 568 2533 chit.vu,
585 2501 611 2527 9.

85 2549 140 2583 (9.9)
164 2548 233 2580 Με..
253 2557 263 2574 ι
282 2548 331 2575 ista
357 2555 533 2576 servamus.»
557 2547 634 2575 Libb.
656 2547 736 2581 editi,
758 2557 767 2573 ι
788 2548 838 2575 ista

52 2592 200 2610 διξι-ιέιιιιιε.
215 2593 224 2609 Ι

84 2619 141 2652 (5οι
153 2618 214 2650 Με..
232 2627 240 2643 r
254 2618 387 2653 jugulant.
407 2627 417 2645 ι
437 2618 516 2645 Libb.
532 2617 607 2650 editi,
623 2617 810 2652 tjugulantttr.
826 2627 834 2644 ι

81 2654 146 2688 ιδι)
175 2654 243 2685 Ms.,
271 2662 280 2678 ι
304 2653 439 2680 invenitur
460 2661 520 2680 esse
545 2653 730 2680 discretum.»
757 2653 836 2680 Libb.

50 2691 121 2716 editi.
142 2698 153 2714 r
167 2689 321 2715 invenietur
335 2689 493 2715 discretum.
509 2697 518 2713 ι

83 2724 139 2759 (52)
161 2723 222 2754 Ms.,
242 2733 250 2748 I
265 2723 361 2759 ut‘leret
381 2728 410 2750 et
427 2722 613 2759 repropitiabit
629 2722 707 2759 illud.
721 2722 832 2759 [Libb.

50 2757 151 2788 ετιίιι,’‹
166 2759 247 2786 oﬂ'ert.
269 2758 333 2784 illud
356 2763 384 2785 et
410 2758 599 2793 repropitiabit
622 2765 670 2793 pr_o
685 2757 804 2793 delicto.
824 2768 832 2783 ι

51 2792 116 2820 Infra
137 2804 206 2825 ms,
227 2802 236 2818 ι
259 2791 599 2828 ιἐριορίιὶειιθίὶθῌειιιιη.
616 2801 626 2818 ι
652 2791 727 2818 Libb.
751 2793 834 2823 editi,

53 2829 255 2864 ireprupitiare
276 2835 326 2862 pro
343 2827 472 2855 delictoa
500 2827 581 2855 Paulo
601 2832 661 2862 post
684 2835 748 2858 ms.,
770 2837 778 2853 ι
792 2836 832 2854 rc-

587 2465 705 2493 "lJoan.
731 2473 755 2492 ν.

813 2465 837 2480 ’⁵
855 2464 923 2492 Psal.
944 2472 1003 2498 cut,
1031 2465 1057 2492 l.

894 2227 1006 2261 spiritus
1026 2226 1109 2252 donat
1135 2225 1273 2258 Ecclesiae,
1288 2226 1429 2253 videamus
1450 2226 1522 2261 quod
1545 2227 1581 2254 sit
1607 2227 1679 2255 istud

894 2271 1067 2304 sacriﬁcium,
1079 2271 1150 2305 quod
1168 2275 1301 2305 coquatur
1316 2270 1344 2297 in
1362 2272 1482 2303 clibano,
1499 2272 1609 2306 velquis
1625 2272 1677 2300 iste

893 2319 1014 2346 clibanus
1032 2317 1146 2352 intelligi
1168 2317 1274 2345 debeat.
1299 2317 1352 2344 Sed
1372 2318 1416 2344 ubi
1442 2318 1575 2345 inveniam
1597 2320 1679 2346 modo

893 2364 927 2390 ad
945 2364 1063 2391 subitum
1075 2362 1242 2397 Scripturaut
1269 2363 1402 2396 divinam,
1427 2370 1490 2397 qua:
1515 2371 1558 2390 me
1585 2364 1680 2391 doceat

892 2409 956 2444 quid
975 2408 1030 2443 (58)
1044 2408 1079 2435 sit
1089 2408 1231 2435 clibanus?
1249 2408 1392 2435 Dontinttm
1413 2417 1500 2436 tnequ
1521 2409 1611 2436 Jesum
1635 2410 1678 2436 iu-

1111 2464 1132 2480 “
1153 2463 1239 2491 Lerit.
1262 2471 1310 2497 vn,
1331 2465 1358 2492 9.
1414 2465 1436 2480 "
1457 2464 1547 2492 Ιίέοι·⁸
1569 2473 1609 2497 ιιι,
1631 2465 1678 2494 Η.

893 2547 1056 2582 propitiasse
1074 2546 1198 2574 diceris.»
1215 2545 1294 2574 Libb.
1312 2547 1387 2579 editi,
1405 2555 1414 2572 ι
1431 2547 1610 2582 repropitiare
1634 2547 1675 2574 di-

892 2590 972 2609 CCI‘IS.
987 2591 995 2608 ι

923 2617 979 2651 (55)
1000 2615 1061 2649 Ms,
1080 2625 1089 2642 ι
1105 2616 1194 2643 datur.
1206 2625 1214 2641 ι
1233 2616 1310 2643 Libb.
1326 2617 1402 2648 editi,
1420 2617 1557 2643 «dabitur.
1570 2626 1579 2642 ι

922 2652 977 2687 (Si)
993 2652 1054 2687 ius,
1077 2651 1234 2687 cofl‘crnnt.
1259 2660 1268 2676 ›
1293 2651 1368 2687 Libb.
1386 2652 1462 2683 editi,
1489 2661 1497 2676 ι
1522 2652 1643 2679 olicrtttr.
1659 2660 1671 2678 ι

934 2687 978 2720 55)
996 2686 1056 2716 Μς..
1074 2695 1082 2711 ι
1099 2686 1125 2712 in
1141 2685 1308 2712 holocausta.
1324 2686 1388 2712 Nam
1403 2687 1473 2714 talis.
1495 2696 1504 2712 ι

922 2720 978 2756 (56)
995 2721 1025 2747 ΕΙ
1039 2720 1102 2747 Mer.
1122 2721 1201 2747 Deest
1214 2720 1303 2756 iuius.

922 2758 978 2791 (37)
993 2756 1055 2787 Ms.,
1075 2764 1083 2779 ι
1107 2755 1275 2790 praeceperit.
1297 2765 1305 2780 ι
1332 2755 1410 2782 Libb.
1431 2756 1506 2787 editi,
1537 2766 1544 2782 ι
1577 2757 1672 2790 pra-ci-

885 2797 970 2826 [ιρι-οι.
992 2800 1000 2815 ι

922 2827 976 2861 (38)
992 2826 1054 2856 Ms.,
1070 2834 1078 2851 ι
1097 2825 1172 2859 quid.
1191 2833 1200 2850 ι
1222 2823 1297 2851 Libb.
1314 2824 1391 2854 editi.
1411 2835 1419 2850 ι
1438 2826 1508 2860 quis.
1530 2835 1539 2850 ι
