1894 3059
35 113 77 140 ΓΠ
608 117 639 143 IN
661 118 843 143 l.l‘.'\l'lt!.t‘.\l
867 117 1004 144 ltO.‘lll.l.\
1024 117 1054 144 ν.

1593 122 1645 151 638

32 177 91 195 nunc
106 169 257 197 secundum
281 156 396 198 litteram
423 173 575 201 instaurare
603 175 747 210 sacriﬁcia,
767 184 809 202 re-
827 181 849 207 Α
864 184 944 209 super
969 184 1050 209 panes
1072 178 1247 205 l'ern.et:talos
1270 179 1434 206 sacriﬁcium
1462 182 1572 209 mandat
1595 183 1644 209 itu-

33 215 161 248 qniramus
174 216 200 242 itt
217 216 296 244 nobis
311 218 433 252 quisnam
454 225 495 247 est
512 225 603 249 tanttts
623 229 655 248 ac
671 222 741 254 talis,
763 223 807 256 qui

31 260 187 288 sacriﬁcium
216 262 336 290 salutare
360 268 387 291 et
410 266 575 294 sacrificium
603 268 690 296 laudis
714 269 810 296 offerat

33 306 87 333 Deo.
101 307 156 341 Ego
173 308 248 335 illum
264 317 325 337 esse
341 311 470 344 arbitror,
485 313 529 346 qui
552 312 578 340 in
593 315 719 341 omnibus
743 316 810 342 aeti-

31 353 73 378 btts
85 353 141 379 suis
159 353 225 380 facit
238 354 341 382 laudari
363 354 459 390 Deum,
485 362 512 384 ct
537 358 662 394 intplctur
685 368 733 395 per
748 368 807 387 eum

30 398 84 424 illud
99 400 173 432 quod
200 399 329 428 Dominus
356 406 383 428 et
407 402 534 430 Salvator
562 410 654 432 noster
680 405 806 432 dicit”:

30 453 37 468 ι
53 443 82 471 Ut
95 444 208 472 videant
221 446 344 474 homines
359 454 441 481 opera
456 455 546 476 vestra
562 450 642 484 bona,
658 456 685 477 et
702 453 807 487 magni-

29 488 97 515 ficent
110 488 224 516 Patrem
237 495 369 523 vestrum,
384 492 429 526 qui
451 493 477 519 in
494 494 570 521 ctelis
584 500 633 522 est:
654 505 663 522 r
680 496 726 523 llle
743 505 808 531 ergo

28 533 113 561 obtulit
139 536 305 563 sacriﬁcium
331 537 428 570 laudis,
451 545 501 572 pro
526 539 603 574 cujus
619 541 735 574 actibus,
759 551 807 577 pro

28 580 92 613 cujus
106 581 250 614 doctrina,
274 584 426 617 praeceptis.
459 585 554 617 verbo,
583 590 610 613 et
635 588 764 620 moribus,
781 595 807 616 et

27 627 172 662 disciplina,
191 628 317 656 laudatur
325 634 352 656 et
366 630 532 658 benedieitur
546 632 628 666 Deus,
643 635 711 661 sicut
726 643 806 663 econ-

28 675 101 700 trario
116 679 182 701 sunt
197 675 246 707 illi,
263 676 294 702 de
309 676 406 710 quibus
426 677 525 705 dicitttr
538 678 572 711 ³³,
592 680 654 714 quia
670 690 679 706 ι
699 689 747 715 per
760 690 806 709 vos

26 726 113 745 nomen
129 728 220 746 meum
234 721 438 755 blasphematur
452 723 522 751 inter
536 729 640 759 gentes.
660 735 669 751 ι
685 726 805 755 Observa

27 770 104 792 tamen
130 771 159 792 et
182 767 236 798 hie,
253 768 387 801 quomodo
412 777 497 803 panes
523 777 555 797 ex
583 771 670 798 simila
696 773 758 800 facti
778 775 803 800 iu

25 811 86 842 oleo,
102 816 130 838 el.
158 811 253 846 lagaua
278 821 370 849 azyma
394 820 474 843 uncta
499 815 571 849 oleo,
589 823 615 844 et
636 818 723 845 simila
738 827 804 847 eon-

861 223 943 256 poni?
958 223 1054 250 Verum
1068 223 1223 259 diligentius
1236 225 1351 258 intuere,
1366 227 1427 260 quia
1442 235 1495 254 ttOtl
1509 229 1542 255 ad
1559 231 1646 256 sacri-

860 267 961 301 ficium,
980 270 1026 296 sed
1051 271 1084 297 ad
1112 271 1290 299 ministerium
1310 274 1434 301 sacrificii
1467 275 1646 303 fermentatus

860 314 937 348 panis
956 316 1114 343 assumitur.
1133 316 1201 350 Quid
1219 326 1283 353 ergo
1300 320 1351 347 hoc
1365 321 1408 351 sil.
1424 321 1560 349 videamus
1576 322 1643 356 (47).

861 359 989 387 Dominus
1011 362 1037 387 itt
1060 362 1212 397 Evangeliis
1235 365 1380 393 humanam
1399 367 1552 395 doctrinam
1570 369 1643 396 Pha-

859 405 1008 438 ristrorum,
1023 409 1067 442 qui
1096 409 1238 437 tradebant
1266 412 1424 439 traditiones
1443 420 1575 449 prmcepta
1596 416 1645 442 lto-

860 451 971 484 minttut,
997 453 1158 481 fermentum
1191 456 1316 490 appellat,
1349 466 1409 485 eum
1440 460 1504 487 dicit
1527 461 1646 495 discipu-

858 498 892 524 lis
913 498 935 514 ⁸ο
957 507 963 524 :
990 507 999 524 t
1028 498 1175 528 Observale
1203 509 1216 527 a
1243 501 1377 530 fermento
1401 505 1614 534 Phariszrorum.
1632 516 1643 534 ›

858 542 991 569 Similiter
1010 551 1075 579 ergo
1103 545 1219 572 humana
1247 547 1368 575 doctrina
1394 555 1444 580 est,
1462 551 1534 577 verbi
1551 559 1644 584 causa,

857 589 1033 622 grammatica
1050 597 1103 621 ars,
1118 591 1159 617 vel
1177 592 1325 624 rhetorica,
1340 594 1381 620 vel
1397 595 1478 621 etiam
1490 596 1642 624 dialectica.

858 632 896 658 EX
909 641 960 666 qua
974 634 1096 661 doctrina
1115 635 1147 661 ad
1162 636 1326 663 sacrificium
1345 638 1464 672 quidem.
1484 639 1535 666 hoc
1555 645 1596 666 est
1618 640 1643 667 itt

857 679 898 706 liis
913 687 973 713 qua:
986 681 1018 706 de
1034 680 1086 707 Deo
1102 682 1241 709 sentiendo
1259 688 1333 715 sunt,
1352 683 1417 710 nihil
1442 685 1643 719 suscipiendum

856 729 907 757 est,
923 732 1013 751 sermo
1033 733 1097 752 vero
1114 726 1231 759 lucidus,
1257 733 1285 754 et
1310 729 1474 763 eloquentia:
1503 731 1643 764 splendor,

857 777 888 797 ac
899 771 1051 805 disputandi
1075 773 1155 805 ratio,
1178 774 1210 799 ad
1228 774 1406 802 ministerium
1430 776 1503 803 verbi
1528 777 1574 804 Dei
1597 778 1645 804 de-

857 823 948 845 center
962 817 1074 852 jubetur
1085 819 1199 846 admitti.
1218 820 1258 846 Att
1283 829 1334 847 non
1355 829 1435 856 super
1452 823 1509 855 hoc
1525 822 1644 850 fermen-

25 865 105 891 spersa
122 858 150 884 in
165 858 224 885 olet)
239 861 359 892 ponitur,
371 865 397 888 et
415 862 510 896 triplici
524 863 621 890 iterum
633 872 804 894 sacramento
821 869 841 895 Β
858 867 912 890 lum
928 864 1044 890 habebat
1057 865 1130 891 verbi
1148 865 1194 892 Dei
1217 867 1383 894 sacriﬁcium
1403 869 1519 901 positum
1537 869 1580 896 illc
1595 870 1641 904 qui

24 903 101 930 bestia
119 905 251 933 salutaris
262 906 384 939 offertur,
400 913 426 935 et
437 909 469 935 ad
482 909 617 942 ultimum,
633 919 642 936 Ι
658 913 804 945 sacerdoti,

24 949 99 982 inquit
113 949 149 981 ",
165 950 210 984 qui
226 950 503 987 elfuntlitsanguinem
520 955 645 982 sacriﬁcii
667 957 804 990 salutaris,

24 995 66 1027 ipsi
78 996 141 1023 erit.
164 1006 173 1021 ι
198 996 328 1030 Superius
351 998 417 1025 dixit
432 999 478 1025 ".-
498 1008 508 1025 (
530 1000 671 1029 Sacerdoti
699 1004 745 1037 qui
764 1012 807 1030 rc-

24 1042 186 1074 propitiabit,
206 1042 255 1076 ipsi
268 1043 330 1070 erit.
350 1052 360 1068 ι
377 1042 435 1076 Hic,
454 1052 464 1070 ε
482 1046 615 1073 sacerdoti
633 1049 677 1081 qui
695 1048 806 1076 cll‘undit

23 1087 176 1122 sanguinem
190 1088 314 1115 sacriﬁcii
330 1089 469 1122 salutaris,
483 1091 533 1125 ipsi
545 1092 607 1118 erit.
630 1102 639 1118 r
660 1093 747 1129 Digno
761 1103 806 1122 or-

23 1131 78 1159 dine
93 1133 193 1165 utitur,
214 1134 288 1168 prius
305 1134 376 1161 enim
390 1137 574 1170 rcpropitiatio
595 1142 737 1172 quaerenda
754 1146 804 1174 est,

22 1183 45 1205 et
61 1183 118 1213 post
136 1179 195 1206 haec
209 1179 372 1207 oﬂercndum
386 1182 548 1209 sacrificium
564 1183 698 1212 Salutaris.
715 1185 807 1222 Neque

21 1224 82 1250 enim
92 1225 237 1252 salusesse
250 1225 373 1260 cuiquam
386 1231 484 1262 potest,
498 1229 548 1255 nisi
563 1230 638 1264 prius
651 1231 701 1258 sibi
715 1233 806 1267 propi-

21 1270 79 1297 titnn
93 1270 285 1299 faciatDeunt.
304 1281 314 1298 ‹
336 1272 389 1300 Sed
407 1279 433 1301 et
446 1281 552 1308 carnes,
571 1277 706 1311 inquit",
721 1280 806 1306 sacri-

22 1315 66 1342 ﬁcii
87 1317 254 1344 laudationis
279 1318 406 1346 salutaris
423 1320 474 1355 ipsi
496 1327 574 1349 erunt
598 1322 666 1359 (45).
694 1333 705 1349 ι
728 1323 806 1360 Saepe

17 1361 65 1395 juu
81 1364 202 1390 diximus
215 1364 285 1398 quod
297 1372 392 1392 cantes
407 1366 433 1393 in
450 1367 596 1402 Seripzuris
606 1369 719 1396 solidutn
734 1370 806 1398 indi-

19 1414 75 1434 cant
99 1410 207 1442 cibum,
234 1410 437 1445 perfectamque
466 1413 625 1440 doctrinam.
651 1415 804 1444 Secundum

21 1453 176 1489 Scripturas
192 1456 250 1483 scio
274 1464 334 1484 esse
353 1458 451 1484 anima:
473 1459 563 1487 cibum
583 1463 725 1496 quemdam
747 1463 804 1492 lac-

19 1502 64 1534 tis,
91 1507 118 1529 et
148 1503 231 1529 alium
262 1504 354 1530 cibum
387 1505 485 1532 anima:
514 1507 617 1534 olerum
655 1513 682 1535 et
722 1509 803 1538 alium

18 1550 110 1580 carnis,
131 1550 207 1576 sicut
220 1550 277 1584 ipsc
288 1550 432 1585 Apostolus
449 1552 481 1578 de
500 1553 662 1586 quibusdam
680 1555 746 1583 dicit
760 1556 801 1584 ’νς

23 1594 108 1627 tQuia
130 1595 203 1622 lacte
229 1603 277 1623 vos
295 1597 396 1630 potavi,
415 1605 467 1624 non
491 1606 563 1626 esca.
587 1599 710 1628 Nondum
729 1603 800 1630 enim

20 1641 157 1673 poteratis,
173 1642 222 1667 sed
237 1649 286 1668 nec
301 1642 388 1668 adhuc
400 1643 523 1676 potestis.
540 1644 635 1671 Adhuc
648 1645 720 1673 enim
736 1649 802 1675 estis

19 1687 145 1713 carnales.
164 1697 173 1712 ι
191 1687 222 1713 Et
236 1688 332 1714 iterum
347 1687 409 1714 alibi
427 1687 495 1715 dicit
507 1689 529 1705 ’⁸
547 1698 552 1716 :
571 1700 580 1716 ι
596 1691 672 1718 Alius
691 1693 800 1726 quidem

17 1732 93 1758 Credit
106 1740 140 1759 se
155 1733 321 1760 manducare
337 1735 438 1768 omnia,
453 1736 498 1770 qui
512 1742 603 1763 autem
623 1737 748 1765 infirmus
761 1744 802 1766 est

17 1777 80 1804 olera
100 1780 261 1806 manducet.
280 1789 288 1805 ι
305 1780 339 1808 Ει
354 1789 461 1809 rursum
482 1782 546 1809 alibi
561 1782 582 1799 ³³
604 1792 610 1809 :
633 1794 642 1809 I
663 1783 802 1812 Perfecto-

18 1833 68 1850 runt
80 1831 174 1851 autem
191 1831 231 1852 cst
246 1826 323 1853 cibus
341 1827 453 1859 solidus,
477 1837 486 1853 ι
502 1832 555 1855 etc.
581 1829 632 1857 llic
653 1837 717 1865 ergo
741 1838 801 1857 car-

16 1877 58 1896 nes
80 1871 212 1898 sacrificii
231 1872 369 1906 salutaris,
396 1874 467 1908 quod
495 1873 608 1902 oﬂ'ertur
634 1882 683 1909 pro
706 1875 799 1902 lauda-

16 1915 90 1948 tione,
118 1916 206 1951 ipsius
228 1917 360 1950 jubeutur
388 1926 448 1946 esse
474 1921 636 1947 sacerdotis.
659 1920 697 1947 Ex
711 1921 799 1948 simila

16 1968 73 1989 Vero
104 1963 252 1997 triplicitcr
276 1963 375 1994 oblata,
403 1969 433 1991 ut
461 1973 542 2000 supra
564 1966 692 1999 diximus,
716 1974 799 1994 unum

15 2012 113 2036 tantum
130 2010 200 2043 quod
215 2009 496 2044 placueritsaeerdoti
515 2012 680 2046 deputatur:
698 2019 797 2040 eartera

13 2055 146 2084 offerentis
159 2057 218 2093 (46)
233 2063 297 2084 suttt
311 2058 382 2091 laici,
403 2059 437 2086 ita
455 2063 544 2086 tamen
565 2063 594 2086 ut
615 2059 665 2086 sub
688 2059 731 2086 die
750 2067 798 2087 co-

14 2102 163 2135 tnedantur,
184 2111 236 2131 nec
256 2110 398 2132 remaneat
416 2113 448 2132 ex
470 2106 512 2132 his
535 2105 635 2139 aliquid
656 2105 680 2131 in
707 2113 796 2132 mane.

14 2148 107 2175 (Lat-nes
121 2157 188 2185 ergo
202 2150 229 2176 in
248 2151 346 2185 quibus
361 2151 462 2178 solidus
475 2152 551 2178 cibus
566 2157 616 2184 est,
635 2155 661 2178 et
677 2152 796 2185 perfecta

13 2193 133 2226 scientia,
155 2195 345 2222 sacerdotibus
365 2196 541 2230 deputantur,
563 2196 624 2230 quia
644 2195 743 2222 debent
770 2197 795 2222 in
814 2206 835 2233 ι)

13 2241 133 2269 omnibus
154 2249 216 2269 esse
232 2242 355 2276 perfecti,
375 2242 401 2269 itt
423 2242 558 2275 doctrina,
583 2242 609 2268 in
632 2242 741 2274 virtute,
767 2242 793 2268 iu

13 2289 138 2314 moribus.
155 2289 184 2314 Si
196 2287 268 2313 enim
293 2286 344 2313 hoc
360 2286 386 2312 itt
400 2293 429 2313 se
452 2293 504 2312 tton
523 2285 678 2316 habuerint,
697 2287 730 2311 de
750 2293 794 2311 sa-

13 2334 172 2360 crificiorum
195 2333 326 2359 carnibus
347 2339 399 2359 non
420 2333 510 2359 edent.
531 2331 619 2359 Uttum
647 2338 711 2358 vero
729 2331 793 2358 illud

13 2381 76 2413 quod
109 2384 266 2414 separatur,
299 2384 428 2412 tanquam
458 2378 621 2412 praecipuum
648 2385 682 2404 ex
708 2378 794 2403 tribus

12 2434 63 2458 qua:
75 2435 108 2453 ex
126 2426 215 2453 simila
231 2430 363 2460 prmcepta
389 2430 462 2457 sunt,
481 2425 506 2451 itt
523 2425 575 2451 hoc
590 2423 661 2450 illam
688 2428 794 2458 partem

13 2473 129 2499 St‘lt'nlidd
144 2473 264 2499 arbitror
289 2471 438 2505 designari,
464 2470 497 2497 de
513 2478 564 2504 qua
579 2470 704 2504 superius
729 2468 799 2496 dixi-

13 2527 75 2550 nius,
88 2526 150 2552 quae
167 2518 314 2552 perfectam
334 2516 435 2544 indicat
456 2514 672 2551 profundantque
696 2514 798 2542 doctri—

13 2571 78 2590 nam.
96 2564 151 2591 Sed
168 2563 292 2598 requires
306 2563 434 2593 fortasse,
452 2568 513 2589 cum
530 2561 658 2596 superius
676 2560 797 2587 fermen-

13 2616 59 2636 lum
74 2612 184 2646 penitus
200 2609 330 2643 abjecerit
343 2611 375 2636 de
390 2608 548 2639 sacrificiis,
561 2607 698 2641 quomodo
722 2614 796 2633 nuttc

42 2658 61 2672 "
79 2657 270 2690 Matth.v,16.
310 2657 331 2672 ³³
346 2657 422 2683 Rom.
436 2663 465 2688 tt,
481 2655 525 2682 54.

13 2699 59 2724 XIV.
72 2695 97 2719 2.
141 2694 164 2709 ³⁹
185 2694 305 2725 ἥρω-ι’,
322 2692 367 2719 14.
404 2691 426 2707 "
435 2690 532 2718 Matth.
545 2697 601 2722 xvt,
618 2690 645 2716 6.

13 2733 42 2758 tr,
62 2731 68 2753 l
96 2749 104 2755 .

40 2729 96 2805 liii")
118 2776 177 2809 Sls.,
195 2786 206 2802 ι
225 2781 318 2802 erunt.
339 2784 349 2801 ›
367 2774 444 2801 Libb.
462 2773 539 2806 editi,
557 2782 566 2799 ε
583 2771 676 2799 edunt.
692 2781 700 2797 r

39 2811 65 2842 (4
76 2814 94 2845 ι)
109 2811 170 2841 Ms”
187 2821 197 2837 ο
211 2810 367 2847 (ιιΐκειᾙιιιςεξἶ
389 2819 398 2835 r
461 2845 466 2847 _
480 2843 486 2847 _
584 2843 589 2847 _
603 2843 608 2847 _
665 2841 670 2847 Ι

41 2840 96 2880 (πῖ)
118 2847 190 2873 Libb.
211 2851 289 2872 antea
304 2845 381 2876 editi,
397 2854 405 2869 t
422 2843 486 2878 quid
504 2851 567 2878 ergo
584 2843 626 2869 hic
649 2841 683 2869 sit
708 2848 791 2881 agen-

206 2896 343 2926 Pnnon.
368 2894 426 2923 (ia.
446 2893 514 2923 ΧΗ,

564 2654 587 2670 ³⁵
603 2653 689 2681 Levit.
705 2661 752 2684 νιι,
768 2653 810 2680 M-

683 2689 704 2705 δι
720 2687 742 2715 1.
757 2689 821 2715 (.‘or.
842 2689 938 2722 xv,55.

857 907 995 934 dicebat“
1016 918 1022 935 :
1044 918 1054 934 ι
1072 909 1258 944 Corrumpunt
1283 920 1371 939 mores
1400 913 1484 940 bonos
1508 914 1642 949 colloquia

858 953 947 979 mala?
976 963 984 978 ι
1010 953 1040 980 Ει
1059 954 1081 970 ⁸³
1107 964 1113 981 :
1138 964 1147 979 σ
1176 955 1321 983 Cretenses
1348 965 1455 992 semper
1483 961 1641 992 mendaces,

857 998 933 1024 mal-.u
949 999 1049 1030 bestia',
1070 1005 1177 1026 ventres
1191 1001 1270 1036 pigri,
1292 1012 1300 1027 r
1321 1008 1344 1029 et
1361 1004 1413 1030 alia
1432 1005 1474 1031 his
1495 1005 1592 1032 similia
1608 1015 1639 1033 ex

857 1044 991 1071 fermento
1006 1051 1110 1080 surrupta
1127 1047 1292 1074 Grmcornm.

891 1090 969 1125 211
988 1091 1014 1118 8.
1030 1092 1106 1125 Quod
1121 1097 1211 1119 autem
1226 1094 1292 1122 dicit
1310 1095 1342 1128 ⁸³,
1363 1105 1371 1121 α
1387 1098 1437 1125 sub
1453 1098 1496 1125 die
1516 1101 1641 1127 comede-

859 1140 912 1169 tur,
927 1145 976 1164 nec
988 1139 1192 1173 dcrelinquetttr
1207 1141 1243 1168 ab
1258 1149 1290 1168 eo
1304 1150 1388 1177 ttsque
1401 1144 1426 1170 in
1449 1152 1538 1178 mane,
1556 1155 1565 1172 ι
1578 1155 1642 1174 cou-

857 1181 976 1209 feramus
993 1191 1054 1210 cum
1073 1186 1179 1212 cancris
1204 1187 1358 1220 sacriﬁciis,
1375 1193 1402 1215 et
1415 1189 1554 1219 rideamus
1581 1200 1641 1226 qua

857 1228 893 1255 sit
911 1229 980 1256 ratio
1001 1230 1070 1264 quod
1094 1231 1120 1257 in
1148 1230 1199 1258 hoc
1225 1232 1334 1267 quidem
1353 1234 1488 1262 sacriﬁcio
1516 1236 1640 1270 salutari,

857 1275 949 1302 eadem
965 1275 1017 1309 die,
1032 1284 1091 1310 qua,l
1106 1276 1255 1304 oll'eruntur
1267 1280 1395 1314 praecepit
1410 1282 1573 1309 comedenda
1589 1292 1595 1309 :
1615 1283 1640 1310 in

857 1320 910 1347 alio
924 1328 987 1348 vero
1001 1322 1146 1354 sacrificio,
1159 1324 1240 1350 etiam
1255 1325 1280 1350 itt
1295 1326 1440 1352 secundam
1453 1326 1523 1353 diem
1537 1328 1640 1354 servari

857 1366 986 1402 indulget,
1000 1372 1026 1395 et
1042 1376 1127 1400 usque
1145 1369 1171 1396 in
1197 1370 1304 1397 tertiam
1321 1391 1329 1404 ,
1345 1372 1424 1398 tertia
1452 1373 1581 1407 verojam
1599 1375 1641 1401 die

857 1411 911 1446 lgtti
929 1413 996 1440 tradi
1021 1422 1081 1448 qua:
1098 1415 1282 1449 superfuerint
1296 1436 1303 1448 ,
1326 1424 1360 1443 tte
1382 1417 1502 1452 polluant
1522 1419 1640 1447 offeren-

858 1463 921 1487 tem.
947 1460 1016 1493 Quid
1031 1469 1096 1495 ergo
1121 1461 1218 1489 habeat
1235 1463 1285 1488 ista
1305 1462 1466 1496 differentia,
1490 1466 1639 1495 videmnus.

856 1503 909 1532 Sed
929 1513 990 1532 vere
1006 1506 1158 1540 indigemus
1181 1507 1283 1534 auxilio
1298 1508 1356 1540 Dei,
1374 1510 1418 1544 qui
1434 1518 1529 1537 omnes
1547 1513 1640 1547 adipes

818 1541 840 1571 C
856 1556 1033 1586 contegentes
1060 1553 1188 1580 interiora
1207 1559 1297 1581 nostra
1323 1555 1450 1591 dignetur
1470 1558 1639 1593 abscindere,

853 1601 880 1624 et
901 1605 982 1625 omne
999 1599 1142 1626 crassioris
1159 1607 1256 1627 sensus
1271 1600 1393 1628 velamen
1407 1602 1524 1635 auferre,
1539 1608 1568 1631 ut
1583 1605 1640 1632 bare

853 1647 1001 1672 secundum
1017 1646 1042 1672 id
1058 1648 1128 1680 quod
1143 1654 1156 1672 a
1170 1646 1225 1674 Dco
1242 1647 1365 1674 mandari
1380 1649 1489 1682 dicitur,
1503 1651 1639 1684 possimus

853 1690 1007 1716 advertere.
1025 1689 1205 1717 Conferamus
1221 1690 1304 1725 igitur
1328 1691 1413 1725 ipsam
1440 1693 1492 1719 sibi
1515 1693 1639 1728 Scriptu—

853 1742 911 1762 ram
926 1734 1059 1767 divinam,
1075 1741 1102 1763 et
1117 1743 1196 1770 quam
1211 1737 1348 1770 aperuerit
1361 1737 1438 1765 nobis
1461 1737 1639 1767 absolutionis

853 1779 979 1807 semitam
995 1781 1202 1815 subsequantur.
1219 1781 1375 1809 Invenimus
1388 1783 1459 1810 enim
1476 1784 1508 1811 de
1532 1785 1640 1811 sacriﬁ-

852 1826 894 1852 cio
908 1825 1031 1858 Paschtc,
1045 1827 1116 1861 quod
1131 1827 1155 1854 in
1171 1834 1282 1862 vespera
1297 1827 1428 1854 immolari
1441 1828 1564 1863 iubetur,
1578 1830 1637 1857 dari

852 1871 1011 1898 mandatum
1028 1872 1155 1900 similiter
1168 1877 1197 1899 ut
1210 1873 1277 1899 nihil
1291 1879 1429 1900 remaneat
1453 1882 1485 1901 ex
1510 1875 1638 1903 carnibus

851 1923 937 1951 usque
951 1917 976 1944 in
990 1925 1078 1945 tuane.
1092 1917 1149 1945 Non
1162 1923 1204 1946 est
1218 1925 1282 1954 ergo
1301 1919 1418 1946 otiosum
1450 1920 1521 1954 quod
1537 1921 1639 1948 hester~

852 1970 900 1990 nas
916 1970 1013 1990 carnes
1027 1963 1098 1991 vesci
1123 1972 1176 1991 non
1192 1964 1250 1996 vult
1267 1971 1315 1992 nos
1337 1972 1429 1992 sermo
1444 1965 1550 1992 divinus
1566 1986 1572 1998 ,
1589 1967 1636 1993 sed

851 2014 972 2035 recentes
988 2017 1095 2044 semper
1111 2015 1137 2036 ct
1161 2017 1256 2042 novas,
1276 2018 1322 2037 eos
1344 2010 1460 2038 maxime
1476 2011 1521 2045 qui
1550 2013 1637 2039 sacri-

851 2053 941 2081 ﬁcium
969 2055 1092 2088 Pasehm,
1118 2055 1162 2082 vel
1189 2055 1352 2083 sacriﬁcium
1378 2056 1464 2083 laudis
1493 2057 1637 2085 immolant

851 2100 919 2133 Deo,
938 2108 1024 2127 novas
1053 2108 1118 2127 vero
1133 2108 1230 2128 carnes
1246 2121 1254 2134 ,
1278 2107 1304 2128 et
1325 2106 1448 2129 recentes
1470 2103 1554 2137 ipsius
1583 2104 1636 2131 diei

850 2145 930 2172 edere
955 2145 1043 2180 jubet,
1063 2146 1207 2173 hesternas
1221 2146 1356 2180 prohibet.
1386 2146 1554 2175 Recordatus
1576 2155 1635 2176 sunt

850 2191 938 2218 simile
970 2190 1071 2225 aliquid
1097 2197 1124 2218 et
1150 2191 1309 2230 propltetam
1330 2192 1499 2219 Ezechielem
1520 2194 1612 2222 dicere
1627 2214 1634 2226 ,

849 2243 909 2262 cum
925 2236 949 2263 ci
963 2235 1089 2264 Dominus
1101 2238 1284 2272 przecepisset,
1302 2243 1331 2264 ut
1345 2244 1473 2273 coqueret
1488 2241 1538 2268 sibi
1551 2248 1635 2275 panes

850 2281 876 2307 in
895 2285 1017 2309 stercore
1044 2283 1174 2309 humano.
1196 2283 1344 2318 Respondit
1368 2285 1439 2311 enim
1469 2286 1582 2314 Dotnino
1607 2293 1635 2314 et

849 2328 917 2354 dixit
938 2327 961 2343 “
999 2338 1006 2356 :
1027 2336 1036 2353 Ι
1054 2328 1076 2355 Ο
1093 2328 1218 2361 Domine,
1240 2337 1376 2364 nunquam
1392 2333 1574 2358 contaminata
1592 2338 1635 2359 est

849 2374 939 2401 anima
956 2381 1026 2406 mea,
1040 2378 1068 2400 et
1083 2375 1257 2401 tuorticinttm
1273 2381 1319 2402 aut
1333 2377 1500 2404 immundum
1526 2386 1579 2404 non
1596 2378 1634 2404 itt-

850 2420 945 2447 troivit
962 2421 988 2446 itt
1006 2428 1036 2447 os
1059 2428 1158 2448 nteum.
1185 2422 1238 2448 Sed
1263 2431 1350 2455 neque
1367 2431 1430 2451 caro
1447 2424 1572 2452 hesterna
1591 2425 1632 2452 in-

847 2468 938 2494 troivit
953 2469 978 2494 in
997 2475 1027 2496 os
1044 2476 1143 2495 mettm.
1167 2478 1177 2494 r
1196 2470 1233 2496 De
1247 2477 1300 2504 quo
1323 2477 1394 2505 saepe
1419 2470 1489 2504 apud
1519 2475 1633 2498 memet-

846 2513 934 2548 ipsum
963 2515 1135 2548 requirebam
1156 2523 1280 2550 quamam
1317 2521 1389 2543 esset
1413 2517 1465 2543 ista
1494 2518 1632 2551 propheta:

846 2560 1003 2594 exsultatio,
1024 2568 1075 2594 qua
1093 2561 1168 2588 velut
1190 2569 1317 2595 magnum
1336 2561 1436 2596 aliquid
1465 2567 1526 2590 ante
1548 2562 1630 2590 Deum

845 2605 989 2640 proferret,
1005 2611 1031 2633 et
1044 2606 1158 2638 diceret,
1171 2607 1235 2641 quia
1251 2615 1387 2642 nunquam
1400 2615 1509 2634 carnem
1527 2609 1631 2636 hester-

850 2653 873 2669 ³⁵
889 2653 966 2685 ibid.,
983 2653 1009 2679 7.
1049 2653 1072 2668 ³⁵
1090 2653 1153 2679 ibid.
1168 2653 1211 2680 l5.
1249 2653 1270 2668 ³⁷
1287 2653 1294 2679 Ι
1309 2653 1370 2680 Cor.
1386 2660 1427 2684 Ill,
1447 2654 1474 2680 ‘2.
1513 2654 1535 2670 "’
1551 2654 1628 2682 Bonl.

978 2688 1000 2703 ³⁷
1015 2686 1067 2714 Tit.
1084 2697 1102 2719 ι,
1120 2689 1162 2714 t2.
1202 2687 1224 2702 "
1243 2687 1329 2714 chit.
1345 2689 1449 2719 "1,15.
1488 2689 1512 2705 “
1528 2690 1629 2717 Ezeclt.

1176 2742 1180 2745 ‘
1473 2741 1487 2759 ο

849 2770 923 2801 dttnt,
936 2769 1084 2799 videamus,
1104 2775 1112 2792 ι
1133 2767 1179 2793 sed
1193 2773 1242 2806 tus.
1259 2770 1288 2806 ut
1304 2766 1331 2793 in
1347 2771 1438 2806 nostro
1449 2771 1533 2795 textu.
1546 2768 1630 2806 Paulo

848 2809 907 2839 post
932 2805 1000 2830 idem
1015 2810 1090 2841 _u_:s.,
1108 2811 1117 2827 ‹
1142 2802 1283 2841 tradebant
1319 2802 1488 2830 traditiones.
1515 2813 1525 2829 ι
1549 2804 1627 2832 Libb.

848 2837 923 2871 editi,
941 2848 948 2863 ι
964 2837 1102 2864 tradebant
1118 2837 1299 2864 traditionem.
1317 2846 1326 2862 r

1449 2888 1485 2916 15
