1894 3059
233 139 286 166 439

964 139 1125 168 ΟιὶΙϐΕΝΙδ

1805 146 1848 174 160

236 206 298 226 nam
317 198 488 226 manducavi.
507 197 572 230 Sed,
585 203 614 225 ttt
630 197 719 231 video,
736 198 801 226 hinc
816 198 939 232 edoctus,
951 204 978 226 et
990 207 1021 226 ex
1038 202 1060 229 A
1110 199 1136 226 9.
1154 199 1257 227 Dicitur
1272 207 1336 234 ergo
1360 200 1387 226 in
1404 201 1581 235 sequentibus
1593 201 1627 234 ⁸⁵³,
1649 211 1658 226 ι
1676 201 1747 237 quod
1771 202 1791 229 si
1806 210 1848 230 vo-

236 245 297 273 istis
311 245 430 273 itnbutus
452 245 600 279 mysteriis,
620 245 677 272 haec
698 245 830 280 propheta
860 245 1021 280 loquebatur

189 315 191 321 ,
235 292 269 319 ad
286 290 439 324 Dominum,
454 292 515 325 quia
531 298 584 318 non
600 291 635 318 ita
652 291 774 325 abiectus
787 297 814 319 et
828 292 946 328 degener
959 300 1017 319 sutn

236 338 374 370 sacerdos,
392 342 422 364 ιιι
446 337 594 369 hesternis,
612 337 637 363 id
659 342 700 364 est
725 338 865 366 veteribus
893 339 1021 366 carnibus

236 390 340 410 vescar.
357 383 457 409 Attdite
473 383 540 415 lucc,
562 391 658 410 omnes
677 383 782 410 Domitti
810 385 976 416 sacerdotes,
994 389 1022 412 et

234 429 362 455 attentius
376 428 519 462 intelligite
532 437 591 463 quac
615 430 754 456 dicuntur.
767 429 837 456 Caro
854 437 913 464 qua:
931 438 962 457 ex
979 438 1022 457 sa-

232 475 344 502 criﬁciis
355 475 543 502 sacerdotibus
555 475 710 509 deputatur,
720 476 831 503 verbum
842 475 887 502 Dei
901 481 941 502 est
950 476 1020 510 quod

233 518 260 545 in
277 519 398 546 Ecclesia
416 520 526 546 docent.
541 518 594 546 Pro
618 520 670 547 hoc
688 528 752 556 ergo
779 520 872 556 ﬁguris
899 521 1021 556 mysticis

232 569 449 598 commonentur,
467 570 497 592 ttt
511 573 572 592 cum
589 566 711 600 proferre
729 566 762 593 ad
776 566 903 601 populum
918 574 1022 594 sermo-

233 618 294 638 nem
318 612 462 646 cceperint,
478 618 530 638 non
545 611 677 639 hesterna
692 612 842 647 proferant,
859 620 912 639 non
929 617 1020 639 vetera

233 664 293 691 quae
309 662 373 684 sunt
391 659 539 686 secundum
555 658 672 685 litteram
690 658 896 692 proloquantur,
911 658 956 685 sed
973 665 1021 692 per

233 704 347 737 gratiam
367 704 412 730 Dei
431 711 500 730 nova
519 712 628 739 semper
654 704 815 738 proferant,
836 708 870 730 -ει
888 703 1020 738 spiritalia

231 756 338 784 semper
361 750 511 777 inveniant.
531 749 559 777 Si
577 750 649 777 enim
671 757 703 777 ea
720 757 780 784 qua:
795 749 925 777 didiceris
943 757 957 776 a
971 749 1015 777 Ju-

231 795 297 822 dtcis
313 795 453 827 hesterno,
469 795 528 823 haec
543 795 623 823 ltodie
641 795 667 822 in
684 795 804 822 Ecclesia
821 796 955 829 proferas,
969 795 1020 822 ltoc

230 840 437 868 esthesternam
445 848 553 868 carnem
563 840 691 867 sacriﬁcii
700 840 793 867 edere.
808 840 836 866 Si
848 841 1018 872 meministis,

231 886 354 913 etiamin
368 886 507 914 oblatione
519 886 574 922 (48)
590 887 770 921 pritnitiarum
788 887 881 914 eodem
896 895 1020 915 sermone

234 940 298 960 usus
308 938 349 960 est
359 933 508 967 legislator,
525 938 553 960 ut
568 933 632 964 sint,
649 933 749 967 inquit,
764 941 831 960 nova
847 938 873 961 et
889 935 1018 962 recentia.

235 977 317 1005 Vides
332 979 431 1013 ttbiqtte
446 986 489 1011 ea,
509 986 569 1013 qua:
578 979 615 1006 ad
631 979 723 1006 laudes
740 978 785 1006 Dei
800 979 939 1013 pertinent
956 980 1020 1015 (hoc

232 1025 304 1050 enim
321 1029 363 1051 est
375 1024 540 1052 saeriﬁcittm
559 1024 656 1059 laudis)
675 1033 756 1059 nova,
772 1030 800 1052 et
819 1026 938 1053 recentia
959 1033 1019 1053 esse

232 1069 348 1103 debere,
374 1077 407 1096 ne
424 1069 494 1097 forte
519 1078 579 1097 cum
604 1075 695 1098 vetera
721 1071 826 1106 profers
845 1071 870 1098 itt
888 1071 1018 1104 Ecclesia,

232 1115 302 1142 labia
322 1119 367 1142 tua
387 1115 587 1150 loquautttr,.et
600 1124 677 1144 mens
700 1121 745 1144 tua
774 1117 834 1145 sitte
863 1118 952 1145 fructu
970 1118 1017 1145 sit.

224 1160 284 1188 Sed
303 1161 364 1188 attdi
380 1161 444 1196 qttid
461 1161 527 1189 dicit
547 1162 713 1197 Apostolus:
733 1173 741 1188 ι
762 1164 802 1196 Si,
822 1164 957 1199 inquit“,
974 1164 1016 1192 lo-

228 1216 300 1242 quar
317 1208 436 1242 linguis,
455 1208 569 1243 spiritus
592 1217 667 1237 meus
694 1215 763 1242 orat,
783 1211 830 1237 sed
854 1218 930 1238 tuens
959 1219 1017 1238 mea

230 1253 289 1282 sine
303 1253 390 1282 fructu
402 1258 454 1283 est.
470 1254 539 1288 Quid
554 1255 636 1290 igitur
651 1255 711 1282 est?
723 1255 824 1289 Orabo,
845 1256 943 1291 inquit,
962 1257 1018 1291 spi-

232 1302 295 1334 ritu,
311 1301 395 1329 orabo
412 1305 439 1328 et
468 1306 578 1328 mente:
596 1301 707 1335 psallam
724 1302 835 1336 spiritu,
861 1302 973 1338 psallam
991 1309 1018 1330 ct

230 1351 332 1374 tuente.
352 1355 361 1372 ι
379 1345 416 1373 lta
434 1353 498 1381 ergo
517 1350 544 1373 et
561 1349 587 1372 ιιι
602 1345 623 1372 si
637 1353 688 1372 non
707 1353 740 1372 ex
765 1346 916 1373 eruditione
935 1345 1016 1380 spiri-

221 1393 276 1420 ΔιιιΙί
292 1393 360 1429 (49),
374 1400 408 1420 ex
425 1391 549 1419 doctrina
567 1392 660 1426 gratiae
678 1391 724 1418 Dei
746 1397 904 1426 praesentem
921 1396 949 1419 ct
975 1399 1018 1419 re-

220 1444 337 1466 .centem
357 1438 503 1473 protuleris
520 1445 673 1465 sermonem
693 1438 719 1464 itt
738 1437 864 1464 laudibus
887 1437 932 1465 Dei
951 1457 959 1470 ,
986 1445 1016 1465 os

228 1483 338 1520 quidem
355 1489 429 1511 utnm
453 1483 534 1511 oifert
561 1483 729 1511 sacriﬁcium
748 1482 855 1515 laudis,
872 1484 919 1510 sed
940 1491 1017 1511 mens

230 1535 338 1565 tua-pro
352 1529 497 1557 sterilitate
524 1528 659 1556 hesterna:
674 1528 765 1556 carnis
788 1529 922 1563 arguitur.
948 1529 1014 1557 Nam

229 1580 256 1601 et
270 1575 399 1602 Dominus
418 1582 527 1609 panetn,
544 1582 624 1608 quem
650 1573 789 1609 discipulis
813 1575 905 1607 dabat,
929 1580 957 1602 et
972 1576 1015 1603 di-

220 1620 308 1646 ccbat
320 1619 361 1646 eis
374 1618 397 1634 “
412 1627 418 1646 :
440 1627 450 1644 ς
465 1618 587 1652 Accipite
603 1622 631 1646 et
646 1619 820 1652 manducate,
831 1628 846 1644 -ι
861 1627 914 1646 non
931 1620 1016 1647 distu-

227 1665 269 1697 lit,
284 1672 338 1693 nec
355 1665 459 1692 servari
477 1665 560 1699 jussit
586 1665 612 1692 in
628 1664 794 1692 crastinum.
825 1664 883 1692 Hoc
899 1665 1015 1694 fortasse

229 1710 352 1747 mystcrii
366 1711 521 1739 continetur
532 1711 615 1738 etiam
631 1711 658 1738 in
671 1718 704 1738 eo
718 1711 790 1746 quod
802 1718 900 1745 panem
912 1712 1014 1747 portari

217 1755 365 1791 ~tzonjubct
381 1756 408 1783 in
426 1755 469 1783 via
487 1761 516 1783 ut
529 1762 638 1791 semper
655 1760 790 1789 recentes,
817 1763 885 1791 quos
902 1757 972 1784 intra
990 1761 1015 1785 te

218 1803 308 1838 egeris,
322 1802 399 1831 verbi
413 1801 463 1829 Dei
478 1809 561 1837 panes
573 1803 708 1837 proferas.
720 1802 842 1837 Denique
856 1802 1015 1831 Gabaonita‘.

226 1849 265 1875 illi
282 1852 427 1884 propterea
441 1848 667 1882 condemnamur,
683 1853 711 1876 et
724 1848 789 1883 ligni
812 1855 928 1876 caesores
942 1869 950 1881 ,
971 1849 1013 1876 vel

220 1901 306 1928 aqua:
320 1897 471 1928 gestatores
485 1893 554 1920 ﬁunt
575 1894 619 1928 qui
637 1901 721 1928 panes
745 1899 851 1922 veteres
875 1895 908 1921 ad
927 1893 1014 1922 Israe-

227 1939 291 1966 litas
303 1939 479 1970 detulerunt,
494 1938 594 1973 quibus
616 1938 657 1965 lex
674 1938 808 1972 spiritalis
819 1938 931 1972 jubebat
942 1946 1013 1966 sent-

227 1992 276 2020 pcr
293 1985 330 2012 uti
349 1985 503 2012 recentibus
516 1989 543 2012 et
560 1986 637 2012 novis
652 1985 683 2012 ⁸⁷.
701 1985 759 2011 Alia
774 1991 839 2012 sane
855 1991 1013 2012 sacramen-

227 2036 317 2058 torunt
337 2030 422 2065 ﬁgura
436 2035 476 2057 est
490 2051 498 2064 ,
515 2038 575 2065 qua:
600 2030 677 2065 jubet
701 2030 783 2057 etiam
798 2030 825 2057 in
855 2030 938 2057 altera
956 2031 1011 2063 die,

218 2075 298 2110 quod
321 2075 485 2110 superfuerit
512 2075 555 2103 edi
571 2095 579 2109 ,
596 2075 664 2102 nihil
681 2082 746 2103 vero
762 2075 789 2102 in
815 2074 921 2102 tertiam
940 2075 1010 2103 diem

218 2120 372 2154 reservari,
386 2120 419 2148 de
434 2128 488 2155 qua
500 2120 557 2148 suis
571 2120 637 2148 locis
651 2120 810 2148 videbimus.
826 2120 882 2148 Sed.
899 2128 933 2148 ne
945 2121 1009 2147 illud

218 2166 333 2200 quidem
345 2173 395 2194 nos
403 2165 557 2198 lateat,esse
564 2164 696 2200 quoddam
703 2169 819 2202 tempus,
826 2166 852 2193 in
861 2174 915 2201 qtto
929 2166 1010 2193 bene-

1074 251 1131 273 ttttn
1147 245 1239 278 fuerit,
1257 251 1302 273 :tttt
1317 247 1338 272 si
1356 247 1537 273 voluntarium
1550 248 1747 275 sacriﬁcaverit
1762 256 1849 277 tnttntts

1072 299 1172 325 suum,
1193 300 1354 327 quacunque
1368 292 1411 319 die
1430 293 1559 320 obtulerit
1576 294 1742 320 sacriﬁcium
1768 301 1850 327 suum,
1883 316 1885 319 .

1072 339 1168 365 edetur
1181 344 1209 365 et
1222 338 1306 364 altera
1322 338 1374 365 die.
1390 338 1424 365 Et
1440 338 1510 372 quod
1529 338 1692 373 superfuerit
1714 339 1748 367 de
1768 341 1852 367 carni-

1071 383 1123 411 bus
1138 384 1265 411 sacriﬁcii
1284 391 1370 418 ttsqtte
1390 384 1416 410 itt
1444 384 1514 411 diem
1533 385 1652 417 tcrtinnt,
1677 385 1739 420 igne
1754 392 1852 412 crema-

1071 427 1155 456 bitur.
1172 428 1200 455 Si
1214 433 1303 456 atttem
1321 429 1488 457 manducans
1501 430 1705 457 manducaverit
1723 439 1755 458 ex
1770 432 1853 458 carni-

1072 475 1177 502 busdie
1192 476 1284 506 tertia,
1303 483 1354 502 tton
1370 476 1422 502 cr-it
1437 482 1578 511 acceptmn
1596 477 1632 508 ei,
1657 477 1702 511 qui
1731 477 1807 503 oﬁert
1825 477 1852 504 il~

1073 521 1128 554 iud,
1147 528 1199 548 non
1218 521 1387 555 reputabitur
1411 522 1446 554 ei,
1473 522 1660 558 coinquinatio
1682 527 1734 551 est.
1758 524 1850 550 Anima

1072 572 1162 594 auten:
1177 567 1198 594 si
1218 575 1270 601 qua
1287 568 1492 595 mattdncaverit
1509 576 1541 595 ex
1559 576 1602 602 eo,
1620 574 1762 603 peccatum
1787 571 1854 597 arci-

1073 612 1137 646 piet.
1157 621 1166 637 l
1194 611 1251 639 lloc
1274 617 1317 639 est
1333 612 1461 639 nimirum
1480 613 1552 647 quod
1573 617 1599 640 et
1627 613 1709 641 David
1736 614 1801 641 dicit
1828 615 1852 642 in

1071 657 1188 686 Psalmis
1199 658 1241 684 '°:
1256 667 1264 682 ι
1281 657 1341 684 Fiat
1351 659 1439 686 oratio
1451 659 1509 693 ejus
1521 658 1548 685 in
1562 663 1717 694 peccatum,
1730 669 1739 685 ι
1753 661 1853 694 quando

1072 711 1125 731 non
1140 704 1226 731 solum
1242 704 1309 730 nihil
1325 705 1429 736 meriti,
1441 705 1489 731 sed
1502 704 1585 732 etiatn
1598 705 1683 738 culpa:
1696 706 1809 732 multum
1823 715 1852 734 ex

1071 749 1213 778 sacriﬁciis
1231 751 1372 785 qumritur.
1405 751 1491 779 Audis
1518 752 1590 778 enim
1611 752 1792 787 legislatorem
1810 755 1854 781 de-

1071 803 1195 828 cernere,
1213 795 1277 830 quia
1291 795 1314 822 si
1333 796 1394 831 quis
1410 797 1615 824 manducaverit
1634 805 1666 824 ex
1684 805 1716 825 eo
1730 800 1800 833 qttod
1812 807 1855 826 sn-

1070 840 1203 875 perfuerit
1214 841 1240 868 in
1258 842 1365 868 tertiattt
1381 842 1463 874 diem,
1481 847 1623 877 peccatqu
1640 844 1764 879 accipiet.
1782 844 1855 873 Unde

1036 876 1057 905 Β
1072 889 1286 923 cognoscendum
1307 893 1349 916 est
1362 893 1462 923 quanta
1489 889 1615 917 humana:
1630 891 1777 918 conditioni
1794 899 1855 926 per:-

1071 939 1192 961 catorum
1206 933 1279 961 labes
1298 934 1462 967 immineat,
1482 942 1543 962 eum
1559 936 1663 962 oriatur
1685 937 1769 964 etiam
1795 937 1856 964 inde

1070 984 1224 1014 peccatum,
1242 980 1313 1006 unde
1328 979 1415 1006 hostia
1433 980 1638 1014 propitiationis
1652 980 1774 1008 offertur.
1796 981 1855 1010 llaec

1070 1024 1150 1051 credo
1166 1024 1247 1058 212
1273 1024 1448 1051 considerans
1464 1023 1558 1051 beatus
1575 1024 1660 1051 David
1674 1045 1682 1056 ,
1698 1024 1803 1052 diccbat
1829 1026 1855 1052 in

1069 1070 1184 1098 Psalmis
1199 1070 1243 1097 “1-:
1263 1079 1272 1095 ι
1291 1070 1405 1098 l’eccata
1429 1071 1490 1105 quis
1503 1070 1650 1105 intelligit?
1668 1079 1677 1096 ι
1697 1071 1756 1097 Voti
1774 1070 1857 1104 igitur

1069 1121 1096 1143 et
1111 1116 1257 1143 voluntatis
1269 1116 1434 1142 sacriﬁcium
1444 1120 1497 1148 est,
1509 1123 1563 1150 quo
1575 1120 1602 1142 et
1618 1116 1735 1142 secunda
1747 1116 1856 1150 quidem

1069 1162 1113 1189 die
1127 1162 1199 1189 vesci
1216 1161 1257 1188 fas
1271 1165 1322 1193 est,
1344 1161 1451 1196 penitus
1465 1168 1530 1188 vero
1545 1161 1685 1196 abjnratnr
1697 1161 1722 1188 itt
1738 1161 1855 1188 tertiam.

1070 1208 1122 1235 Sed
1141 1207 1188 1234 dat
1209 1207 1358 1234 remedium
1377 1206 1584 1241 negligentibus.
1602 1206 1643 1240 Si,
1663 1207 1762 1241 inquit,
1780 1207 1858 1233 inva-

1069 1253 1140 1280 lidus
1151 1252 1247 1283 fueris,
1265 1257 1292 1280 et
1304 1260 1357 1279 non
1374 1252 1496 1287 potueris
1509 1260 1604 1279 omnes
1618 1259 1714 1280 carnes
1728 1253 1856 1280 sacriﬁcii

1069 1299 1187 1326 secunda
1206 1299 1284 1325 ﬁnire
1300 1298 1354 1330 die,
1370 1297 1438 1325 nihil
1451 1298 1484 1325 de
1509 1298 1551 1325 his
1569 1298 1596 1325 in
1611 1298 1656 1326 die
1676 1299 1754 1325 tertia
1768 1306 1860 1326 come—

1069 1344 1127 1377 das,
1145 1344 1192 1371 sed
1212 1343 1266 1378 igni
1286 1345 1362 1371 trade
1379 1343 1450 1378 quod
1469 1349 1605 1378 superest.
1623 1344 1651 1371 Si
1668 1345 1740 1371 enim
1764 1345 1859 1372 volne<

1069 1390 1106 1418 ris
1119 1394 1179 1425 post
1195 1389 1262 1416 duos
1275 1389 1333 1416 dies
1350 1390 1517 1416 tnandueare
1531 1389 1564 1416 de
1591 1389 1739 1421 sacriﬁcio,
1754 1397 1858 1423 petca-

1068 1441 1124 1464 tum
1143 1436 1273 1471 accipies.
1290 1435 1356 1470 Ego,
1375 1440 1456 1470 prout
1471 1442 1569 1462 sensus
1585 1435 1638 1462 mei
1654 1436 1792 1470 capacitas
1806 1436 1859 1462 ha-

1067 1482 1124 1513 bet,
1151 1482 1177 1509 itt
1198 1482 1250 1509 hoc
1265 1481 1346 1508 biduo
1361 1485 1424 1515 puto
1441 1481 1493 1508 duo
1508 1484 1670 1508 testamenta
1688 1481 1812 1516 intelligi,
1831 1482 1861 1508 in

1068 1529 1167 1564 quibus
1182 1528 1264 1555 liceat
1279 1534 1360 1554 omne
1374 1527 1485 1554 verbum
1499 1528 1567 1562 quod
1586 1527 1618 1554 ad
1635 1528 1718 1554 Deutn
1737 1529 1863 1562 pertinet

1070 1575 1079 1611 (
1095 1575 1146 1601 hoc
1164 1574 1235 1601 enim
1253 1578 1292 1600 cst
1315 1572 1496 1610 sacriﬁcium)
1523 1573 1622 1608 requiri
1640 1594 1648 1607 ,
1677 1579 1704 1600 et
1732 1575 1835 1601 discuti
1853 1596 1861 1605 ,

1069 1624 1150 1654 atqtte
1169 1626 1203 1646 ex
1224 1618 1289 1653 ipsis
1308 1625 1416 1645 omttem
1443 1624 1533 1645 rerum
1559 1616 1701 1644 scientiam
1719 1617 1792 1651 capi.
1829 1617 1862 1644 Si

1069 1665 1133 1700 quid
1156 1669 1247 1691 autent
1271 1663 1455 1698 superfuerit,
1480 1662 1554 1697 quod
1579 1670 1632 1689 non
1661 1662 1752 1690 divina
1778 1663 1864 1690 Scri-

1071 1715 1151 1745 ptura
1167 1710 1313 1743 decernat,
1328 1709 1429 1736 ttullam
1453 1708 1534 1735 aliam
1555 1708 1661 1736 tertiam
1690 1709 1865 1742 scripturam

1069 1756 1166 1783 debere
1182 1755 1214 1781 ad
1235 1753 1557 1782 auctoritatemscientite
1578 1754 1690 1788 suscipi,
1709 1754 1774 1788 quia
1796 1755 1864 1782 haec

1068 1801 1126 1828 dies
1153 1801 1230 1828 tertia
1254 1800 1433 1832 nominatur,
1458 1798 1506 1826 sed
1533 1799 1588 1833 igni
1610 1800 1750 1826 tradamus
1782 1801 1863 1834 quod

1067 1852 1202 1882 superest,
1218 1847 1243 1873 id
1260 1851 1303 1873 est
1329 1846 1383 1873 Deo
1409 1852 1591 1873 reservemus.
1614 1843 1707 1878 Neque
1725 1849 1800 1872 enim
1835 1848 1864 1873 in

1067 1892 1195 1928 praesenti
1210 1891 1263 1918 vita
1283 1891 1352 1918 Deus
1366 1890 1436 1917 scire
1450 1897 1499 1917 tios
1514 1890 1604 1917 omnia
1626 1889 1718 1921 voluit,
1736 1891 1867 1918 maxime

1066 1946 1127 1966 cum
1137 1937 1196 1964 etid
1205 1936 1347 1972 Apostolus
1359 1936 1432 1963 dicat
1443 1935 1466 1952 "
1480 1943 1488 1963 :
1504 1944 1514 1961 ι
1530 1935 1597 1969 Quia
1609 1943 1641 1962 ex
1656 1940 1733 1970 parte
1741 1937 1866 1968 sciturus.

1066 1989 1093 2011 et
1108 1991 1139 2011 ex
1155 1987 1233 2018 parte
1250 1982 1455 2018 propltetatnus.
1473 1981 1540 2008 Cum
1556 1982 1660 2008 venerit
1674 1986 1768 2009 autem
1784 1985 1866 2016 quot

1065 2027 1213 2064 perfectum
1229 2032 1280 2060 est,
1295 2028 1469 2054 destruentur
1484 2026 1527 2053 illa
1539 2033 1599 2060 quae
1612 2035 1644 2053 ex
1659 2032 1736 2061 parte
1749 2032 1832 2054 sunt.
1855 2037 1864 2054 ι

1065 2074 1119 2102 lsle
1133 2081 1173 2102 est
1189 2082 1253 2108 ergo
1268 2073 1349 2108 ignis,
1363 2072 1407 2099 cui
1421 2079 1480 2106 qua:
1496 2072 1522 2098 in
1541 2072 1650 2099 tertium
1668 2072 1738 2099 diem
1755 2080 1868 2107 super-

1066 2120 1186 2152 fuerint,
1205 2126 1314 2147 servare
1332 2118 1471 2149 debemus,
1486 2121 1514 2144 et
1537 2124 1589 2144 non
1609 2118 1766 2146 temeritate
1783 2127 1867 2153 pra-

1063 2172 1167 2200 sutupta
1175 2171 1343 2193 assttmamus
1352 2163 1429 2190 nobis
1437 2167 1595 2190 cunctorum
1605 2162 1758 2198 scientiam,
1770 2171 1802 2193 ιιι
1816 2174 1877 2194 mc-

226 2212 310 2240 dictio
336 2212 372 2239 sit
396 2211 533 2239 veteribus
551 2211 633 2238 vesci.
656 2210 724 2238 Nam
740 2211 773 2239 de
786 2218 858 2238 anno
882 2211 1008 2246 septima,
1027 2221 1047 2248 υ
1065 2207 1637 2243 ritonobisdicaturabeodemApostolo":t
1648 2209 1809 2237 nescientes
1821 2220 1872 2238 nc-

225 2257 270 2291 qui
284 2257 451 2285 remissionis
465 2263 553 2283 annus
566 2255 609 2283 vel
620 2255 775 2283 sabbatieus
792 2256 958 2286 nominatur.
973 2257 1008 2284 ita

225 2302 326 2330 dicitur
339 2301 383 2330 διε
402 2311 412 2328 ‹
433 2301 620 2334 Manducabis,
643 2300 742 2335 inqttit,
756 2304 857 2334 vetera,
875 2306 901 2329 et
918 2307 1007 2329 vetera

220 2353 356 2376 veterum.
379 2357 389 2374 ι
406 2347 483 2376 Tunc
496 2347 546 2375 sub
560 2346 667 2381 septimi
687 2346 750 2374 anni
771 2347 910 2382 mysterio,
925 2353 953 2374 ιιι
967 2347 1009 2374 di-

223 2393 322 2426 ximus,
337 2393 493 2421 benedictio
508 2396 550 2419 est
564 2395 655 2419 vetera
670 2391 844 2425 manducare,
860 2399 931 2419 nunc
944 2398 1008 2419 vero

223 2439 395 2475 prohibetur.
416 2438 470 2465 Sed
487 2437 586 2465 multus
609 2442 652 2465 est
671 2443 800 2464 excessus
826 2436 932 2464 haerere
960 2444 1008 2471 per

223 2485 281 2513 luce
297 2485 401 2520 singula
429 2483 484 2521 (50)
499 2504 507 2517 ,
534 2488 561 2512 et
576 2491 607 2511 ex
624 2483 766 2511 occasione
791 2482 1006 2510 testimoniorum

223 2532 329 2567 longius
342 2531 450 2567 evagari
462 2551 470 2565 ,
487 2537 547 2558 cum
559 2529 716 2564 explanatio
730 2535 801 2556 nunc
812 2529 1006 2556 sacriﬁciorum

221 2578 353 2606 habeatur
373 2578 400 2605 in
421 2577 556 2605 manibus.

273 2647 296 2664 "
313 2647 396 2675 lCor.
411 2655 457 2674 xw
469 2666 476 2679 ,
492 2647 536 2674 14.

218 2680 331 2710 "‘Psal.
352 2689 407 2716 CIX,
422 2683 452 2709 ’1.
508 2682 529 2697 ⁸¹
544 2681 618 2708 Psal.
644 2689 720 2714 xvut,
736 2682 779 2708 15.

593 2645 616 2662 ⁸⁸
632 2646 726 2673 Matth.
753 2653 836 2678 xm,
856 2645 903 2672 26.

254 2751 311 2786 (48)
325 2750 386 2786 Με..
398 2759 409 2777 ι
424 2750 586 2778 oblatione.»
597 2751 676 2778 Libb.
686 2751 764 2782 editi,
779 2759 788 2776 ι
799 2749 976 2777 oblationem.
991 2758 1000 2774 ι

256 2788 312 2820 (ω)
331 2785 408 2813 Libb.
424 2790 502 2812 antea
515 2786 592 2817 editi,
612 2795 620 2810 ι
637 2786 775 2812 Psalmutn
790 2786 878 2812 dicant
894 2785 1002 2818 spiritui,

219 2821 351 2854 psalmum
369 2821 456 2846 dicam
479 2825 506 2846 et
533 2826 632 2847 mente.
657 2820 693 2846 ita
714 2828 780 2854 ergo
803 2825 829 2846 et
856 2825 881 2846 ttt
898 2821 954 2845 sive
969 2827 1002 2845 ex

220 2856 370 2882 eruditione
391 2855 516 2889 Spiritali,
532 2860 557 2880 et
573 2863 606 2881 ex
618 2856 695 2890 ldum)
712 2856 804 2888 gratia:
827 2855 882 2887 Ilci,
902 2863 909 2878 t
929 2859 981 2880 etc.
996 2862 1002 2888 ;

957 2645 979 2660 ⁸⁷
994 2643 1051 2671 Jos.
1070 2651 1108 2670 tx.

836 2681 859 2697 ⁸¹
881 2681 891 2707 l
914 2680 975 2708 Cor.
995 2679 1083 2711 xttt,9.

1062 2266 1114 2294 que
1123 2265 1181 2292 quae
1190 2257 1474 2292 loquuntur,nequede
1483 2256 1730 2292 quibusaﬁirmant.
1740 2255 1797 2283 »Νε
1811 2257 1874 2284 for—

1063 2309 1089 2331 te
1102 2311 1167 2338 ergo
1176 2311 1227 2330 non
1241 2302 1436 2337 ﬁatacceptnm
1446 2303 1607 2330 sacriﬁcium
1620 2307 1796 2336 nostrutn,et
1810 2304 1875 2331 hoc

1062 2351 1147 2384 ipsum
1156 2348 1227 2383 quod
1233 2356 1264 2376 ex
1273 2348 1370 2375 divinis
1378 2347 1655 2382 Scripturiscupimns
1662 2348 1813 2376 scientiam
1824 2357 1876 2376 ca-

1062 2402 1137 2429 pere,
1145 2397 1264 2420 vertatur
1273 2393 1350 2419 nobis
1357 2393 1382 2419 itt
1392 2397 1684 2427 peceatum,servemus
1692 2399 1739 2419 eas
1747 2401 1875 2420 mensu-

1062 2446 1186 2473 ras,quas
1196 2438 1272 2465 nobis
1278 2445 1325 2472 per
1333 2438 1514 2473 lcgislatoretn
1525 2437 1564 2464 lex
1575 2437 1705 2471 spiritalis
1713 2439 1844 2466 euut-tia
1851 2445 1874 2467 ι,

1099 2483 1142 2509 10.
1171 2492 1180 2508 ι
1208 2483 1239 2508 Et
1265 2490 1361 2509 carnes
1387 2489 1555 2517 qurcunque
1585 2486 1664 2508 tacta:
1683 2481 1793 2509 fuerint
1833 2485 1876 2511 ab

1062 2528 1136 2554 omni
1156 2527 1304 2558 immundo,
1321 2534 1373 2553 non
1391 2527 1634 2558 mattducabuutur,
1662 2526 1716 2562 igni
1742 2534 1875 2555 crema-

1063 2570 1174 2600 buntur.
1190 2571 1286 2599 Omnis
1301 2573 1415 2598 mundus
1430 2572 1603 2599 manducabit
1620 2579 1728 2605 carnes,
1747 2577 1776 2598 et
1799 2575 1877 2601 ani-

1138 2642 1186 2703 ﬂ":
1384 2641 1429 2669 ‘22.
1483 2641 1505 2658 ιθ
1522 2640 1608 2669 Levit.
1621 2648 1668 2668 vn.
1684 2640 1730 2672 16,
1750 2640 1801 2675 Π,
1819 2642 1877 2672 18.

1240 2686 1285 2704 ιιιι.
1309 2685 1327 2710 t,
1349 2685 1370 2704 ι.

1057 2748 1104 2775 sed
1123 2755 1172 2773 ms.
1192 2751 1221 2773 ut
1238 2747 1262 2773 in
1282 2751 1376 2773 nostro
1393 2750 1480 2773 textu.

1094 2783 1150 2817 (50)
1166 2781 1225 2813 Ms,
1249 2791 1258 2806 ι
1275 2782 1386 2808 ιιιιιΙιιιιιι
1405 2786 1446 2807 est
1458 2788 1586 2808 excessum
1601 2780 1703 2807 habere
1722 2789 1776 2817 per
1801 2782 1878 2810 [nec

1058 2818 1172 2851 singula.
1192 2826 1201 2842 ι
1221 2817 1301 2842 Paulo
1314 2821 1373 2850 post
1391 2816 1455 2843 libb.
1469 2817 1544 2847 editi,
1563 2825 1572 2840 ‹
1588 2824 1649 2842 cum
1673 2816 1875 2850 explanatio—

1059 2861 1119 2879 nem
1138 2852 1333 2879 sarriticiorutn
1349 2852 1495 2878 habeamus
1512 2852 1536 2877 itt
1554 2851 1689 2878 manilius.
1709 2862 1718 2876 ι
