1894 3058
28 145 69 173 ιω
620 147 653 174 1N
673 144 859 174 LEVtthuu
882 143 1023 171 nonius
1047 145 1076 171 v.

1611 146 1626 172 4
1631 147 1664 173 (12

27 211 65 232 at:
78 211 255 239 quacunque
273 205 478 232 ntauaucaverit
494 213 591 233 carnes
605 205 733 232 sacriﬁcii
752 206 824 230 salu-
840 202 862 229 Α
878 202 1039 229 sanetilicati
1057 207 1148 229 essent
1162 202 1235 235 prius
1252 206 1278 229 et
1294 202 1384 228 tnundi
1401 202 1500 234 allecti,
1515 211 1611 232 carne.
1624 205 1666 231 eis

27 251 89 278 taris
103 251 177 285 quod
186 256 232 278 est
255 251 393 283 Domino,
428 256 454 279 et
482 251 653 279 immunditia
670 251 728 285 ejus
747 251 773 277 itt
791 257 824 277 eo

27 295 118 328 fuerit,
135 297 241 331 peribit
257 296 351 324 anima
377 296 421 324 illa
439 297 471 324 de
490 296 589 331 populo
604 304 665 324 suo.
682 296 715 324 Et
733 296 824 323 anima

28 349 199 378 quacunque
219 344 346 378 tetigerit
360 351 468 371 ontnem
497 351 553 370 rem
569 343 736 370 immundam
749 364 757 377 ,
783 342 824 370 vel

28 391 59 417 ab
78 390 254 417 immunditia
272 390 401 422 hominis,
417 389 459 417 vel
479 389 686 424 quadrupedum
704 389 823 416 immun-

26 435 136 467 dorum,
156 435 201 462 vel
219 436 255 462 ab
273 435 348 463 omtti
363 435 583 463 abominamenlo
598 434 656 470 (5|)
671 434 821 468 immundo,

25 485 52 506 et
79 480 294 508 manducaverit
323 488 356 507 ex
382 480 511 507 carnibus
536 479 663 507 sacriﬁcii
694 479 824 507 salutaris

25 526 98 560 quod
129 532 174 554 est
192 526 313 559 Domini,
339 526 436 560 peribit
464 526 556 553 anima
593 525 639 553 illa
665 526 699 553 de
725 525 824 560 populo

23 580 74 600 suo
87 573 125 599 ".
142 582 152 598 ι
171 572 307 608 Triplices
319 572 502 600 immunditia:
513 579 610 600 causas
622 572 665 599 hic
684 571 824 606 legislator

24 619 168 653 exposuit.
184 617 286 651 Unam,
303 626 337 646 ne
351 626 448 646 carnes
462 617 658 646 sacriﬁciorum
671 618 760 653 aliqua
776 619 825 645 im-

23 665 165 692 mnnditia
177 666 382 700 contingantur.
398 665 499 698 Aliam,
510 673 543 693 ne
553 666 576 692 is
591 665 635 700 qui
651 666 706 692 edit
723 672 822 692 carnes

23 710 160 738 sacriﬁcii
178 711 337 738 immundus
353 711 399 743 sit,
419 716 447 738 et
462 711 633 738 immunditia
646 710 706 746 ejus
719 711 744 737 itt
763 711 821 746 ipso

25 758 72 784 sit.
96 757 235 790 Tertiam,
262 758 334 792 quod
363 758 412 785 etsi
442 764 539 786 carnes
565 757 671 784 munda:
694 758 768 790 sint,
796 763 824 785 et

25 803 86 837 ipse
100 803 150 837 qui
179 803 235 830 edit
249 804 370 830 mundus
386 803 431 837 sit,
451 808 539 831 tamen
555 811 589 831 ne
606 804 749 839 contigerit
776 805 824 831 ali-

22 848 89 883 quid
106 849 291 881 immundum,
305 850 345 877 vel
360 858 373 876 a
387 850 531 884 pecoribus
545 849 588 876 vel
598 851 632 877 ab
645 851 742 878 avibus
755 851 822 887 (5'2),

877 255 929 275 non
943 248 1021 275 daret
1042 248 1123 275 Deus.
1151 248 1225 275 Bene
1241 253 1333 275 autem
1360 248 1530 277 elententiam
1556 251 1664 278 Domini

876 293 1016 328 legislator
1032 295 1164 327 ostendit,
1184 300 1212 322 ιιι
1229 303 1282 322 non
1295 295 1400 324 diceret
1416 297 1479 331 quia
1503 305 1555 324 nott
1585 306 1664 324 tuan-

875 340 956 368 ducet
980 348 1077 368 carnes
1104 341 1131 368 itt
1158 349 1211 376 quo
1240 342 1291 368 fuit
1317 342 1510 377 intmunditia,
1533 345 1580 372 sed
1607 345 1664 377 ait,

876 385 902 412 in
917 394 970 421 quo
995 387 1164 415 initum-ditia
1178 387 1236 422 ejus
1252 388 1278 415 in
1303 389 1361 423 ipso
1377 395 1428 417 est.
1453 389 1539 417 Nemo
1560 392 1663 418 ctenim

876 433 933 462 fere
961 433 1122 466 invenitur,
1146 434 1171 460 in
1184 441 1238 468 quo
1255 441 1307 461 non
1324 434 1374 461 fuit
1389 435 1568 463 immunditia.
1589 437 1665 464 Inve-

876 478 926 506 niri
945 484 1034 506 autem
1047 483 1146 514 potest,
1166 480 1192 506 itt
1208 487 1262 515 quo
1274 480 1358 508 fuerit
1373 481 1491 515 quidem,
1508 482 1554 509 sed
1570 483 1662 510 audita

876 524 935 560 lege
949 525 1056 553 Domini
1071 527 1141 552 ultra
1159 525 1216 559 jant
1245 534 1297 553 nou
1312 527 1359 554 sit.
1377 527 1454 560 Quod
1476 527 1499 555 si
1522 534 1665 562 permanet

875 571 901 597 itt
916 577 948 598 eo
965 571 1138 598 immunditia
1156 579 1216 605 sua,
1243 576 1271 598 et
1295 572 1338 599 itis
1354 573 1454 600 auditis
1469 575 1591 602 converti
1606 583 1665 602 non

875 615 933 642 vult
954 620 980 642 et
995 616 1134 643 emendari
1148 637 1155 649 ,
1171 617 1288 652 peribit,
1316 618 1425 652 inquit,
1456 619 1546 646 anima
1572 620 1617 647 illa
1632 621 1666 648 de

875 661 974 696 populo
988 670 1047 689 suo.
1065 662 1157 690 Tertia
1173 668 1216 690 est
1239 664 1418 691 immunditia:
1442 666 1558 700 species,
1573 674 1625 702 qua
1643 667 1666 696 is

874 708 920 742 qtti
933 707 1051 735 mundus
1064 713 1114 741 est,
1130 709 1153 736 si
1168 709 1270 743 aliqttid
1286 711 1400 745 contigit
1417 711 1598 745 inunundum,
1610 721 1664 741 non
1696 718 1702 722 '

876 757 930 780 tam
944 761 994 781 suo
1008 759 1131 789 peccato,
1145 762 1225 789 quam
1240 755 1326 782 aliena
1342 757 1506 791 contagione
1517 757 1664 792 polluitur;

875 802 904 824 ttt
917 804 981 833 puta
997 799 1021 826 si
1036 799 1098 834 quis
1117 801 1238 828 societur
1254 802 1386 829 amicitiis
1408 808 1435 829 et
1449 804 1588 831 consortio
1612 804 1663 831 ho-

876 844 956 873 minis
970 845 1058 877 lividi,
1077 846 1119 873 vel
1135 846 1272 881 iracundi,
1287 849 1328 875 vol
1353 849 1479 882 adulteri,
1494 855 1521 878 et
1535 851 1591 885 ipse
1606 852 1664 885 qui-

23 881 64 920 vel
81 901 119 921 ex
136 894 270 921 mortibus
294 902 354 928 quae
374 895 514 922 immunda
542 896 714 930 pronuntiata
747 881 820 924 sunt.
839 881 860 909 Β
875 891 934 918 dem
965 892 1084 926 Propriis
1115 893 1221 921 πῑίῦιιε
1245 902 1300 922 "0"
1340 895 1478 924 Ῑηδθηιυι·
1514 897 1665 925 sceleribus

23 938 55 965 Et
76 939 137 966 tunc
158 939 270 974 quidem
289 940 415 967 voluntas
429 946 470 968 est
484 941 649 976 legislatoris
664 942 696 969 de
710 942 762 969 ritu
777 950 820 970 sa-

21 985 197 1012 eriﬁciorum
219 986 403 1020 corporalium
425 986 582 1013 saneientis.
600 987 752 1014 Secundum
771 997 822 1015 tto-

22 1037 89 1058 θυῖε
106 1038 178 1058 vero
190 1032 374 1065 expositionis
387 1032 523 1066 ordinem,
545 1033 589 1060 ubi
607 1041 705 1061 carnes
720 1039 823 1061 sancta:

23 1079 111 1105 verba
129 1077 324 1113 intelliguntur
338 1077 393 1113 (53)
407 1086 467 1106 esse
482 1079 585 1112 divina,
603 1079 755 1114 hujusmodi
775 1081 823 1107 Ita-

23 1123 116 1150 benda
139 1128 187 1151 est
201 1124 360 1152 observatio
374 1143 382 1156 ,
400 1125 462 1158 quia
480 1132 552 1159 sape
582 1126 680 1153 accidit
708 1127 824 1153 nntndas

22 1177 125 1196 carnes
141 1170 268 1205 contingi
281 1171 316 1197 ab
330 1169 420 1204 aliquo
433 1170 581 1203 immttndo,
596 1176 635 1203 ut,
652 1172 726 1198 verbi
741 1180 821 1199 causa

22 1217 159 1250 dixerim,
183 1217 206 1244 si
223 1217 284 1252 quis
311 1217 345 1245 de
375 1217 427 1244 Deo
444 1217 524 1245 Patre
537 1238 544 1251 ,
564 1225 596 1245 ac
616 1217 650 1244 de
679 1218 824 1253 linigenito

22 1263 103 1296 ejus,
122 1267 154 1291 et
182 1262 286 1298 Spiritu
303 1269 417 1298 sancto,
443 1265 524 1300 digno
550 1265 661 1292 deitatis
693 1266 823 1300 mysterio

22 1317 127 1343 purum
148 1309 236 1337 faciat
250 1310 444 1346 sincerumque
462 1318 616 1339 sermonem
627 1331 634 1344 ,
654 1311 782 1338 similiter
797 1316 824 1339 et

22 1355 55 1382 de
71 1355 209 1383 omnibus
235 1357 369 1384 creaturis
385 1357 564 1386 rationalibus
579 1362 708 1392 tauquam
725 1366 739 1384 a
769 1358 824 1385 Deo

22 1400 105 1428 factis
118 1400 156 1427 ad
174 1400 228 1428 hoc
245 1406 275 1428 ut
288 1407 422 1437 caperent
434 1408 461 1430 et
479 1403 665 1437 intelligerent
677 1411 750 1436 eum,
769 1412 822 1432 non

20 1451 118 1474 autem
139 1448 322 1481 consequenti
350 1448 481 1482 mysterio
498 1448 595 1476 atterat
615 1449 698 1476 etiam
731 1449 824 1476 carnis

20 1493 276 1521 resurrectionem.
298 1493 404 1521 Primus
429 1494 539 1528 quidem
566 1494 625 1528 ejus
651 1501 742 1522 sermo
755 1502 825 1530 quo-

874 937 943 972 ejus,
967 938 1058 966 videat
1084 943 1174 966 tamen
1189 947 1263 974 eum,
1283 946 1311 968 et
1335 942 1468 978 intelligat
1486 943 1568 979 213
1595 951 1664 978 quo-

874 984 953 1011 tnodo
991 983 1104 1012 fratrem
1143 993 1224 1013 suum
1259 987 1316 1014 odit
1358 992 1386 1015 et
1427 989 1566 1016 homicida
1601 995 1664 1022 est,

873 1030 915 1056 vel
932 1031 1068 1065 quomodo
1088 1031 1234 1059 insidiatur
1261 1033 1358 1061 alienat
1381 1035 1488 1062 ntulieri
1505 1040 1531 1062 et
1555 1036 1663 1063 adulter

874 1081 927 1109 est,
947 1076 988 1104 vel
1010 1078 1146 1111 qttomodo
1166 1078 1191 1105 itt
1205 1080 1314 1107 caeteris
1336 1081 1491 1116 quibusque
1512 1082 1664 1116 sacrilegus

873 1128 924 1153 est,
944 1130 994 1150 nec
1007 1123 1185 1158 deprehensis
1201 1125 1242 1152 ltis
1260 1126 1426 1153 disoedatab
1438 1126 1496 1160 ejus
1511 1129 1662 1161 consortio,

875 1169 926 1196 iste
940 1174 981 1196 est
1008 1170 1054 1204 qui
1072 1171 1186 1206 conligit
1207 1172 1387 1206 immundum,
1409 1173 1452 1200 vel
1477 1174 1591 1208 animal,
1619 1175 1663 1202 vel

874 1222 963 1247 avem,
989 1215 1031 1242 vel
1056 1216 1240 1250 morticittunt,
1257 1222 1283 1244 et
1302 1217 1389 1245 aliena
1417 1219 1588 1248 immunditia
1605 1221 1664 1256 ipsc

874 1261 991 1295 pollutus
1003 1266 1055 1289 est.
1073 1262 1109 1289 De
1123 1262 1329 1292 dirersitatibus
1345 1270 1434 1293 attletn
1448 1266 1664 1300 immundorum,

874 1310 954 1341 prout
980 1314 1126 1335 occurrere
1151 1308 1249 1342 potuit,
1277 1309 1302 1336 in
1327 1311 1513 1345 superioribus
1529 1313 1663 1342 diximus.

874 1354 928 1380 Aut
941 1361 993 1380 non
1009 1358 1035 1381 et
1047 1353 1191 1388 Apostolus
1204 1356 1351 1383 secundum
1370 1357 1440 1385 lianc
1455 1359 1579 1387 eamdem
1594 1368 1664 1395 prae—

875 1399 947 1433 cepit
957 1399 1156 1433 formam,cum
1168 1401 1260 1428 dicit"
1274 1410 1281 1429 ;
1294 1411 1303 1427 ‹
1313 1401 1392 1431 Nunc
1407 1408 1496 1432 autent
1507 1406 1596 1433 scribo
1606 1405 1665 1442 (55)

875 1445 953 1474 vobis
967 1445 993 1473 in
1014 1446 1139 1481 epistola,
1157 1451 1186 1474 ut
1210 1455 1262 1475 non
1280 1450 1517 1478 commiseeamini
1544 1452 1664 1480 fornica-

875 1490 934 1524 riis,
950 1491 971 1518 si
987 1491 1048 1525 quis
1064 1491 1149 1519 frater
1173 1493 1331 1521 nominatur
1357 1494 1519 1531 fornicator,
1538 1501 1585 1524 aut
1599 1505 1665 1524 ava-

20 1540 99 1566 ιιὶυηι
118 1538 183 1573 (54)
200 1538 321 1573 pet-recte
342 1544 367 1566 ει
385 1544 481 1566 sancte
509 1540 649 1572 disseruit,
666 1540 770 1568 solidus
784 1541 823 1569 εί.
836 1551 860 1583 c
872 1543 933 1569 rus,
952 1542 999 1564 aut
1022 1537 1101 1565 idolis
1124 1539 1258 1573 serviens,
1285 1545 1333 1567 aut
1350 1541 1484 1573 ebriosus,
1502 1546 1550 1568 aut
1569 1550 1665 1577 rapax,

19 1586 70 1612 bus
85 1590 143 1618 est,
158 1593 259 1613 carnes
277 1591 379 1614 sancta:
394 1591 468 1617 sunt,
485 1586 536 1613 hoc
551 1594 616 1614 vero
627 1587 699 1622 quod
716 1587 759 1615 his
775 1589 823 1615 ad-

21 1631 111 1662 ditur.
130 1631 369 1659 resurrectionem
391 1633 483 1660 carnis
510 1633 643 1667 negando,
663 1633 726 1667 quia
755 1632 823 1660 alie-

21 1685 85 1704 num
106 1686 122 1704 a
141 1677 197 1704 lide
212 1682 267 1710 est,
284 1679 474 1713 superioribus
495 1679 620 1713 junctqu
641 1679 770 1715 perlectis
796 1684 823 1707 et

21 1723 155 1751 ﬁdelibus
190 1724 282 1751 verbis
296 1743 305 1757 ,
327 1729 437 1752 sanctas
467 1733 563 1753 carnes
579 1726 777 1753 contaminavit
795 1731 824 1754 et

21 1771 131 1805 polluit.
149 1770 217 1798 Ideo
229 1777 295 1805 ergo
311 1772 442 1806 pra-cepit
456 1772 594 1807 legislator
609 1781 641 1799 ne
657 1773 824 1801 manducen-

22 1822 65 1844 tur
83 1817 250 1851 hujusmodi
269 1825 376 1850 carttes,
392 1819 491 1853 quibus
508 1819 680 1847 immunditia
707 1820 823 1847 inﬁdeli-

20 1864 86 1890 tatis
113 1863 237 1897 alicujus
261 1863 428 1898 adjungitur.
453 1863 599 1900 Propterea
623 1870 649 1892 et
676 1865 823 1901 Apostolus

19 1910 87 1936 dicit
104 1910 130 1925 "
142 1918 151 1936 :
175 1918 186 1934 ι
200 1909 310 1936 Etenim
327 1910 400 1937 diem
424 1909 526 1937 festum
545 1910 715 1938 celebremus
727 1919 780 1939 non
795 1912 821 1939 itt

19 1956 165 1984 termento
184 1956 282 1988 veteri;
302 1964 390 1991 neque
404 1957 430 1983 itt
448 1957 582 1984 fermento
599 1958 711 1985 malitiae
729 1963 757 1986 et
773 1966 822 1985 tte-

18 2003 128 2037 quitix,
141 2002 193 2029 sed
209 2003 236 2028 in
253 2003 356 2037 azymis
372 2001 540 2030 sinceritatis
553 2008 580 2031 et
594 2004 731 2032 veritatis.
746 2014 756 2030 t
774 2004 823 2032 Sc-

18 2048 143 2074 cnndunt
158 2047 343 2074 inmunditiae
358 2054 442 2082 genus
459 2053 510 2080 est,
530 2056 564 2076 ne
579 2049 637 2083 ipse
664 2049 709 2083 qui
725 2056 823 2077 carnes

17 2094 86 2125 edit,
105 2093 272 2121 immundus
289 2093 334 2125 sit,
350 2098 378 2120 ct
394 2093 567 2122 innnunditia
583 2094 643 2128 ejus
657 2095 683 2122 itt
700 2095 761 2130 ipso
771 2095 821 2128 sit,

17 2141 90 2174 quod
107 2141 164 2167 hoc
183 2139 266 2166 tttodo
282 2138 393 2173 intelligi
414 2144 513 2173 potest,
529 2140 606 2167 verbi
626 2141 726 2175 gratia,
747 2141 769 2168 si
786 2141 822 2168 sit

18 2187 122 2222 aliquis
136 2192 249 2213 natura:
264 2185 389 2213 ﬂorentis
399 2207 408 2218 ,
427 2191 454 2214 et
470 2186 592 2214 ardentis
618 2187 717 2222 ingenii
732 2207 740 2220 ,
766 2195 819 2214 non

16 2221 157 2261 continuo
174 2237 258 2267 aptus
273 2232 410 2260 videbitur
433 2233 466 2260 ad
492 2221 666 2268 suscipienda
681 2233 756 2260 verbi
772 2234 818 2260 Dei
836 2221 858 2249 Β

17 2280 170 2316 mysteria,
196 2279 247 2306 sed
261 2279 395 2314 qumritur
409 2279 492 2306 etiam
510 2279 572 2311 hoc,
590 2284 619 2306 ut
631 2279 708 2313 prius
721 2287 735 2306 a
757 2287 821 2314 pro-

15 2328 92 2354 fanis
113 2326 239 2356 actibus,
257 2329 284 2351 et
304 2323 452 2351 immundis
472 2324 600 2358 operibus
614 2328 769 2358 separetur,
795 2329 822 2352 et

16 2375 55 2400 ita
83 2374 202 2400 demum
227 2370 389 2397 eruditionis
405 2377 492 2404 capax
517 2370 574 2402 liat,
594 2370 617 2397 si
644 2370 720 2405 prius
735 2377 822 2405 capax

16 2420 104 2447 fuerit
130 2417 301 2446 sanctitatis.
330 2417 426 2444 Simile
451 2416 493 2443 Itis
511 2417 537 2443 in
565 2415 691 2443 Numeris
708 2416 822 2451 legimus

16 2467 171 2500 scriptum,
190 2463 235 2490 ubi
260 2462 395 2489 Dominus
419 2469 515 2489 carnes
535 2461 644 2489 caelitus
661 2461 735 2489 dedit
760 2461 823 2489 ﬁliis

16 2512 106 2540 Israel
125 2516 154 2538 et
180 2509 249 2536 dicit
269 2509 312 2537 "z
332 2518 342 2535 t
369 2508 585 2536 Sanctiﬁcamiui
605 2508 632 2535 itt
649 2508 816 2541 crastinum,

11 2556 47 2586 ut
61 2555 247 2586 manducetis
262 2562 372 2588 carnes,
390 2564 400 2581 ι
420 2554 471 2582 hoc
485 2553 643 2586 ostendens,
672 2552 744 2588 quod
764 2554 816 2581 nisi

52 2619 77 2634 "
94 2617 191 2645 Levit.
209 2623 257 2648 vn,
272 2615 306 2642 l9
321 2619 348 2641 et
360 2621 441 2649 seqq.
478 2613 502 2629 ⁵⁸
518 2613 529 2640 ι
551 2612 614 2640 Cor.
634 2620 662 2646 v,
676 2613 702 2639 3.

56 2688 116 2723 (51)
132 2686 198 2718 35.,
219 2695 229 2711 ι
246 2685 477 2713 abominamento.
494 2693 503 2709 t
529 2682 607 2710 Libb.
625 2682 701 2715 editi,
721 2691 731 2707 ι
749 2682 817 2709 aboo

22 2731 195 2792 ωιὶἕὲῗὲίξ..
212 2765 222 2781 ι
241 2763 255 2782 a
277 2756 376 2783 bobus.
398 2763 406 2780 t
439 2754 472 2780 Et
487 2752 568 2789 paulo
583 2735 667 2788 lpost,
690 2761 700 2778 ε
719 2752 787 2788 legis
807 2761 816 2779 ι

23 2800 68 2827 pro
83 2803 93 2819 (
114 2792 291 2826 Icgis‘latut'is.
309 2800 318 2817 ν
363 2824 380 2829 __
395 2823 401 2829 _
445 2824 451 2829 _

57 2830 116 2862 (53)
134 2823 213 2854 Libb.
243 2832 324 2853 antea
336 2823 413 2854 editi,
429 2823 645 2862 «intelligantur.
667 2833 675 2848 ι

56 2858 112 2898 ('i’tj
133 2863 213 2890 Libb.
228 2863 307 2894 editi,
325 2870 334 2886 ι
351 2867 444 2895 quem.
459 2868 469 2886 ι
487 2859 519 2886 Et
533 2859 616 2893 paulo
630 2863 706 2893 post,
723 2868 732 2885 ι
748 2858 820 2893 quod

741 2612 764 2628 "
779 2613 859 2641 Nunt.

875 1590 936 1610 cum
965 1583 1117 1617 hujusntodi
1144 1594 1194 1613 nec
1218 1587 1307 1613 cibum
1331 1587 1458 1614 sumere?
1482 1597 1492 1613 ι
1511 1587 1539 1614 ltt
1565 1588 1664 1622 quibus

874 1628 998 1656 onmibus
1009 1630 1072 1664 quid
1091 1630 1220 1658 estaliud
1234 1631 1307 1666 quod
1323 1632 1462 1666 praecepit,
1481 1632 1532 1659 nisi
1549 1639 1583 1659 ne
1597 1632 1665 1661 alie-

875 1675 917 1702 nis
929 1676 1049 1710 peccatis
1061 1681 1088 1703 et
1101 1677 1281 1704 immunditiis
1296 1677 1468 1712 polluantur?

911 1722 953 1748 lt.
973 1731 983 1747 t
1001 1722 1035 1749 Et
1047 1723 1151 1750 locutus
1166 1728 1218 1756 est,
1237 1724 1325 1758 inquit
1339 1723 1374 1756 ”,
1395 1724 1524 1752 Dominus
1540 1725 1573 1752 ad
1588 1725 1663 1762 Moy-

874 1775 921 1795 sen
941 1768 1034 1795 dieetts
1049 1776 1056 1795 :
1072 1768 1194 1804 Loquere
1217 1769 1281 1796 ﬁliis
1307 1768 1390 1796 Israel
1417 1770 1511 1798 dicens
1528 1781 1534 1798 :
1549 1770 1662 1799 Omnem

874 1814 979 1849 adipem
994 1815 1084 1846 boum,
1098 1819 1126 1842 et
1139 1815 1240 1847 ovium,
1258 1821 1285 1842 et
1311 1824 1470 1850 caprarum,
1496 1825 1549 1844 non
1563 1818 1662 1850 edetis,

873 1864 900 1888 et
914 1861 997 1894 adeps
1015 1861 1232 1894 ntorticinorum,
1249 1865 1276 1888 et
1288 1870 1302 1887 a
1317 1861 1373 1888 fera
1391 1868 1531 1896 captorum
1545 1871 1597 1890 non
1610 1865 1663 1891 erit

874 1906 907 1934 ad
921 1914 1003 1934 omne
1016 1914 1095 1941 opus,
1119 1911 1145 1934 et
1162 1907 1190 1934 in
1213 1914 1278 1934 esca
1302 1915 1355 1934 non
1381 1908 1487 1935 edetur.
1510 1908 1604 1936 Omnis
1617 1910 1662 1943 qni

873 1953 981 1987 adipem
997 1953 1061 1980 edet
1079 1960 1112 1980 ex
1132 1953 1278 1987 pecoribus
1295 1961 1327 1981 ex
1345 1953 1443 1988 quibus
1456 1954 1561 1982 oﬂ'crlis
1574 1955 1608 1982 ab
1623 1955 1664 1983 eis

874 2000 989 2027 hostiam
1006 2000 1131 2032 Domino,
1150 2000 1250 2034 peribit
1264 2001 1354 2027 anitna
1369 2001 1414 2027 illa
1436 2001 1470 2028 de
1487 2002 1585 2036 populo
1601 2009 1660 2030 sua.

874 2046 907 2073 Et
921 2053 1028 2074 omnem
1051 2046 1211 2081 sanguinem
1229 2053 1281 2073 non
1303 2046 1390 2074 cdetis
1411 2047 1438 2074 itt
1463 2048 1535 2074 onttti
1556 2047 1662 2075 habita-

875 2093 946 2120 tione
974 2096 1062 2119 vestra
1084 2099 1098 2119 θ
1126 2091 1281 2127 pecoribus,
1308 2096 1335 2118 et
1349 2100 1363 2119 a
1385 2092 1550 2121 volatilibus.
1567 2094 1664 2121 Omnis

874 2138 962 2164 anima
978 2145 1146 2172 quascunque
1162 2138 1368 2166 manducaverit
1381 2139 1553 2174 sanguinem,
1564 2140 1663 2174 pet-itit

875 2184 964 2210 anima
987 2183 1032 2210 illa
1046 2184 1078 2211 de
1103 2184 1201 2219 populo
1223 2192 1283 2212 suo.
1302 2195 1311 2211 t
1332 2185 1431 2220 Adipes
1446 2185 1554 2220 quidem
1565 2193 1660 2213 eorum

874 2230 1044 2263 animalium,
1064 2239 1124 2266 quae
1143 2231 1171 2258 in
1196 2233 1341 2260 sacriﬁciis
1365 2232 1524 2264 oﬂ'eruntur,
1541 2237 1570 2260 et
1593 2232 1661 2260 alio-

875 2285 936 2304 rum
957 2277 1148 2305 nonnullorum
1172 2278 1214 2306 edi
1241 2278 1282 2305 vel
1308 2278 1334 2305 itt
1360 2286 1410 2306 usu
1433 2279 1527 2306 haberi
1546 2279 1664 2314 abnegat

875 2322 1025 2356 legislator,
1050 2323 1210 2357 sanguinem
1240 2330 1305 2350 vero
1328 2322 1419 2350 otnnis
1439 2323 1533 2350 carnis
1557 2323 1662 2350 comedi

874 2374 956 2397 vetat.
975 2369 1002 2395 ln
1020 2369 1207 2403 superioribus
1220 2369 1308 2396 locum
1325 2370 1468 2405 mysticum
1492 2374 1663 2404 pertractan-

874 2419 925 2447 tes,
938 2414 982 2442 ubi
997 2414 1095 2442 vitulus
1113 2415 1138 2442 in
1165 2414 1351 2442 holocaustum
1366 2415 1482 2442 dabatur
1500 2423 1548 2450 pro
1566 2423 1664 2450 pecca-

875 2467 913 2495 to,
927 2466 954 2489 et
971 2461 1064 2496 adipes
1082 2461 1293 2496 imponebantur
1308 2461 1400 2494 altari,
1415 2461 1576 2496 sanguinem
1602 2462 1661 2496 qui-

873 2507 933 2534 dem
949 2514 1002 2540 quo
1017 2513 1049 2533 ex
1067 2511 1143 2540 parte
1159 2505 1248 2541 aliqua
1270 2514 1372 2534 eorum
1402 2507 1574 2537 ﬁniebantur.
1597 2507 1661 2535 reli-

872 2561 940 2588 quus
956 2561 1020 2580 vero
1034 2553 1066 2580 ad
1083 2553 1168 2580 basim
1192 2552 1380 2581 effundebatur
1403 2553 1510 2587 altaris,
1522 2554 1549 2581 in
1564 2561 1661 2584 eorum

881 2621 919 2646 st,
937 2613 980 2640 15.
1018 2612 1041 2627 ⁵⁷
1073 2612 1080 2639 l
1098 2611 1161 2640 Cor.
1175 2620 1200 2645 v,
1214 2612 1242 2639 9.
1280 2612 1302 2628 ⁸⁸
1313 2611 1402 2640 Lavit.
1422 2619 1471 2646 vn,
1487 2611 1525 2638 22
1539 2617 1566 2639 et
1581 2619 1662 2647 seqq.

870 2684 912 2711 his
927 2683 1016 2715 addit,
1033 2682 1242 2710 resurrectionis
1259 2683 1350 2709 carnis
1377 2681 1503 2716 negando
1531 2681 1661 2718 gloriam,

869 2718 944 2753 quia,
961 2727 970 2744 ι
988 2720 1059 2748 e‘tc.;
1076 2718 1125 2744 sed
1142 2725 1192 2744 ms.
1210 2722 1239 2753 ut
1253 2717 1284 2753 in
1298 2722 1395 2744 nostro
1411 2722 1499 2744 text-tt.

907 2753 961 2788 (53)
978 2753 1041 2784 Ms.,
1061 2762 1070 2778 ι
1087 2754 1187 2779 scribo.
1204 2762 1212 2778 t
1228 2752 1306 2779 Libb.
1329 2753 1394 2779 editi
1405 2762 1442 2788 ,η‹
1456 2752 1567 2788 scripsi.
1584 2761 1595 2778 ι
1608 2751 1661 2779 lbi-

871 2787 931 2815 dent
946 2790 972 2815 iu
995 2796 1045 2815 ms.
1066 2788 1153 2820 deest,
1169 2797 1179 2813 ι
1196 2788 1362 2815 l'oruicariis.
1382 2797 1392 2812 ι
1412 2787 1496 2814 Paulo
1511 2792 1574 2820 post
1595 2795 1660 2820 ηις..

874 2833 884 2849 ο
903 2824 953 2852 nisi
976 2831 1009 2850 ne
1032 2823 1140 2855 alienis,
1160 2833 1168 2849 t
1188 2827 1242 2850 etc.
1266 2823 1346 2850 Libb.
1373 2823 1449 2856 editi,
1464 2831 1473 2849 ι
1494 2822 1545 2850 ιιίιί
1562 2829 1596 2851 ne
1610 2828 1659 2851 nos

871 2859 905 2886 ab
919 2859 1028 2891 alienis,
1047 2866 1054 2882 t
1072 2862 1126 2886 etc.
