1894 3058
241 158 292 186 ιῦὖ

241 220 395 255 accepimus
409 219 466 256 (56)
479 220 604 254 ﬁguram,
621 220 665 255 qui
680 221 806 250 residuus
820 222 920 249 dicitur
931 221 1024 255 Israel,
1041 225 1062 252 Α

241 272 269 294 et
281 271 423 301 postquam
436 266 574 300 plenitudo
595 267 716 301 gentium
739 267 937 300 subintroierit,
951 269 1024 296 salu-

242 318 294 339 tem
310 313 336 339 in
352 312 505 339 novissimis
521 318 622 345 sperat.
636 312 736 347 Adipes
749 320 814 340 vero
827 314 944 340 animam
956 314 1027 341 dixi-

242 366 301 385 mus
322 358 434 390 Christi,
450 366 509 393 quae
525 364 567 386 est
589 359 707 386 Ecclesia
723 358 875 386 amicorum
894 359 962 394 ejus,
977 367 1026 394 pro

241 405 336 439 quibus
354 405 471 432 animam
489 412 564 431 suant
579 405 676 437 posuit.
694 404 786 432 Potest
801 412 866 440 ergo
880 405 937 432 ﬁeri
956 412 982 433 et
999 407 1024 433 in

241 451 291 478 hoc
304 450 372 481 loco,
388 455 416 476 ttt
430 450 500 484 quod
512 451 654 477 mandatur
670 457 703 477 ne
718 450 780 485 quis
804 451 895 484 adipes
911 451 973 478 edat
991 460 1024 479 ex

242 497 283 523 his
296 504 356 531 qum.
371 496 482 522 Domino
501 494 660 528 offeruntur,
687 495 738 522 hoc
752 496 787 522 sit
801 496 872 530 quod
891 501 917 523 et
933 496 1025 524 Domi-

240 549 290 567 nus
307 541 410 568 dicit"
426 550 432 567 :
448 541 486 568 Ne
501 541 562 575 quis
585 541 752 568 scandalizet
779 549 860 568 unum
876 549 907 568 ex
922 541 963 569 his
980 542 1026 569 rui-

240 587 332 619 nimis,
351 587 395 621 qui
410 586 525 613 credunt
539 586 564 612 in
579 593 630 612 me.
643 585 720 619 Quod
737 590 829 613 autem
845 588 956 622 sanguis
965 587 1026 613 nul-

241 632 292 658 lius
308 632 433 658 animalis
445 632 487 658 edi
501 632 620 666 juhetur,
637 632 702 658 illud
717 631 832 659 fortasse
849 633 893 664 sit,
912 634 982 666 quod
991 632 1025 660 ‘de

241 679 373 705 lsraelitis
389 678 453 704 dicit
465 678 612 712 Apostolus
627 677 649 692 °°
665 685 671 703 :
692 687 701 702 ε
721 677 794 705 Dicis
810 685 885 713 ergo,
904 679 926 705 si
944 678 1023 706 fracti

240 729 303 750 sunt
315 724 421 756 ratui,ut
434 730 484 757 ego
500 723 614 750 inserar.
628 722 823 758 Beue,propter
849 724 1025 751 incredulita-

240 776 293 797 tem
310 770 388 796 fracti
403 775 476 796 sunt.
496 768 534 796 Tu
549 774 638 797 autent
655 769 707 796 ﬁde
726 774 782 797 stas
795 769 862 805 (57),
876 770 928 797 noli
941 770 1024 797 altum

240 823 347 850 sapere,
363 816 409 842 scd
434 817 508 842 time.
532 824 543 841 ›
561 815 594 841 Ει
615 815 714 842 iterum
738 815 760 830 “
779 823 785 841 :
807 824 816 841 ι
840 814 899 843 Noli
916 815 1024 850 gloriari

240 863 370 889 adversus
386 869 485 893 ramos,
504 871 512 887 ι
529 868 582 896 quo
597 861 701 888 scilicet
720 861 795 888 casui
816 868 909 888 eorum
933 861 1024 889 nullus

241 907 417 936 insultet.'Ne
435 907 506 935 forte
519 908 590 935 sicut
610 908 679 934 idem
701 907 846 942 Apostolus
861 907 938 941 dicit,
957 913 983 934 et
997 913 1024 934 tu
1043 903 1062 930 Β

239 955 385 987 t-xcidaris,
407 960 430 981 et
446 954 483 981 illi
507 954 529 980 si
546 961 598 980 non
626 954 826 986 permanserint
840 954 864 980 in
882 954 1026 980 increduli-

241 1006 294 1028 tate
311 1001 473 1027 inserantur.
496 1000 613 1034 Sanguis
632 1003 722 1026 autem
745 1003 810 1033 puto
823 999 894 1033 quod
909 999 1025 1034 populus

240 1047 283 1073 ille
296 1051 481 1080 competenter
495 1045 672 1080 intelligatur.
690 1044 748 1072 Non
765 1045 836 1072 enim
849 1053 880 1072 ex
899 1045 961 1078 ﬁde,
977 1054 1024 1073 ne-

239 1101 290 1127 que
305 1100 336 1120 ex
361 1092 456 1127 Sllll'llll
475 1092 621 1124 Abraham,
641 1093 688 1119 scd
714 1096 818 1119 tantum
834 1099 866 1119 ex
892 1092 1025 1126 sanguine

238 1139 296 1174 ejus
311 1139 490 1166 de<ccndunl.

275 1198 317 1224 12.
336 1197 398 1224 Post
424 1197 481 1224 lucc
492 1197 514 1214 "
531 1205 537 1222 :
555 1205 563 1221 ι
585 1195 619 1223 Ει
645 1195 750 1222 locutus
778 1200 820 1223 est
848 1195 976 1223 Dominus
991 1196 1024 1223 ad

241 1244 350 1277 Moysen
374 1243 467 1270 dicens
483 1242 575 1270 :Filiis
601 1242 682 1269 Israel
704 1242 814 1277 loquere
834 1242 928 1269 dicens
946 1250 952 1268 :
973 1242 1023 1275 Qui

239 1289 319 1317 ochrt
333 1289 496 1317 sacriﬁcium
513 1288 641 1316 salutaris
656 1289 696 1315 sui
716 1288 841 1320 Domino,
861 1287 956 1315 offeret
968 1284 1025 1315 mu;

240 1343 290 1363 nus
304 1343 382 1362 suum
402 1334 516 1362 Domino
527 1335 554 1362 in
567 1333 701 1362 sacriﬁcio
716 1334 843 1361 salutaris
854 1334 907 1361 sui.
929 1334 1023 1361 Manus

238 1382 298 1416 φυῇ-ιε
312 1380 428 1408 oll‘erent
453 1380 570 1408 hostiam
592 1380 717 1412 Domino,
738 1380 844 1414 adipem
873 1379 920 1415 qtti
944 1387 1025 1415 super

239 1427 427 1463 pectusculum
440 1433 498 1460 est,
514 1431 541 1454 et
553 1427 661 1461 pinuarn
677 1426 778 1460 iecoris
795 1436 801 1453 :
818 1426 913 1454 offeret
928 1434 958 1453 ea
975 1427 1023 1459 ita,

239 1478 408 1508 utponalur
433 1473 530 1500 donum
557 1477 653 1499 contra
677 1471 830 1498 Dominum.
856 1472 887 1498 Et
904 1472 1024 1507 imponet

239 1522 366 1550 Sacerdos
381 1521 496 1554 adipem,
512 1520 556 1554 qui
570 1523 612 1546 Cal.
626 1526 706 1552 super
720 1518 917 1554 pectusculum,
942 1526 1025 1553 super

239 1568 337 1599 altare,
351 1571 377 1593 ct
394 1567 447 1593 crit
461 1565 645 1600 pectusculum
665 1565 758 1591 Aaron
779 1569 807 1591 et
831 1564 896 1592 ﬁliis
911 1564 979 1599 ejus,
996 1570 1022 1592 ct
1036 1580 1058 1608 ϐ

237 1615 378 1642 brachium
396 1614 521 1640 dextrum
545 1612 643 1639 dabitis
663 1612 863 1646 separationem
885 1612 1021 1639 sacerdoti

237 1714 300 1734 nem
318 1705 456 1736 saltttaris,
481 1709 507 1731 et
522 1704 627 1738 adipem
641 1711 674 1731 ex
701 1703 763 1730 ﬁliis
775 1702 877 1736 Aaron,
899 1704 950 1738 ipsi
967 1704 1022 1731 erit

235 1751 376 1779 hracbium
394 1750 518 1777 dextrum
533 1749 560 1776 in
573 1753 668 1784 parte;
686 1749 871 1784 pectusculum
885 1750 957 1777 enim
971 1750 1021 1776 iut-

235 1796 386 1833 positionis,
411 1801 438 1823 et
455 1795 595 1822 brachium
624 1796 786 1829 demptiouis
809 1796 901 1830 accepi
917 1803 931 1822 a
959 1796 1021 1823 ﬁliis

235 1844 317 1872 Israel
343 1852 357 1871 a
380 1843 521 1870 sacriﬁciis
545 1842 711 1870 saltttaribus
737 1846 846 1875 vestris,
872 1847 899 1870 ct
914 1844 973 1870 dedi
989 1851 1019 1871 ca

234 1891 324 1917 Aaron
337 1889 482 1921 sacerdoti,
497 1893 525 1915 et
543 1888 604 1915 ﬁliis
620 1889 688 1923 ejus,
711 1888 860 1923 legitimum
889 1895 1020 1916 aeternum

234 1944 250 1963 a
267 1936 327 1964 ﬁliis
341 1935 435 1962 Israel.
452 1944 462 1961 ›
482 1934 537 1962 lloc
551 1939 592 1962 est
604 1935 767 1962 sacrificium
781 1935 854 1969 quod
865 1935 964 1962 dicitur
977 1942 1020 1962 sa-

235 1982 331 2009 lutare.
348 1981 424 2014 Quod
444 1979 608 2007 sacriﬁcium
634 1986 714 2006 nemo
729 1978 807 2006 oﬂert
831 1978 953 2012 Domino,
970 1979 1019 2006 nisi

234 2028 280 2063 qui
297 2034 380 2054 sanus
392 2031 444 2058 est,
459 2031 487 2053 et
501 2025 599 2053 salutis
618 2033 673 2053 suae
695 2025 832 2058 conscius,
848 2026 950 2060 gratias
969 2025 1021 2053 Do-

235 2074 308 2101 mino
323 2073 416 2100 refert.
433 2072 516 2098 Nemo
529 2078 594 2106 ergo
608 2072 653 2106 qui
666 2079 737 2106 trger
751 2075 792 2098 est
806 2071 906 2104 animo,
920 2076 947 2099 et
963 2071 1022 2098 lano

235 2119 331 2155 guidus
352 2119 379 2145 in
402 2118 541 2152 operibus,
556 2117 656 2145 olfcrre
673 2121 763 2152 potest
786 2117 954 2145 sacriﬁcium
973 2125 1020 2144 sa-

235 2167 331 2193 ltttare.
347 2163 394 2191 Vis
410 2164 501 2191 videre
523 2164 584 2198 quia
601 2171 679 2190 uento
690 2171 760 2199 {eger
776 2169 803 2191 et
818 2163 960 2198 languidus
973 2171 1021 2199 po-

237 2217 289 2238 test
305 2210 368 2237 illud
387 2209 485 2237 offerre
510 2208 691 2236 sacriﬁcium?
715 2208 849 2243 Leprosus
863 2209 918 2241 ille,
936 2216 1017 2243 quem

233 2258 261 2284 in
278 2254 422 2290 Evangelio
448 2254 576 2281 Dominus
603 2260 714 2280 curasse
737 2252 900 2279 describitur
915 2252 948 2285 ”,
964 2260 1017 2279 nou
1036 2254 1056 2282 D

235 2305 340 2336 poterat
363 2298 460 2326 oﬁ'erre
484 2298 621 2329 hostiam,
648 2297 734 2324 donec
755 2297 836 2331 lcprte
858 2296 1019 2332 tegritudiue

236 2347 389 2374 tenebatur.
406 2345 473 2372 Cum
490 2349 579 2371 autent
593 2343 709 2370 accessit
723 2344 756 2370 ad
773 2342 878 2374 Jesum,
903 2347 927 2370 el
943 2351 1019 2369 utun-

234 2393 313 2417 datus
330 2395 384 2423 est,
400 2389 582 2423 tuucjubctur
594 2389 618 2416 ei
630 2396 646 2415 a
663 2388 777 2416 Domino
789 2387 887 2415 oﬂ‘crre
907 2395 1018 2415 munera

233 2436 267 2464 ad
282 2436 377 2467 altare,
392 2445 402 2459 ι
419 2435 489 2470 quod
507 2434 647 2470 praecepit,
661 2433 750 2469 inquit
764 2434 797 2466 ",
815 2433 920 2470 Moyses
936 2434 962 2462 in
977 2439 1019 2462 te-

233 2482 391 2509 stimonium
406 2481 468 2508 illis.
483 2490 494 2508 ›
508 2480 614 2508 Audisti
631 2480 692 2515 quis
707 2480 754 2512 sit,
770 2480 814 2514 qui
826 2479 924 2507 oﬂ'erre
937 2480 1020 2507 debet

232 2528 350 2555 hostiam
368 2527 506 2558 salutaris,
536 2527 598 2553 audi
619 2534 689 2553 nunc
705 2527 842 2561 quomodo
863 2526 1015 2554 debeatof-

234 2574 316 2600 ferre.
333 2581 343 2598 ι
362 2571 467 2604 Manus,
493 2571 589 2606 inquit,
614 2571 672 2603 ejus
694 2571 810 2599 otfcrent
831 2572 949 2599 hostiam
966 2572 1019 2599 Do-

231 2619 316 2646 tniuo.
335 2628 344 2645 ι
361 2617 488 2653 Nunquid
512 2626 565 2645 non
588 2619 728 2645 evidenter
750 2619 851 2645 clamat
866 2618 1018 2652 legislator,

234 2665 296 2698 quia
316 2672 368 2692 non
386 2665 466 2692 homo
490 2664 590 2699 estqui
616 2664 695 2692 otl‘ert
712 2665 840 2697 hostiam,
860 2664 908 2691 sed
923 2671 1019 2692 manus

269 2711 294 2746 ’ξ
306 2711 399 2738 Matth.
412 2719 489 2742 xrnt.
503 2712 529 2739 ϐ.
568 2713 590 2728 ⁵ο
606 2712 683 2740 l'tont.
701 2719 738 2746 ιι,
760 2712 802 2740 l9.
852 2712 872 2728 "
891 2711 967 2745 ibid.,
986 2712 1027 2740 l8.

234 2746 257 2763 ³³
271 2745 331 2773 Gal.
350 2754 375 2776 v.
390 2746 434 2774 22.
474 2747 496 2762 "
511 2747 580 2774 Psal.
596 2754 652 2778 λιι,
670 2747 697 2774 4.

272 2789 327 2826 (56)
353 2789 414 2827 μξ..
435 2800 443 2816 ι
462 2792 627 2827 accepimus.
648 2801 657 2818 ι
684 2792 762 2820 Libb.
787 2793 862 2824 editi,
885 2802 893 2818 ι
918 2794 1020 2827 accipi-

236 2832 306 2852 mus.
319 2824 423 2865 ‘t‘lnfra
440 2827 505 2866 libb.
520 2824 596 2865 editi,
611 2836 624 2853 1
644 2828 670 2853 in
692 2829 848 2855 novissimis
863 2824 985 2862 sperant.
1007 2838 1015 2854 ι

236 2868 298 2889 ωε..
317 2867 327 2885 Ι
346 2866 374 2886 111
389 2867 542 2887 ιιονιιςιιιιιδ
556 2866 656 2895 δουναι.
674 2871 683 2888 Ι

963 158 1125 187 ORIGENIS

1820 163 1879 190 ιω

1078 223 1145 258 ejus,
1169 224 1195 250 id
1220 229 1260 251 est
1276 232 1356 259 opt-ra
1376 225 1450 259 t-jus?
1471 225 1557 260 Opera
1583 234 1698 261 namque
1713 232 1791 260 sunt,
1809 236 1878 263 qua:

1080 271 1272 297 commendant
1285 272 1399 298 hostiam
1413 272 1476 299 Deo.
1492 272 1519 298 Si
1541 274 1612 299 enim
1627 279 1743 300 attrat-ttt
1761 274 1796 300 sit
1815 282 1879 300 nta-

1080 324 1131 342 nus
1157 321 1199 343 tua
1215 318 1246 342 ad
1271 318 1398 349 dandum,
1424 323 1451 344 et
1467 325 1585 352 expansa
1608 320 1641 346 ad
1662 320 1879 355 accipiendum,

1080 362 1148 388 intra
1175 367 1200 389 te
1224 367 1262 389 est
1279 364 1365 390 adltuc
1388 363 1460 398 lepra
1485 370 1540 396 tua,
1565 370 1591 393 et
1607 365 1772 394 oll'errenon
1790 372 1881 401 poles

1079 406 1194 433 hostiam
1210 407 1335 434 Salutat-is
1363 408 1456 437 Martiis
1472 417 1535 445 ergo
1550 411 1608 446 ejus
1630 411 1744 439 offerent
1759 413 1878 439 sacrifi-

1079 453 1149 478 ciqu
1162 453 1301 485 Salularis,
1319 458 1342 481 et
1361 463 1455 482 manus
1475 457 1532 491 ejus
1545 456 1659 484 offerent
1673 466 1717 491 ea,
1732 466 1798 492 ane
1817 459 1879 486 Do-

1080 499 1153 524 mino
1170 498 1308 526 offerenda
1332 506 1404 533 sunt,
1435 502 1459 528 id
1482 508 1522 529 est
1536 503 1640 537 adipem
1661 504 1706 536 qtti
1720 512 1808 538 super
1823 513 1878 540 pe-

1079 544 1228 571 ctusculum
1243 551 1295 578 est,
1315 552 1340 572 ct
1361 547 1469 580 pinnam
1489 547 1602 582 jecoris.
1629 547 1657 575 lu
1676 549 1727 576 ltoc
1742 550 1805 577 loco
1822 550 1874 577 ubi

1079 597 1128 617 nos
1143 591 1282 624 habemus,
1304 601 1313 617 ι
1340 601 1435 620 ntautts
1460 594 1520 628 ejus
1543 594 1659 621 oﬂ‘creut
1677 595 1798 622 hostiam
1819 596 1880 623 Do-

1079 636 1164 668 mino,
1181 646 1189 662 ι
1205 637 1230 664 in
1242 637 1342 665 Graecis
1355 639 1525 674 babeturpro
1537 641 1622 668 hostia
1632 641 1879 678 ὁλοκαρπὼματα,

1078 682 1147 715 quod
1161 683 1318 718 intelligitur
1332 692 1441 712 outnem
1463 686 1581 714 fructum
1597 698 1602 714 :
1621 695 1670 722 per
1685 689 1756 723 quod
1776 694 1880 717 osten-

1077 729 1115 756 dit
1130 739 1181 757 nou
1198 739 1277 765 posse
1292 732 1404 759 Domino
1424 731 1523 760 offerre
1544 741 1652 761 omnem
1669 734 1793 762 fructum
1806 744 1878 763 eunt

1078 777 1122 812 qui
1138 777 1320 806 infructuosus
1339 784 1391 811 est,
1415 779 1460 814 qui
1483 788 1535 807 non
1552 780 1628 807 affert
1643 780 1764 808 fructum
1788 783 1879 817 justi-

1079 824 1131 855 tite,
1147 823 1264 850 fruetum
1286 825 1491 858 misericordiae,
1507 826 1547 852 vel
1562 827 1642 853 etiam
1658 827 1767 855 fructus
1784 829 1878 864 spiri-

1079 874 1131 900 tus,
1149 877 1217 903 quos
1234 872 1375 896 enumerat
1390 870 1533 904 Apostolus
1543 871 1576 904 ⁸⁸,
1589 872 1767 904 charitatem,
1799 881 1879 908 gau-

1078 915 1160 947 dinm,
1177 922 1282 949 pacem,
1298 916 1472 950 patientiam,
1490 918 1709 951 unanimitatcm,
1722 923 1749 945 et
1761 925 1877 947 cmtera

1077 962 1119 988 his
1135 962 1244 989 similia.
1263 962 1340 989 Unde
1366 968 1393 990 et
1415 963 1439 990 iu
1460 963 1514 990 alio
1536 963 1618 1000 214
1641 964 1701 991 loco
1722 964 1876 1000 'Proplteta

1077 1006 1142 1033 dicit
1157 1007 1180 1022 “
1197 1016 1202 1033 :
1219 1017 1228 1032 ι
1246 1007 1278 1034 Ει
1292 1007 1479 1035 ltoloeaustttm
1504 1014 1578 1036 tutnn
1596 1010 1695 1044 pingue
1713 1010 1773 1037 ﬁat.
1797 1020 1806 1036 ι
1826 1011 1878 1038 0f-

1077 1051 1130 1079 fert
1146 1051 1202 1087 (58)
1215 1059 1279 1087 ergo
1295 1053 1399 1087 adipes,
1417 1054 1463 1087 qui
1480 1061 1562 1088 super
1579 1054 1769 1089 pectusculuut
1787 1061 1876 1088 sunt,

1076 1103 1102 1124 et
1123 1099 1232 1132 piuuant
1254 1098 1366 1132 jecoris,
1390 1107 1450 1133 qua:
1474 1105 1695 1134 superponantur
1714 1101 1810 1130 altari.
1837 1104 1880 1130 De

1075 1144 1198 1178 adipibus
1213 1153 1283 1180 smpc
1293 1145 1349 1179 jaru
1363 1145 1490 1173 diximus.
1511 1145 1586 1179 Quod
1602 1151 1692 1174 autem
1710 1148 1789 1179 dicit,
1808 1151 1879 1176 adi—

1076 1198 1122 1224 pes
1135 1191 1180 1225 flui
1202 1199 1285 1226 super
1306 1192 1490 1226 pectusculum
1503 1197 1576 1223 sunt.
1589 1194 1777 1227 pectusculuut
1790 1200 1877 1222 tuum

1076 1236 1196 1271 intelligo
1215 1244 1274 1265 esse
1290 1246 1337 1264 cor
1353 1243 1438 1269 tuum,
1453 1238 1485 1265 de
1500 1246 1553 1273 quo
1571 1239 1617 1266 tibi
1630 1239 1787 1268 auferenda:
1804 1247 1878 1269 sunt

1075 1290 1170 1310 omnes
1187 1283 1263 1310 mulce
1278 1284 1475 1318 cogitationes;
1489 1285 1555 1312 inde
1569 1285 1641 1312 enim
1655 1287 1828 1320 procedunt,
1848 1293 1879 1316 et

1075 1329 1169 1356 altaris
1198 1329 1250 1364 igni
1276 1330 1413 1357 tradenth
1439 1335 1512 1363 sunt,
1542 1335 1571 1358 ut
1599 1332 1684 1366 possit
1710 1339 1761 1359 cor
1789 1338 1877 1362 tuum

1075 1375 1206 1401 mundum
1221 1373 1344 1402 cll‘cctum
1361 1375 1445 1402 Deum
1462 1377 1563 1404 ridere.
1588 1378 1642 1404 Sed
1655 1382 1682 1406 et
1697 1379 1815 1414 pinnam
1831 1381 1879 1415 je-

1075 1420 1147 1447 coris
1159 1421 1287 1456 pra-Cepit
1300 1419 1479 1448 olIert-ndam.
1494 1421 1616 1451 Diximus
1631 1428 1657 1451 et
1673 1429 1749 1457 ante,
1761 1424 1878 1459 jecoris

1076 1466 1198 1500 pinnam,
1219 1466 1276 1494 lora
1293 1467 1442 1494 iracundia:
1458 1468 1524 1504 (59),
1542 1469 1582 1495 vel
1598 1470 1760 1503 cupiditatis
1779 1479 1877 1506 expo-

1077 1513 1121 1546 ni;
1139 1513 1217 1540 offert
1229 1514 1300 1540 enim
1313 1515 1421 1548 pinnam
1436 1514 1545 1548 jecoris.
1561 1516 1607 1550 qui
1623 1524 1658 1543 ex
1673 1524 1703 1543 se
1720 1525 1809 1546 omne
1827 1521 1875 1546 vi-

1077 1560 1141 1587 littrtt
1156 1560 1203 1587 ine
1223 1565 1248 1587 et
1271 1561 1368 1588 fttroris
1391 1561 1500 1588 excidit.
1523 1562 1623 1596 Adipcs
1649 1569 1715 1596 ergo
1729 1565 1778 1599 qui
1803 1571 1876 1592 sunt

1077 1606 1458 1641 pectusculunt,itnponuutur
1468 1607 1559 1640 altari,
1569 1608 1654 1641 ipsum
1669 1617 1735 1636 vero
1753 1617 1874 1644 pectus-

1076 1653 1176 1686 culum,
1200 1653 1288 1680 Aaron
1313 1658 1341 1680 et
1359 1653 1420 1680 ﬁliis
1439 1653 1508 1688 ejus.
1531 1654 1582 1680 Sed
1598 1660 1626 1681 ct
1646 1655 1792 1682 brachium
1823 1659 1874 1685 de-

1077 1705 1166 1726 xtrum
1179 1699 1298 1734 separari
1311 1700 1449 1734 przecepit,
1461 1704 1557 1728 etesse
1567 1700 1607 1728 eis
1619 1702 1741 1729 muneris
1757 1703 1824 1731 loco
1837 1712 1872 1732 ex

1076 1745 1212 1772 sacriﬁcio
1227 1745 1352 1771 salutari.
1372 1745 1437 1772 Vide
1453 1745 1550 1779 quibus
1561 1741 1728 1775 'muneribus
1739 1749 1873 1777 honora-

1077 1794 1119 1816 tur
1129 1790 1266 1817 sacerdos.
1280 1789 1468 1817 Pectusculum
1484 1791 1594 1825 accipit,
1607 1795 1632 1819 et
1645 1792 1805 1827 brachium,
1819 1798 1872 1823 sed

1074 1837 1218 1864 brachium
1235 1837 1370 1864 dextrum.
1388 1837 1518 1865 Putamus
1536 1846 1589 1865 non
1609 1847 1671 1868 esse
1692 1841 1800 1875 aliquid
1827 1851 1873 1870 ra-

1076 1883 1165 1915 tionis,
1184 1883 1254 1918 quod
1269 1890 1301 1910 ex
1313 1883 1439 1910 omttibus
1454 1884 1583 1911 merttbris
1599 1885 1775 1919 animalium,
1805 1897 1872 1924 quae

1071 1928 1229 1963 jugulanlur
1245 1928 1270 1955 in
1291 1928 1441 1961 sacriﬁciis,
1465 1929 1520 1956 haec
1544 1930 1718 1964 potissimum
1736 1935 1870 1962 membra

1075 1976 1176 2002 delecta
1192 1975 1264 2002 sint?
1279 1974 1334 2010 Ego
1348 1979 1411 2009 puto
1422 1976 1493 2009 quod
1509 1975 1530 2003 si
1545 1977 1605 2010 quis
1619 1977 1686 2005 dicit
1702 1985 1732 2005 se
1745 1986 1811 2007 esse
1827 1989 1873 2009 sa-

1074 2023 1211 2049 cerdotem
1246 2021 1304 2052 Dei,
1333 2022 1384 2049 nisi
1412 2022 1510 2048 habeat
1536 2028 1633 2056 pectus
1666 2031 1700 2052 ex
1731 2028 1874 2056 omnibus

1075 2067 1202 2096 membris
1220 2067 1346 2098 electum.
1364 2075 1416 2094 tton
1434 2072 1476 2094 est
1489 2069 1635 2102 sacerdos;
1653 2075 1679 2096 et
1695 2071 1748 2098 nisi
1762 2072 1873 2103 habeat

1074 2113 1215 2140 brachium
1230 2113 1367 2144 dextrum,
1381 2120 1433 2139 nou
1447 2117 1536 2147 potest
1549 2114 1698 2143 ascendere
1715 2117 1750 2144 ad
1776 2119 1871 2149 altare

1074 2160 1190 2191 Domini,
1205 2166 1255 2186 nec
1270 2159 1396 2186 sacerdos
1409 2159 1556 2187 noutinari.
1585 2160 1663 2194 Quod
1676 2170 1742 2197 ergo
1758 2170 1802 2191 est
1822 2175 1871 2193 sa-

1074 2205 1193 2233 cerdotis
1209 2210 1313 2239 pectus,
1339 2210 1386 2232 aut
1413 2205 1513 2240 quale?
1539 2206 1604 2234 Tale
1633 2215 1764 2243 egoputo
1789 2218 1870 2246 esse,

1071 2251 1141 2286 quod
1154 2251 1262 2286 plenutn
1277 2251 1311 2277 sit
1326 2250 1468 2284 sapientia,
1485 2250 1593 2284 plerturn
1610 2252 1733 2285 Scientia,
1749 2255 1870 2290 plenum

1074 2296 1147 2324 omni
1161 2296 1250 2323 divina
1266 2295 1456 2330 intelligentia;
1473 2301 1500 2324 et
1517 2297 1582 2331 quid
1607 2299 1667 2325 dico
1689 2299 1804 2333 plenum
1824 2303 1872 2330 in-

1075 2342 1241 2378 lelligenlia?
1259 2343 1312 2369 imo
1325 2342 1397 2377 quod
1411 2342 1520 2376 plenum
1536 2343 1572 2370 sit
1588 2344 1660 2376 Deo,
1677 2344 1760 2380 quale
1778 2353 1826 2375 est
1841 2354 1871 2378 et

1073 2389 1216 2416 brachium
1232 2387 1381 2415 sacerdotis
1393 2388 1465 2421 quod
1477 2388 1500 2415 ei
1514 2388 1632 2416 offerunt
1649 2390 1697 2417 ﬁlii
1712 2391 1796 2419 Israel
1815 2402 1870 2428 pro

1074 2435 1160 2462 salute
1171 2442 1218 2461 sua
1235 2441 1287 2468 qua
1300 2433 1448 2460 salvantur.
1470 2433 1576 2462 Formae
1605 2440 1669 2463 sunt
1683 2437 1792 2472 singula
1814 2440 1870 2468 ista

1073 2488 1134 2516 qua-
1147 2480 1305 2507 scribuntur
1323 2479 1348 2506 in
1366 2480 1433 2514 lege,
1445 2487 1539 2507 eorum
1555 2488 1615 2515 quae
1630 2482 1656 2509 in
1672 2482 1797 2511 Ecclesia
1817 2494 1869 2520 ge~

1071 2527 1094 2554 ri
1114 2527 1238 2561 debeant.
1261 2525 1389 2561 Alioquin:
1410 2533 1460 2553 nec
1482 2526 1578 2554 fuisset
1600 2530 1787 2557 necessarium
1811 2532 1869 2568 legi

1072 2574 1128 2600 haec
1149 2573 1176 2600 in
1200 2573 1333 2604 Ecclesia,
1360 2572 1410 2599 nisi
1433 2580 1465 2600 ex
1481 2573 1522 2600 his
1545 2574 1690 2603 adiﬁcatio
1704 2575 1797 2611 aliqua
1815 2585 1867 2604 au-

1071 2619 1206 2646 dieutibus
1230 2619 1407 2653 pratberetur.
1430 2618 1458 2646 Si
1484 2627 1548 2654 ergo
1572 2621 1702 2649 sacerdos
1731 2622 1866 2652 Ecclesia

1071 2673 1119 2701 per
1131 2665 1225 2697 verba,
1246 2668 1273 2691 et
1287 2664 1450 2697 doctrinam,
1473 2669 1501 2691 et
1516 2665 1628 2692 multant
1648 2665 1865 2697 sollicitudinem

1067 2713 1178 2740 "Levit.
1192 2719 1238 2745 vn,
1257 2711 1292 2739 9.8
1303 2717 1330 2738 et
1343 2719 1421 2746 seqq.
1460 2712 1482 2727 “
1496 2711 1590 2739 Matth.
1604 2720 1662 2739 vnt.
1701 2713 1726 2730 “
1741 2714 1821 2747 ibid.,
1837 2715 1864 2751 ι,

1114 2792 1170 2826 (57)
1186 2792 1246 2822 his”
1265 2802 1274 2816 ι
1293 2796 1343 2818 51η.
1363 2802 1372 2817 ι
1388 2790 1465 2818 ιὶιιιιζ
1478 2791 1555 2821 editi,
1571 2801 1581 2816 ι
1599 2796 1666 2819 stas.
1692 2803 1702 2820 ι

1109 2828 1164 2860 (53)
1179 2827 1239 2859 .lls.,
1260 2836 1268 2852 ι
1284 2827 1371 2853 ottcrt.
1393 2837 1401 2852 ›
1417 2827 1493 2853 ΙΛΜ).
1508 2827 1586 2859 editi,
1605 2836 1613 2851 ι
1632 2828 1742 2857 otl‘eret.
1761 2839 1770 2856 t

1107 2863 1162 2892 (59)
1178 2863 1214 2890 .lls
1231 2883 1237 2893 ,
1257 2871 1265 2887 (
1283 2870 1384 2892 natucut
1396 2881 1403 2890 .
1421 2863 1477 2889 locat
1495 2863 1652 2890 iracundiae.
1671 2873 1681 2889 ι
