1894 3059
50 111 101 139 465

638 113 670 140 IN
691 112 877 141 LEVITICUM
894 112 1035 140 l'lOMlLlA
1053 111 1095 138 Vl.

1627 109 1679 138 ιιιίί

53 177 137 203 suam,
160 174 189 198 et
209 169 330 198 laborem
354 171 518 207 vigiliarum,
540 179 704 209 convertere
718 174 837 208 potuerit
851 175 875 203 Α
890 177 943 200 tem
958 171 1109 198 communis
1128 175 1178 202 est,
1192 169 1303 198 dubitnn
1318 178 1369 196 non
1391 173 1433 197 est
1445 169 1515 204 quod
1529 169 1675 196 multorum

53 221 236 250 peccatorem,
248 221 275 244 et
289 217 387 245 docere
401 225 475 251 eum,
499 223 529 246 ut
548 219 688 247 meliorem
708 221 778 247 viam
798 227 840 248 sc-

53 267 167 296 quatur,.
181 266 213 289 ut
236 263 269 290 ad
296 263 419 291 timorem
440 264 486 292 Dei
508 265 613 297 redeat,
643 266 745 300 cogitet
764 275 838 302 spem

54 308 182 341 futuram,
214 317 228 336 a
249 310 328 337 malis
348 311 453 338 actibus
472 312 589 346 desinat,
613 318 641 341 et
664 319 840 341 convertatur

53 354 84 380 ad
97 354 202 388 bnnos;
225 356 259 388 si,
273 356 396 390 inquam,
411 357 463 384 tale
476 366 543 392 opus
555 359 659 392 fecerit,
674 368 839 395 consequens

52 403 181 432 est,eu1n,
203 401 248 435 qui
272 401 358 435 ipsius
372 403 465 430 labore
486 403 542 439 (60)
560 405 691 438 salvatur,
714 406 767 433 Deo
779 415 840 441 gra-

54 445 102 472 tias
121 453 216 480 agere,
250 451 277 474 et
295 447 394 475 olferre
420 449 537 477 hostiam
566 451 704 485 salutaris,
733 460 781 486 pro
807 461 840 480 eo

52 491 120 524 quod
141 493 259 520 salutem
274 499 436 522 consecutus
470 495 514 524 sit.
537 496 565 523 In
587 505 640 532 qua
668 499 756 525 hostia
777 506 839 533 pars

53 538 171 566 edicitur
197 541 356 573 sacerdotis,
380 543 565 576 pectusculnm
588 549 615 572 et
634 544 774 572 brachium
795 547 840 574 de-

51 590 143 610 xtrum
168 593 175 611 :
205 589 234 612 ut
255 586 290 612 sit
310 587 438 614 ittdicium
454 589 524 622 quod
543 594 647 624 pectus
664 591 723 625 ejus
741 597 766 619 et
792 599 840 619 cor

49 629 120 661 quod
135 634 201 656 ante
225 631 295 659 mala
325 633 473 666 cogitabat,
493 635 644 662 sacerdotis
662 636 755 664 labore
774 645 836 664 con-

50 682 173 708 vrrsnm,
196 677 302 711 recepit
320 679 501 713 cogitationes
515 681 649 714 bonas,ct
670 683 705 709 ita
726 684 839 710 munda-

49 724 106 748 tum
121 726 175 753 est,
191 726 221 749 ut
234 722 316 749 etiam
334 723 417 751 Deum
444 726 528 759 possit
544 727 646 754 videre.
667 727 799 756 Similiter
811 733 840 756 et

49 766 76 793 in
90 767 205 795 brachio
226 767 270 795 illo
293 768 349 804 (61)
376 770 504 798 indicium
526 777 578 806 est,
596 774 667 807 quod
692 773 760 800 tnala
781 774 838 808 ejus

49 819 131 846 opera
153 817 180 839 et
205 813 327 846 sinistra,
352 821 413 849 qua:
431 820 495 843 sunt
509 817 603 852 utique
622 826 717 852 prava,
738 825 766 846 et
785 827 837 846 non

50 858 130 890 bona,
156 858 291 886 convertit
314 859 342 886 in
367 861 460 888 dextra
473 881 488 894 ,.
517 867 547 889 ut
576 868 665 891 essent
690 865 836 892 secundutn

49 903 153 936 Deum;
176 909 204 931 et
224 905 275 932 hoc
291 911 333 933 est
348 906 475 934 dextrum
488 908 643 942 brachium,
665 910 693 936 in
708 919 761 944 quo
774 919 837 946 pars

49 957 109 976 esse
131 950 234 977 dicitur
260 952 422 980 sacerdotis.
450 953 503 980 Sed
533 959 561 981 et
574 962 622 982 vos
648 955 835 990 deprecamur,

49 996 92 1029 qui
105 996 164 1023 [nec
179 997 291 1028 auditis,
314 998 384 1026 detis
411 1001 580 1034 pecluscula,
596 1001 715 1029 circ-ratis
729 1009 837 1036 pectora

48 1047 138 1069 vestra
155 1043 350 1071 sacerdotibus
367 1045 428 1077 Dei,
447 1050 475 1073 ut
498 1046 624 1074 auferant
646 1056 679 1075 ex
703 1049 746 1075 his
758 1057 838 1076 onme

48 1087 118 1121 quod
138 1094 262 1114 crassum
286 1093 338 1120 est,
370 1095 398 1116 ut
423 1092 621 1119 sacerdotalem
648 1101 708 1120 eam
735 1094 838 1122 faciant.

48 1134 216 1166 pnt‘liOlIem.
236 1133 300 1160 Date
315 1135 395 1162 nobis
410 1136 492 1163 etiam
508 1137 632 1171 brachia,
647 1138 694 1165 sed
713 1138 808 1166 dextra
821 1147 836 1167 a

48 1178 125 1205 vobis
140 1179 279 1213 poscimus
296 1180 406 1208 brachia
425 1190 432 1208 :
459 1182 600 1210 sinistrunt
617 1184 684 1211 nihil
701 1184 835 1220 volumus,

47 1227 145 1253 dextra
161 1235 175 1254 a
190 1227 266 1255 vobis
287 1236 369 1262 opera
392 1230 568 1264 requirimus.
586 1230 639 1259 Sed
658 1237 685 1260 et
701 1234 751 1260 hoc
764 1233 837 1268 quod

47 1272 123 1298 addit
144 1273 330 1307 pectusculum
353 1274 404 1301 dici
442 1276 620 1310 appositionis
642 1282 667 1305 et
695 1279 835 1307 brachium

48 1317 227 1352 demptionis,
243 1327 294 1346 non
309 1320 375 1347 mihi
387 1320 446 1348 sine
459 1329 542 1349 causa
559 1322 659 1350 dictum
675 1324 791 1352 videtur.
802 1325 838 1353 Et

46 1362 109 1390 ideo
134 1363 215 1390 velim
241 1365 380 1399 requirere
401 1366 466 1400 quid
490 1372 530 1394 est
557 1369 628 1402 quod
646 1371 835 1404 opponendum

46 1414 88 1435 est
102 1410 137 1436 ad
152 1411 339 1444 pectusculum
355 1411 423 1448 (62),
441 1417 470 1440 ut
485 1414 531 1441 llat
547 1415 734 1449 pectusculnm
753 1425 837 1452 appo-

44 1452 167 1480 sitionis.
204 1453 384 1489 Posteaquam
409 1457 527 1484 ablatmn
554 1458 637 1487 fuerit
658 1462 766 1489 acorde
791 1468 836 1490 tuo

45 1505 128 1525 omne
141 1499 213 1533 quod
229 1508 352 1528 crassum
376 1506 430 1535 est,
444 1508 470 1529 et
492 1505 668 1533 emundatnm
690 1507 775 1534 fuerit
801 1509 836 1536 ab
850 1520 870 1548 α

44 1544 118 1570 omni
135 1545 317 1578 operimento,
333 1547 374 1574 vel
387 1548 594 1583 inquinamento
606 1552 675 1585 (65),
694 1554 766 1587 quod
780 1555 834 1589 igni

45 1589 209 1616 tradendum
222 1595 277 1622 est,
293 1597 376 1619 restat
398 1598 426 1619 ut
440 1599 593 1628 apponatur
609 1597 633 1623 ei
648 1599 733 1632 gratia
749 1599 836 1633 Spiri-

45 1639 89 1661 tus
115 1636 217 1669 szncti,
241 1641 269 1664 et
291 1642 354 1665 tunc
370 1639 416 1666 lict
439 1641 624 1674 pectusculum
645 1644 833 1678 appositionis,

44 1681 90 1707 sed
111 1686 140 1708 et
165 1682 307 1709 brachium
331 1685 532 1718 separationis,
567 1688 624 1715 sive
650 1689 835 1724 demptionis..

43 1727 185 1760 Quomodo
202 1729 254 1755 erit
276 1733 303 1755 et
325 1730 467 1758 brachium
481 1734 680 1767 separationis?
704 1735 731 1762 Si
748 1738 836 1770 scias,

44 1780 71 1800 et
84 1773 220 1808 intelligas
232 1775 388 1803 discernere
402 1784 461 1811 qua:
473 1778 528 1805 sint
542 1786 624 1813 opera
638 1780 716 1813 lucis,
732 1786 757 1809 et
772 1790 834 1817 qua:

44 1820 100 1846 sint
119 1827 202 1854 opera
226 1823 411 1855 tenebrarum,
438 1827 465 1850 et
485 1831 596 1859 separes
624 1831 701 1854 acttts
723 1832 784 1855 tuos
799 1829 832 1857 de

45 1864 172 1894 latebris,
197 1869 227 1890 ut
249 1865 304 1892 sint
323 1873 406 1900 opera
432 1872 475 1894 tua
501 1869 527 1895 in
549 1869 662 1903 lumine,
689 1871 830 1901 brachium

44 1913 119 1935 tuum
135 1909 254 1937 elﬁcitur
272 1911 413 1939 brachium
428 1915 629 1949 separationis;
644 1917 684 1944 vel
711 1925 773 1945 cum
788 1926 833 1947 se-

40 1956 184 1988 paraveris
206 1961 232 1983 te
247 1957 281 1984 ab
301 1958 375 1985 omni
400 1958 484 1987 fratre
503 1960 624 1995 inquiele
653 1964 829 1998 ambulante;

40 2000 81 2027 rel
100 2006 176 2029 certe
188 2010 249 2029 cum
264 2004 414 2031 secundum
429 2007 590 2041 prophetam
613 2008 635 2024 ⁸⁷
651 2015 778 2043 separant
789 2019 835 2045 se,

39 2051 66 2071 et
77 2053 181 2075 exeunt
196 2048 230 2075 de
247 2050 338 2076 medio
363 2056 552 2085 peccatorum,
575 2054 619 2087 qui
640 2059 749 2088 portant
766 2064 828 2084 vasa

39 2091 158 2120 Domini.
181 2094 303 2130 Denique
324 2097 469 2124 vernacula
491 2099 606 2132 quadam
634 2103 829 2130 consuetudine

40 2139 199 2174 Scripturaa,
214 2148 357 2169 commune
372 2150 432 2171 esse
446 2144 547 2171 dicitur
564 2146 634 2179 quod
656 2146 826 2175 immundum

892 218 936 250 sil,
953 223 980 245 et
1004 218 1063 244 idco
1089 217 1241 244 communis
1263 216 1379 243 dicatur.
1395 215 1507 244 Grande
1533 216 1612 243 estin
1628 217 1676 243 hoc

891 271 1017 290 sermone
1036 263 1204 298 mysterium,
1223 264 1294 297 quod
1311 262 1391 290 Israel
1405 264 1553 290 secundum
1569 269 1678 289 carnem

892 309 917 336 in
934 318 982 336 nstt
998 317 1106 336 sensum
1135 309 1241 342 quidem
1260 309 1349 340 habet,
1364 310 1411 336 sed
1439 309 1604 336 intellectum
1626 316 1677 335 non

891 356 982 382 habet.
999 355 1179 382 Communem
1195 355 1288 382 dicunt
1305 360 1332 382 et
1353 355 1389 381 illi
1409 355 1544 381 hemincm
1561 355 1676 381 immun-

891 402 966 433 dtttu,
982 401 1028 428 sed
1044 409 1094 428 cur
1113 401 1267 428 communis
1279 402 1399 433 dicatur,
1419 401 1555 435 ignorant.
1568 401 1677 428 Discant

890 455 956 481 ergo
972 448 1005 475 ab
1021 447 1151 479 Ecclesia,
1175 448 1238 482 quia
1259 447 1304 481 qui
1325 453 1437 475 sanctus
1457 452 1508 480 est,
1527 447 1610 474 solius
1630 447 1677 475 Dei

890 499 942 524 est,
957 497 988 520 ct
998 500 1059 519 cmn
1073 492 1146 519 nullo
1161 493 1185 520 ei
1201 493 1356 519 conununio
1371 497 1423 519 est.
1438 492 1488 525 Qui
1507 497 1597 519 autem
1614 501 1678 528 pec.-

889 543 967 565 cator
980 543 1021 566 est
1037 538 1246 570 etimmnndus,
1267 538 1411 566 multorum
1441 544 1491 566 est.
1513 539 1587 566 Multi
1603 540 1676 566 enim

891 584 1025 611 daemones
1038 585 1178 619 possident
1196 593 1267 615 cum.
1288 590 1315 611 ct
1330 585 1389 612 ideo
1413 586 1568 612 communis
1577 586 1677 620 appel-

890 628 971 658 latur.
993 628 1112 664 Denique
1129 635 1155 657 et
1171 631 1214 657 ille
1239 630 1284 665 qui
1307 631 1331 657 in
1357 630 1507 666 Evangeliis
1529 639 1542 657 a
1565 631 1677 658 Dontino

890 681 1002 703 curatus
1018 680 1070 708 est,
1094 684 1155 704 cutn
1181 677 1361 711 interrogatus
1384 681 1466 710 esset,
1497 687 1506 703 ι
1525 677 1601 710 Quod
1631 678 1677 705 tibi

889 728 987 749 nomen
1007 723 1066 749 est?
1090 722 1159 750 dixit
1176 731 1183 749 :
1203 723 1294 758 Legio,
1308 723 1385 750 multi
1405 723 1477 750 enim
1491 731 1583 751 smnus
1596 724 1646 752 "..
1665 733 1676 750 ι

890 766 953 794 Haec
969 768 1030 795 licet
1044 769 1070 795 in
1085 775 1199 796 excessu
1215 769 1511 804 quodam,neccssario
1525 773 1615 796 tamen
1631 770 1679 796 ad«

890 812 945 839 dita
973 813 1107 846 videntur,
1123 819 1152 840 ut
1170 815 1328 849 mysterium
1352 814 1503 850 pectusculi
1529 814 1676 849 appositio-

889 858 940 890 nis,
966 863 995 886 et
1014 859 1116 886 brachii
1141 859 1332 894 separationis,
1361 868 1447 894 quare
1470 860 1602 894 scriptum
1639 859 1676 885 sit

888 904 1092 938 dissereremus,
1112 912 1172 940 quae
1190 911 1231 933 est
1252 910 1361 933 aeterna.
1374 905 1461 941 portio
1488 905 1677 933 sacerdotibus

887 950 968 985 215
987 952 1059 984 data,
1081 951 1108 978 in
1132 959 1184 986 qua
1201 952 1297 987 dignos
1317 959 1367 979 nos
1386 951 1476 978 facere
1492 951 1628 986 dignetur.
1648 956 1678 978 ut

888 1003 937 1030 per
959 997 1049 1023 cordis
1064 998 1223 1031 puritatem,
1243 1001 1271 1024 et
1292 1005 1405 1031 operum
1426 997 1590 1032 probitatem
1608 996 1676 1032 (ϋῶ),

888 1041 915 1068 in
928 1042 1018 1069 divino
1044 1043 1178 1070 sacriﬁcio
1195 1042 1294 1070 habere
1310 1042 1482 1076 participium
1509 1050 1675 1076 mereamur,

887 1094 936 1122 per
956 1093 1087 1115 aeternum
1114 1088 1269 1122 pontiﬁcem
1292 1088 1434 1115 Dominum
1459 1093 1486 1116 et
1506 1088 1677 1116 Salvatorcm

888 1138 1010 1161 nostrum
1022 1133 1112 1161 Jesum
1128 1134 1276 1166 Christum,
1300 1142 1349 1168 per
1366 1142 1446 1169 quem
1471 1139 1514 1161 est
1530 1134 1585 1162 Deo
1600 1133 1674 1162 Patri

887 1187 948 1206 cum
965 1180 1068 1214 Spiritu
1086 1184 1181 1207 sancto
1198 1180 1282 1215 gloria
1311 1184 1339 1207 et
1365 1180 1510 1216 imperium
1526 1181 1552 1207 in
1574 1181 1674 1208 smcula

887 1226 1059 1254 surculorum.
1071 1227 1169 1254 Amen.

1145 1272 1284 1301 llOlillLlA
1309 1273 1338 1300 Vl
1354 1273 1428 1309 (65)..

959 1319 998 1346 De
1013 1320 1172 1346 indumentis
1188 1319 1321 1352 pontiﬁcis
1339 1324 1363 1345 et
1381 1320 1547 1347 sacerdotum
1565 1321 1597 1346 ⁷⁸.

923 1365 947 1392 l.
965 1366 1095 1397 Causam,
1113 1372 1163 1399 qua
1179 1364 1287 1399 quidem
1306 1364 1364 1392 lucc
1379 1372 1441 1400 qua:
1459 1365 1537 1393 ttobis
1558 1365 1679 1393 recitane

888 1414 940 1443 tur,
967 1416 1014 1437 aut
1038 1410 1151 1445 intelligi
1177 1410 1283 1444 possint
1300 1409 1368 1446 (66),
1394 1416 1440 1438 aut
1458 1418 1512 1438 non
1540 1411 1644 1445 intelligi
1667 1432 1674 1441 ,

886 1456 1005 1484 breviter
1021 1457 1139 1484 Ostendit
1155 1456 1299 1490 Apostolus
1313 1457 1335 1474 ⁷¹
1348 1476 1355 1490 ,
1371 1457 1463 1484 dicens
1480 1457 1513 1484 ab
1530 1456 1588 1490 ejus
1607 1464 1674 1483 ocit-

888 1501 920 1528 lis
943 1509 1022 1536 posse
1041 1502 1147 1530 Veteris
1170 1503 1336 1530 Testamenli
1357 1502 1479 1529 velamen
1498 1502 1611 1534 auferri,
1626 1502 1672 1536 qui

887 1554 1035 1574 conversus
1059 1548 1091 1574 ad
1122 1549 1205 1576 Deum
1225 1549 1323 1581 fuerit;
1356 1556 1389 1575 ex
1415 1555 1468 1582 quo
1485 1548 1548 1574 sciri
1566 1548 1672 1579 voluit,

885 1593 957 1627 quod
975 1598 1074 1627 quanto
1107 1594 1195 1622 minus
1226 1595 1283 1622 llch
1304 1594 1380 1621 nobis
1407 1594 1486 1628 plana
1504 1598 1580 1626 sunt,
1597 1598 1680 1620 tanto.

886 1639 976 1665 minor
990 1644 1031 1666 est
1049 1639 1082 1666 ad
1099 1639 1183 1666 Deum
1198 1645 1289 1667 nostra
1307 1641 1458 1668 conversio.
1476 1639 1507 1666 Et
1522 1639 1679 1667 ideoroumi.

886 1683 985 1710 virtute
1003 1684 1143 1711 nitendum
1163 1691 1213 1717 est,
1232 1692 1259 1712 ut
1282 1687 1315 1713 ab
1328 1687 1553 1721 occupationibus
1568 1687 1679 1718 Stccnli.

885 1733 910 1754 et
923 1736 937 1754 a
955 1730 1098 1757 mundanis
1115 1731 1220 1758 actibus
1236 1731 1324 1764 liberi,
1337 1737 1363 1759 et
1379 1732 1450 1766 ipsas
1464 1733 1558 1765 etiant,
1573 1733 1594 1759 si
1611 1733 1669 1760 Iieri

883 1779 972 1809 potest
987 1795 994 1807 ,
1013 1775 1165 1810 superﬂuas
1183 1777 1314 1804 sodalium
1333 1777 1437 1805 fabulas
1464 1778 1647 1812 relinquentes
1661 1800 1682 1812 ,_

884 1820 967 1847 verbo
983 1821 1027 1847 Dei
1045 1828 1157 1855 operam
1174 1821 1284 1854 demus,
1302 1829 1328 1850 et
1350 1823 1376 1850 in
1398 1823 1455 1858 lege
1476 1824 1533 1857 ejus
1556 1824 1671 1852 medite-

883 1874 944 1893 mur
955 1866 998 1894 die
1010 1874 1042 1893 ac
1057 1872 1147 1900 nocte,
1163 1873 1192 1895 ut
1204 1873 1261 1895 toto
1272 1869 1352 1897 corde
1365 1870 1499 1901 conversi,
1521 1870 1668 1898 revelatam

882 1917 910 1940 et
926 1917 1048 1946 apertam
1077 1913 1162 1948 Moysi
1192 1914 1288 1941 {aciem
1315 1915 1451 1949 possimus
1480 1916 1610 1950 aspicere,
1642 1922 1670 1943 ct

881 1959 999 1985 maxime
1017 1958 1044 1985 in
1060 1959 1119 1992 his,
1135 1967 1196 1994 qua:
1210 1968 1282 1987 nunc
1299 1961 1412 1988 recitata
1427 1967 1501 1996 sunt,
1518 1961 1560 1988 vel
1576 1962 1609 1989 de
1623 1969 1668 1989 sa-

882 2004 1064 2032 cerdotalibus
1083 2005 1259 2040 indumentis,
1275 2007 1317 2034 vel
1329 2007 1362 2035 de
1378 2007 1583 2035 consecratione
1597 2016 1668 2041 pon-
1712 2008 1714 2010 ’

882 2050 972 2084 tilicis,
991 2051 1018 2078 in
1037 2052 1136 2086 quibus
1150 2053 1214 2080 talia
1232 2052 1357 2088 quaedam
1380 2053 1519 2087 dicuntur,
1537 2058 1566 2081 ut
1584 2056 1666 2082 etiam

880 2095 957 2122 illum
983 2096 1072 2130 ipsum
1096 2097 1235 2126 carnalem
1252 2097 1338 2126 Israel
1363 2099 1397 2127 ab
1418 2100 1547 2128 historica
1566 2099 1667 2127 intelli-

880 2142 969 2176 gentia
991 2143 1100 2177 penitus
1112 2144 1275 2179 excludant;
1290 2149 1317 2172 et
1328 2145 1388 2172 ideo
1400 2146 1433 2173 ad
1446 2146 1502 2174 haec
1519 2146 1668 2182 explanan-

37 2190 88 2212 eu.
104 2186 182 2213 Sicut
196 2193 224 2213 ει
239 2187 272 2214 ad
287 2187 394 2215 Pen-um
408 2196 459 2216 νοι
475 2190 509 2217 de
523 2191 592 2218 ειειυ
600 2192 712 2219 dicit“;
727 2203 736 2218 ε
750 2193 827 2227 Quod
843 2188 865 2216 D
880 2187 912 2214 da
927 2187 993 2224 (6'1),
1009 2197 1062 2217 non
1082 2190 1194 2218 humani
1211 2192 1312 2226 ingenii
1330 2192 1435 2220 viribus
1456 2193 1598 2221 nitendum
1611 2200 1666 2227 est,

37 2231 108 2258 Deus
122 2233 274 2265 inundavit,
288 2237 315 2260 tu
331 2241 474 2262 comtnune
503 2243 536 2263 ne
561 2238 673 2265 dixeris.
696 2249 705 2264 ι
723 2239 827 2267 Conse-

36 2283 153 2310 quenter
165 2286 232 2313 ergo
244 2279 266 2305 si
284 2279 309 2306 id
323 2280 393 2313 quod
413 2280 581 2309 immundum
605 2289 663 2315 est,
680 2291 825 2313 connnune

36 2323 198 2357 appellatur,
216 2324 286 2358 quod
315 2331 438 2352 sanctum
456 2331 509 2360 est,
536 2329 720 2356 nominabitur
747 2338 825 2364 sepa-

35 2374 133 2396 ratum.
161 2369 215 2397 Sed
231 2376 258 2397 et
276 2370 341 2397 illud
370 2372 506 2401 addimus.
534 2373 640 2409 Siquis
664 2376 711 2402 Dei
739 2377 825 2404 solius

34 2421 129 2442 servus
143 2421 197 2448 est,
214 2417 365 2445 communis
385 2425 438 2446 non
463 2424 551 2453 potest
567 2421 631 2448 dici.
656 2420 684 2448 Si
697 2422 757 2456 quis
776 2430 824 2448 au-

71 2484 91 2517 ‘7
105 2484 157 2511 lsa.
177 2492 232 2512 χιιι
243 2490 271 2513 et
285 2493 331 2513 ut.
371 2486 393 2503 "
405 2487 467 2516 Act.
484 2497 510 2520 κ,
526 2490 571 2517 15.
609 2489 630 2506 ⁸⁸
645 2489 729 2518 Marc.
743 2497 771 2521 ν,
785 2489 812 2517 9.

72 2541 127 2580 (φ)
143 2541 222 2580 μω).
237 2542 315 2580 editi,
334 2553 343 2569 ι
361 2545 407 2580 qui
426 2545 451 2572 in
469 2546 551 2580 ipsius
564 2546 668 2574 labore.
688 2558 697 2574 ι

72 2576 126 2612 tot,
141 2577 204 2608 Ms.,
229 2586 238 2602 ‹
260 2578 314 2605 illo.
332 2588 342 2604 ι
360 2576 519 2608 Εἰὺι).θιὶιιὶ
548 2591 557 2608 ι
574 2582 649 2612 illud.
668 2593 678 2609 ι

72 2611 127 2645 (62)
143 2612 203 2641 Ms..
221 2621 230 2637 ι
246 2615 411 2645 pectusculo.
432 2626 440 2641 ι

72 2645 126 2682 (63)
142 2645 187 2682 [ei
202 2647 407 2682 inquinamento.
423 2649 500 2678 Deest
516 2651 541 2678 in
559 2659 608 2679 ms.

35 2715 63 2742 υ
73 2681 126 2715 (64)
140 2681 204 2714 M5,,
221 2681 278 2709 (ut.
291 2690 340 2717 pro
353 2683 443 2711 cordis
459 2686 586 2720 puritate,
600 2693 624 2714 et
637 2695 748 2722 operum
760 2699 821 2726 pro-

55 2721 130 2742 llate.
144 2725 153 2741 ι

55 2721 130 2744 Itale.
144 2725 153 2741 ι

73 2750 176 2795 (omnia
193 2751 382 2795 vetustissimo
409 2754 504 2795 codice
521 2755 761 2795 Sangcrtnanensi,
776 2761 821 2795 qni

36 2786 224 2824 totuslitteris
240 2787 392 2815 uncialibus
413 2789 532 2823 scriptus
558 2786 619 2824 est,
648 2786 822 2824 desideratiin

37 2821 95 2847 lucc
118 2821 230 2849 humilia
249 2829 336 2856 sexta,
358 2831 405 2851 nec
424 2821 477 2852 non
494 2821 618 2859 srptitna;
632 2827 684 2857 Sed
706 2821 820 2866 utraque

880 2234 927 2260 sed
951 2235 1121 2264 orationibus
1136 2241 1162 2263 et
1176 2237 1303 2272 precibus
1317 2239 1351 2266 ad
1370 2240 1455 2266 Deum
1470 2238 1549 2267 fusis.
1567 2238 1666 2274 lnquo

878 2279 960 2306 etiam
988 2281 1070 2308 vestri
1092 2281 1225 2316 adjutorio
1251 2283 1415 2320 indigemus,
1441 2288 1471 2311 ut
1493 2285 1563 2312 Deus
1583 2285 1667 2312 Pater

879 2325 961 2354 Verbi
982 2326 1029 2354 det
1045 2327 1123 2355 nobis
1141 2329 1254 2356 verbum
1276 2329 1302 2356 in
1318 2330 1485 2364 apertionetn
1497 2331 1554 2358 oris
1568 2331 1680 2364 nostri,‘

878 2379 905 2401 ut
920 2374 1055 2408 possimus
1072 2375 1247 2403 considerare
1267 2376 1404 2404 mirabilia
1421 2377 1454 2404 de
1471 2376 1530 2412 lege
1545 2376 1612 2411 ejus.

913 2420 940 2449 2.
955 2421 1003 2448 Est
1021 2429 1085 2455 ergo
1109 2422 1217 2449 initium
1242 2430 1335 2450 eorum
1356 2431 1416 2458 qua:
1444 2423 1525 2451 hodie
1546 2424 1672 2451 recitata,

867 2489 889 2505 το
906 2488 992 2517 chit.
1005 2497 1040 2516 vu
1053 2495 1080 2517 et
1091 2497 1147 2517 \‘lll.
1185 2491 1206 2506 ’¹
1223 2490 1242 2518 ll
1258 2491 1319 2518 Cor.
1338 2499 1382 2518 tu.

877 2546 972 2573 collata
993 2551 1032 2574 cst
1048 2554 1109 2574 cum
1126 2548 1212 2575 tribus
1226 2548 1286 2575 aliis
1303 2556 1370 2576 mss.
1388 2549 1526 2582 Beccensi.
1541 2548 1662 2578 Gemeti-

875 2582 961 2612 censi,
975 2587 1001 2608 et
1017 2582 1187 2610 Cadomensi.

912 2616 967 2653 (66)
984 2616 1060 2648 Mss,
1086 2627 1095 2643 ι
1107 2619 1219 2651 possint.
1233 2627 1242 2644 ν
1269 2618 1348 2646 Libb.
1377 2618 1460 2652 editi,
1484 2628 1493 2645 ι
1505 2625 1629 2653 possunt.
1646 2629 1657 2647 ι

876 2650 946 2678 lnl’ra
963 2652 1043 2691 ii‘dem
1071 2650 1147 2684 mss.,
1169 2663 1177 2679 ι
1192 2657 1264 2680 tanto
1280 2654 1369 2681 minor
1383 2659 1434 2681 est.
1451 2650 1461 2680 ι
1479 2650 1556 2682 Libb.
1580 2656 1660 2691 editi,

875 2696 884 2712 ι
899 2691 974 2714 tanto
991 2688 1080 2714 minus
1093 2692 1145 2715 est.
1158 2697 1168 2713 ι

908 2721 963 2757 (67)
980 2720 1057 2748 Libb.
1072 2722 1147 2754 editi,
1169 2731 1178 2748 ι
1189 2721 1265 2749 nobis
1281 2722 1314 2758 ad
1330 2723 1388 2758 ham
1402 2725 1572 2758 exponenda,
1585 2734 1595 2752 ι
1610 2727 1658 2754 sed

871 2764 937 2786 mss.
951 2761 996 2794 Διιι
1020 2757 1047 2783 in
1072 2762 1166 2794 nostro
1188 2761 1274 2794 testu.
1296 2757 1470 2794 lnfrariidetn
1491 2757 1576 2794 mss,
1603 2770 1612 2786 ι
1630 2762 1672 2792 ιιι,

871 2791 1052 2827 apertionem.
1068 2801 1077 2818 ι
1096 2790 1174 2820 Libb.
1192 2791 1268 2826 editi,
1290 2793 1337 2821 tiu
1351 2790 1589 2829 adapertionem.)
