1894 3058
219 121 272 150 467

946 117 1106 145 OllltiliNlS

1801 122 1847 149 068

219 186 295 214 sunt,
309 181 335 208 in
353 181 396 208 his
410 181 501 209 verbis
515 181 537 197 ⁷³
554 190 561 208 :
584 189 593 206 t
613 180 676 208 llaec
692 181 785 208 unctio
806 181 905 214 Aaron,
921 186 946 208 et
960 189 1010 208 un-
1026 182 1047 211 Α
1065 181 1115 207 nisi
1136 186 1198 208 ame
1214 180 1284 207 lotus
1302 179 1394 207 fuci-is.
1411 188 1420 204 I
1438 178 1578 206 Lavamini
1595 185 1662 214 ergo
1674 199 1681 211 ,
1707 182 1733 206 et
1758 181 1847 205 mund‘

223 229 276 255 etiu
292 228 408 255 ﬁliorum
421 227 478 262 ejus
493 230 526 254 ah
540 227 638 254 hostiis
652 227 768 259 Domini,
789 234 841 262 qua
862 227 905 254 die
922 227 1009 262 appli-

222 274 278 300 cuit
288 281 335 300 eos
347 273 505 300 sacriﬁcare
516 272 638 304 Domino,
651 272 722 299 sicut
733 273 861 307 praecepit
877 272 1010 300 Dominus

221 319 289 346 dare
304 319 368 352 illis,
384 326 437 354 qua
458 319 502 346 die
519 317 600 345 unxit
617 318 678 346 illos
694 325 708 345 a
725 319 787 346 ﬁliis
804 318 897 351 Israel,
923 319 1009 355 legiti-

221 373 295 392 mum
320 371 449 393 artermtm
468 365 494 392 in
519 365 661 399 progenies
688 372 792 393 eorum.
817 365 879 393 llaec
898 366 939 393 lex
968 371 1009 393 est

221 411 457 443 holocaustorum,
478 417 505 438 et
522 419 570 445 pro
587 416 710 446 peccato,
735 416 762 439 et
790 420 838 447 pro
857 411 966 444 delicto,
982 417 1010 439 ct

219 457 478 488 consummationis,
492 463 519 484 ct
534 457 663 484 sacriﬁcii
690 457 829 490 salutaris,
849 458 918 485 sicut
935 466 1010 485 man-

219 502 292 529 davit
312 503 441 530 Dominus
459 504 543 539 Moysi
567 505 593 532 in
615 509 704 532 tnonte
720 505 798 537 Sina,
813 512 866 540 qua
883 505 927 532 die
941 512 1009 539 prte—

218 549 290 583 cepit
306 549 369 577 ﬁliis
386 550 469 578 Israel
484 550 584 578 offerre
600 558 711 577 munera
727 559 774 578 stta
791 559 881 579 coram
895 551 1009 579 Domino

218 594 244 620 in
261 594 370 622 deserto
389 595 465 626 Sina,
482 606 492 622 ι
509 596 576 624 Cum
594 597 765 630 proposuerit
787 596 879 623 dicere
902 596 1010 632 legisla-

217 644 272 672 tor,
291 641 349 668 haec
367 642 461 669 unctio
479 642 595 669 ﬁliorntn
614 641 684 676 ejus,
701 650 754 669 non
783 642 923 677 suitjttnxit
948 651 1009 678 qua:

217 692 290 714 esset
307 688 408 720 unctio,
430 695 481 716 nec
498 688 616 724 qualiter
645 689 768 716 tinxisset
789 689 933 724 exposuit,
960 690 1008 717 sed

219 734 269 760 hoc
287 735 396 769 quidem
413 735 439 762 in
455 735 634 770 sequentibus
659 734 735 767 facit,
762 743 833 762 nunc
854 742 919 763 vero
934 740 1009 771 post-

216 788 332 815 eaquam
353 781 424 809 dixit
440 791 447 810 :
465 781 524 809 hare
541 781 634 809 unctio
650 782 740 809 Aaron
756 786 783 808 et
803 782 919 809 ﬁliorum
938 782 1006 817 ejus,

216 827 285 854 nihil
301 827 335 854 de
351 828 480 856 unctione
504 827 656 862 subjunxit.
685 828 813 857 Profecto
831 833 861 856 ut
878 829 1007 856 ostende-

218 878 277 905 ret,
299 873 362 908 quia
389 874 447 901 inec
463 881 524 909 quze
538 882 620 909 supra
635 874 750 907 dixerat,
769 875 849 902 idest
865 880 1008 911 pectuscu-
1025 862 1045 890 Β

217 919 273 947 lunt
304 920 507 955 impositiouis,
530 926 558 948 et
571 921 713 948 brachium
742 922 933 957 separationis,
950 921 1007 957 ipsa

196 979 201 985 ’
216 971 310 994 essent
326 966 382 1002 (68)
399 966 491 994 unctio
507 966 597 994 Aaron
615 970 642 994 et
661 966 778 994 ﬁliorum
794 967 863 1002 ejus,
880 975 914 995 ne
929 972 1008 1002 puta-

217 1020 310 1040 remus
329 1013 373 1040 illa
387 1020 436 1048 pro
452 1013 583 1040 carnibus
595 1013 677 1046 dicta,
695 1014 742 1041 sed
759 1018 787 1040 ttt
803 1014 913 1042 doceret
925 1014 1006 1041 etiarn

216 1058 274 1092 ipsa
291 1058 341 1086 sub
357 1064 529 1087 sacramento
553 1059 690 1087 unctionis
705 1060 823 1088 inserta.
841 1060 964 1096 Denique
979 1061 1006 1088 in

215 1104 448 1138 consequentibus
466 1105 566 1139 repetit
580 1113 624 1138 ea,
647 1113 707 1140 quae
730 1106 855 1141 superius
871 1114 1007 1141 exposue-

215 1154 270 1183 rat,
283 1156 311 1177 et
328 1150 393 1178 dicit
412 1159 419 1177 :
437 1150 501 1178 llzcc
520 1150 561 1178 lex
576 1151 810 1186 holocaustorum,
824 1157 851 1179 et
863 1153 1004 1184 sacriﬁcii,

214 1200 242 1224 ct
258 1204 308 1232 pro
333 1202 461 1232 peccato.
478 1196 562 1232 llzcc,
584 1199 610 1226 id
636 1203 678 1227 est
708 1207 767 1234 qua:
784 1206 867 1234 supra
885 1201 1006 1234 exposita

213 1249 265 1276 est,
281 1247 308 1271 et
321 1243 428 1271 videtur
443 1251 504 1271 esse
518 1244 757 1281 ἀνακεφαλαίωσις
768 1266 776 1278 ,
792 1245 818 1272 id
836 1250 877 1273 est
903 1247 1007 1281 recapi-

214 1289 313 1317 tulatio
337 1295 586 1324 sacramentorum,
599 1298 660 1326 qua:
681 1291 706 1318 in
722 1291 909 1326 superioribus
926 1291 1006 1319 latius

214 1336 323 1363 fuerant
338 1341 477 1364 enarrata.
499 1336 565 1364 Post
591 1337 650 1364 hzcc
673 1344 739 1365 vero
763 1337 903 1373 subjttttgit
922 1349 927 1366 :
945 1347 955 1363 ε
975 1338 1006 1365 Ει

214 1381 322 1409 loeutus
336 1386 378 1409 est
395 1382 535 1415 Dominus,
552 1383 639 1418 inquit
652 1383 684 1416 ⁷⁸,
696 1384 730 1410 ad
745 1383 869 1419 Moysen,
888 1384 984 1412 dicens
997 1393 1004 1412 :

215 1427 300 1454 Sume
317 1427 408 1455 Aaron
422 1448 429 1461 ,
454 1433 480 1455 et
505 1427 575 1456 ﬁlios
591 1428 660 1463 ejtts,
676 1429 799 1457 etstolas
814 1433 841 1457 et
855 1429 943 1457 oleum
958 1438 1008 1456 un-

214 1474 325 1507 ctio'nis,
345 1479 373 1502 et
393 1475 507 1502 vitulum
527 1476 573 1511 qui
600 1480 641 1503 cst
663 1483 711 1511 pro
739 1481 862 1511 peccato,
889 1480 917 1504 et
937 1476 1006 1504 duos

1063 232 1166 260 estote,
1185 231 1211 253 et
1238 226 1343 253 auferte
1360 225 1496 260 nequitias
1512 225 1546 252 ab
1560 224 1660 252 animis
1674 225 1772 252 vestris
1785 224 1818 253 ".
1836 235 1845 251 ι

1062 273 1119 299 Nisi
1138 273 1210 300 enim
1229 273 1279 300 hoc
1296 273 1377 300 modo
1391 272 1463 299 lotus
1486 272 1584 304 fueris,
1604 279 1658 299 non
1681 273 1784 306 poteris
1808 272 1848 299 in-

1061 323 1145 349 duere
1158 322 1306 349 Dotninum
1321 320 1411 348 Jesum
1432 320 1582 351 Christum,
1609 320 1756 347 secundum
1778 321 1847 354 quod

1061 367 1127 394 dicit
1143 367 1291 402 Apostolus
1305 367 1328 382 ⁷⁸
1344 375 1351 393 :
1368 375 1377 392 α
1395 365 1502 392 induite
1518 365 1661 393 Dominutn
1672 365 1764 392 Jesum
1777 365 1849 393 Chri-

1061 417 1144 446 stum,
1160 417 1187 440 et
1201 413 1292 439 carnis
1309 419 1402 440 curam
1421 418 1453 437 ne
1468 411 1589 438 feceritis
1611 411 1637 438 in
1656 411 1848 445 concupiscen—

1061 459 1116 486 tiis.
1134 468 1143 484 ι
1160 458 1242 486 Lavet
1260 463 1289 486 te
1303 458 1386 491 igitur
1399 458 1519 493 Moyses,
1533 458 1591 492 ipse
1609 462 1635 484 te
1653 457 1737 491 lavet,
1750 463 1778 484 ct
1792 458 1847 492 ipse

1063 508 1089 530 le
1105 504 1212 531 induat.
1229 503 1371 536 Quomodo
1389 507 1414 530 te
1438 503 1529 529 lavare
1544 507 1634 538 potest
1657 502 1774 537 Moyses,
1798 502 1848 529 fre-

1061 555 1178 585 quenter
1194 550 1306 577 audisti.
1325 549 1403 584 Sa'pc
1418 549 1490 576 enim
1517 549 1633 576 diximus
1654 549 1724 583 quod
1743 548 1847 584 Moyses

1060 596 1088 623 in
1105 596 1256 631 Scripturis
1272 596 1329 624 suis
1345 604 1394 631 pro
1418 595 1478 631 lege
1494 600 1621 630 ponatur,
1634 595 1704 624 sicut
1721 595 1747 622 in
1763 595 1847 623 Eran-

1060 643 1132 678 gelio
1146 643 1248 670 dictum
1261 643 1332 670 est"
1352 652 1358 670 :
1376 652 1385 668 ‹
1405 642 1511 670 Habent
1527 642 1635 678 Moysen
1650 647 1677 670 et
1692 643 1845 677 prophetas,

1060 690 1170 716 attdiaut
1188 689 1257 717 illos.
1276 699 1286 715 ν
1302 689 1357 717 Lex
1373 697 1438 724 ergo
1455 689 1500 716 Dei
1516 693 1558 716 est
1571 696 1632 723 qua:
1646 694 1672 716 te
1689 688 1775 721 lavat,
1793 690 1846 724 ipsa

1059 736 1154 763 sordes
1172 741 1231 763 tuas
1249 736 1331 771 216
1346 735 1444 768 diluit,
1466 735 1535 769 ipsa,
1552 735 1574 762 si
1592 735 1687 762 audias
1698 742 1772 768 eam,
1787 742 1846 769 pec-

1060 787 1186 810 catorum
1204 788 1309 810 tuorum
1327 782 1448 809 maculas
1464 782 1598 817 abstergit
1618 791 1625 809 :
1642 781 1700 815 ipse
1716 786 1758 809 est
1776 781 1846 813 Moy-

1050 824 1123 860 ‘ses,
1150 828 1203 856 hoc
1225 833 1267 856 est
1290 829 1332 856 lex
1356 837 1415 864 qua:
1441 829 1596 857 sacerdotes
1613 834 1769 861 consecrat,
1799 837 1845 856 nec

1061 878 1150 909 potest
1165 875 1293 903 sacerdos
1309 883 1380 909 csse,
1396 883 1475 910 quem
1491 884 1544 902 non
1557 875 1598 902 lex
1613 875 1788 903 constituerit
1803 883 1844 902 sa-

1059 921 1206 948 cerdotem.
1225 921 1298 949 Multi
1317 922 1388 949 enim
1412 927 1477 950 sunt
1515 922 1684 955 sacerdotes,
1709 922 1757 949 sed
1781 929 1845 956 quos

1059 974 1113 994 non
1137 967 1204 994 lavit
1223 967 1265 995 lex
1279 988 1286 1000 ,
1312 975 1400 1003 neque
1415 975 1498 1003 pttros
1521 968 1638 995 reddidit
1658 968 1772 995 verbum
1792 967 1844 1000 Dei,

1059 1021 1146 1048 neque
1161 1014 1248 1041 abluit
1263 1022 1277 1042 ει
1293 1019 1468 1050 peccatorum
1485 1014 1613 1042 sordibus
1625 1022 1717 1042 sertno
1733 1013 1844 1042 divinus.

1059 1059 1112 1088 Sed
1124 1066 1152 1088 et
1168 1069 1227 1093 vos,
1243 1062 1289 1096 qui
1306 1069 1415 1088 sacrum
1439 1061 1573 1095 baptisma
1596 1060 1759 1088 desideratis
1778 1061 1845 1088 acci-

1058 1115 1133 1142 pere,
1145 1113 1172 1135 et
1189 1109 1307 1143 gratiam
1324 1108 1439 1142 spiritus
1453 1107 1625 1141 promereri,
1650 1107 1727 1141 prius
1745 1107 1844 1134 debetis

1058 1161 1092 1181 ex
1105 1154 1162 1189 lege
1176 1154 1294 1189 purgari,
1311 1154 1385 1188 prius
1398 1154 1516 1187 debetis,
1533 1154 1629 1181 audito
1644 1154 1728 1181 verbo
1746 1153 1801 1186 Dei,
1811 1154 1844 1180 vi-

1059 1200 1158 1226 tiorum
1173 1200 1295 1234 germina
1317 1206 1460 1232 resecare,
1487 1204 1514 1226 et
1540 1207 1630 1227 mores
1656 1199 1789 1226 barbaros
1810 1201 1844 1226 fc-

1059 1253 1159 1280 rosque
1174 1253 1352 1280 componere,
1378 1250 1406 1273 ut
1425 1245 1631 1272 mansuetudine
1649 1250 1676 1272 et
1695 1245 1843 1272 humilitate

1058 1297 1195 1327 suscepta,
1208 1293 1318 1327 possitis
1331 1293 1413 1319 etiam
1428 1292 1545 1326 gratiam
1567 1292 1652 1319 sancti
1672 1292 1792 1326 Spiritus
1806 1299 1844 1318 ca-

1057 1346 1133 1374 pere.
1158 1339 1204 1366 Sic
1228 1342 1300 1366 enim
1318 1339 1382 1366 dicit
1405 1338 1535 1366 Dominus
1560 1346 1608 1374 per
1631 1339 1791 1374 prophetam
1804 1337 1842 1364 7':

1060 1395 1068 1411 ι
1086 1385 1174 1420 Super
1188 1394 1268 1420 quem
1283 1386 1464 1419 requiescam.
1485 1385 1536 1412 nisi
1558 1392 1641 1420 super
1660 1385 1800 1416 humilem,
1820 1387 1843 1411 et

1058 1431 1191 1464 quietum,
1209 1436 1236 1458 ct
1254 1436 1416 1457 trementem
1444 1436 1584 1456 sermones
1610 1429 1706 1455 lucos?
1723 1439 1732 1455 ν
1753 1428 1779 1456 Si
1798 1430 1842 1454 lut-

1058 1477 1130 1504 utilis
1144 1485 1199 1504 non
1219 1476 1302 1504 fueris
1322 1481 1350 1503 et
1369 1476 1488 1510 quietus,
1512 1483 1564 1502 non
1589 1480 1678 1510 potest
1695 1475 1840 1502 inhabitare

215 1520 325 1554 arietes,
342 1525 371 1548 et
383 1521 536 1549 canistrum
559 1529 738 1557 azymorum,
755 1526 782 1549 et
801 1529 908 1549 omnem
925 1530 1006 1557 syna-
1020 1531 1041 1560 ε
1060 1523 1086 1550 in
1106 1527 1132 1550 te
1150 1522 1236 1556 gratia
1261 1521 1378 1557 Spiritus
1395 1521 1482 1549 sancti
1494 1542 1501 1554 ,
1527 1521 1550 1549 si
1578 1529 1631 1549 non
1652 1529 1715 1548 cum
1733 1526 1841 1549 tremore

214 1574 312 1601 gogam
330 1574 452 1594 convoca
471 1568 504 1595 ad
514 1567 628 1602 januam
650 1567 817 1595 tabernaculi
845 1568 1005 1596 testimonii.

216 1612 250 1638 Iit
269 1611 335 1640 fecit
351 1612 458 1649 Moyses
474 1614 544 1641 sicut
560 1613 689 1648 prmcepit
703 1613 727 1640 ei
748 1613 889 1646 Dominus,
902 1618 930 1640 et
941 1621 1007 1641 con-

215 1659 324 1686 vocavit
339 1666 504 1694 syuagogam
520 1660 553 1687 ad
567 1659 679 1694 januam
697 1659 864 1687 tabernaculi
884 1660 1007 1687 testimo—

215 1705 263 1732 nii.
282 1705 314 1732 Et
327 1705 396 1732 dixit
410 1705 516 1740 Moyses
527 1707 560 1733 ad
572 1713 738 1741 synagogam
751 1713 758 1732 ε
772 1705 828 1733 lloc
839 1710 881 1733 est
893 1706 1005 1733 verbum

212 1751 286 1786 quod
305 1751 443 1778 mandavit
461 1751 592 1779 Dominus
614 1750 715 1779 facere.
734 1751 767 1778 Et
780 1750 910 1785 applicuit
935 1751 1007 1787 Moy-

213 1804 258 1824 ses
274 1793 364 1824 Aaron
382 1796 496 1824 fratrem
514 1805 602 1830 suum,
619 1801 646 1824 ct
662 1796 732 1824 lilios
750 1796 818 1830 ejus,
838 1801 865 1824 et
879 1797 945 1824 lavit
959 1805 1007 1825 eos

213 1851 284 1878 aqua
304 1848 354 1871 :et
369 1843 480 1871 vestivit
495 1851 558 1871 eum
580 1844 669 1871 tunica
686 1863 694 1877 ,
724 1847 751 1871 et
776 1844 918 1878 praecinxit
943 1851 1005 1871 eum

213 1897 293 1922 zona,
309 1895 336 1917 et
349 1890 460 1918 vestivit
473 1898 535 1918 eum
558 1889 649 1917 tunica
670 1889 821 1921 interiore,
836 1894 863 1917 et
880 1889 1008 1924 imposuit

213 1937 238 1964 ei
253 1936 393 1963 humerale
410 1935 467 1972 (69)
485 1940 512 1964 et
528 1935 615 1964 cinxit
630 1943 692 1963 curn
704 1935 855 1963 secundum
872 1935 1005 1962 facturam

214 1982 376 2014 humeralis,
396 1986 423 2010 et
448 1982 613 2010 constrinxit
627 1989 689 2008 etttn
707 1982 734 2008 in
749 1981 817 2016 ipso,
835 1985 863 2008 et
878 1981 1008 2016 imposuit

214 2035 296 2062 super
311 2035 373 2055 eum
389 2027 491 2064 Iogium
507 2032 534 2054 et
558 2027 686 2062 imposuit
709 2034 791 2061 super
805 2026 905 2061 logium
920 2027 1007 2054 mani-

215 2074 388 2101 festationem
404 2078 430 2100 et
442 2073 597 2106 veritatem,
611 2077 638 2100 et
654 2072 784 2108 imposuit
800 2072 909 2099 mitram
925 2080 1007 2107 super

213 2122 297 2153 caput
309 2118 379 2153 ejus,
394 2122 422 2145 et
432 2119 526 2153 posuit
540 2125 623 2152 super
638 2117 746 2144 mitram
763 2121 826 2145 ante
838 2116 934 2145 faciem
949 2117 1007 2151 ejus

214 2164 344 2191 laminam
360 2171 471 2191 auream
488 2163 689 2191 sanctiﬁcatam
705 2168 840 2194 sanctam,
856 2163 926 2190 sicut
939 2172 1006 2199 prae-

214 2216 326 2246 ceperat
343 2211 475 2238 Dominus
503 2210 599 2246 Moysi.
617 2219 626 2236 I
649 2209 764 2237 lntentis
783 2209 896 2237 auribus
921 2216 948 2237 et
967 2210 1006 2237 vi-
1023 2200 1044 2227 θ

215 2255 310 2290 gilanti
337 2256 419 2283 corde
442 2255 677 2283 consecrationem
695 2254 832 2290 pontiﬁcis
850 2254 893 2281 vel
911 2262 1005 2282 sacer-

215 2302 287 2329 dotis
313 2302 416 2334 audite,
433 2302 496 2336 quia
513 2306 541 2328 et
557 2308 606 2328 vos
619 2300 767 2328 secundum
789 2301 923 2335 promissa
947 2301 1004 2333 Dei,

215 2348 372 2376 sacerdotes
393 2347 441 2375 Dei
459 2348 536 2379 estis,
556 2356 565 2373 ε
585 2354 652 2383 gens
663 2346 736 2374 enim
752 2351 858 2379 sancta,
873 2352 899 2374 et
914 2355 1006 2374 Sacer-

216 2396 318 2424 dotium
342 2399 468 2423 sanctum
481 2393 548 2430 ‘(70)
578 2393 645 2421 estis
667 2392 702 2420 7‘.
716 2402 725 2418 ›
743 2392 874 2428 Accepit,
895 2393 1006 2428 inquit,

216 2443 325 2478 Moyses
346 2442 498 2470 secundum
527 2444 694 2474 prteceptnm
722 2439 830 2466 Domini
859 2439 950 2467 Aaron
979 2445 1006 2466 et

215 2489 287 2516 ﬁlios
299 2489 368 2523 ejus,
385 2492 413 2515 et
428 2488 515 2523 primo
528 2486 636 2522 quidem
653 2486 738 2518 lavat,
760 2490 852 2520 postea
873 2493 938 2514 vero
967 2487 1008 2513 in-

215 2536 275 2563 duit
285 2543 342 2564 eos.
356 2535 536 2564 Considerate
551 2533 709 2568 diligentius
722 2532 844 2559 ordinem
858 2533 1007 2565 dictorum,

215 2583 306 2617 primo
320 2584 402 2614 lavat,
422 2585 517 2614 postea
536 2579 632 2607 induit.
650 2578 707 2606 Non
733 2579 805 2606 enim
822 2583 898 2608 potes
920 2579 1007 2611 indui,

250 2630 275 2646 τι
290 2628 376 2656 Levit.
394 2636 440 2658 vn.
456 2627 493 2655 35
506 2631 533 2654 et
549 2633 625 2660 seqq.

215 2665 237 2680 ⁷⁷
258 2664 323 2692 Luc.
344 2672 399 2697 xw,
414 2664 460 2691 29.
498 2663 522 2678 ⁷⁸
542 2663 592 2689 Isa.
610 2669 682 2693 vat,
697 2661 724 2687 ‘2.
763 2661 786 2676 "
799 2660 893 2687 Matth.
912 2668 977 2687 xvtt.

253 2711 309 2745 (68)
324 2711 401 2742 Mss.,
418 2721 428 2737 ἰ
440 2714 542 2740 essent.
561 2720 570 2736 ι
591 2708 765 2745 Lihb._editi,
783 2711 885 2745 «esset.
897 2716 906 2732 ι

254 2743 310 2782 (69)
331 2747 394 2774 Mss.
410 2766 416 2778 ,
446 2755 455 2772 ι
471 2745 621 2773 humerale.
637 2754 646 2770 ι
676 2743 754 2771 Libb.
776 2743 858 2777 editi,
889 2751 898 2767 t
911 2743 1007 2770 hume-

219 2783 352 2851 ’Ἳὲἱῗίιή
378 2824 443 2845 mss.
469 2814 650 2844 Gctncticcnsi
669 2817 696 2842 ct
722 2813 882 2841 Cadomcusi
913 2814 1006 2846 deest,

219 2861 229 2879 t
241 2857 376 2880 sanctum.
392 2862 401 2878 )

665 2625 689 2641 ⁷³
700 2625 858 2655 Levit.vttt,
880 2623 890 2650 l
917 2627 945 2650 et
966 2630 1042 2659 seqq.

1060 1568 1177 1604 suscipis
1195 1568 1279 1595 verba
1298 1568 1401 1595 divina.
1418 1566 1569 1601 Superbam
1590 1574 1710 1601 namque
1730 1572 1757 1595 et
1782 1573 1840 1593 con-

1058 1618 1192 1640 tumacem
1215 1613 1347 1644 animam,
1367 1615 1395 1638 et
1417 1611 1506 1638 ﬁctam
1531 1611 1630 1646 refugit
1649 1611 1769 1645 Spiritus
1790 1617 1842 1636 san-

1057 1663 1127 1686 ctus.
1147 1658 1234 1686 Debes
1249 1665 1314 1692 ergo
1334 1657 1410 1692 prius
1434 1656 1560 1684 tneditari
1579 1656 1666 1690 legem
1691 1656 1761 1688 Dei,
1779 1660 1805 1682 ut
1821 1654 1839 1681 si

1057 1704 1128 1731 forte
1150 1708 1228 1731 actus
1247 1704 1286 1731 lui
1309 1703 1484 1738 intemperati
1508 1708 1589 1736 sunt,
1605 1707 1631 1729 et
1645 1710 1740 1730 mores
1756 1702 1841 1729 incon-

1057 1751 1117 1784 diti,
1133 1751 1175 1778 lex
1190 1750 1238 1778 Dei
1255 1755 1280 1778 te
1295 1750 1421 1777 emendet
1435 1754 1462 1776 et
1474 1749 1602 1783 corrigat.
1621 1747 1668 1776 Vis
1682 1749 1775 1776 videre
1784 1747 1839 1782 quia

1058 1797 1165 1833 Moyses
1176 1804 1283 1831 semper
1295 1803 1357 1823 cum
1369 1795 1432 1823 Jesu
1448 1799 1501 1826 est,
1514 1795 1565 1822 hoc
1579 1799 1621 1823 est
1633 1794 1677 1822 lex
1690 1802 1750 1822 cum
1764 1794 1839 1821 Evan-

1057 1843 1153 1877 geliis?
1182 1843 1283 1870 Doceat
1308 1842 1364 1877 ('ll)
1387 1847 1413 1868 te
1436 1841 1613 1876 Evangelium
1635 1842 1678 1875 τ’,
1694 1842 1757 1876 quia
1784 1848 1837 1867 cum

1057 1888 1271 1916 transformatus
1286 1892 1359 1915 esset
1373 1888 1398 1914 in
1411 1887 1524 1922 gloriam
1539 1886 1725 1918 .lesus.etiam
1743 1886 1838 1920 Moyses

1057 1940 1084 1962 et
1100 1934 1172 1962 Elias
1189 1934 1269 1961 simul
1290 1942 1352 1961 cum
1371 1935 1428 1969 ipso
1442 1938 1628 1968 apparuerunt
1650 1933 1676 1959 in
1705 1933 1795 1968 gloria,
1814 1935 1838 1957 ttt

1057 1980 1130 2007 scias
1145 1980 1208 2014 quia
1225 1979 1267 2007 lex
1284 1972 1311 2007 et
1335 1981 1484 2014 prophetat,
1505 1985 1532 2007 et
1558 1979 1733 2014 Evangeliqu
1749 1978 1799 2014 (72)
1815 1977 1836 2003 in

1057 2034 1141 2052 ttnum
1156 2033 1264 2060 seraper
1277 2026 1453 2060 conveniunt,
1469 2031 1496 2053 et
1513 2026 1539 2053 in
1556 2034 1608 2053 una
1629 2025 1716 2061 gloria
1739 2033 1837 2060 penna-

1058 2077 1134 2099 uent.
1151 2071 1274 2106 Denique
1289 2076 1316 2099 et
1331 2071 1430 2099 Petrus
1447 2079 1509 2098 cum
1525 2071 1605 2099 vellet
1625 2071 1666 2098 eis
1684 2072 1735 2099 tria
1756 2070 1838 2096 faccre

1060 2117 1246 2149 tabernacttla,
1267 2117 1410 2152 imperitiae
1429 2121 1539 2144 notatur
1552 2136 1560 2150 ,
1587 2121 1716 2152 tanquam
1737 2124 1779 2151 qut
1795 2122 1836 2141 uc-

1060 2163 1144 2191 sciret
1157 2163 1221 2198 Quid
1238 2163 1352 2191 diceret.
1374 2162 1439 2197 Legi
1462 2162 1552 2195 enim,
1579 2166 1607 2190 et
1634 2154 1791 2197 prophetis,
1813 2163 1837 2185 et

1061 2209 1207 2244 Evattgelio
1224 2216 1277 2236 non
1295 2209 1358 2241 tria,
1383 2209 1429 2236 sed
1450 2216 1532 2236 unum
1559 2213 1601 2236 est
1623 2207 1836 2236 tabernaculum,

1060 2264 1121 2290 qua:
1135 2260 1177 2282 est
1191 2254 1313 2282 Ecclesia
1332 2255 1391 2282 Dei.
1406 2254 1490 2282 Lavat
1505 2262 1571 2289 ergo
1586 2255 1675 2289 pritno
1687 2253 1787 2289 Moyses
1799 2258 1837 2278 sa-

1059 2302 1197 2329 cerdotem
1212 2300 1330 2332 Domini,
1345 2305 1373 2327 et
1387 2308 1447 2328 cutn
1465 2308 1526 2327 cuttt
1542 2300 1648 2333 laverit,
1664 2305 1692 2327 et
1704 2302 1835 2335 purgatura

1061 2347 1210 2375 reddiderit
1227 2354 1241 2374 a
1261 2347 1388 2375 sordibus
1419 2346 1564 2378 vitioruut,
1586 2351 1647 2382 post
1676 2346 1734 2374 haec
1760 2342 1837 2371 induit

1060 2403 1132 2421 eum.
1153 2393 1205 2421 Sed
1225 2394 1436 2422 consideremus
1453 2401 1513 2428 qua:
1528 2395 1583 2421 sint
1605 2394 1655 2420 ista
1679 2394 1835 2421 indumenta.

1060 2440 1160 2475 quibus
1181 2440 1268 2467 induit
1286 2440 1392 2475 Moyses
1418 2441 1508 2466 Aaron
1530 2440 1641 2467 fratrem
1659 2447 1737 2466 suum
1757 2435 1836 2472 penti-

1062 2487 1140 2513 ﬁcem
1167 2486 1295 2521 primum,
1314 2486 1337 2513 si
1354 2486 1424 2513 forte
1444 2486 1572 2521 p03sibile
1593 2486 1629 2513 sit
1650 2486 1731 2512 etiam
1749 2489 1772 2511 te
1785 2480 1835 2515 (T5)

1061 2532 1135 2560 indui
1155 2532 1258 2559 eisdem
1275 2532 1442 2559 indumentis
1455 2551 1463 2564 ,
1486 2537 1513 2559 et
1534 2539 1594 2559 esse
1619 2531 1781 2567 pontiﬁcem.
1795 2527 1836 2554 Est

1061 2579 1169 2613 quidem
1183 2586 1254 2605 unus
1268 2578 1389 2612 pontifex
1410 2586 1524 2613 magnus
1549 2579 1678 2605 Dominus
1697 2581 1785 2604 noster
1796 2572 1835 2601 Je-

1095 2624 1119 2640 "
1138 2623 1147 2651 Ι
1170 2622 1228 2652 Pet.
1255 2624 1322 2657 ",9.
1367 2624 1389 2640 ⁷⁸
1402 2624 1452 2652 lsa.
1472 2624 1550 2657 1,16.
1589 2625 1612 2640 "
1628 2623 1707 2652 Rom.
1725 2629 1781 2654 xttt,
1795 2619 1832 2647 ll.

1095 2707 1153 2740 (7|)
1169 2706 1246 2734 Libh.
1267 2708 1345 2740 editi,
1361 2717 1370 2734 ‹
1381 2708 1467 2736 docet.
1482 2718 1490 2734 ι
1508 2707 1585 2739 Mss.,
1607 2707 1731 2734 «doceat.
1743 2715 1751 2731 I

1069 2778 1073 2782 _
1095 2743 1152 2777 (τὲ)
1167 2742 1244 2769 Lilth.
1262 2744 1349 2777 editi,
1369 2753 1377 2769 ι
1392 2743 1549 2778 Evangelia.
1563 2752 1572 2768 ι
1592 2743 1673 2775 Mss,
1697 2749 1706 2766 t
1723 2742 1832 2772 Drauso-

1058 2778 1157 2849 min-1‘3).
1167 2812 1242 2846 )lss.,
1263 2822 1271 2839 t
1288 2818 1323 2841 tc.
1339 2824 1348 2840 ι
1368 2813 1445 2841 Libb.
1461 2813 1538 2847 editi,
1556 2822 1564 2839 ί
1582 2812 1663 2841 ΠΜ..
