1894 3058
41 120 90 150 ‘69

623 120 655 147 IN
675 119 860 147 LEVlTlCUM
882 118 1022 147 ΙΙΘΜΙΕΙᾹ
1045 118 1085 145 W.

1610 120 1661 148 170

43 185 85 205 sus
98 176 237 208 Christus,
255 176 304 204 sed
318 176 365 203 ille
385 184 437 204 non
458 177 544 205 solum
567 177 714 209 sacerdos,
740 177 787 204 sed
803 180 827 202 ct
843 176 866 204 A
881 175 920 201 sui
949 175 1034 210 possit
1061 176 1214 203 advertere.
1243 174 1320 202 Lavit
1334 183 1400 211 ergo
1419 183 1493 207 cum,
1514 179 1540 203 et.
1565 176 1661 204 induit.

42 223 213 251 sacerdotum
240 222 372 250 sacerdos
387 228 440 256 est,
462 228 488 250 et
507 232 559 251 non
581 213 668 250 solum
690 222 828 257 pontifex,

43 270 86 297 sed
100 268 263 303 pontiﬁcum
279 267 412 302 pontifex,
434 277 482 297 nec
499 269 671 296 sacerdotum
693 269 828 304 princeps,

46 313 87 340 red
103 312 231 346 princeps
248 313 402 346 principum
425 314 607 341 sacerdotmn.
634 314 710 341 Sicut
731 319 758 340 et
783 322 828 341 rex

44 366 93 385 non
111 358 212 384 dicitur
226 358 325 392 plebis,
341 358 387 385 sed
402 366 494 394 regum
511 367 569 391 rex,
588 364 614 387 et
633 359 762 386 Dominus
776 367 828 387 non

44 411 204 437 servorum,
220 404 269 430 Sed
289 403 419 432 Dominus
439 405 619 432 dominorum.
647 405 740 432 Potest
765 413 830 440 ergo

44 447 109 478 ﬁeri,
133 450 156 475 si
180 453 210 474 et
235 452 261 475 tu
291 448 360 476 lotus
388 448 473 477 fueris
488 457 535 483 per
558 449 680 485 Moysen,
704 454 731 477 ct
747 449 830 477 fueris

44 493 77 520 ita
106 494 248 527 nutndus,
282 494 359 529 quasi
385 502 464 529 quem
493 495 598 530 Moyses
622 495 718 522 laverit
738 500 830 522 tantus

44 541 85 568 ille
101 541 159 577 (7-1)
176 549 210 569 ac
224 542 295 574 talis,
313 547 342 570 ut
358 543 445 578 possis
462 543 544 571 etiam
561 544 702 579 pervenire
718 545 751 571 ad
773 545 830 573 ba‘e

45 585 205 613 indumenta
219 595 279 622 qua
294 588 398 622 profert
412 588 529 625 Moyses,
544 595 571 617 et
582 590 665 618 stolas
681 591 757 622 istas,
770 591 828 625 qui-

46 631 95 658 bus
108 631 197 658 induit
212 631 303 660 Aaron
323 633 433 661 fratrem
448 642 526 662 suum
537 655 545 668 ,
562 641 588 663 et
606 636 676 664 ﬁlios
690 637 760 671 ejus.
778 637 831 665 Sed

45 684 96 703 non
113 677 203 704 solum
219 679 384 707 indumentis
399 688 466 715 opus
482 686 523 709 est
539 682 571 710 atl
590 683 774 710 sacerdotales
791 683 830 710 in-

44 721 124 754 fulas,
144 730 238 750 verum
258 729 286 751 et
305 725 428 758 cingulis.
448 726 502 754 Sed
520 727 677 762 priusquam
695 728 727 755 de
742 729 837 763 specie

45 767 101 801 ipsa
119 768 342 797 indumentorum
364 771 456 800 dicere
473 773 648 807 incipiamus,
665 773 745 801 velim
765 782 832 801 con~

44 811 116 840 ferre
132 813 179 840 illa
194 812 314 842 infelicia
331 816 498 850 indumenta,
516 818 613 852 quibus
630 819 732 853 primus
749 819 830 846 homo

43 865 104 884 cum
129 865 283 893 peccasset,
307 861 415 889 indutus
439 867 489 896 est,
507 870 567 890 cum
582 864 624 891 his
640 864 743 892 sanctis
757 869 785 892 et
798 865 826 891 fi-

43 903 152 931 delibus
173 904 349 945 indumentis.
375 907 408 936 Et
428 907 536 942 quidem
563 908 607 935 illa
633 909 734 937 dicitur
760 910 829 938 Deus

44 949 142 977 fecisse
158 959 166 977 :
186 959 195 976 ι
214 951 291 979 Fecit
311 953 395 986 enim,
418 953 506 989 inquit
517 955 552 989 '°,
567 955 638 983 Deus
653 956 758 984 tunicas
772 956 829 991 pel-

44 995 136 1029 liceas,
152 1001 180 1023 et
194 997 281 1024 induit
297 998 382 1026 Adam
397 1004 422 1026 et
438 1001 575 1028 mulierem
589 1001 656 1037 ejus.
671 1011 681 1028 ›
697 1002 749 1029 illae
765 1010 829 1037 ergo

44 1041 142 1068 punicae
168 1042 203 1070 de
230 1043 346 1078 pellibus
367 1051 449 1073 erant
469 1054 502 1074 ex
522 1047 684 1076 animalibus
703 1054 827 1082 smnpm.

43 1085 154 1114 Talibus
164 1087 237 1114 enim
254 1090 395 1124 oportebat
410 1091 483 1118 indui
501 1098 681 1127 pec-calorem,
699 1094 828 1128 pelliceis,

44 1132 152 1168 inquam
166 1135 234 1172 (75),
250 1137 358 1169 tunicis,
373 1145 434 1172 qua:
447 1144 539 1166 essent
551 1140 734 1174 mortalitatis,
748 1149 828 1175 quam

43 1187 91 1213 pro
107 1187 222 1214 peccato
239 1189 393 1218 acceperat,
415 1189 441 1212 et
466 1185 621 1220 fragilitatis
646 1187 704 1221 ejus
718 1195 778 1222 qure
795 1195 828 1215 ex

43 1225 134 1253 carnis
148 1228 325 1261 corruptione
338 1229 472 1263 veniebat,
489 1230 628 1258 indicium.
643 1231 670 1259 Si
691 1240 754 1260 vero
773 1233 828 1266 jam

44 1270 115 1297 lotus
133 1271 168 1298 ab
190 1272 234 1300 bis
252 1273 336 1301 fueris
349 1293 357 1307 ,
383 1281 411 1302 et
433 1276 591 1311 purificatus
606 1285 654 1312 per
671 1278 756 1312 legem
771 1278 828 1311 Dei,

44 1312 134 1342 induet
153 1322 178 1344 te
192 1317 299 1353 Moyses
316 1320 472 1348 indumento
492 1323 719 1358 incorruptionis;
746 1324 782 1351 ita
801 1328 830 1351 ut

44 1369 177 1396 nusquam
192 1370 323 1398 appareat
338 1367 477 1401 turpitudo
497 1372 552 1401 tua,
567 1373 596 1396 et
610 1373 639 1396 ut
651 1370 830 1398 absorbeatur

44 1407 157 1434 niortale
169 1409 219 1436 hoc
231 1417 245 1435 a
259 1411 324 1438 vita.

77 1452 104 1479 5.
124 1452 272 1482 Videamus
292 1463 357 1492 ergo
377 1458 447 1492 quali
472 1458 568 1487 ordine
590 1460 709 1495 pontifex
728 1461 830 1489 consti-

49 1497 131 1524 tuitur
146 1507 154 1526 :
170 1508 179 1525 t
194 1499 372 1535 Convocavit,
384 1503 471 1538 inquit
485 1505 519 1538 “,
535 1504 642 1541 Moyses
653 1514 829 1542 synagogam,

46 1547 73 1568 et
86 1543 150 1570 dicit
165 1545 200 1572 ad
219 1553 266 1574 eos
283 1556 291 1574 :
308 1548 363 1576 Hoc
375 1553 417 1576 est
432 1551 543 1577 verbum
555 1552 626 1586 quod
641 1553 768 1586 prazcepit
780 1553 830 1581 Do-

47 1587 145 1633 minus.
163 1598 173 1615 ›
191 1589 268 1618 Licet
282 1600 347 1627 ergo
363 1593 492 1622 Dominus
507 1596 539 1622 de
552 1597 745 1625 constituendo
760 1606 829 1633 pon-

47 1632 116 1659 tiﬁce
139 1636 329 1671 praecepisset,
351 1645 379 1665 et
403 1641 531 1669 Dominus
560 1642 710 1678 elegisset,
739 1632 828 1671 tamen

47 1685 213 1707 convocatur
228 1687 254 1708 et
274 1691 422 1720 synagoga.
441 1685 600 1721 Requiritur
615 1689 687 1716 enirn
711 1689 736 1716 in
754 1690 830 1717 ordi-

47 1725 133 1752 nando
157 1727 302 1755 sacerdote
324 1734 350 1756 et
378 1733 522 1764 praesentia
554 1734 644 1768 populi
659 1754 667 1766 ,
695 1739 724 1762 ut
743 1736 830 1764 sciant

45 1775 150 1803 omnes,
168 1776 196 1798 et
210 1773 278 1800 certi
302 1774 369 1807 sint,
386 1777 446 1810 quia
474 1779 518 1813 qui
544 1781 716 1812 prtcstuntiot'
740 1785 830 1809 estex

47 1816 118 1842 ontni
146 1818 263 1851 populo,
292 1820 336 1853 qui
359 1821 472 1854 doctior,
495 1824 540 1858 qui
569 1825 706 1857 sanctior,
727 1827 772 1860 qui
803 1827 828 1854 in

47 1862 118 1886 otnni
133 1862 237 1890 virtute
252 1865 426 1898 eminentior,
448 1867 492 1894 ille
514 1868 623 1902 eligitur
649 1870 680 1897 ad
704 1873 831 1898 sacerdo-

47 1905 122 1937 tium,
144 1912 173 1932 et
191 1907 241 1935 hoc
261 1915 367 1938 astante
388 1912 506 1947 populo,
530 1921 562 1940 ne
582 1922 634 1949 qua
657 1918 828 1950 postmodum

47 1953 205 1995 retractatio
225 1955 348 1989 cuiquam
363 1977 371 1989 ,
397 1965 429 1984 ne
446 1959 507 1992 quis
525 1961 666 1995 scrupulus
687 1962 828 1991 resideret.

46 1994 101 2023 Hoc
115 2003 158 2024 est
173 2004 264 2026 autem
280 2002 352 2035 quod
367 2007 393 2029 et
406 2003 552 2037 Apostolus
566 1994 693 2041 prtecepit
712 2007 738 2034 in
758 2009 830 2035 ordi-

47 2043 159 2070 natione
175 2046 336 2080 sacerdotis,
354 2049 448 2076 dicens
459 2050 502 2076 3':
521 2059 530 2076 ‹
549 2050 660 2086 Oportet
681 2057 771 2080 autem
799 2054 831 2081 il-

46 2086 98 2115 lum
116 2095 144 2116 et
164 2090 351 2120 testimonium
369 2094 470 2122 habere
484 2095 582 2123 bonum
597 2097 631 2125 ab
647 2098 688 2125 his
702 2099 748 2134 qui
765 2099 830 2135 funis,

45 2140 118 2160 sunt.
132 2145 141 2161 ι
162 2135 219 2171 Ego
241 2142 330 2165 tamen
352 2145 378 2166 et
403 2141 521 2175 amplius
535 2142 635 2177 aliquid
654 2144 732 2171 video
756 2145 781 2172 in
798 2153 830 2181 eo

844 1511 867 1541 (1

881 220 1146 254 Qualiindomento?
1163 220 1276 254 Tunica,
1291 221 1389 256 inquit,
1402 226 1429 249 et
1446 222 1588 257 praecinxit
1602 229 1665 249 eum

880 274 960 298 zona,
978 272 1004 293 et
1017 267 1114 293 iterum
1129 267 1237 293 vestivit.
1254 274 1314 294 eum
1331 267 1449 294 tunicam
1465 267 1589 300 talarem,
1609 267 1664 300 vel,

880 317 909 339 ut
924 312 989 339 alibi
1007 311 1131 347 legimus,
1149 312 1318 339 interiorctn.
1334 312 1452 345 Duabus,
1470 318 1498 340 ut
1514 313 1601 345 video,
1621 318 1664 340 lu-

880 359 948 385 nicis
975 366 1022 392 per
1042 358 1153 393 Moysen
1181 358 1303 386 induitur
1326 359 1458 394 pontifex.
1473 360 1525 387 Sed
1545 360 1608 395 quid
1625 360 1665 387 fa-

880 404 984 431 ciemus
998 405 1068 438 quod
1093 403 1172 432 Jesus
1190 405 1347 432 sacerdotes
1372 413 1436 432 suos
1457 405 1594 440 apostolos
1614 413 1665 433 no-

880 453 950 476 stros
980 448 1116 483 prohibuit
1147 450 1186 476 uti
1220 449 1325 477 duabus
1350 450 1454 478 tunicis
1477 450 1523 477 "1
1549 450 1664 478 Dixera-

881 502 942 521 nnts
960 494 1031 528 quod
1050 494 1155 530 Moyses
1179 501 1206 522 et
1230 494 1328 528 Jesus,
1353 496 1378 523 id
1400 502 1442 522 est
1459 496 1504 523 lex
1520 501 1548 524 et
1577 495 1666 523 Evan-

880 539 949 575 gelia
974 540 1026 568 sibi
1055 540 1172 567 invicem
1206 545 1400 569 consonarent.
1429 541 1525 569 Posset
1550 542 1669 570 fortasse

881 585 973 612 dicere
994 584 1095 619 aliquis
1119 585 1182 620 quia
1206 585 1277 620 quod
1293 586 1423 620 prwcepit
1439 585 1520 613 Jcsus
1539 586 1607 614 duas
1623 592 1666 613 tu-

881 625 958 658 nicas
975 638 1028 658 non
1045 631 1196 664 habendas,
1213 639 1267 658 non
1291 636 1333 659 est
1347 632 1515 660 contrarium
1531 632 1582 668 logi
1593 653 1601 665 ,
1619 634 1666 661 sed

881 676 1029 711 perfectius
1056 676 1139 712 lege,
1168 677 1241 705 sicut
1267 681 1294 704 et
1325 685 1387 705 cum
1416 678 1460 705 lex
1489 679 1666 707 homicidium

880 727 974 755 vetat,
1000 721 1078 750 Jesns
1105 727 1194 750 autem
1219 723 1303 750 etiam
1334 724 1502 752 iracundiam
1532 730 1638 753 resecat
1657 746 1665 758 ,

881 772 909 794 et
935 775 998 794 cum
1025 767 1067 794 lex
1093 767 1222 801 proltibet
1247 768 1410 796 adulterium
1427 769 1469 803 ³⁸⁸,
1485 768 1565 798 Iesus
1583 771 1667 799 etiam

881 814 961 849 217
983 814 1231 849 concupiscentiam
1250 815 1341 842 cordis
1364 815 1511 843 abscindit.
1536 816 1582 844 Sic
1601 824 1670 852 ergo

881 859 1015 886 videbitur
1031 862 1057 885 et
1079 858 1183 886 duabus
1206 859 1244 888 ibi
1269 860 1367 887 tunicis
1385 860 1549 895 pontificem,
1571 865 1598 888 et
1622 861 1667 889 hic

880 913 934 932 una
953 905 1089 940 apostolos
1104 906 1236 933 induisse.
1256 905 1297 933 Sit
1313 906 1422 940 quidem
1443 907 1526 934 etiam
1539 907 1590 934 iste
1602 914 1665 934 seu.

878 959 937 984 sus,
950 951 1099 985 probabilis
1121 951 1144 979 si
1158 951 1276 983 videtur,
1290 959 1340 987 ego
1360 956 1449 979 tamen
1467 960 1518 979 non
1536 952 1670 979 intra-lm-

875 997 921 1030 jus
936 996 1122 1032 intelligentia!
1145 997 1298 1032 angustiam
1313 997 1478 1031 pontificalia
1493 1002 1665 1025 sacramenta

879 1042 1020 1069 concludo.
1042 1041 1164 1076 Amplius
1178 1042 1244 1068 tnihi
1259 1041 1361 1075 aliquid
1373 1049 1406 1069 ex
1420 1042 1470 1069 ista
1490 1043 1576 1070 forma
1589 1043 1665 1070 vidc-

879 1091 923 1114 tur
938 1087 1061 1119 ostendi;
1077 1086 1197 1121 pontifex
1213 1091 1265 1120 est,
1277 1087 1323 1122 qui
1337 1087 1478 1114 scientiam
1493 1088 1560 1122 legis
1577 1092 1663 1120 tenet,

878 1137 906 1159 et
924 1130 1138 1166 uniuscujusque
1161 1133 1283 1167 tnysterii
1302 1132 1428 1166 intelligit
1442 1133 1573 1165 rationes,
1586 1138 1614 1161 et
1629 1138 1659 1160 ιιι

879 1178 998 1205 breviter
1008 1177 1151 1212 explicem,
1161 1178 1205 1213 qui
1219 1177 1305 1212 legem
1324 1179 1508 1206 etsecundutn
1524 1178 1665 1214 spiritum,

879 1227 906 1250 et
917 1224 1063 1250 secundum
1073 1223 1192 1250 litteram
1202 1222 1396 1251 novit.Sciebat
1406 1231 1470 1259 ergo
1479 1223 1600 1259 p0ntifex
1609 1224 1663 1255 ille,

879 1277 959 1304 quem
970 1275 1033 1297 tunc
1041 1269 1185 1297 ordinabat
1197 1268 1316 1304 Moyses,
1333 1270 1395 1305 quia
1409 1275 1481 1298 esset
1492 1271 1667 1299 circumcisio

880 1315 1023 1350 spiritalis,
1036 1315 1162 1342 servabat
1179 1319 1268 1342 tatnen
1282 1321 1310 1343 et
1319 1316 1554 1344 circutncisionem
1564 1317 1664 1350 carnis,

881 1359 943 1394 quia
960 1359 1166 1387 incircumcisus
1179 1359 1298 1394 pontifex
1309 1367 1369 1388 esse
1378 1368 1430 1388 non
1445 1365 1560 1395 poterat.
1575 1361 1667 1389 llabc-

881 1405 926 1431 bat
937 1411 1000 1440 ergo
1011 1405 1061 1432 iste
1072 1404 1138 1432 duas
1155 1405 1268 1433 tunicas.
1281 1405 1366 1434 Unam
1381 1407 1525 1435 ministerii
1537 1407 1668 1441 carnalis,

881 1453 908 1477 et
923 1449 1002 1477 aliam
1021 1450 1205 1486 intelligentiae
1221 1451 1364 1486 spiritalis.
1380 1452 1491 1480 Sciebat
1503 1453 1566 1488 quia
1578 1457 1604 1481 et
1623 1461 1668 1482 sa-

883 1497 988 1524 criﬁcia
1010 1497 1145 1531 spiritalia
1162 1496 1253 1524 oll'erri
1270 1497 1371 1526 debent
1394 1499 1461 1532 Deo,
1477 1499 1608 1527 olfcrebat
1626 1505 1668 1527 ta-

884 1549 945 1570 men
972 1542 1147 1570 nihilominus
1170 1547 1197 1569 et
1221 1543 1351 1570 carnalia.
1374 1542 1433 1571 Non
1459 1544 1531 1571 enim
1559 1549 1671 1580 poterat

883 1597 944 1617 esse
970 1589 1091 1624 pontifex
1115 1597 1210 1617 eorum
1232 1590 1277 1625 qui
1302 1594 1366 1618 tunc
1383 1595 1472 1623 erant,
1488 1588 1540 1618 nisi
1561 1590 1670 1618 hostias

884 1635 1047 1662 immolaret.
1061 1635 1100 1662 lta
1115 1642 1180 1669 ergo
1194 1635 1387 1663 convenienter
1402 1635 1448 1663 ille
1459 1633 1582 1670 pontifex
1600 1635 1668 1663 dua—

884 1683 934 1709 bus
955 1681 1064 1709 indutus
1087 1681 1187 1708 tunicis
1207 1681 1313 1708 dicitur.
1336 1681 1457 1715 Apostoli
1482 1687 1547 1709 vero
1563 1681 1610 1716 qui
1627 1681 1668 1709 di-

883 1727 953 1755 cturi
976 1727 1095 1759 erant",
1119 1735 1128 1753 t
1144 1727 1205 1761 quia
1228 1726 1251 1754 si
1279 1727 1528 1761 circumcidamini,
1544 1727 1673 1755 Christus

884 1774 960 1801 vobis
974 1774 1041 1801 nihil
1050 1773 1189 1808 proderit,
1203 1781 1212 1799 ι
1229 1777 1256 1800 et
1271 1772 1317 1808 qui
1333 1773 1434 1801 dicturi
1453 1773 1575 1807 erant“,
1589 1782 1599 1800 t
1618 1781 1666 1801 ne-

884 1827 928 1846 mo
953 1827 999 1847 vos
1020 1819 1124 1854 judicet
1146 1820 1171 1846 in
1192 1818 1264 1852 cibo,
1283 1822 1330 1845 aut
1351 1818 1378 1845 in
1401 1823 1535 1854 potu,aut
1548 1819 1575 1846 in
1589 1824 1670 1853 parte

884 1865 936 1892 diei
957 1865 1028 1898 festi,
1049 1870 1096 1892 aut
1120 1866 1276 1897 neomenia,
1294 1870 1340 1892 aut
1366 1865 1496 1898 Sabbato,
1521 1872 1582 1900 qua}
1604 1870 1678 1893 sunt.

884 1911 979 1938 umbra
998 1911 1164 1944 futurorum,
1177 1921 1187 1939 ›
1207 1912 1249 1940 isti
1266 1919 1331 1947 ergo
1345 1916 1376 1938 ut
1391 1911 1547 1946 bujusmodi
1569 1919 1669 1939 secun.

885 1957 947 1984 dum
973 1957 1090 1986 litteram
1115 1958 1184 1994 legis
1205 1958 1394 1986 observantias
1417 1957 1668 1992 penitus-repudia-

885 2008 956 2037 rent,
971 2010 1021 2030 nec
1035 2007 1199 2038 occuparent
1217 2002 1363 2038 discipulos
1381 2002 1500 2030 Judaicis
1515 2002 1625 2036 fabulis,
1640 2007 1682 2031 ets

884 2048 1053 2084 imponerent
1065 2049 1223 2084 hisjugum,
1242 2048 1313 2083 quod
1336 2055 1423 2083 neque
1439 2049 1501 2084 ipsi,
1519 2056 1606 2084 neque
1619 2056 1674 2084 pac-

885 2100 940 2122 tres
955 2103 1048 2122 eorum
1065 2100 1175 2130 portare
1194 2098 1343 2130 potuerunt
1351 2094 1384 2128 ³⁷,
1397 2095 1493 2123 tnerito
1509 2095 1577 2123 duas
1593 2094 1668 2122 tuni—

884 2150 931 2171 cas
951 2142 1053 2169 habere
1070 2141 1257 2176 prohibentur,
1272 2143 1319 2170 sed
1333 2141 1432 2169 sufficit
1443 2142 1483 2169 eis
1496 2149 1562 2174 una,
1573 2141 1668 2170 cthaec

46 2181 114 2212 quod
128 2181 206 2214 dicit,
221 2184 282 2217 quia
296 2187 456 2213 convocavit
471 2187 577 2223 Moyses
588 2197 694 2217 omnent
715 2198 831 2227 synago—
846 2186 867 2214 D
883 2190 1006 2217 interior.
1025 2187 1092 2215 Nam
1110 2188 1188 2216 istam
1207 2196 1266 2225 qua
1283 2188 1351 2217 foris
1364 2193 1416 2221 est,
1432 2192 1460 2215 et
1476 2196 1537 2222 qua:
1550 2188 1668 2223 desuper

46 2233 123 2260 gain,
143 2233 171 2254 et
190 2234 253 2261 puto
272 2231 343 2264 quod
364 2239 513 2260 convocare
529 2241 704 2270 synagogatn,
721 2237 771 2264 hoc
795 2238 830 2265 sit

45 2272 174 2306 colligere
187 2283 279 2302 omnes
298 2277 380 2304 anitni
394 2283 418 2305 et
430 2279 455 2305 in
471 2287 552 2306 unnnt
566 2288 730 2316 congregare
745 2284 830 2311 virtu-

46 2322 96 2351 tes,
113 2325 142 2346 ut
159 2328 221 2347 cum
243 2329 334 2350 sermo
359 2324 392 2351 de
418 2326 632 2354 sacerdotalibus
651 2330 830 2357 sacramentis

47 2364 172 2398 habetur,
189 2368 300 2402 vigilcnt
315 2377 411 2397 omnes
425 2371 508 2399 animi
524 2373 650 2405 virtutes,
673 2379 701 2401 et
721 2374 831 2406 intenta:

48 2410 110 2442 sint,
136 2412 203 2439 nihil
222 2413 246 2440 in
263 2415 304 2442 eis
321 2416 477 2450 sapientiae,
506 2418 575 2445 nibil
593 2419 715 2446 scientia:
728 2440 735 2453 ,
764 2421 830 2448 nihil

48 2456 115 2484 desit
138 2458 282 2487 industria:
295 2480 303 2493 ,
327 2461 374 2488 sed
394 2461 467 2489 adsit
485 2464 574 2502 omnis
595 2464 740 2492 multitudo
767 2474 830 2493 sen-

49 2509 133 2536 suum,
153 2505 224 2532 adsit
249 2506 339 2534 omnis
360 2508 535 2542 congregatio
553 2514 708 2536 sanctarum
726 2511 831 2546 cogita-

51 2548 158 2582 tionum,
179 2556 208 2577 ut
224 2551 288 2584 quid
305 2552 340 2579 sit
359 2553 491 2587 pontifex,
509 2555 573 2589 quid
590 2556 693 2589 unctio,
711 2564 770 2591 qtue
789 2558 829 2584 in-

52 2593 172 2623 dnmeuta
188 2597 268 2632 ejus,
297 2599 442 2627 conferens
471 2601 541 2629 intra
570 2603 720 2629 sacrarium
740 2604 830 2632 contis

82 2663 103 2681 "
115 2665 214 2694 Genes.
228 2675 270 2699 ιιι,
290 2667 336 2695 21.

58 2699 168 2730 “Calui.
198 2712 234 2734 v,
271 2703 300 2731 2.

56 2759 173 2822 ἱηῗὲζῐη
193 2761 262 2789 libb.
288 2762 369 2790 editis
394 2764 486 2797 deest,
502 2774 511 2791 t
529 2765 588 2800 ille,
606 2775 616 2793 ι
631 2768 678 2795 sed
697 2769 830 2802 reperitur

81 2831 131 2864 iii)
147 2831 225 2859 Libb.
239 2831 318 2864 editi,
336 2842 344 2858 ι
360 2833 458 2869 inquit,
475 2835 542 2863 ised
559 2843 636 2866 mss..
653 2846 661 2863 ι
678 2837 798 2874 inquam.
815 2847 824 2864 ι

383 2669 403 2704 F'
424 2669 512 2698 Levit.
530 2672 587 2704 vtit,
602 2672 630 2703 Δ,
648 2672 676 2700 5.

737 2673 760 2689 δ’
781 2674 870 2701 lTint.
887 2677 916 2697 III
946 2669 974 2698 7-

339 2703 362 2719 ⁸⁸
373 2703 478 2733 Coloss.
494 2714 525 2738 tt,
540 2702 585 2734 l6.
619 2702 641 2724 ⁸⁷
652 2709 712 2736 Act.
723 2716 766 2739 xv,
779 2710 822 2738 10.
860 2708 883 2725 ⁸⁸
896 2705 996 2732 Matth.
1012 2712 1038 2735 v,
1056 2702 1098 2731 l9.

883 2241 1006 2270 apparet,
1024 2234 1090 2270 legis
1116 2234 1234 2262 tunicam
1264 2235 1370 2262 nolunt.
1393 2233 1480 2268 Unam
1496 2241 1614 2268 namque
1627 2234 1676 2261 eis

882 2281 972 2314 Jcsus,
994 2286 1021 2308 et
1041 2281 1129 2316 ipsam
1153 2281 1314 2308 interiorem
1332 2280 1433 2308 habere
1448 2279 1595 2314 permittit.
1613 2279 1667 2307 lm—

881 2328 957 2363 ponit
973 2326 1030 2363 (76)
1053 2331 1143 2354 tamen
1165 2326 1272 2362 Moyses
1288 2325 1408 2361 pontifici
1435 2330 1462 2353 et
1488 2324 1673 2359 humeralcm,

882 2374 928 2408 qui
946 2378 986 2401 est
1004 2373 1178 2400 humerorum
1195 2373 1306 2408 quidam
1323 2379 1357 2400 ex
1371 2371 1602 2399 eircumductione
1617 2379 1671 2398 ve-r

881 2420 931 2446 stis
952 2423 1077 2447 ornatus.
1104 2418 1217 2446 Homeri
1241 2423 1331 2446 autem
1356 2424 1469 2452 operum
1483 2416 1604 2452 ,liguram
1627 2420 1665 2444 te-

882 2467 957 2495 nent,
976 2471 1008 2490 ac
1030 2462 1133 2490 laboris
1147 2462 1257 2490 indicia.
1274 2462 1337 2489 Vult
1350 2469 1417 2496 ergo
1434 2461 1587 2496 pontificem
1603 2467 1666 2488 esse

881 2508 963 2535 etiam
978 2507 1005 2534 in
1021 2508 1149 2542 cperibus
1165 2511 1302 2542 ornatum,
1320 2515 1370 2536 nec
1392 2508 1490 2536 sufﬁcit
1503 2507 1559 2535 sola
1575 2507 1664 2535 scien-

884 2555 930 2587 tia,
949 2555 1013 2589 quia
1030 2563 1040 2580 t
1052 2554 1096 2589 qui
1119 2554 1217 2582 fecerit
1232 2559 1260 2581 et
1277 2554 1409 2588 docuerit,
1427 2555 1470 2582 hic
1485 2561 1600 2588 magnus
1616 2560 1666 2581 vo-

883 2601 991 2627 cabitur
1005 2600 1031 2627 in
1051 2607 1135 2636 regno
1149 2599 1322 2627 caelorum“.
1335 2609 1344 2626 I

1033 2667 1056 2684 ⁸⁸
1072 2667 1137 2703 Luc.
1154 2675 1197 2701 ιιι,
1216 2667 1259 2695 ii.
1313 2667 1336 2683 ⁸⁴⁸
1352 2667 1448 2695 Matth.
1463 2675 1490 2702 v,
1503 2667 1539 2695 27
1549 2671 1576 2695 et
1585 2673 1664 2703 seqq;

907 2762 977 2804 _(76)
994 2762 1072 2804 bibo.
1089 2761 1166 2795 editi,
1182 2771 1191 2788 ε
1206 2762 1339 2796 imponet;
1354 2771 1363 2788 ι
1382 2769 1432 2790 ms.
1458 2761 1667 2796 Gemcticensis,

886 2807 895 2825 α
907 2803 1028 2833 imponit.
1041 2806 1050 2822 ι
