1894 3058
225 137 273 164 HI

951 132 1029 159 ΘΒΜ]
1036 132 1112 158 iile

1800 129 1853 156 47?.

261 197 287 223 4.
313 204 322 221 ι
335 195 363 222 Et
381 195 475 227 cinxit,
489 195 622 229 inquit",
637 201 697 221 eum
715 193 861 221 secundutn
880 192 1012 220 iacturam
1029 195 1052 222 Α
1067 193 1130 227 quia
1151 200 1202 219 non
1221 198 1281 219 ante
1297 191 1363 218 alios
1383 192 1491 223 docere,
1508 197 1586 224 quam
1611 197 1660 217 nos
1680 190 1806 218 instructi
1827 195 1855 219 et

189 241 196 243 “
225 241 408 268 itumcrnlis.)
432 241 489 268 ,ιλιι-
514 245 540 267 et
564 241 688 274 superius
718 240 823 266 dixerat
845 239 908 273 quia
927 238 1013 265 cinxit

226 294 287 313 eum
303 294 398 313 zonam
422 294 503 320 super
519 286 649 318 tunicam,
667 290 694 312 et
711 286 791 311 modo
810 285 909 311 iterum
923 284 1009 318 cingi-

229 339 272 360 tur
286 334 432 360 secundum
456 334 590 359 facturam
613 332 771 359 humeralis.
789 331 866 366 Quod
884 335 925 358 est
943 329 1014 357 istud

229 378 326 412 duplex
351 378 498 411 cingulum,
525 385 580 412 quo
607 377 788 404 constrictum
817 376 874 402 vult
899 383 958 402 esse
981 382 1015 401 ex

229 424 301 450 οιηιιί
319 429 395 458 parte
423 423 601 458 pontiﬁcem?
623 424 795 451 Constrictus
819 422 854 449 sit
878 422 904 448 in
921 421 1013 453 verbo,

229 470 395 497 constrictus
411 470 437 496 in
452 478 546 504 opere,
560 470 704 504 expeditus
720 469 753 496 ad
772 468 872 500 omnia,
891 467 957 494 nihil
970 474 1015 494 re-

229 517 352 548 missmn,
368 516 433 544 nihil
450 517 548 544 habeat
561 516 732 543 dissolutum.
748 515 895 542 Accinctus
908 514 943 541 sit
958 513 1016 540 ani-

231 563 265 588 mi
283 562 439 594 virtutibus,
462 562 626 589 constrictus
641 562 676 588 sit
691 569 705 588 a
725 560 912 595 corporalibus
930 560 1014 592 vitiis,

230 608 332 634 nullum
355 609 454 635 animae
477 608 593 642 lapsum,
617 607 718 634 nullum
757 607 880 641 corporis
911 608 1014 639 timeat,

230 659 346 688 utroque
361 655 469 689 cingulo
484 662 594 689 semper
610 659 702 680 utatur
719 658 748 680 ut
771 654 806 680 sit
822 657 935 680 sanctus
951 659 1015 678 cor-

232 706 297 731 pore
313 703 341 725 et
355 699 462 733 spiritu.
480 699 551 726 Bene
565 704 655 726 autem
672 704 699 726 et
714 699 862 726 scentulum
881 698 1014 725 facturam

230 744 381 772 humeralis
406 745 535 780 cingitur.
562 745 717 772 Secundum
746 745 815 771 facta
841 744 912 771 enim
927 752 975 771 sua
989 748 1017 771 et

229 791 378 817 secundum
391 799 472 824 opera
491 799 538 818 sua
548 791 658 825 cingulo
678 791 786 817 virtutis
800 791 895 817 utitur.
909 789 941 816 Et
958 794 1018 824 post

231 836 306 867 haec,
336 835 465 870 inquit”,
495 836 644 870 (imposuit
674 843 755 870 super
783 844 843 862 eum
870 835 987 871 legium,
1005 844 1013 860 ι

231 881 302 914 quod
321 885 361 908 est
376 881 519 913 rationale,
541 891 550 907 ‹
562 887 587 908 et
605 881 733 915 impOsuit
747 888 828 915 super
842 880 941 914 legium
960 887 1017 906 ma-

235 926 449 958 nifestationem.
470 932 497 954 et
521 927 674 958 veritatem,
708 931 734 953 et
760 926 886 961 imposuit
908 926 1015 952 mitram

233 979 315 1006 super
336 977 418 1006 caput
439 972 505 1005 ejus.
521 981 530 997 ι
557 972 611 999 Sed
636 972 775 998 videamus
811 971 874 1006 quid
906 971 1015 1005 logium,

233 1018 305 1051 quod
321 1023 361 1045 est
377 1018 519 1050 rationale,
538 1019 680 1053 signiﬁcet.
701 1017 879 1051 Posteaquam
908 1017 1017 1045 nuditas

233 1067 302 1089 tecta
319 1068 371 1095 est,
389 1068 416 1090 et
439 1064 602 1090 indumentis
620 1063 755 1099 turpitudo
767 1063 854 1089 velata
864 1063 930 1097 (77),
944 1067 1018 1097 post-

232 1117 346 1142 eaquam
369 1109 492 1137 munitus
509 1109 638 1144 operibus
659 1114 687 1136 et
714 1109 823 1143 cingulo
846 1113 960 1143 utroque
973 1108 1019 1135 ﬁr-

233 1159 323 1180 matus
337 1158 388 1187 est,
405 1154 504 1189 logium
523 1155 557 1187 ei,
577 1154 602 1181 id
626 1158 667 1181 est
686 1154 828 1185 rationale,
847 1158 908 1180 tunc
935 1153 1019 1179 tradi-

234 1203 289 1227 tur.
307 1198 421 1234 Logium
440 1200 582 1235 sapientia:
598 1200 726 1227 indicium
747 1205 798 1230 est,
808 1200 870 1233 quia
887 1199 1019 1233 sapientia

235 1244 262 1270 in
280 1245 386 1271 ratione
405 1245 544 1272 consistit.
562 1244 615 1271 Sed
635 1252 695 1279 qum
719 1245 754 1271 sit
776 1243 918 1278 sapicntim
940 1242 1020 1276 hujus

233 1295 259 1317 et
276 1291 388 1317 rationis
404 1291 490 1318 virttts
506 1291 636 1318 ostendit.
663 1291 778 1325 imponit
791 1291 862 1317 enim
879 1297 959 1324 super
978 1298 1020 1317 t‘a-

235 1337 375 1369 tionalem,
391 1337 637 1363 manifestationcm
654 1341 681 1363 et
698 1336 850 1363 veritatem.
873 1335 930 1362 Non
947 1336 1020 1362 enim

237 1381 335 1407 sullieit
359 1381 479 1415 pontiﬁci
503 1381 604 1408 habere
629 1381 810 1415 sapientiam,
828 1385 855 1407 et
877 1381 946 1408 scire
963 1389 1021 1408 otn-

236 1426 312 1452 nium
332 1428 473 1457 rationem,
495 1427 546 1452 nisi
573 1426 658 1461 possit
683 1427 765 1453 etiam
791 1426 888 1461 popqu
910 1426 1021 1453 manife-

237 1476 311 1497 stare
325 1479 385 1505 quze
401 1471 486 1498 novit.
503 1470 565 1498 Ideo
577 1479 642 1505 ergo
661 1471 808 1506 imponitur
823 1471 946 1499 rationali
966 1479 1022 1497 ma-

236 1518 384 1548 nil'cstatio,
406 1522 436 1544 ut
453 1518 538 1552 possit
559 1517 723 1551 respondere
753 1517 825 1544 omni
846 1518 966 1552 poscenti
991 1525 1020 1545 se

237 1561 370 1588 rationem
398 1562 431 1588 de
455 1561 506 1588 ﬁde
522 1565 549 1588 et
566 1561 692 1588 veritate.
708 1561 821 1588 Ponitur
834 1567 923 1588 autem
940 1569 1020 1596 super

236 1606 301 1632 illud
318 1611 346 1633 et
369 1607 481 1639 veritas,
497 1611 526 1634 ut
543 1614 596 1633 non
624 1606 670 1633 illa
696 1611 813 1640 astruat,
834 1615 894 1641 qua:
910 1607 1021 1641 proprio

235 1652 394 1686 excogitare
419 1657 507 1688 potest
530 1653 649 1688 ingenio,
676 1653 722 1679 sed
738 1660 797 1686 quae
813 1653 914 1679 veritas
930 1652 1021 1686 habet,

237 1706 287 1725 nec
309 1706 426 1733 unquam
453 1707 467 1726 a
494 1699 609 1726 veritate
631 1699 764 1730 discedat,
782 1703 809 1725 ut
828 1699 855 1726 in
877 1699 949 1726 omni
966 1707 1023 1726 ser-

238 1751 320 1770 mone
341 1744 400 1779 ejus
427 1751 534 1778 semper
557 1744 660 1772 veritas
677 1748 797 1771 maneat.
813 1744 870 1772 lloc
895 1749 935 1771 est
957 1752 1022 1779 ergo

237 1790 443 1825 superposuisse
473 1789 597 1817 rationali
623 1789 868 1817 manifestationem
885 1794 911 1817 et
928 1790 1024 1816 verita-

238 1832 302 1861 tciu.
321 1835 446 1862 Infelices
462 1835 511 1868 illi,
525 1835 570 1870 qui
586 1836 642 1862 haec
659 1835 780 1870 legentes
792 1843 901 1862 omnem
924 1835 1024 1862 intelli-

237 1881 355 1912 gentiam
382 1889 458 1909 suam
480 1889 544 1917 erga
569 1889 678 1908 sensum
703 1881 859 1908 vestimenti
872 1881 1022 1916 corporalis

237 1926 390 1954 eﬁ'undunt!
406 1927 502 1955 Dicant
518 1927 596 1954 nobis
611 1927 689 1961 quale
701 1932 742 1954 est
758 1927 949 1954 vestimentum
967 1935 1023 1953 ma-

239 1973 434 2007 nifestationis,
459 1978 506 2001 aut
527 1974 712 2001 indumentum
729 1973 808 2008 quale
825 1979 866 2001 est
880 1973 1016 2000 veritatis.

239 2019 267 2046 Si
282 2020 344 2054 quis
361 2027 479 2054 unquam
495 2019 570 2052 vidit,
586 2019 608 2046 si
627 2019 688 2054 quis
705 2019 809 2046 audivit
827 2017 1024 2045 manifesratio-

240 2075 302 2093 nem
318 2071 346 2093 et
361 2067 504 2093 veritatem
522 2067 680 2094 vestimenta
698 2065 842 2097 nominari,
859 2065 950 2092 dicant
975 2071 1022 2091 no-

241 2113 284 2139 bis
303 2120 362 2147 qua:
386 2113 440 2139 sint
462 2113 588 2140 mulieres
613 2121 673 2147 qua:
694 2112 746 2140 ista
772 2113 896 2145 texerint,
919 2112 945 2138 in
971 2118 1025 2146 quo

243 2159 302 2185 haec
328 2166 445 2193 unquam
460 2159 517 2186 sint
531 2158 656 2186 confecta
681 2159 810 2186 textrino.
826 2158 878 2185 Sed
892 2158 915 2185 si
931 2165 1024 2184 verum

1065 241 1240 267 rationabiles
1258 246 1318 267 esse
1334 238 1473 266 debemus.
1489 237 1576 272 Super
1597 237 1653 263 haec
1673 241 1764 263 autem
1778 237 1854 264 addi-

1065 290 1109 312 tur
1124 285 1236 316 Vcritas,
1249 284 1313 318 quia
1327 283 1429 311 veritas
1454 287 1495 309 est
1515 289 1619 309 summa
1641 281 1786 316 sapientia.
1803 281 1856 309 lte-

1065 332 1146 366 nique
1166 331 1296 365 propheta
1312 330 1384 357 hunc
1400 329 1526 356 eumdem
1543 328 1666 355 ordinem
1677 332 1770 354 servat
1785 335 1848 354 cum

1065 376 1164 404 dicit"
1180 383 1187 401 :
1207 385 1216 400 ι
1234 375 1373 401 Sentinate
1396 374 1474 400 vobis
1495 373 1528 399 ad
1549 372 1694 407 justitiam,
1709 377 1737 398 et
1752 371 1850 398 metite

1066 422 1185 450 fructum
1206 421 1277 453 vitm,
1296 420 1447 446 illuminate
1475 419 1552 446 vobis
1574 418 1664 444 lumen
1688 418 1826 444 scientiae.
1842 426 1851 443 ›

1066 468 1149 495 Vides
1163 466 1298 501 quomodo
1315 473 1366 492 non
1394 465 1460 491 dicit
1481 465 1568 499 primo
1583 473 1592 489 ι
1605 463 1757 490 illuminate
1781 462 1855 489 vobis

1066 513 1156 541 lumen
1182 511 1312 543 scientiae,
1327 520 1336 537 ι
1362 511 1407 538 sed
1433 510 1520 545 primo
1535 518 1544 535 ‹
1569 510 1701 536 seminate
1726 509 1807 536 vobis
1823 508 1854 534 ad

1063 559 1207 595 justitiam,
1223 567 1232 584 »
1251 562 1279 585 et
1296 564 1348 584 non
1369 555 1468 584 suﬁicit
1491 555 1636 586 seminare,
1660 555 1707 581 sed
1727 563 1736 579 ι
1752 554 1854 584 metite,

1067 605 1165 639 inquit,
1179 604 1296 630 fructum
1312 602 1385 634 vitm,
1398 611 1407 628 ι
1426 606 1454 628 ut
1467 606 1528 636 post
1546 601 1602 627 hac
1618 601 1727 635 possitis
1742 600 1856 634 implere

1067 650 1138 684 quod
1155 649 1291 683 sequitur,
1312 657 1321 674 ‹
1337 648 1490 675 illuminate
1504 646 1580 673 vobis
1595 645 1684 672 lumen
1702 646 1853 672 scientiae.)

1068 695 1114 724 Sic
1130 703 1196 730 ergo
1215 694 1298 729 218
1312 693 1394 721 etiam
1416 693 1462 720 hic
1482 691 1633 727 imponitur
1647 690 1798 717 humeralis
1814 698 1857 717 or-

1067 746 1158 775 natus,
1184 744 1210 767 et
1235 747 1288 766 non
1312 737 1411 765 suﬁicit
1437 737 1510 764 solus
1536 739 1649 763 ornatus
1666 734 1735 770 (79),
1755 734 1805 761 sed
1830 738 1856 759 et

1068 794 1136 814 zona
1161 784 1369 818 constringitur.
1386 783 1439 810 Sed
1465 790 1499 810 ne
1524 782 1574 809 hoc
1591 781 1699 816 quidem
1721 780 1790 807 satis
1805 785 1857 811 est,

1069 832 1187 861 secundo
1208 831 1297 858 adhuc
1317 829 1446 864 cingitur,
1473 833 1502 856 ut
1524 829 1561 855 ita
1588 827 1698 854 demum
1725 826 1858 852 rationale

1070 879 1156 915 possit
1179 878 1294 912 imponi,
1319 881 1344 903 et
1368 875 1499 910 pesthaec
1514 874 1696 901 manifestatio
1710 872 1857 906 subsequa-

1070 931 1114 953 tur
1129 929 1157 952 et
1175 924 1288 951 veritas.
1303 922 1350 950 His
1365 921 1531 949 indumentis
1547 921 1665 956 pontifex
1680 924 1785 946 utatur.
1800 918 1857 944 Tali

1068 975 1166 999 ornatu
1183 970 1260 997 debet
1277 969 1362 1002 indui,
1379 968 1424 1002 qui
1441 967 1620 994 sacerdotium
1636 966 1715 996 gerit.

1106 1019 1131 1046 5.
1153 1018 1206 1045 Sed
1231 1016 1349 1044 nondum
1374 1014 1472 1045 ﬁnivit,
1494 1018 1522 1040 et
1549 1013 1617 1038 alitis
1632 1012 1721 1037 adhuc
1745 1015 1858 1036 ornatus

1071 1063 1213 1091 addendus
1236 1067 1288 1094 est,
1305 1067 1417 1088 necesse
1434 1063 1477 1086 est
1498 1063 1527 1085 ut
1550 1057 1667 1090 accipiat
1680 1056 1765 1082 etiam
1780 1062 1857 1081 coro-

1070 1117 1144 1137 nam.
1173 1108 1319 1142 Propterea
1341 1105 1440 1140 accipit
1463 1105 1548 1139 primo
1574 1102 1700 1134 cidarim,
1723 1101 1797 1135 quod
1820 1104 1859 1126 est

1070 1155 1113 1182 vel
1136 1153 1334 1188 operimentum
1362 1151 1496 1185 quoddam
1524 1148 1631 1182 capitis,
1648 1147 1689 1174 vel
1712 1153 1858 1173 ornamen-

1072 1205 1138 1228 tum.
1158 1199 1191 1226 Et
1208 1203 1269 1233 post
1286 1197 1344 1223 haec
1368 1195 1599 1229 snperimponitur
1624 1193 1647 1219 ei
1672 1192 1765 1218 mitra.
1790 1193 1857 1217 Ante

1071 1243 1180 1274 faciem,
1200 1241 1227 1269 id
1252 1246 1297 1273 est,
1317 1247 1331 1267 a
1359 1239 1446 1266 fronte
1472 1237 1620 1274 pontiﬁcis,
1645 1237 1748 1263 lamina
1779 1243 1856 1262 aurea

1071 1289 1253 1321 sanctiﬁcata,
1265 1288 1291 1314 in
1304 1294 1357 1321 qua
1370 1285 1503 1320 sculptum
1513 1284 1616 1311 dicitur
1625 1282 1789 1309 vocabulum
1802 1281 1855 1308 Dei.

1074 1337 1174 1364 Verum
1189 1336 1242 1362 iste
1254 1333 1351 1369 capitis
1364 1337 1488 1362 ornatus,
1504 1331 1549 1357 ubi
1564 1337 1661 1357 nomen
1682 1329 1730 1355 Dei
1749 1327 1858 1362 imposi-

1075 1388 1132 1410 tum
1150 1381 1262 1413 dicitur,
1281 1384 1341 1414 post
1357 1378 1402 1405 illa
1431 1376 1521 1404 omnia
1537 1376 1636 1410 quibus
1652 1374 1785 1401 inferiora
1802 1381 1857 1399 cor-

1072 1428 1146 1463 poris
1161 1427 1283 1454 membra
1313 1424 1421 1452 fuerant
1447 1427 1589 1454 exornata,
1612 1422 1817 1455 superponitur.
1831 1417 1856 1444 lu

1074 1481 1128 1508 quo
1144 1471 1208 1498 mihi
1226 1469 1340 1497 indicari
1355 1468 1473 1499 videtur,
1489 1467 1561 1500 quod
1585 1472 1666 1498 super
1680 1464 1788 1493 οιιιιιὶςι,
1803 1469 1856 1496 qua:

1073 1507 1106 1545 de
1123 1518 1222 1544 mundo
1240 1515 1281 1542 vel
1296 1515 1330 1549 de
1343 1513 1451 1541 caeteris
1475 1510 1609 1538 creaturis
1632 1508 1741 1539 sentiri,
1759 1512 1805 1534 aut
1821 1507 1858 1533 in-

1075 1563 1157 1598 telligi
1177 1566 1301 1597 possunt,
1315 1558 1482 1587 eminentior
1506 1563 1635 1590 tanquam
1662 1554 1787 1581 auctoris
1802 1561 1856 1578 01η-

1073 1610 1147 1637 nium
1171 1608 1284 1636 scientia
1312 1605 1358 1632 Dei
1381 1606 1425 1632 sit.
1439 1604 1472 1631 Et
1495 1604 1559 1638 quia
1577 1603 1632 1636 ipse
1643 1605 1728 1634 caput
1743 1605 1786 1627 est
1805 1607 1857 1625 om-

1073 1657 1158 1689 nium,
1175 1655 1236 1682 ideo
1250 1659 1277 1681 et
1289 1657 1402 1680 ornatus
1412 1651 1462 1677 iste
1475 1657 1555 1684 super
1565 1648 1654 1674 omnia
1669 1647 1752 1680 capiti
1769 1653 1857 1680 supcr-

1073 1702 1193 1737 ponitnr.
1207 1699 1279 1726 Nihil
1293 1698 1365 1726 enim
1377 1702 1436 1732 post
1451 1697 1508 1722 hare
1521 1694 1646 1729 adjicitur
1663 1692 1801 1726 pontiﬁcis
1817 1698 1858 1717 ca-

1074 1736 1134 1783 piti.
1152 1745 1184 1773 Et
1196 1745 1254 1772 ideo
1269 1743 1361 1770 miseri
1374 1745 1438 1769 sunt
1453 1740 1488 1767 illi
1505 1740 1538 1766 de
1553 1739 1650 1773 quibus
1663 1736 1730 1762 dicit
1746 1737 1856 1769 Aposto-

1074 1781 1158 1824 ius",
1174 1791 1238 1825 quia
1254 1796 1307 1817 non
1333 1791 1424 1815 tenent
1444 1796 1453 1812 ι
1465 1791 1556 1820 caput,
1575 1792 1607 1811 ex
1628 1791 1681 1817 quo
1695 1781 1787 1809 omnis
1800 1781 1857 1814 jun-

1074 1843 1148 1866 ctura
1165 1843 1286 1864 connexa
1300 1838 1326 1861 et
1343 1832 1531 1866 compaginata
1545 1829 1645 1856 crescit
1660 1829 1685 1854 in
1710 1827 1857 1853 incremen-

1076 1889 1132 1911 tum
1148 1883 1193 1910 Dei
1212 1883 1239 1909 in
1256 1880 1364 1915 spiritu.
1381 1887 1391 1904 ι
1409 1878 1461 1904 Sed
1475 1883 1525 1903 nos
1547 1875 1569 1902 si
1594 1875 1665 1901 bene
1680 1870 1857 1899 intelleximus

1075 1930 1136 1964 quis
1153 1929 1188 1955 sit
1207 1925 1357 1954 sacerdotis
1370 1927 1492 1954 ornatus,
1510 1921 1590 1955 quire
1603 1925 1684 1953 super
1708 1916 1802 1944 omnia
1815 1915 1857 1940 hu-

1076 1960 1125 2002 tior
1141 1973 1237 2008 capitis
1258 1971 1328 2006 ejus,
1343 1969 1536 2005 mysteriorum
1554 1965 1709 1993 divinorum
1726 1960 1856 1997 protunde

1076 2006 1220 2052 rimantes,
1235 2026 1288 2045 non
1311 2017 1381 2044 scire
1405 2019 1511 2041 tanturn
1531 2013 1588 2039 haec
1605 2015 1631 2037 et
1647 2009 1754 2040 audire,
1770 2006 1814 2034 sed
1835 2008 1858 2031 et

1077 2065 1188 2100 implere
1210 2063 1398 2090 desideremus
1414 2064 1442 2087 et
1464 2059 1565 2089 facere,
1579 2055 1640 2090 quia
1656 2062 1709 2080 non
1726 2052 1858 2100 auditores

1076 2095 1144 2145 legis
1156 2107 1381 2143 justiﬁcabuntur
1403 2104 1473 2139 apud
1490 2103 1584 2133 Deum,
1602 2099 1649 2127 sed
1664 2097 1794 2125 factores.
1811 2095 1857 2121 Po-

1077 2142 1117 2183 tes
1134 2142 1204 2182 enim
1217 2158 1245 2182 et
1259 2158 1298 2185 tu,
1315 2157 1345 2179 ut
1362 2158 1434 2186 smpe
1448 2149 1502 2183 jam
1520 2148 1649 2178 diximus,
1672 2145 1694 2172 si
1718 2142 1814 2170 studiis
1834 2143 1858 2166 ct

239 2204 322 2231 vultis
347 2205 452 2235 audire,
472 2205 603 2239 sapientia
619 2210 660 2232 est
682 2211 743 2238 qua:
761 2203 913 2238 hujusmodi
931 2203 1024 2230 confe-
1040 2206 1064 2236 ι)
1079 2201 1178 2236 vigiliis
1203 2200 1256 2226 tuis
1278 2195 1465 2231 huiusceﬂmdi
1490 2193 1538 2220 ubi
1561 2190 1761 2227 ρηεικπενθτῖε
1787 2187 1857 2239 im!"-

240 2250 277 2276 ρει
306 2249 476 2277 indumenta.
501 2250 547 2277 llla
574 2249 744 2277 occultorum
763 2249 1022 2281 manifestationem,

241 2297 285 2323 illa
302 2297 369 2324 texit
385 2304 475 2323 rerum
487 2296 607 2324 omnium
621 2295 774 2323 veritatem.
792 2294 868 2322 Hanc
881 2302 948 2329 ergo
961 2302 1024 2321 ore-

241 2351 301 2370 mus
319 2350 332 2370 a
350 2342 464 2370 Domino
477 2342 532 2378 (7S)
551 2347 580 2369 ut
593 2342 717 2376 accipere
740 2348 904 2373 mereamur,
923 2345 950 2368 et
968 2340 1026 2375 ipsa

244 2398 294 2417 nos
320 2389 420 2417 talibus
445 2388 627 2416 circumdabit
652 2387 826 2414 indumentis.
849 2387 901 2414 Sed
926 2391 952 2413 et
970 2386 1026 2420 ipse

242 2435 311 2463 ordo
327 2442 418 2462 rerum
436 2441 517 2468 qualn
535 2437 646 2460 sanctus
663 2432 709 2465 sit,
725 2437 752 2459 et
774 2439 856 2467 quam
882 2431 1025 2464 mirabilis,

241 2482 356 2509 intuere.
375 2480 432 2507 Non
448 2479 632 2514 antelogium,
651 2482 677 2505 et
694 2482 784 2512 postea
803 2477 1024 2510 humerale,quia

242 2535 295 2554 non
308 2531 372 2554 ante
395 2525 528 2560 sapientia
552 2531 632 2559 quam
659 2530 752 2557 opera,
770 2523 817 2550 sed
844 2523 919 2556 prius
942 2530 1024 2556 opera

242 2573 336 2600 haberi
360 2573 468 2604 debent,
490 2575 516 2598 et
539 2576 636 2606 postea
657 2569 802 2603 quatrenda
826 2569 959 2603 sapientia
973 2574 1024 2596 est.

242 2619 312 2647 Tum
331 2619 428 2647 deinde
441 2627 493 2646 non
511 2623 573 2645 ante
590 2615 776 2643 manilestatio
787 2622 867 2649 quam
883 2615 1024 2648 rationale,

287 2690 309 2706 ”
323 2689 410 2717 Levit.
426 2695 482 2719 rut.
494 2688 520 2715 7.
555 2687 577 2703 '°
591 2687 668 2719 ibid.,
683 2686 711 2714 8.
759 2685 864 2714 "Osee.
880 2694 906 2720 ς,
924 2685 968 2713 12.

279 2750 336 2785 (Ti)
352 2749 452 2778 Omnes
471 2755 549 2781 tuss.,
572 2757 581 2773 ι
593 2747 691 2775 velata.
705 2756 715 2773 ι
733 2747 814 2776 Libb.
830 2747 905 2780 editi,
928 2757 936 2774 ι
954 2747 1029 2774 vela-

245 2791 337 2853 1⁸111(ἦέ)
353 2819 454 2846 Omnes
471 2826 547 2851 mss,
565 2827 573 2843 ι
587 2825 600 2844 a
614 2817 738 2846 Domino.
757 2827 765 2844 ι
780 2817 860 2845 Libb.
875 2816 951 2851 editi,
970 2825 978 2843 ι
995 2816 1028 2844 ad

249 2855 399 2883 Dominum.
413 2864 423 2880 ι

1079 2231 1182 2280 menta,
1199 2246 1221 2273 si
1242 2250 1268 2272 te
1283 2244 1409 2274 abluerit,
1424 2245 1452 2268 et
1468 2240 1596 2268 mundum
1612 2237 1709 2264 fecerit
1722 2240 1811 2262 sermo
1824 2231 1858 2280 ie:

1078 2294 1129 2328 gis,
1145 2275 1283 2320 et'unctio
1306 2287 1476 2319 chrismatis,
1492 2289 1520 2312 et
1539 2283 1627 2318 gratia
1652 2282 1678 2308 in
1697 2286 1721 2307 te
1737 2275 1857 2328 baptismi

1079 2322 1294 2365 incontaminata
1315 2333 1466 2364 duraverit,
1499 2332 1521 2358 si
1546 2329 1658 2357 indutus
1677 2325 1763 2352 fueris
1787 2322 1857 2349 indu-

1078 2383 1177 2411 mentis
1194 2381 1349 2416 duplicibus
1362 2379 1463 2406 littera‘.
1477 2384 1509 2404 ac
1531 2375 1658 2410 spiritus.
1674 2373 1696 2399 si
1718 2371 1800 2398 etiam
1813 2369 1857 2393 du-

1079 2430 1188 2465 pliciter
1206 2414 1370 2462 accingaris,
1387 2428 1416 2451 ut
1435 2429 1521 2451 carne
1541 2426 1568 2449 et
1592 2420 1683 2446 animo
1697 2423 1793 2444 castus
1812 2414 1855 2464 sis,

1079 2460 1100 2503 si
1114 2473 1250 2503 humerali
1269 2460 1394 2506 operum,
1410 2474 1437 2497 et
1450 2467 1589 2502 sapientiae
1604 2464 1729 2492 rationali
1746 2460 1857 2490 orneris.

1079 2522 1101 2549 si
1111 2522 1193 2549 etiam
1208 2519 1289 2546 mitra
1299 2517 1347 2544 tibi
1361 2521 1388 2544 et
1402 2515 1502 2542 iamina
1517 2520 1609 2544 aurea,
1622 2509 1761 2546 plenitudo
1775 2507 1858 2533 scien-

1079 2568 1123 2595 tia:
1137 2567 1183 2594 Dei
1202 2569 1285 2600 caput
1299 2567 1423 2593 coronet,
1441 2561 1512 2588 scito
1527 2564 1553 2586 te
1566 2556 1674 2585 etiamsi
1692 2554 1763 2590 apud
1775 2550 1854 2580 homi-

1080 2622 1129 2642 nes
1155 2613 1240 2641 lateas
1254 2616 1282 2639 et
1299 2608 1445 2644 ignoreris,
1466 2606 1536 2641 apud
1563 2604 1647 2631 Deum
1675 2607 1764 2629 tamen
1784 2601 1858 2631 agere

1007 2686 1028 2701 ⁹¹
1043 2684 1101 2713 Coi.
1118 2692 1149 2718 tt,
1166 2683 1208 2712 l9.

1120 2745 1175 2782 (79)
1191 2745 1219 2772 In
1242 2744 1435 2782 mss.7deest,__r
1448 2742 1524 2770 solus
1542 2742 1668 2782 ornatus;
1680 2746 1689 2763 ι

1083 2769 1224 2813 habe-tiu:
1236 2769 1475 2807 et‘alius‘adhuc
1491 2781 1613 2804 ornatus.
1632 2782 1641 2799 ι
1657 2773 1687 2800 in
1704 2771 1766 2799 libb.
1785 2769 1856 2796 editis

1081 2817 1168 2849 deest,
1189 2815 1308 2851 «alius.»
