1894 3058
97 123 151 154 H3

684 117 717 144 IN
737 115 923 143 LEV'ITICL'M
946 114 1088 142 llOMlldA
1113 113 1157 140 VI.

1668 105 1721 132 ιιι

97 182 284 218 pontillcatum
302 181 374 208 intra
389 180 486 207 anima:
499 183 550 206 tua:
565 178 704 212 tcmplmn.
724 187 733 203 ι
743 177 797 203 Vos
812 177 884 204 enim
901 178 923 206 Α
938 173 1087 202 indumenti
1100 172 1228 199 indicium
1241 170 1373 198 castitatis
1388 167 1485 199 videri,
1496 173 1550 200 quo
1563 164 1603 191 vel
1617 164 1719 190 l'cinora

98 228 165 255 estis
181 227 311 262 templum
329 226 375 253 Dei
394 225 459 258 vivi,
476 226 497 252 si
514 225 626 259 spiritus
652 224 697 250 Dei
727 223 832 250 habitat
859 223 884 248 in

99 273 175 300 vobis
187 272 220 299 ".
237 283 246 298 ›
267 271 332 300 Post
342 271 400 298 haec
416 278 476 305 qme
489 271 522 298 de
536 270 743 297 consecratione
766 269 824 303 ejus
847 268 886 294 di<

100 323 200 346 cuntur
222 322 250 345 et
275 319 309 345 de
334 317 473 350 unctione,
493 316 609 351 sparsim
632 323 646 342 a
674 315 752 342 nobis
767 321 794 342 et
817 322 887 350 sa-pe

100 365 217 392 disserta
233 369 308 391 sunt.

135 409 162 435 8.
183 409 263 441 Quod
288 412 377 435 autem
406 407 524 434 dicit":
547 415 556 432 α
572 406 605 433 Et
629 406 759 440 applicuit
783 405 888 440 Moyses

101 455 172 482 tilios
186 456 290 486 Aaron,
307 459 334 481 et
349 454 438 480 induit
451 460 498 480 eos
513 453 628 482 tunicas,
643 457 668 479 et
688 453 828 487 praecinxit
840 460 888 479 eos

100 508 196 532 zonas,
217 505 244 527 et
261 500 389 534 imposuit
404 500 444 526 eis
469 499 586 530 cidarcs,
601 499 670 525 sicut
691 499 820 533 praecepit
836 498 888 524 Uo-

100 546 191 571 Iuintts
213 545 327 579 Moysi,»
347 544 541 572 attendendum
572 549 615 571 est
632 552 691 579 qtm
710 545 744 571 sit
761 544 889 571 dill'ercn—

101 591 137 616 tia
160 591 257 617 horum
277 590 333 625 (80)
349 590 534 622 sacerdotum,
549 591 583 617 ad
605 590 706 624 majora
724 591 888 617 sacerdotia.

101 634 165 661 Istis
188 642 275 669 neque
292 635 354 662 bina
376 635 532 662 indumenta
560 636 713 667 traduntur,
739 643 825 669 neque
838 636 889 662 hu-

102 679 213 706 meralis
238 687 329 714 neque
356 680 508 713 rationalis,
527 688 614 715 neque
641 682 738 716 capitis
767 687 889 714 ornatus,

101 725 154 752 nisi
178 730 281 752 lantunt
298 726 401 754 cidaris
418 731 445 753 et
468 733 554 759 zonae,
572 734 634 762 qum
658 728 780 755 tunicam
806 729 891 755 strin-

102 776 179 805 gant.
197 770 230 797 Et
252 771 296 798 isti
316 778 382 805 ergo
398 771 536 806 accipiunt
554 772 698 799 sacerdotii
720 773 846 807 gratiam,
865 777 891 800 et

103 817 147 843 isti
165 816 316 852 funguntur
334 817 434 850 olIicio,
448 818 494 844 sed
511 825 563 845 non
589 822 618 844 ut
636 817 674 844 illi
693 818 738 852 qui
755 823 781 845 et
797 820 892 846 hume-

103 861 153 888 rali
167 866 194 888 et
209 861 337 889 rationali
363 867 477 889 ornatus
490 867 544 895 est,
562 861 608 896 qui
625 862 845 890 manifestatioue
865 870 892 890 et

108 908 226 935 veritate
244 908 410 942 resplendet,
424 909 471 943 qui
497 915 586 935 aureae
602 908 708 935 laminae
733 914 892 936 ornamento

103 954 263 981 decoratur.
283 953 360 982 Unde
377 955 495 982 arbitror
515 955 586 982 aliud
610 962 671 982 esse
692 955 718 981 in
744 956 893 982 sacerdoti-

104 1000 157 1027 bus
172 1000 260 1028 oﬂicio
277 1000 362 1036 fungi,
381 1001 454 1028 aliud
475 1001 639 1028 instructum
650 1008 712 1028 esse
728 1000 753 1026 in
768 1001 893 1027 omnibus

103 1050 132 1072 et
144 1050 286 1073 ornatum.
300 1046 396 1079 Quivis
419 1047 491 1073 enim
508 1050 598 1081 potest
610 1045 724 1073 solemni
742 1046 893 1073 ministerio

106 1090 182 1126 fungi
199 1091 233 1118 ad
247 1092 383 1126 populum,
398 1093 474 1126 pauci
488 1097 577 1120 autem
595 1098 658 1119 sunt
672 1091 718 1127 qui
729 1093 818 1119 ornati
835 1099 892 1119 mo-

108 1138 196 1170 ribus,
213 1138 340 1166 instructi
364 1139 501 1171 doctrina,
516 1138 648 1173 sapientia
664 1138 774 1170 eruditi,
791 1139 824 1165 ad
838 1146 893 1165 ma-

108 1183 293 1212 nifestandam
328 1185 470 1212 veritatem
501 1192 591 1212 rerum
619 1185 768 1219 peridonei,
791 1189 818 1211 et
847 1185 892 1219 qui

107 1230 253 1257 scientiam
274 1230 335 1257 ﬁdei
364 1238 416 1258 non
436 1231 496 1258 sine
523 1235 685 1258 ornamento
717 1238 846 1257 sensuum
868 1235 895 1257 ct

105 1275 287 1302 assertionum
296 1275 402 1310 fulgore
415 1276 583 1310 deprornant,
597 1276 670 1310 quod
685 1283 774 1302 aure.»
787 1275 895 1303 lamina:

106 1321 188 1355 capiti
205 1321 350 1355 impositus
371 1322 496 1356 designat
511 1327 634 1348 ornatus.
654 1321 741 1348 Unum
759 1321 841 1356 igitur
853 1326 895 1348 est

107 1365 254 1393 sacerdotii
283 1374 393 1398 nomen,
410 1366 456 1393 sed
480 1374 532 1393 non
559 1374 624 1398 una,
642 1366 683 1393 vel
700 1374 748 1400 pro
763 1367 823 1392 vitzc
840 1374 896 1393 ute-

108 1412 174 1445 rito,
191 1412 234 1440 vel
259 1420 308 1446 pro
332 1413 416 1439 animi
433 1413 581 1439 virtutibus
597 1413 727 1447 dignitas.
744 1413 777 1439 Et
796 1412 855 1439 ideo
868 1413 894 1439 in

106 1457 150 1485 his
163 1465 222 1492 qua:
241 1458 284 1485 lex
301 1458 392 1485 divina
413 1458 551 1491 describit,
568 1458 648 1485 veluti
676 1457 702 1484 in
727 1458 836 1492 speculo
855 1458 896 1484 iu-

938 220 1049 253 opcriri,
1060 219 1102 246 vel
1120 217 1267 251 constringi
1283 223 1360 242 rencs
1373 214 1498 240 videntur
1521 219 1552 238 ac
1573 210 1669 239 lumbi.
1686 216 1721 235 ue

940 267 1021 299 fcrte,
1044 266 1165 300 iuquatn,
1189 271 1242 290 non
1264 269 1370 296 semper
1383 261 1410 286 in
1432 259 1484 285 illis
1500 257 1545 292 qui
1564 262 1626 282 tunc
1641 258 1722 282 erant

939 312 1106 343 sacerdotes,
1130 310 1179 337 has
1199 314 1290 343 partes
1310 307 1383 333 dicat
1397 312 1458 332 esse
1471 302 1644 330 constrictas.
1663 300 1721 327 Ali-

939 358 1047 393 quando
1063 357 1134 383 eniut
1153 355 1227 382 etde
1245 352 1405 387 posteritate
1422 349 1541 385 generis,
1554 352 1581 375 et
1605 348 1638 374 de
1661 353 1725 373 stre-

940 411 1018 431 cessu
1044 402 1146 429 sobolis
1166 400 1334 433 indulgetur.
1354 397 1405 424 Sed
1422 403 1472 430 ego
1488 395 1512 422 in
1534 391 1723 421 sacerdotibus

940 449 1068 476 Ecclesia:
1091 445 1243 479 huiusmodi
1271 441 1475 475 intelligentiam
1496 447 1547 466 non
1566 436 1724 464 introduxe-

941 497 1002 522 rint.
1017 494 1103 520 Aliam
1115 485 1231 525 uamque
1248 498 1303 516 rem
1323 490 1400 514 video
1409 492 1552 514 occurrere
1568 484 1725 519 (82)sacra-

941 545 1043 568 mento.
1063 538 1145 572 219
1162 537 1277 563 Possunt
1295 534 1366 561 enim
1383 538 1409 559 et
1425 533 1450 558 in
1464 530 1581 557 Ecclesia
1593 528 1723 554 sacerdo-

943 593 982 614 tes
1003 593 1030 614 et
1058 589 1185 613 doctores
1199 584 1267 610 illios
1280 587 1423 617 guuerare,
1438 579 1506 604 sirut
1522 582 1548 603 et
1564 575 1607 601 ille
1625 574 1669 608 qui
1683 573 1724 599 di-

942 633 1021 660 cebat
1037 633 1060 648 "
1080 641 1087 658 :
1108 640 1116 656 ι
1139 629 1226 656 Fiboli
1247 627 1309 659 mei,
1326 633 1394 659 quos
1416 625 1512 650 iterum
1529 620 1662 656 parturio,
1678 618 1726 643 do-

942 688 992 708 nec
1010 680 1142 706 formetur
1158 677 1282 704 Christus
1298 674 1325 700 in
1347 672 1432 698 vobis.
1454 680 1463 696 ›
1485 669 1516 695 Et
1542 669 1639 694 iterum
1660 663 1725 691 alibi

943 726 1008 752 dicit
1024 726 1066 751 ":
1088 733 1098 749 ε
1114 722 1234 750 Tametsi
1254 719 1336 746 multa
1353 717 1435 744 tuillia
1456 716 1662 750 pzedagogorum
1679 711 1727 736 Ita-

943 772 1031 798 beatis
1057 771 1083 797 in
1102 769 1221 797 Christo,
1240 767 1286 793 sed
1303 773 1357 792 non
1380 762 1479 789 inultos
1495 765 1597 794 patres.
1617 757 1680 783 Nam
1700 755 1726 782 in

944 819 1053 846 Christo
1067 815 1130 842 Jcsu
1144 822 1190 848 per
1205 811 1379 846 Evangelium
1397 815 1446 843 ego
1466 814 1515 833 vos
1540 804 1633 839 genui.
1653 812 1661 827 I
1682 803 1726 829 Isti

943 871 1008 899 ergo
1023 863 1146 889 doctores
1160 858 1284 886 Ecclesiae
1300 857 1326 884 in
1340 853 1494 889 huiusmodi
1507 848 1728 886 generationibus

945 891 1121 943 prbereandis
1138 903 1284 937 aliquando
1305 898 1464 928 constrictis
1480 894 1656 924 l'emoralibus
1671 891 1728 928 (83)

945 958 1069 985 utuntur,
1085 955 1112 979 et
1132 949 1268 976 abstiueut
1281 955 1295 973 a
1309 943 1473 981 generando,
1486 949 1547 969 eum
1564 940 1631 967 tales
1655 939 1730 965 iuve-

945 1000 1036 1026 neriut
1051 998 1202 1027 auditores,
1219 995 1244 1021 itt
1261 993 1361 1028 quibus
1377 991 1464 1018 sciant
1486 996 1514 1015 se
1538 987 1655 1013 fructum
1678 985 1730 1011 ha—

945 1046 1011 1073 bere
1025 1052 1077 1071 non
1094 1050 1183 1078 posse.
1201 1039 1323 1073 Denique
1337 1042 1364 1064 et
1378 1037 1403 1064 in
1419 1035 1532 1062 Actibus
1548 1033 1728 1067 apostolorum

946 1091 1065 1118 refertur
1078 1076 1111 1116 de
1135 1086 1307 1122 quibusdam,
1324 1083 1396 1118 quod
1423 1089 1476 1108 non
1501 1083 1647 1115 potuerunt
1663 1076 1729 1113 (84),

945 1136 1035 1171 inquit
1051 1135 1085 1167 ",
1101 1144 1110 1159 ί
1136 1134 1163 1160 in
1188 1132 1250 1159 Asia
1266 1129 1378 1157 verbum
1403 1127 1450 1154 Dei
1474 1126 1559 1160 loqui,
1587 1134 1596 1149 ι
1616 1124 1666 1150 hoc
1689 1126 1732 1149 est

947 1181 1071 1216 imposita
1094 1179 1223 1206 imbuisse
1245 1174 1394 1206 femoralia,
1422 1177 1448 1200 et
1471 1170 1638 1199 continuisse
1652 1176 1681 1195 se
1698 1175 1731 1194 ne

948 1229 1017 1256 ﬁlios
1032 1228 1208 1262 generarent,
1221 1225 1282 1257 quia
1292 1220 1396 1247 scilicet
1409 1218 1476 1245 tales
1488 1221 1566 1244 erant
1581 1215 1730 1246 auditores,

948 1275 973 1301 in
1001 1260 1098 1308 quibus
1121 1275 1149 1297 et
1173 1276 1266 1297 scmcu
1296 1266 1407 1300 periret,
1420 1269 1513 1292 etnon
1532 1267 1622 1296 posset
1637 1260 1730 1286 haberi

946 1307 1093 1347 successio.
1113 1317 1157 1344 Sic
1176 1323 1240 1348 ergo
1260 1313 1385 1340 Ecclesia).
1399 1310 1563 1339 sacerdotes,
1579 1314 1639 1333 cum
1656 1307 1732 1332 inca—

947 1373 1028 1402 paees
1044 1371 1124 1390 aures
1140 1362 1266 1393 viderint,
1279 1364 1324 1385 aut
1337 1366 1397 1385 cum
1412 1356 1553 1384 simulatos
1571 1352 1624 1388 (85)
1641 1353 1731 1386 inspe-

947 1411 1037 1438 xerint
1062 1414 1090 1436 et
1117 1407 1271 1443 hypocritas
1295 1405 1443 1434 auditores,
1462 1401 1601 1435 imponant
1625 1405 1733 1431 campe-

947 1463 1013 1491 stre,
1035 1460 1146 1483 utantnr
1158 1453 1343 1482 fortioralibus,
1359 1458 1390 1477 ne
1411 1453 1506 1483 pereat
1534 1453 1626 1473 semen
1656 1443 1732 1469 verbi

107 1505 216 1539 spicere
233 1512 262 1531 sc
280 1504 360 1532 debet
377 1504 561 1538 unusquisque
573 1504 744 1531 sacerdotum
761 1509 805 1530 :et
825 1511 890 1538 κτει-
909 1511 930 1540 c
949 1489 1011 1536 Dei,
1023 1504 1086 1537 quia
1107 1506 1134 1528 et
1160 1500 1288 1527 Dominus
1313 1497 1405 1524 eadem
1424 1494 1535 1521 mandat
1556 1497 1584 1518 et
1605 1490 1670 1517 dicit
1686 1489 1732 1516 "z

108 1551 160 1578 dus
177 1551 267 1578 meriti
293 1551 335 1578 sui
363 1551 425 1577 inde
442 1551 583 1585 colligere,
596 1551 618 1577 si
642 1557 672 1578 se
687 1550 777 1576 videat
806 1550 831 1576 in
850 1551 892 1577 bis

108 1597 249 1628 omnibus,
262 1604 323 1631 quae
342 1604 424 1631 supra
444 1596 631 1630 exposuimus,
650 1596 781 1630 positum,
802 1595 894 1630 ponti-

110 1645 237 1671 licalibus
251 1648 379 1670 ornatum
395 1642 450 1678 (8|)
463 1643 648 1675 ornamentis;
667 1642 688 1669 si
706 1642 833 1668 conscius
846 1641 896 1669 sibi

109 1693 145 1717 s't
161 1690 233 1725 quod
257 1689 297 1715 vel
321 1690 346 1716 in
373 1689 497 1720 scientia,
516 1687 555 1714 vel
573 1688 597 1714 itt
619 1687 734 1718 actibus,
750 1688 790 1714 vel
810 1689 835 1714 iu
851 1687 899 1714 do—

109 1738 200 1764 ctrina
215 1742 307 1763 tantus
324 1744 356 1762 ac
369 1735 431 1762 talis
446 1735 492 1768 sit,
507 1735 576 1762 sciat
587 1742 615 1761 se
625 1742 760 1761 summum
773 1733 899 1760 sacerdo-

112 1785 178 1810 tium
205 1791 259 1809 non
281 1782 369 1809 solum
387 1782 506 1812 nomine,
523 1781 569 1808 sed
590 1785 617 1808 et
635 1780 739 1807 meritis
764 1780 898 1806 obtinere.

114 1829 244 1862 Alioquin
271 1827 429 1854 inferiorem
453 1826 504 1853 sibi
529 1826 641 1860 gradum
660 1825 777 1859 positum
794 1824 899 1850 noverit

112 1875 221 1902 etiamsi
237 1874 318 1909 primi
337 1881 435 1900 nomen
446 1872 592 1907 acceperit.
610 1871 664 1898 Nos
675 1877 741 1898 sane
755 1879 807 1898 non
822 1871 902 1896 debet

112 1920 253 1956 prmterire
289 1921 371 1947 etiam
392 1920 452 1952 hoc,
472 1919 544 1953 quod
569 1923 656 1953 potest
684 1926 699 1944 a
728 1917 849 1943 smdioso
867 1916 902 1942 lc-

111 1973 190 1994 ctore
214 1965 342 2000 proferri,
371 1966 396 1992 in
426 1973 480 2000 quo
505 1969 532 1991 et
556 1972 605 1998 ego
623 1971 693 1997 saepe
717 1970 823 1989 mecum
845 1963 901 1996 ipse

113 2013 248 2041 has-lavi.
272 2012 300 2038 In
321 2011 414 2038 Exodo
432 2012 504 2037 enim
526 2010 630 2044 legens,
652 2009 696 2035 tibi
724 2009 756 2034 de
778 2008 902 2035 sacerdo-

114 2060 216 2087 talibus
233 2059 378 2085 mandatur
397 2057 561 2085 indumeutis
575 2057 682 2082 invenio
692 2060 754 2083 octo
768 2063 827 2082 esse
841 2062 903 2088 spe-

112 2107 180 2136 cies,
199 2112 261 2138 qua:
277 2104 398 2138 pontifici
426 2108 626 2137 prxeparautur.
647 2101 695 2128 lic
717 2109 779 2128 vero
799 2106 901 2134 septem

115 2152 304 2179 tantummodo
328 2155 516 2178 ntunerautur.
535 2149 654 2184 Requiro
672 2155 735 2182 ergo
763 2147 827 2182 quid
854 2147 900 2178 sit,

114 2199 186 2233 quod
204 2198 334 2224 omissum
345 2201 397 2223 cst.
410 2196 511 2223 Octava
525 2196 630 2229 species
645 2194 679 2221 ibi
698 2194 809 2228 ponitur
825 2202 900 2219 cam-
918 2190 940 2218 D

114 2251 216 2280 peetrc.
236 2244 303 2275 sive,
325 2248 354 2269 ut
373 2243 438 2269 alibi
461 2242 587 2277 legimus,
602 2240 741 2267 femoralia
769 2240 852 2271 linea,
870 2239 903 2266 de

115 2300 169 2326 quo
194 2291 240 2318 hic
264 2290 336 2316 inter
356 2294 450 2315 caetera
474 2287 547 2314 siluit
569 2287 736 2313 indtnnenta.
753 2285 820 2317 Quid
839 2291 903 2318 ergo

113 2337 253 2367 dicemus?
278 2336 442 2363 oblivionem
467 2334 592 2360 dabimus
621 2332 647 2358 itt
672 2331 760 2358 verbis
784 2330 903 2364 Spiritus

113 2386 214 2414 santti,
241 2388 270 2409 ut
293 2390 356 2410 cum
380 2385 477 2408 caetera
489 2380 578 2407 omnia
593 2378 711 2405 secundo
725 2375 903 2408 euurraverit,

114 2440 167 2459 uua
179 2438 240 2458 eum
258 2429 364 2464 species
381 2427 503 2462 Superius
518 2426 589 2453 dicta
606 2424 802 2452 latttnril?N0n
817 2424 904 2450 audeo

112 2480 174 2506 haec
189 2478 223 2504 de
236 2475 325 2503 sacris
346 2474 448 2501 sentire
458 2473 641 2499 sermonibus.
657 2470 707 2497 Sed
721 2470 859 2497 videamus
872 2479 905 2499 ne

97 2525 196 2556 -forte,
212 2522 344 2558 quoniam
365 2520 391 2546 in
410 2518 595 2553 superioribus
611 2517 730 2544 diximus
748 2518 797 2544 hoc
820 2525 905 2551 genus

147 2570 172 2586 "
187 2569 205 2596 II
218 2569 281 2596 Cor.
297 2575 335 2600 vt,
354 2565 440 2598 16;et
456 2564 464 2591 ι
482 2564 545 2591 Cor.
564 2571 605 2595 ιιι,
622 2564 664 2590 l6.

114 2606 137 2622 ’⁸
154 2605 250 2632 Matth.
267 2611 318 2635 vit,
334 2601 361 2629 6.

152 2651 208 2689 (80)
224 2650 329 2678 Omnes
353 2656 432 2681 mss.,
454 2647 609 2674 «horum.»
634 2644 712 2672 Libb.
738 2644 813 2677 editi,
832 2653 840 2669 ι
856 2644 906 2670 mi-

117 2696 295 2763 nozgiybloa,
313 2723 493 2751 «ornatum,t
517 2717 593 2745 deest
612 2716 638 2744 in
656 2718 734 2741 antea
750 2713 842 2746 editis,
859 2713 907 2740 sed

118 2763 254 2791 reperitur
269 2765 296 2783 tu
315 2762 381 2782 mss.

165 2784 209 2821 ἐξ»
227 2791 306 2824 Mss,
323 2800 331 2815 ‹
347 2797 505 2817 occurrere.
523 2798 531 2814 ι
551 2787 630 2824 Libb.
643 2784 882 2824 oditihrcurr‘cre.
895 2792 904 2809 I

163 2819 208 2864 83)
227 2819 306 2860 ttss.;
323 2835 332 2852 ‹
354 2825 541 2852 lentoralibus.
560 2832 568 2848 ι
593 2822 670 2849 Lilyb.
688 2819 764 2851 cditi,
790 2828 797 2843 ι
823 2819 908 2846 Ιόιιιο-

701 2563 821 2591 “Levit.
838 2571 896 2597 vut,
917 2563 960 2591 15.

953 1560 962 1576 ι
986 1549 1074 1576 Nolite
1089 1548 1197 1574 mittere
1213 1551 1336 1572 sanctum
1354 1541 1478 1571 canibus,
1495 1545 1582 1572 neque
1599 1535 1733 1570 margari-

949 1600 990 1623 tas
1009 1599 1114 1622 vestras
1138 1597 1200 1619 ante
1225 1597 1333 1625 porcos,
1357 1596 1390 1615 ne
1414 1587 1483 1614 forte
1505 1584 1667 1612 conculcent
1689 1587 1739 1625 eas‘

950 1651 1074 1687 pedibus,
1091 1653 1118 1676 et
1144 1647 1266 1675 conversi
1300 1645 1457 1678 dirumpant
1474 1649 1533 1668 vos.
1553 1650 1562 1666 ι
1587 1638 1735 1673 Propterea

950 1684 1015 1731 ergo
1031 1696 1053 1723 si
1068 1695 1129 1730 quis
1145 1693 1202 1720 vult
1224 1690 1343 1726 pontifex
1366 1697 1418 1716 non
1435 1693 1489 1714 tam
1507 1684 1642 1713 vocabulo
1664 1689 1735 1714 esse,

949 1730 1031 1778 quam
1062 1740 1170 1769 merito.
1200 1738 1320 1765 imitetur
1345 1735 1465 1770 Moysen,
1492 1732 1612 1759 ituiletur
1636 1730 1736 1756 Aaron.

951 1774 1022 1822 Quid
1036 1787 1108 1814 enim
1125 1785 1226 1812 dicitur
1253 1783 1286 1809 de
1311 1781 1369 1809 eis?
1382 1780 1444 1814 quia
1462 1786 1514 1805 non
1540 1776 1681 1804 discedunt
1705 1774 1737 1799 de

952 1831 1130 1860 tabernaculo
1146 1828 1262 1856 Domini.
1275 1826 1339 1853 Erat
1352 1832 1416 1858 ergo
1436 1823 1538 1857 Moyses
1552 1820 1737 1847 indesinenter

952 1878 978 1904 in
993 1875 1171 1904 tabernaculo
1189 1871 1305 1900 Domini.
1317 1870 1394 1903 Quod
1408 1873 1496 1895 autem
1510 1874 1577 1899 opus
1593 1865 1651 1898 ejus
1665 1862 1738 1890 erat?

951 1928 980 1950 ut
995 1927 1040 1949 aut
1052 1929 1066 1949 a
1081 1922 1135 1947 Deo
1147 1919 1247 1953 aliquid
1265 1918 1393 1947 disceret,
1414 1919 1461 1941 aut
1474 1914 1531 1947 ipse.
1544 1911 1672 1945 populum
1689 1909 1738 1935 do-

952 1973 1034 1995 ceret.
1053 1966 1113 1992 llace
1127 1965 1180 1991 duo
1201 1968 1263 1990 sunt
1280 1960 1414 1995 pontilicis
1434 1965 1526 1993 opera,
1545 1961 1572 1982 ut
1587 1960 1633 1981 aut
1649 1962 1662 1980 a
1685 1954 1738 1980 Deo

952 2014 1037 2040 discat
1057 2011 1170 2046 legendo
1193 2009 1347 2042 Scripturas
1366 2004 1484 2033 divinas,
1500 2007 1527 2029 et
1542 2001 1639 2034 saepius
1655 1998 1740 2025 medi-

953 2058 1046 2088 tando,
1062 2061 1108 2082 aut
1123 2054 1249 2090 populum
1271 2054 1375 2078 doceat.
1404 2049 1457 2076 Sed
1479 2048 1522 2074 illa
1549 2048 1655 2077 doceat,
1680 2051 1739 2078 qua;

953 2105 1010 2138 ipse
1022 2111 1036 2129 a
1057 2103 1111 2129 Deo
1127 2100 1264 2129 didicerit,
1279 2105 1331 2124 non
1354 2104 1386 2123 ex
1403 2095 1511 2130 proprio
1531 2093 1623 2124 corde,
1641 2091 1680 2117 vel
1706 2097 1737 2116 ex

953 2149 1070 2175 humano
1083 2154 1174 2178 sensu,
1193 2147 1238 2173 sed
1253 2151 1312 2179 quae
1326 2143 1442 2176 Spiritus
1458 2145 1569 2166 sanctus
1585 2139 1674 2164 doert.
1694 2137 1740 2163 Est

955 2201 981 2223 et
996 2194 1060 2222 illud
1080 2201 1148 2227 opus
1161 2191 1232 2226 quod
1250 2191 1315 2217 facit
1340 2189 1465 2223 Moyses:
1483 2187 1515 2212 ad
1533 2185 1600 2211 bella
1625 2191 1676 2210 non
1693 2190 1738 2209 va-

956 2241 1007 2270 dit.
1024 2247 1076 2267 n0n
1094 2242 1196 2273 pugnat
1219 2241 1313 2264 centra
1337 2234 1473 2261 inimicos.
1501 2231 1555 2258 Sed
1572 2230 1635 2265 quid
1659 2230 1742 2256 facit?

956 2287 1041 2313 Orat:
1059 2290 1086 2312 et
1099 2285 1184 2311 donec
1202 2283 1245 2309 ille
1261 2286 1330 2312 orat,
1348 2280 1432 2306 vincit
1446 2278 1558 2313 popultts
1570 2277 1635 2310 ejus.
1653 2275 1680 2302 Si
1700 2282 1741 2301 re-

957 2331 1091 2359 lavaverit
1104 2335 1128 2357 et
1142 2328 1278 2355 dimiserit
1295 2334 1402 2358 manus,
1423 2323 1537 2358 p0pnlus
1551 2322 1608 2356 ejus
1625 2321 1741 2348 vincitur

957 2383 984 2404 et
998 2377 1116 2411 fugatur.
1136 2374 1202 2402 Oret
1216 2381 1280 2407 ergo
1297 2379 1324 2399 et
1347 2371 1474 2398 sacerdos
1496 2369 1621 2396 Ecclesia:
1643 2367 1743 2394 indesi-

958 2429 1064 2456 nenter,
1079 2429 1106 2449 ιιι
1121 2423 1210 2448 vincat
1228 2421 1341 2455 populus
1354 2419 1398 2453 qui
1417 2418 1466 2444 sub
1485 2417 1541 2450 ipso
1553 2421 1578 2442 et
1594 2416 1684 2442 hostes
1702 2414 1743 2440 iu-

960 2470 1079 2498 visibilcs
1095 2468 1269 2497 Amalecitas,
1287 2465 1331 2499 qui
1346 2469 1408 2491 sunt
1419 2465 1564 2493 daemones,
1581 2462 1741 2495 impugnan-

959 2523 1000 2545 tes
1013 2524 1059 2543 eos
1073 2516 1117 2550 qui
1137 2515 1229 2541 volunt
1244 2514 1286 2547 pie
1298 2512 1389 2538 vivere
1400 2511 1426 2537 iu
1438 2510 1555 2536 Christo.
1575 2508 1605 2533 Et
1620 2508 1679 2534 ideo
1694 2514 1742 2533 nos

1014 2564 1036 2580 "
1052 2563 1112 2590 Gul.
1125 2571 1161 2595 tv,
1178 2562 1221 2590 l9.
1258 2560 1302 2587 "l
1320 2558 1382 2586 Cor.
1401 2564 1437 2590 tv,
1455 2555 1496 2582 [5.
1535 2554 1556 2569 ”
1571 2555 1629 2580 Act.
1643 2560 1698 2585 xvi,
1715 2554 1743 2580 6.

957 2644 1042 2670 ribus.
1061 2653 1070 2670 ι

993 2679 1049 2713 (84)
1066 2680 1093 2705 lu
1108 2687 1173 2706 mss.
1187 2675 1354 2713 Gemetic.»et
1368 2672 1493 2713 Deccetrsi
1508 2671 1617 2706 legitur,
1634 2680 1642 2696 ‹
1656 2670 1744 2711 potui-

957 2706 1028 2741 Hills.
1044 2706 1052 2740 ι
1070 2714 1100 2740 Et
1116 2714 1197 2744 iul‘ra,
1220 2721 1229 2737 ε
1253 2710 1420 2738 continuisse
1445 2708 1515 2735 lilios
1528 2706 1743 2742 generare,quia

957 2749 1141 2778 scilicctnctc.

994 2784 1050 2818 (85)
1066 2775 1167 2809 Omnes
1194 2789 1270 2814 mss.,
1285 2790 1293 2806 ι
1313 2777 1465 2806 simulatos.
1490 2787 1498 2803 ι
1513 2777 1573 2804 Lib.
1588 2776 1665 2809 cditi,
1678 2783 1689 2802 ‹
1704 2775 1743 2804 si-

960 2820 1116 2846 mulatores.
1143 2827 1152 2844 ι
