1894 3059
171 135 222 166 475

171 241 240 267 tiam
258 242 431 270 revocantes,
443 241 470 263 et
481 233 599 262 orationi
617 233 752 260 instantes
772 237 804 257 ac
821 227 966 264 vigilantes

171 285 200 313 in
216 291 260 316 eo,
275 283 452 318 deprecemur
474 279 619 307 Dominum
635 282 666 304 ιιι
689 276 768 304 nobis
794 275 852 310 ipse
869 274 966 300 liorutn

173 338 234 364 qua:
251 328 368 364 legimus
382 325 525 355 scientiam
538 324 661 352 revelare
676 322 813 358 dignetur.
829 325 855 347 et
871 324 965 347 osten-

173 377 239 403 dere
257 374 395 409 quomodo
415 371 569 407 spiritalem
586 370 673 404 legem
694 375 748 395 non
767 367 857 395 solum
875 366 902 393 in
926 365 968 392 in-

173 420 335 455 telligentia,
348 419 395 446 sed
409 422 437 445 et
450 418 476 444 in
488 417 596 444 actibus
611 415 798 446 observemus,
813 417 844 440 ut
859 411 968 447 spirita-

173 467 224 493 lcni
232 466 347 499 gratiam
357 465 486 498 consequi
499 470 655 490 mereamur
668 459 812 488 illiimiiiati
822 467 869 494 per
880 458 967 492 legem

173 512 290 546 Spiritus
307 510 407 543 sancti,
423 510 450 536 iii
465 507 649 536 CliristoJesu
662 507 779 535 Domino
792 510 895 536 nostro,
923 504 968 531 cui

172 561 214 583 est
224 554 308 590 gloria
319 561 346 582 et
361 554 504 589 imperium
527 554 554 580 in
571 552 670 581 saecula
683 551 855 579 smculorum.
872 550 967 576 Anien.

457 611 601 640 llOMlLlA
629 611 685 638 Vll.

173 661 213 688 De
228 669 257 688 eo
276 661 345 695 quod
359 660 513 686 mandatum
527 664 563 695 est
581 659 671 684 Aarutt
686 661 709 683 et
724 656 788 695 [iliis
804 655 871 695 ejus,
889 659 916 680 ut
930 653 968 695 ei-

210 692 310 722 nuin'et
324 697 435 722 siceram
451 703 503 720 non
524 693 626 724 liibant,
644 700 702 718 cum
727 692 913 725 ingrediuntur
931 694 971 716 ta-

211 731 384 758 bermicu/um
396 729 549 759 testimonii,
564 728 602 755 vel
615 736 673 754 cum
686 727 812 753 accedunt
827 727 860 751 att
874 724 969 756 altare,

211 771 234 793 et
253 766 283 792 de
308 765 460 799 pectusculo
473 763 658 795 appositionis,
677 763 755 799 ethde
775 761 881 799 brae/tio
895 767 972 799 septi:

212 794 335 862 iugatis.
352 805 375 827 et
388 801 419 827 de
431 799 538 826 mundis
554 804 576 826 et
591 797 733 825 immundis
749 794 971 826 anintalibus,uel

213 845 234 862 si
255 845 276 862 is
315 854 322 861 .

213 845 276 863 21011
291 845 322 861 ’⁷.

213 881 295 908 Plura
311 880 420 915 quidem
436 878 571 913 superiori
585 879 701 905 lectione
716 877 826 903 fuerunt
844 875 967 907 recitata,

175 934 210 954 ev
226 927 325 961 quibus
353 926 486 960 temporis
507 925 640 952 brevitate
662 924 803 951 constricti
819 929 903 957 pauca
921 922 968 948 ad-

177 975 289 1001 modum
307 974 438 1001 dfximus.
460 971 519 999 Non
544 971 616 998 enim
635 978 707 997 nunc
722 969 872 1004 exponendi
897 967 970 995 Scri-

178 1025 283 1056 pturas,
297 1020 343 1046 sed
357 1019 512 1046 aediﬁcandi
532 1016 670 1044 Ecclesias
694 1015 874 1042 ministerium
899 1015 970 1048 geri-

180 1075 251 1100 mus,
269 1068 396 1102 quamvis
408 1071 435 1093 et
449 1073 482 1092 ex
499 1065 553 1097 his,
570 1071 631 1100 quae
654 1071 668 1090 a
684 1062 762 1090 nobis
776 1067 839 1089 ante
855 1066 970 1088 tractata

179 1119 254 1146 sunt,
270 1113 390 1148 prudens
407 1113 522 1146 quisque
545 1111 653 1138 auditor
668 1110 808 1137 evidentes
823 1109 855 1135 ad
873 1108 972 1136 intelli-

179 1161 296 1196 gendum
313 1160 399 1194 possit
411 1160 523 1187 semitas
536 1158 671 1186 invenire.
686 1156 719 1183 Et
730 1157 790 1184 ideo
805 1164 837 1183 ex
852 1156 894 1183 his
905 1163 972 1191 quo-

179 1213 244 1239 que,
262 1212 324 1240 quae
350 1212 423 1232 nunc
447 1204 519 1230 lecta
548 1207 622 1235 sunt,
639 1203 768 1236 quoniam
793 1205 892 1228 cuncta
919 1209 972 1228 non

183 1258 340 1285 possumus,
354 1251 443 1286 aliqua
463 1254 566 1281 tamen,
584 1257 644 1284 qua;
663 1248 798 1275 aediﬁcent
822 1248 971 1280 auditores,

180 1298 255 1324 vultit
272 1297 329 1331 agri
348 1297 432 1332 pleni,
446 1303 527 1331 quem
541 1295 681 1322 benedixit
694 1294 834 1326 Dominus,
848 1293 974 1322 ﬂosculos

181 1344 353 1379 colligemus.
370 1342 438 1376 Quid
458 1349 523 1376 ergo
547 1342 583 1368 sit
603 1341 674 1376 quod
695 1340 774 1367 nobis
788 1348 858 1367 nunc
875 1340 973 1367 lectum

183 1395 236 1422 cst,
252 1390 404 1416 videamus.
426 1398 434 1414 t
456 1389 489 1415 Et
503 1388 612 1416 locutus
625 1393 665 1415 est
682 1389 812 1416 Dominus
827 1389 918 1416 Aaron
934 1387 976 1414 di-

181 1444 248 1463 cens
265 1444 272 1462 ε
292 1435 392 1462 Vinum
404 1439 431 1462 et
448 1435 566 1462 siceram
591 1442 643 1461 non
665 1435 765 1462 bibetis
783 1439 809 1461 tu
825 1439 852 1461 et
869 1433 916 1461 lilii
935 1438 976 1460 te-

182 1491 255 1516 t-ttni,
282 1489 343 1509 cum
374 1481 512 1509 iiitrabitis
535 1481 560 1508 iti
585 1482 787 1509 tabernaculum
815 1480 974 1514 testimonii,

183 1533 231 1555 aut
247 1535 311 1556 cum
325 1528 453 1555 acceditis
465 1527 499 1555 ad
513 1527 610 1559 altare,
626 1531 653 1554 et
670 1535 722 1554 non
743 1527 909 1554 moriemini.
924 1526 976 1554 Le-

183 1573 308 1607 gitimum
321 1577 454 1600 :eternuni
475 1572 500 1598 in
516 1572 662 1606 progenies
679 1577 794 1604 vestras,
818 1572 976 1600 discernere

183 1618 255 1645 inter
281 1618 399 1646 medium
427 1622 582 1645 sanctorum
614 1622 641 1645 et
666 1618 925 1649 contaminatorum.
949 1621 976 1645 et

183 1664 258 1692 inter
288 1664 405 1691 medium
442 1663 653 1694 iniiiiundoruin,
690 1667 717 1690 et
751 1663 823 1690 inter
858 1663 976 1690 medium

185 1709 360 1745 mundorum,
392 1712 419 1735 et
443 1709 576 1735 instruere
608 1708 678 1735 tilios
702 1707 787 1735 lsrael
804 1708 895 1736 omnia
910 1707 977 1742 legi-

185 1757 249 1782 tima
278 1762 337 1789 quae
371 1755 476 1783 locutus
497 1760 539 1782 est
571 1755 702 1782 Dominus
728 1756 761 1782 ad
786 1762 834 1782 eos
853 1763 901 1790 per
920 1762 978 1782 nta-

184 1809 248 1829 num
278 1801 360 1837 Moysi
385 1802 405 1829 ‘.
429 1801 512 1835 iLex
541 1802 650 1829 evidens
677 1802 767 1835 datur,
794 1807 822 1829 et
851 1802 979 1829 sacerdo-

186 1848 267 1881 tibus,
288 1852 315 1875 et
337 1848 451 1883 principi
473 1849 658 1881 sacerdotum,
683 1853 785 1875 utcqu
800 1848 978 1875 accedtiutad

184 1893 281 1926 altare,
297 1893 358 1921 vitio
367 1894 531 1927 abstineant,
545 1898 572 1922 et
587 1894 659 1922 omni
675 1899 738 1929 potu
754 1895 825 1929 quod
843 1894 979 1922 inebriare

185 1945 283 1976 potest,
296 1940 367 1975 quod
385 1940 535 1975 Scriptura:
559 1940 657 1968 divina:
676 1939 863 1975 appellatione
878 1947 977 1967 verna-

183 1986 259 2020 cula,
277 1987 394 2014 siceram
409 1986 494 2013 moris
508 1991 550 2013 est
562 1987 713 2014 nominare.
728 1985 792 2012 Vult
807 1992 872 2020 ergo
887 1992 977 2012 sermo

187 2033 296 2060 divinus
312 2034 418 2061 sobrios
435 2033 461 2060 iii
475 2033 603 2060 omnibus
617 2041 677 2060 esse
689 2032 795 2060 Domini
811 2031 977 2063 sacerdotes.

187 2075 342 2113 iilpote'qui
357 2078 520 2105 accedentes
539 2078 571 2105 ad
599 2078 685 2105 altare
710 2078 758 2105 Dei
776 2084 856 2104 orare
871 2084 918 2112 pro
931 2084 979 2111 p0-

188 2124 252 2159 pulo
272 2123 402 2156 debeant,
426 2128 453 2152 et
477 2131 527 2159 pro
550 2124 650 2151 alienis
672 2124 838 2151 intervenire
861 2123 978 2156 delictis,

188 2171 235 2206 qui
253 2171 406 2205 portionem
426 2170 452 2197 in
470 2175 541 2198 terra
556 2178 610 2198 non
632 2170 762 2204 habeant,
782 2170 828 2197 sed
848 2170 905 2204 ipse
926 2169 979 2197 Do—

188 2219 280 2244 minus
295 2217 385 2251 portio
399 2224 493 2244 eorum
511 2217 545 2243 sit
560 2225 567 2244 :
589 2216 629 2244 sic
643 2216 714 2243 enim
727 2216 793 2243 dicit
805 2216 836 2242 de
850 2216 892 2242 his
906 2215 979 2242 Scri-
997 2223 1019 2251 ι)

186 2269 264 2297 plura
280 2270 288 2288 :
304 2271 313 2287 ι
338 2261 426 2293 Filiis,
453 2262 541 2296 inquit
557 2262 579 2295 ’,
603 2261 667 2289 Levi
686 2269 738 2289 non
758 2261 858 2289 dabitis
873 2262 975 2296 partem

187 2309 215 2336 in
232 2309 321 2336 medio
347 2309 464 2335 fratrum
482 2316 606 2341 suorum,
623 2308 687 2343 quia
709 2315 758 2343 ego
780 2308 869 2342 portio
882 2315 977 2335 eorum

189 2354 320 2382 Dominus
338 2354 409 2382 Deus
427 2355 561 2389 ipsorum.
586 2363 595 2380 ι
614 2354 678 2381 Vult
695 2362 761 2389 ergo
788 2354 865 2385 istos,
880 2354 979 2388 quibus

190 2401 247 2436 ipse
261 2401 391 2429 Dominus
408 2402 498 2436 portio
513 2404 565 2433 est,
586 2400 693 2428 sobrios
714 2407 785 2431 esse,
801 2399 922 2434 jejunus,
939 2399 980 2426 vi-

188 2448 306 2481 gilantes
324 2448 350 2475 in
368 2448 441 2474 omni
461 2452 595 2482 tempore,
617 2447 735 2473 maxime
753 2452 842 2473 autem
859 2453 920 2473 euut
942 2445 977 2472 ad

186 2494 354 2522 exorandum
370 2493 524 2524 Dominum.
536 2499 563 2520 et
573 2493 780 2520 sacriﬁcandum
796 2492 822 2519 iii
834 2497 979 2526 conspectu

187 2540 246 2574 ejus
257 2539 387 2566 altaribus
400 2544 499 2573 praesto
514 2544 588 2566 sunt.
606 2539 671 2572 Quae
683 2538 810 2566 mandata
827 2539 854 2564 in
869 2542 975 2564 tantum

190 2587 244 2613 vim
262 2586 304 2613 sui
325 2590 446 2619 servant,
467 2591 494 2613 et
517 2587 592 2612 omni
608 2585 781 2612 observantia
803 2584 981 2611 custodienda

191 2636 264 2660 stitit.
282 2636 311 2658 ut
327 2636 355 2658 et
367 2632 514 2666 Apostolus
532 2631 589 2658 haec
607 2630 701 2657 eadem
725 2629 791 2657 Novi
815 2629 981 2656 Testatiienli

192 2676 296 2712 legibus
312 2677 400 2705 ﬁrmet
413 2677 435 2706 ³.
451 2677 478 2704 lit
502 2685 555 2712 quo
573 2677 700 2704 similiter
715 2677 796 2704 etiam
817 2676 875 2710 ipse
890 2683 982 2703 sacer-

542 2744 549 2759 '
568 2744 652 2771 Levit.
665 2751 691 2772 x.
705 2743 721 2769 8
736 2748 762 2769 et
777 2750 853 2776 seqq.
911 2742 921 2757 '
938 2741 1017 2768 Num.

465 2780 475 2794 ε
496 2779 561 2806 Luc.
577 2787 633 2811 ut,
647 2779 693 2806 Si.
730 2779 740 2794 ⁷
757 2777 777 2804 ll
794 2778 858 2805 Cor.
875 2785 912 2810 iv,
940 2777 983 2804 lb'.

984 861 1005 888 Β

228 2744 251 2760 ’⁸
272 2744 358 2771 Levii.
371 2752 386 2771 χ
401 2749 429 2771 et
447 2753 484 2771 xi.

204 2777 214 2791 °
223 2779 319 2813 l‘lphes.
339 2788 364 2812 v,
383 2779 425 2806 18.

229 2837 284 2870 (86)
305 2837 396 2864 Codex
409 2836 598 2866 Cailometisis.
616 2845 624 2861 ι
641 2836 738 2863 debilia
754 2837 820 2862 liuut
834 2844 840 2862 :
852 2843 910 2868 pes,
925 2842 979 2860 uia-

196 2881 257 2905 nus,
279 2873 368 2906 lingua
383 2871 517 2903 resoluta;
537 2871 628 2899 oculos
647 2871 776 2900 tenebrae.
792 2876 909 2898 utcutein
934 2877 977 2896 vc-

909 116 1070 149 OlllGENlS

173 194 336 222 meditantes
361 193 387 220 in
411 191 464 224 lIlS,
484 195 513 218 et
537 190 594 217 time
614 187 659 215 die
675 193 706 213 ac
721 188 801 213 nocte
815 183 847 210 ad
864 187 967 209 memo—
981 179 1005 207 Α
1018 176 1139 207 dotibus,

1757 100 1810 128 676

1157 173 1199 200 vel
1222 169 1393 207 principibus
1409 167 1582 195 sacerdotum
1609 165 1673 193 vita:
1703 165 1812 200 regulas

1017 229 1130 258 ponens,
1149 219 1213 248 dicit
1228 225 1275 245 eos
1289 224 1343 243 non
1361 214 1462 243 debere
1472 220 1533 241 esse
1549 212 1632 248 220
1644 212 1707 239 vino
1725 211 1813 239 multo

1018 267 1182 298 servientes,
1194 264 1242 291 sed
1259 263 1367 290 sobrios
1379 268 1441 290 esse
1457 261 1478 287 ⁸.
1500 258 1642 287 Sobrietas
1658 258 1732 286 enim
1752 265 1813 286 om-

1017 316 1092 342 nium
1107 314 1236 340 virtutum
1254 315 1342 338 mater
1357 313 1412 342 est,
1428 307 1501 334 sicut
1518 306 1674 334 econtrario
1689 306 1813 334 ebrietas

1018 359 1140 387 omnium
1153 358 1295 385 vitiorum.
1312 356 1413 390 Aperte
1429 354 1503 381 enim
1526 352 1718 388 pronuntiavit
1740 353 1814 387 Apo-

1019 406 1105 434 stolus
1120 405 1213 433 dicens
1228 405 1238 420 '
1257 411 1265 431 :
1285 412 1294 429 ί
1316 401 1426 433 Vinum,
1448 400 1474 428 in
1491 407 1545 435 quo
1558 404 1600 427 est
1616 399 1735 432 luxuria,
1755 408 1765 425 ι
1786 404 1816 426 ιιι

1018 452 1176 480 ostenderet
1190 458 1224 478 ex
1235 449 1379 480 ebrietate,
1395 446 1477 474 veluti
1500 445 1712 481 primogenitum
1727 444 1814 471 tiliam

1019 497 1145 534 generari
1163 496 1309 523 luxuriam.
1327 493 1395 521 Tum
1413 496 1546 527 praeterea
1563 495 1590 518 et
1611 490 1749 523 Salvator,
1763 490 1818 517 Do-

1020 544 1086 572 mini
1101 549 1129 570 et
1145 541 1398 578 regis‘auetoritatc
1421 538 1612 566 sacerdotibus
1631 537 1712 564 simul
1728 542 1757 564 et
1772 544 1818 571 po-

1020 589 1074 624 puli
1092 589 1166 623 leges
1179 595 1212 615 ac
1222 588 1285 622 jura
1300 586 1472 614 constituens
1487 593 1493 610 :
1509 592 1518 609 ι
1529 583 1681 616 Attendite,
1696 583 1786 617 inquit
1793 583 1815 615 ⁸,

1020 644 1054 663 ne
1071 635 1140 662 forte
1164 637 1314 669 graventur
1341 631 1425 658 corda
1442 634 1534 657 vestra
1564 629 1592 656 in
1615 629 1763 660 ebrietate,
1788 632 1818 656 et

1020 681 1145 716 crapula,
1161 685 1189 708 et
1203 681 1230 707 in
1248 677 1477 706 sollicitudinibus
1499 675 1602 708 saeculi,
1616 679 1647 702 et
1662 675 1754 702 veniat
1769 682 1817 702 su-

1021 735 1069 762 per
1088 735 1134 755 vOs
1161 727 1322 754 subitaneus
1349 724 1492 754 interitum,
1507 731 1520 749 ι
1549 722 1671 750 Audistis
1694 721 1817 749 edictuin

1022 774 1104 809 Regis
1120 774 1225 805 aeterni,
1239 778 1267 800 et
1286 769 1489 799 lanientabilein
1505 769 1588 796 tinem
1607 769 1752 796 ebrietatis
1774 769 1817 797 vel

1023 821 1143 857 crapula:
1158 820 1304 848 didicistis.
1329 819 1357 846 Si
1373 819 1437 853 quis
1453 818 1530 845 vobis
1544 817 1649 851 peritus
1663 820 1691 842 et
1704 815 1819 851 sapiens

1021 867 1143 894 medicus
1156 866 1199 893 liis
1212 866 1279 901 ipsis
1295 865 1385 893 verbis
1402 863 1577 899 pneciperet,
1592 865 1621 888 et
1638 861 1754 894 diceret,
1772 860 1820 887 At-

1019 913 1121 939 tctidite
1139 911 1227 945 vobis,
1253 919 1287 938 ne
1303 912 1376 946 quis.
1392 912 1467 939 verbi
1485 911 1586 945 gratia,
1613 909 1649 938 de
1672 910 1757 942 illius,
1775 910 1818 936 vel

1019 959 1091 987 illius
1108 960 1198 987 herba:
1218 966 1300 986 succo
1328 959 1435 986 avidius
1451 963 1542 985 suniat
1557 966 1565 991 ;
1579 957 1651 992 quod
1667 958 1689 984 si
1704 956 1818 988 iecerit,

1020 1007 1126 1034 subitus
1140 1006 1164 1033 ei
1184 1005 1276 1031 veniet
1305 1004 1445 1035 interitus,
1463 1011 1518 1030 non
1536 1003 1631 1030 dubito
1643 1002 1710 1037 quin
1730 1009 1819 1029 unus-

1021 1053 1137 1088 quisque
1159 1050 1276 1086 propria:
1302 1050 1398 1077 salutis
1420 1049 1522 1076 intuitu
1545 1048 1741 1083 prteiiiotientis
1759 1055 1821 1074 me-

1022 1100 1076 1127 dici
1108 1102 1244 1134 praecepta
1263 1101 1398 1124 servaret.
1426 1095 1505 1123 Nune
1530 1103 1595 1123 vero
1618 1096 1777 1121 animarum
1793 1099 1822 1120 et

1023 1156 1169 1183 corporum
1200 1147 1333 1178 medicus,
1361 1146 1497 1180 simulque
1521 1150 1550 1172 et
1574 1145 1715 1177 Dominus,
1736 1143 1819 1177 jubet

1023 1194 1166 1221 ebrietatis
1181 1193 1295 1220 herbam
1305 1197 1332 1219 et
1344 1191 1461 1227 crapulae
1478 1190 1627 1221 vitandam.
1643 1190 1771 1217 similiter
1789 1194 1818 1217 et

1024 1239 1240 1267 sollicitudinum
1262 1237 1433 1266 saecularium
1451 1237 1525 1264 velut
1549 1236 1704 1264 mortiferas
1722 1243 1822 1262 succos

1025 1285 1172 1312 cavendus.
1189 1284 1324 1310 Etnescio
1337 1283 1360 1310 si
1373 1284 1436 1318 quis
1452 1288 1576 1311 nostrum
1594 1290 1647 1309 non
1660 1282 1687 1309 iii
1700 1282 1742 1308 liis
1758 1289 1825 1308 cou-

1025 1331 1154 1362 sumitur,
1169 1329 1209 1357 uti
1227 1337 1261 1357 ne
1279 1330 1395 1356 dixerim
1410 1331 1559 1358 sauciatur.
1574 1329 1622 1356 Est
1643 1336 1709 1364 ergo
1727 1328 1823 1356 ebrie-

1026 1381 1067 1404 tas
1085 1376 1141 1404 vini
1157 1376 1312 1410 perniciosa
1338 1375 1365 1402 in
1382 1375 1519 1407 omnibus.
1545 1375 1600 1403 sola
1628 1382 1745 1410 namque
1767 1379 1822 1406 est,

1027 1430 1087 1458 quae
1101 1422 1183 1449 simul
1194 1429 1256 1449 cum
1271 1428 1387 1456 corpore
1398 1425 1425 1448 et
1437 1421 1556 1448 animam
1572 1421 1689 1448 debilem
1712 1420 1824 1446 reddat.

1027 1467 1056 1496 In
1069 1468 1176 1495 caeteris
1191 1467 1293 1496 etenim
1306 1472 1395 1502 potest
1411 1466 1481 1499 ﬁeri,
1498 1471 1528 1493 ut
1539 1466 1687 1493 secundum
1704 1465 1826 1500 Aposto-

1029 1514 1084 1540 liiiti
1096 1521 1158 1541 cum
1173 1513 1329 1540 inﬁrmatur
1341 1520 1451 1548 corpus,
1469 1516 1532 1539 tunc
1558 1512 1644 1547 magis
1662 1516 1760 1546 potens
1784 1511 1824 1538 sit

1029 1560 1153 1594 spiritus,
1168 1565 1196 1586 et
1213 1559 1257 1586 ubi
1278 1559 1301 1586 is
1318 1559 1363 1593 qui
1380 1559 1481 1586 deforis
1501 1563 1544 1586 est
1559 1558 1642 1585 lionio
1662 1557 1823 1591 corrumpi-

1029 1610 1083 1638 tur,
1100 1605 1143 1632 ille
1158 1605 1203 1639 qui
1221 1605 1294 1632 intus
1303 1608 1347 1631 est
1366 1608 1511 1631 renavetur
1522 1604 1543 1630 ".
1557 1602 1584 1629 ln
1600 1602 1743 1630 ebrietatis
1756 1610 1826 1629 vero

1029 1651 1205 1686 aagritndiiie,
1226 1657 1324 1685 corpus
1351 1649 1431 1676 simul
1455 1654 1482 1676 et
1506 1649 1597 1676 anima
1623 1648 1824 1683 corrumpitur,

1030 1697 1144 1731 spiritus
1160 1696 1264 1731 pariter
1278 1702 1340 1722 cum
1350 1701 1433 1722 carne
1449 1694 1571 1722 vitiatur.
1583 1693 1681 1721 Omnia
1698 1694 1826 1721 membra

1029 1743 1164 1774 debilitat,
1181 1742 1290 1777 pedem,
1309 1747 1430 1772 manum,
1450 1740 1568 1775 linguam
1587 1739 1710 1770 resolvit,
1725 1739 1826 1767 oculos

1031 1789 1166 1822 tenebrat,
1183 1793 1301 1815 mentem
1327 1787 1402 1814 velat
1425 1786 1528 1814 oblivio
1545 1785 1614 1822 (86),
1629 1786 1665 1812 ita
1680 1789 1709 1812 ut
1729 1785 1825 1813 liomi-

1031 1843 1092 1863 nem
1108 1843 1137 1863 se
1154 1836 1260 1862 nesciat
1276 1842 1336 1862 esse
1357 1841 1406 1861 nec
1426 1833 1536 1861 sentiat.
1554 1832 1641 1860 Habet
1665 1839 1731 1868 ergo
1750 1832 1827 1860 istud

1030 1882 1118 1917 primo
1130 1881 1272 1909 dedecoris
1282 1879 1434 1915 corporalis
1444 1879 1574 1911 ebrietas,
1583 1879 1639 1914 jam
1652 1885 1717 1906 vero
1728 1878 1752 1905 si
1765 1878 1827 1906 dis-

1030 1928 1165 1955 cutiamus
1190 1933 1254 1962 quot
1272 1928 1359 1954 modis
1375 1934 1452 1954 mens
1466 1926 1619 1954 inebriatur
1633 1927 1765 1958 liumana,
1779 1926 1825 1952 iii-

1031 1974 1175 2001 veniemus
1192 1973 1282 2001 ebrios
1291 1973 1374 2000 etiam
1389 1980 1437 2000 eos
1451 1972 1497 2007 qui
1515 1972 1566 2000 sibi
1583 1972 1666 1999 sobrii
1683 1971 1827 1999 videntur.

1035 2019 1175 2046 Iracundia
1194 2018 1310 2045 inebriat
1339 2017 1470 2050 animam,
1489 2017 1566 2044 furor
1590 2024 1656 2044 vero
1679 2023 1739 2044 eam
1762 2016 1827 2052 plus

1032 2073 1113 2100 quam
1134 2064 1236 2092 ebriam
1262 2064 1342 2096 facit,
1361 2064 1385 2091 si
1407 2063 1473 2099 quid
1492 2067 1582 2091 tamen
1607 2070 1668 2090 esse
1689 2061 1829 2090 ebrietate

1031 2113 1147 2147 amplius
1162 2115 1259 2146 potest.
1286 2110 1428 2145 Cupiditas
1453 2115 1482 2138 et
1503 2109 1630 2142 avaritia,
1654 2116 1707 2136 non
1734 2107 1826 2136 solum

1032 2159 1148 2190 ebrium,
1160 2158 1207 2185 sed
1232 2161 1260 2184 et
1277 2156 1400 2184 rabidum
1422 2156 1560 2183 hominem
1577 2154 1705 2182 reddunt.
1725 2153 1761 2181 Et
1773 2155 1828 2181 ob-

1033 2213 1122 2233 scenae
1147 2203 1380 2239 concupiscentiae
1416 2202 1554 2230 inebriant
1585 2201 1723 2232 animam,
1754 2200 1830 2227 sicut

1033 2260 1048 2279 e
1064 2251 1204 2279 contrario
1215 2256 1243 2277 et
1253 2254 1356 2277 sancta:
1368 2247 1743 2283 concupiscentia-.inebriant
1752 2254 1827 2279 eam,

1031 2299 1077 2326 sed
1103 2297 1237 2324 ebrietate
1264 2300 1358 2324 sancta
1375 2295 1419 2323 illa
1446 2295 1480 2322 de
1503 2301 1557 2329 qua
1578 2293 1687 2321 dicebat
1710 2292 1827 2327 quidam

1031 2351 1189 2373 sanctorum
1205 2343 1236 2369 ἐ
1257 2352 1267 2369 t
1288 2342 1322 2369 Et
1344 2341 1471 2377 poculum
1489 2345 1564 2368 tuum
1588 2338 1727 2366 inebrians
1743 2345 1829 2373 quam

1032 2391 1192 2426 praeclarum
1211 2388 1270 2417 estl
1284 2398 1294 2415 i
1320 2387 1373 2415 Sed
1385 2386 1558 2422 postmodum
1574 2385 1607 2412 de
1628 2383 1771 2412 ebrietatis
1786 2383 1829 2410 di-

1032 2437 1164 2465 versitate
1176 2435 1340 2466 videbimus.
1350 2440 1424 2460 nunc
1442 2431 1550 2459 interim
1566 2430 1627 2458 vide
1641 2435 1744 2463 quanta
1762 2432 1830 2456 sunt

1033 2491 1092 2518 qua:
1105 2481 1241 2509 iiiebriant
1256 2479 1373 2506 animam
1386 2487 1393 2505 :
1406 2482 1433 2505 et
1449 2476 1565 2505 formido
1576 2474 1695 2503 inebriat
1709 2481 1782 2507 eam,
1800 2476 1829 2501 et

1033 2537 1101 2557 vana
1119 2527 1250 2563 suspicio.
1265 2526 1368 2553 lnvidia
1379 2528 1509 2552 autemet
1526 2523 1605 2555 livor,
1618 2529 1701 2557 supra
1716 2527 1828 2548 omnem

1032 2576 1191 2604 ebrietatem
1208 2575 1351 2600 macerant
1365 2577 1437 2597 eam.
1455 2568 1508 2596 Sed
1525 2566 1681 2596 enumerari
1697 2573 1752 2593 non
1764 2573 1828 2600 pos-

1032 2627 1096 2650 sunt
1124 2624 1224 2655 quanta
1249 2621 1322 2650 sunt,
1355 2623 1416 2651 quae
1443 2614 1578 2642 infelicem
1607 2613 1726 2640 animam
1758 2611 1828 2639 vitio

1033 2667 1178 2698 ebrietatis
1197 2663 1327 2692 alliciant.
1346 2661 1424 2690 Nunc
1443 2660 1554 2688 interim
1578 2660 1612 2686 de
1635 2657 1828 2686 sacerdotibus

1032 2735 1169 2768 mu,9.0,
1198 2739 1225 2760 et
1249 2731 1310 2768 rios.
1332 2729 1450 2764 tinnit.
1498 2726 1672 2754 'lTim.vu.
1708 2723 1827 2753 “ritu.

1046 2767 1119 2801 l’sal.
1144 2777 1221 2802 xxtii,
1238 2767 1266 2794 5.

1035 2832 1072 2858 lat
1090 2828 1201 2860 oblivio,
1221 2837 1228 2853 ι
1246 2825 1340 2861 sicque
1362 2824 1408 2852 alii
1429 2830 1508 2857 mss.,
1529 2821 1579 2850 ni5i
1595 2821 1667 2856 quod
1687 2819 1825 2851 omittunt,

1038 2876 1046 2892 ι
1066 2866 1144 2892 tiuut.
1161 2873 1170 2890 ι
