1894 3058
187 132 238 160 479

185 197 235 217 ces
252 193 350 216 nostrm
363 207 370 219 ,
387 196 401 214 a
428 187 496 213 facie
519 184 680 219 imiplcntia:
699 188 809 210 nostrm.
825 191 833 207 ›

187 242 253 269 ergo
264 233 390 261 omnibus
403 233 584 259 assistitmmc
599 230 681 257 vultui
713 228 775 260 Dei,
793 226 972 261 interpellans

188 288 240 316 pro
255 281 350 311 ttobis,
368 279 472 305 assistit
493 277 590 308 altari,
609 281 638 303 ttt
659 275 909 310 rcpropitiationent
925 279 973 306 pro

192 325 270 352 nobis
284 323 378 351 oﬂerat
396 324 469 350 Deo:
485 327 512 349 et
536 322 596 348 ideo
615 321 720 348 dicebat
738 325 866 354 tanquam
882 327 975 346 acces-

192 378 270 397 surus
285 371 317 396 ad
335 369 405 395 istud
421 368 517 399 altare,
536 367 598 400 quia
611 366 665 400 jam
687 375 695 392 1
709 374 761 392 nott
782 365 871 391 bibattt
887 365 920 392 de
932 372 975 398 ge-

193 415 329 442 neratione
348 415 411 440 vitis
424 412 502 447 hujus
513 433 520 443 .
537 413 623 439 donec
647 412 738 439 bibam
753 411 819 438 illud
835 411 975 438 vobiscum

191 467 328 501 novum.)
346 459 489 493 Exspectat
506 466 570 492 ergo
586 462 614 485 ut
630 463 830 491 convertamur,
849 463 878 484 ιιι
893 458 976 492 ipsius

191 505 328 532 imitemur
339 505 395 541 (99.)
412 505 578 539 exemplum,
595 511 620 531 ιιι
635 512 780 538 sequamur
795 504 977 537 vestigiaejus

190 556 216 577 et
233 550 338 577 lastetur
358 550 497 577 ttobiscum
510 571 518 582 ,
535 556 561 576 et
577 550 650 575 l~ibat
665 550 755 576 vinum
774 549 912 576 ttobiscum
926 568 934 580 ,
952 548 982 574 in‘

191 603 274 629 rt-gno
289 596 378 622 Patris
396 596 447 622 sui.
463 595 540 622 Nunc
556 596 627 621 enim
644 596 706 630 quia
722 595 878 621 misericors
895 600 936 621 est
952 600 978 620 et

193 643 336 669 ntiserator
351 642 490 673 Dominus,
508 642 610 676 tttajore
626 641 724 668 affectu
742 642 798 675 ipse
815 648 894 674 quam
909 641 979 673 Apo-

191 688 275 714 smlus
292 696 355 715 suus
379 688 423 714 lb-t
440 696 501 715 cum
525 688 650 715 ﬂentibus
662 708 670 720 ,
688 688 762 721 cttpit
784 687 901 720 gaudere
918 694 978 714 cum

193 734 373 767 gaudentibus
390 734 422 760 “.
442 733 474 760 Et
493 733 575 761 multo
595 734 681 768 magis
703 733 779 767 luget
803 733 860 766 ipse
874 740 920 759 eos
934 732 979 765 qui

193 786 256 806 ante
281 785 461 814 peccaverunt
476 785 504 807 et
530 788 582 807 non
605 784 717 815 egerunt
744 778 928 814 paenitentiam
946 777 980 804 ".

194 824 287 859 Neque
301 826 371 852 euitn
387 826 534 860 putandum
550 831 602 857 est,
620 826 691 860 quod
708 824 806 852 Paulus
821 825 927 859 quidem
943 823 981 850 lu-

195 876 255 903 geat
271 878 319 904 pro
333 871 530 905 peccatoribus,
547 877 573 898 et
589 871 651 897 ﬂeat
665 878 715 905 pro
730 869 952 904 delinquentibus
969 877 976 902 ;

196 916 327 943 Dominus
352 922 440 944 autem
468 925 544 944 meus
559 917 638 943 .Iesus
660 917 794 944 abstineat
808 924 822 943 a
840 915 902 942 ﬂetu
918 923 980 942 cum

196 961 302 987 a-cedit
320 963 352 987 ad
368 961 485 994 Patrem,
500 969 559 989 cum
582 962 685 988 assistit
705 961 802 993 altari,
819 966 845 988 et
860 960 981 995 reprupi-

198 1007 336 1033 tiatioucm
353 1007 407 1042 (93)
424 1016 471 1042 pro
487 1008 565 1034 nobis
580 1007 674 1039 offert;
691 1012 717 1034 et
731 1008 782 1034 hoc
795 1011 835 1034 est
849 1006 980 1032 acceden-

198 1057 251 1078 tem
266 1054 299 1079 ad
312 1053 395 1080 altare
410 1061 461 1080 non
475 1055 565 1081 bibere
582 1054 672 1080 viuum
688 1054 797 1084 ltetitire.
810 1054 872 1088 quia
889 1053 979 1080 adhuc

197 1103 371 1132 peccatorum
395 1105 548 1127 nostrorum
566 1101 761 1127 amaritudines
779 1101 891 1134 patitur.
920 1099 978 1126 Non

198 1146 254 1171 vult
269 1153 333 1180 ergo
348 1147 422 1173 solus
438 1147 464 1173 in
484 1154 565 1181 regno
580 1147 626 1173 Dei
642 1147 735 1174 bibere
749 1147 852 1179 vinum,
868 1155 917 1174 nos
933 1155 982 1174 ex-

198 1198 312 1226 spectat.
335 1194 378 1220 Sir
394 1194 467 1220 enini
484 1195 551 1220 dixit
565 1193 601 1220 ¹¹⁵ε
622 1202 632 1219 1
650 1193 740 1220 Donec
755 1193 844 1220 bibam
859 1193 923 1221 illttd
937 1201 981 1220 vo-

198 1238 313 1265 b'scum.
328 1248 337 1264 ι
357 1238 409 1265 Nos
427 1233 519 1266 sumus
535 1239 617 1273 igitur
631 1239 686 1272 qui,
702 1240 782 1265 vitam
798 1244 916 1266 nostram
936 1246 982 1265 tte-

198 1285 344 1318 gligentes,
362 1285 481 1311 ltl‘lllinnt
498 1285 569 1312 illius
580 1285 762 1312 detnoramur.
778 1285 922 1318 Exspectat
935 1293 982 1312 nos

202 1335 231 1354 Ill
247 1329 318 1356 bibat
333 1329 365 1355 de
381 1332 556 1363 generatione
571 1330 634 1356 vitis
648 1329 737 1363 hujus.
754 1329 835 1361 Cujus
850 1330 932 1356 vitis?
949 1330 983 1356 ll-

200 1373 251 1400 lius
267 1376 359 1408 utique
372 1375 448 1406 cuius
463 1376 519 1409 ipse
543 1381 600 1402 erat
625 1376 708 1409 ﬁgura
727 1376 821 1402 dicens
835 1376 874 1403 ης
903 1385 911 1401 ι
930 1376 983 1411 Ego

201 1426 261 1444 sum
275 1420 350 1451 vitis,
363 1427 409 1446 vos
421 1420 554 1454 palmites.
569 1429 577 1445 ι
597 1420 672 1447 Unde
685 1420 781 1447 iterum
797 1420 862 1447 dicit
876 1420 910 1452 ³⁸,
921 1421 983 1454 quia

204 1473 215 1490 ιι
228 1465 336 1499 sanguis
351 1473 426 1492 meus
442 1473 504 1493 vere
518 1471 559 1493 εει
573 1472 663 1499 ροιιιε.
675 1471 702 1493 ει
715 1473 779 1493 caro
793 1473 851 1492 utea
868 1473 931 1492 vere
944 1469 986 1493 est

202 1512 289 1538 cibus.
306 1521 315 1536 ι
344 1512 414 1539 Vere
428 1512 498 1538 enim
517 1512 542 1538 in
568 1512 699 1546 sanguine
717 1519 775 1538 uvas
799 1511 865 1538 lavit
889 1512 985 1538 stolam
1000 1520 1023 1551 ο

203 1565 289 1583 suant.
306 1557 374 1590 Quid
395 1566 460 1592 ergo
480 1558 541 1585 est?
557 1558 700 1592 Exspectat
723 1558 855 1585 ltetiliam.
874 1558 987 1591 Quando

203 1603 361 1636 exspectat?
373 1603 438 1630 Cum
450 1611 684 1634 consummavero.
698 1604 795 1638 inquit,
807 1611 873 1637 optts
887 1610 985 1629 meum.

205 1649 317 1680 Quando
333 1655 502 1676 consunnnat
515 1651 565 1677 hoc
577 1651 666 1684 opus?
679 1650 791 1683 Quando
808 1657 850 1676 tne
867 1649 911 1683 qui
927 1657 986 1676 sum

206 1694 327 1724 ultimus,
343 1701 370 1721 et
387 1695 500 1729 nequior
515 1695 636 1722 Omnium
654 1699 843 1730 peccatorum,
861 1701 989 1721 consum-

206 1745 305 1765 matum
321 1739 415 1766 fecerit
431 1745 457 1766 et
471 1740 618 1773 perfectum
630 1760 638 1772 ,
654 1745 718 1769 tunc
736 1744 904 1766 consummat
921 1746 988 1773 optts

205 1793 294 1812 suum.
310 1785 385 1812 Nunc
399 1787 469 1812 enim
482 1786 570 1812 adhuc
584 1785 771 1819 imperfectum
784 1789 824 1812 est
841 1793 908 1820 opus
919 1785 988 1818 ejus,

205 1832 290 1857 donec
307 1838 358 1865 ego
375 1839 471 1858 maneo
486 1831 670 1865 imperfectus.
697 1831 818 1866 Denique
836 1832 919 1858 donec
941 1839 990 1866 ego

206 1884 259 1903 ιιοιι
278 1884 336 1902 sum
352 1876 473 1903 subditus
489 1877 569 1907 Patri.
591 1885 640 1903 nec
659 1877 717 1911 ipse
731 1877 829 1903 dicitur
845 1877 916 1903 Patri
932 1884 990 1903 esse

206 1922 352 1956 subjectus.
373 1921 430 1947 Non
445 1922 516 1955 quod
533 1922 589 1955 ipse
605 1921 773 1954 subjectionc
787 1921 903 1954 indigeat
921 1921 990 1954 apud

206 1965 334 1999 Patrem,
359 1969 404 1994 sed
428 1975 476 2001 pro
494 1975 553 1996 me,
578 1967 605 1994 in
622 1975 674 2001 quo
689 1975 756 2001 opus
770 1975 847 1994 suum
872 1967 989 1993 nondum

207 2014 421 2042 consummavit.
439 2014 496 2047 ipse
516 2015 616 2041 dicitur
636 2021 687 2040 non
704 2021 764 2040 esse
779 2013 924 2046 subjectus.
947 2013 992 2040 Sic

208 2060 279 2086 enim
298 2059 410 2092 legimus
424 2058 458 2090 ’⁷,
470 2060 596 2093 quoniam
613 2066 709 2092 corpus
725 2066 818 2084 suntus
831 2058 930 2084 Cbristi
942 2077 949 2089 ,
965 2063 992 2084 et

209 2105 329 2131 membra
353 2112 385 2130 ex
411 2108 499 2138 parte.
517 2104 585 2136 Quid
612 2109 700 2130 autetn
724 2109 766 2130 est
788 2104 858 2137 quod
877 2103 942 2129 dicit
960 2111 992 2130 ex

208 2154 296 2184 parte,
312 2150 460 2176 videmnus.
475 2149 529 2183 Ego
545 2158 616 2176 ttttttc
628 2171 635 2182 ,
651 2149 727 2176 verbi
745 2150 841 2183 gratia,
857 2149 992 2182 subjectus

209 2203 267 2222 sum
287 2196 340 2221 Dco
355 2197 500 2221 secundum
522 2195 656 2229 spiritum,
674 2195 724 2221 huc
739 2201 779 2220 est
798 2195 937 2229 proposito
966 2199 993 2221 et

209 2240 368 2272 voluntate;
387 2241 433 2267 sed
447 2241 564 2274 quandiu
581 2241 607 2266 in
624 2247 666 2266 ttte
682 2247 744 2266 caro
761 2239 928 2273 concupiscit
945 2240 991 2266 ad-

210 2294 305 2313 vetsus
328 2287 473 2320 spiritum,
496 2291 522 2313 et
539 2286 650 2320 spiritus
674 2287 803 2312 adversus
825 2293 945 2316 carnem,
965 2289 992 2311 et

211 2335 328 2362 nondum
348 2334 421 2368 potui
440 2334 575 2367 subjicere
595 2341 704 2360 carttettt
723 2332 841 2366 spiritui,
858 2331 992 2365 subjectus

212 2380 319 2414 quidem
337 2387 394 2406 sum
423 2379 477 2405 Deo
490 2398 497 2411 ,
515 2386 606 2404 verum
624 2386 675 2404 non
697 2385 730 2404 ex
749 2378 853 2412 integro
869 2397 876 2409 ,
895 2378 940 2403 sed
962 2384 994 2403 ex

212 2431 299 2461 parte.
328 2426 356 2452 Si
383 2431 471 2452 autent
491 2430 604 2458 potuero
627 2424 710 2450 etiam
728 2431 838 2450 carnem
867 2429 953 2448 meam
969 2427 997 2449 ct

211 2473 301 2498 omnia
322 2471 440 2498 membra
460 2478 516 2496 mea
541 2470 567 2496 in
585 2469 789 2495 consonantiam
810 2468 922 2502 spirittts
940 2472 996 2494 tra-

213 2520 288 2550 here,
304 2518 384 2553 222
399 2523 461 2544 lttnc
473 2516 592 2551 perfecte
607 2515 719 2542 videbor
732 2522 793 2542 esse
807 2513 952 2547 subjectus.
968 2513 996 2539 Si

248 2579 270 2595 "
285 2580 361 2605 ltom.
373 2585 420 2608 xu,
438 2576 481 2603 15.
519 2576 541 2592 ⁸³
558 2574 578 2601 ll
595 2574 715 2606 Conxu,
731 2573 777 2600 21.

212 2615 258 2643 27.
296 2613 318 2630 ’⁸
335 2613 403 2640 Psal.
419 2620 444 2644 L,
458 2613 499 2638 10.
535 2611 558 2627 ³⁹
578 2611 627 2637 Isa.
642 2617 724 2641 xxxv,
745 2608 784 2634 l0.

251 2661 306 2695 (9‘2)
328 2661 390 2688 Mss.
409 2670 418 2687 1
432 2664 461 2686 ιιι.
474 2659 557 2694 ipsius
570 2659 718 2686 imitemur.
737 2667 745 2683 ι
760 2656 837 2683 Libb.
850 2654 927 2684 editi,
947 2663 956 2678 1
969 2659 996 2679 ct

214 2698 300 2732 ipsius
315 2696 461 2732 imitemur.
478 2704 488 2720 ι

251 2731 306 2766 (95)
334 2731 411 2766 Mss,
440 2739 449 2755 1
478 2729 737 2764 repropitiationem.
767 2735 775 2752 ι
809 2725 887 2753 Libb.
916 2724 999 2754 edi;i.

219 2775 230 2793 1
244 2765 474 2800 propitiationem.
494 2774 502 2790 ι

254 2801 310 2833 (9i)
339 2799 404 2826 Cum
422 2807 480 2826 vero
503 2798 718 2824 consummaverit
743 2805 809 2829 opus
832 2803 921 2827 suum,
944 2800 997 2833 c_lc.

219 2830 335 2864 Consule
353 2833 478 2862 iluelium
501 2833 718 2868 Origeniaaorum
736 2832 781 2860 lib.
797 2839 827 2866 ιι,
842 2836 938 2866 quiest.
956 2830 997 2862 ll,

912 116 1072 147 ORIGEMS

859 181 911 207 Pro
931 179 974 205 his
988 178 1010 207 Α
1025 172 1179 201 intellexisti
1197 171 1259 206 quid
1279 170 1313 197 sit
1330 177 1364 197 ex
1380 172 1466 204 parte,
1482 171 1508 194 ct
1524 165 1588 200 quid
1598 164 1634 191 sit
1646 171 1679 190 ex
1700 163 1807 195 integro

812 2572 834 2589 ν’
851 2571 924 2597 Matt.
943 2578 1016 2599 χχιιι,
1035 2569 1080 2596 9.9.

823 2607 845 2623 ’°
860 2607 940 2632 Hebr.
956 2613 993 2636 ιι,
1009 2605 1053 2633 59.

1756 101 1807 130 ιδο

1022 227 1082 247 esse
1097 218 1259 252 subjectum,
1274 216 1331 243 redi
1348 222 1420 242 nunc
1435 219 1461 240 et
1477 212 1510 238 ad
1526 212 1561 243 id,
1578 210 1649 244 quod
1666 210 1698 236 de
1716 207 1809 240 subje-

1023 265 1114 293 ctione
1127 263 1233 291 Domini
1246 261 1431 296 proposuimus
1441 268 1447 286 :
1457 264 1484 285 et
1496 258 1556 284 vide
1566 257 1628 291 quia
1641 263 1701 282 cmn
1712 261 1810 281 omnes

1024 318 1122 344 corpus
1135 309 1233 344 ipsius,
1246 313 1274 334 et
1288 306 1408 334 membra
1424 312 1485 331 esse
1501 296 1632 334 dicantur,
1648 302 1734 327 dottec
1748 305 1810 326 sunt

1025 356 1108 390 aliqui
1126 356 1151 382 in
1179 355 1255 382 nobis
1269 373 1278 386 ,
1295 353 1340 388 qui
1360 352 1478 378 nondum
1495 349 1614 384 perfecta
1641 346 1811 381 subjectione

1026 402 1140 436 subjecti
1157 406 1230 431 sunt,
1246 401 1303 434 ipse
1320 398 1418 424 dicitur
1434 404 1486 422 tton
1505 402 1566 421 esse
1581 392 1727 426 subjectus.
1743 392 1810 419 Cum

1027 455 1092 474 vero
1106 444 1335 473 consummaverit
1351 450 1418 477 opus
1434 449 1513 468 suum
1533 439 1600 476 (94),
1615 444 1637 466 et
1655 439 1812 465 universam

1028 498 1182 520 creaturam
1196 499 1270 518 suam
1282 491 1314 517 ad
1331 495 1461 516 summam
1475 485 1647 521 perfectionis
1656 485 1812 516 adduxerit,

1030 544 1092 565 tunc
1109 539 1163 572 ipse
1178 538 1283 564 dicetur
1297 534 1433 569 subjectus
1449 533 1474 558 itt
1486 532 1537 562 Itis,
1549 538 1617 565 quos
1629 530 1748 557 subdidit
1764 529 1813 556 Pa-

1031 585 1075 616 t-ri,
1092 589 1119 611 et
1137 584 1162 610 itt
1179 584 1278 617 quibus
1295 591 1364 617 opus
1383 582 1452 616 quod
1469 583 1492 609 ei
1510 581 1589 607 Pater
1605 580 1731 610 dederat,
1748 585 1814 606 con-

1029 629 1184 663 summavit,
1200 634 1227 656 ut
1244 629 1278 656 sit
1291 629 1362 656 Deus
1386 629 1475 655 omnia
1503 628 1528 654 itt
1546 626 1683 654 omnibus.
1713 625 1815 652 Verum

1030 675 1087 702 hate
1110 682 1238 709 quorsum
1262 674 1408 708 spectant?
1433 679 1463 700 ut
1491 672 1673 706 intelligamus
1689 671 1716 698 id
1743 670 1816 705 quod

1030 728 1109 754 supra
1125 719 1300 747 tractavimus
1314 738 1322 750 ,
1337 718 1472 752 quomodo
1487 725 1539 744 non
1557 717 1623 743 bibit
1641 716 1737 742 vinum
1751 734 1759 747 ,
1776 714 1818 741 vel

1031 766 1165 800 quontodo
1180 765 1247 792 bibit
1262 769 1406 799 antequam
1432 764 1543 790 intraret
1562 762 1588 788 itt
1605 760 1817 792 tabernaculum,

1033 816 1177 845 antequam
1203 810 1345 837 accederet
1369 809 1402 835 ad
1431 809 1529 835 altare.
1556 807 1614 835 Non
1635 807 1703 834 bibit
1728 811 1819 833 autent

1035 863 1116 888 nunc,
1134 856 1196 890 quia
1213 855 1316 882 assistit
1330 855 1424 885 altari,
1438 859 1465 881 et
1486 854 1560 888 luget
1575 858 1685 887 peccata
1703 859 1762 879 mea
1774 859 1782 884 ;
1795 856 1821 878 ct

1034 909 1140 928 rursum
1170 901 1243 928 bibet
1268 901 1406 935 posthac,
1432 907 1493 927 cum
1519 899 1645 933 subjecta
1668 899 1694 925 ei
1722 897 1822 924 fuerint

1032 948 1134 980 omnia,
1149 951 1177 974 et
1189 946 1298 974 salvatis
1313 946 1437 973 omnibus
1451 953 1482 972 ac
1495 945 1635 972 destructa
1649 949 1737 970 morte
1761 950 1823 976 pec-

1033 994 1098 1025 cati,
1114 993 1184 1020 ultra
1195 992 1252 1028 jam
1271 992 1456 1019 necessarium
1470 998 1523 1017 non
1537 991 1590 1017 erit
1603 988 1703 1016 offerre
1720 988 1823 1015 hostias

1034 1047 1084 1074 pro
1100 1042 1222 1073 peccato.
1239 1037 1315 1064 Tunc
1329 1037 1400 1064 cttim
1419 1037 1470 1063 erit
1486 1035 1615 1070 gaudium
1631 1039 1659 1061 et
1673 1034 1781 1065 la'titia,
1799 1039 1824 1059 et

1035 1092 1098 1113 tunc
1116 1095 1125 1112 1
1141 1084 1316 1112 exsultabunt
1333 1091 1393 1110 ossa
1411 1082 1555 1110 buutiliata
1571 1082 1605 1114 ’⁸,
1623 1091 1631 1105 ι
1654 1085 1680 1107 et
1698 1080 1824 1115 implebi-

1035 1137 1078 1159 tur
1095 1131 1158 1158 illud
1173 1131 1243 1165 quod
1256 1130 1386 1164 scriptum
1399 1133 1441 1156 est
1455 1128 1495 1155 ’ἰ
1523 1137 1533 1154 1
1547 1126 1676 1161 Aufugiet
1691 1126 1782 1158 dolor,
1798 1130 1823 1152 et

1035 1176 1144 1204 tristitia
1155 1195 1163 1208 ,
1179 1179 1206 1202 et
1220 1175 1349 1210 gemitus.
1365 1183 1374 1199 ι
1393 1174 1444 1201 Sed
1460 1177 1487 1200 et
1500 1172 1565 1200 illttd
1580 1179 1634 1200 non
1651 1173 1823 1204 omittamus,

1035 1222 1106 1256 quod
1126 1229 1178 1248 non
1194 1220 1280 1248 solutn
1298 1221 1331 1247 de
1349 1220 1440 1246 Aaron
1457 1219 1557 1246 dicitur
1571 1223 1599 1245 ut
1615 1225 1667 1245 non
1684 1218 1762 1245 bibat
1783 1218 1823 1244 vi-

1036 1275 1110 1298 num,
1130 1267 1176 1294 sed
1190 1270 1221 1293 et
1234 1266 1267 1293 de
1281 1265 1343 1292 [iliis
1360 1266 1419 1300 ejus
1430 1272 1492 1291 cum
1509 1263 1698 1298 ingrediuntur
1713 1263 1747 1290 ad
1761 1271 1822 1289 san-

1037 1317 1091 1342 cta.
1114 1312 1237 1339 Nondum
1263 1311 1335 1338 ettim
1361 1313 1520 1343 receperunt
1545 1308 1665 1336 ltetitiam
1691 1316 1770 1335 suain
1790 1316 1821 1335 ne

1037 1358 1150 1393 apostoli
1168 1358 1274 1392 quidem
1289 1356 1363 1391 (95),
1378 1356 1425 1383 sed
1440 1360 1467 1382 et
1483 1355 1532 1390 ipsi
1549 1359 1728 1388 exspectant,
1745 1360 1774 1380 ιιι
1791 1358 1818 1380 et

1038 1411 1089 1439 ego
1105 1404 1204 1431 laetitia:
1217 1411 1309 1430 eormn
1325 1402 1463 1437 particeps
1486 1402 1557 1428 liam.
1579 1401 1669 1435 Neque
1688 1401 1763 1427 enim
1777 1400 1823 1428 de-

1037 1450 1166 1478 cedentes
1187 1450 1250 1476 ltinc
1264 1450 1371 1481 sancti,
1389 1447 1518 1475 continuo
1540 1448 1644 1482 integra
1665 1447 1823 1474 meritorum

1040 1503 1151 1523 suorum
1166 1495 1276 1529 prmmia
1289 1498 1505 1527 consequuntur;
1516 1493 1562 1519 sed
1574 1496 1735 1525 exspectant
1745 1491 1823 1517 etiam

1040 1549 1099 1573 nos,
1114 1540 1178 1567 licet
1191 1544 1339 1570 morantes,
1353 1539 1414 1566 licet
1427 1538 1544 1567 desides.
1558 1537 1616 1564 Non
1633 1538 1706 1564 enitn
1719 1542 1761 1564 est
1776 1538 1825 1564 illis

1039 1585 1160 1621 perfecta
1177 1586 1280 1616 lautitia,
1297 1586 1384 1612 donec
1397 1592 1447 1618 pro
1460 1584 1601 1611 erroribus
1621 1584 1724 1611 nostris
1739 1584 1826 1610 dolent

1039 1637 1067 1659 et
1081 1632 1174 1666 lugent
1194 1637 1287 1659 nostra
1306 1635 1426 1665 peccata.
1446 1630 1502 1657 lloc
1517 1630 1634 1657 fortasse
1649 1629 1716 1656 tuibi
1729 1629 1823 1656 dicenti

1039 1699 1092 1718 non
1116 1691 1220 1719 credas.
1244 1691 1308 1724 Quis
1334 1690 1407 1717 enim
1430 1696 1480 1724 ego
1495 1696 1575 1720 sum,
1600 1688 1645 1722 qui
1663 1688 1822 1714 conﬁrmare

1040 1738 1200 1765 sententiam
1222 1736 1286 1763 tanti
1306 1735 1438 1770 dogmatis
1453 1734 1584 1761 audeam?
1609 1733 1655 1760 sed
1674 1734 1763 1760 habeo
1777 1734 1819 1759 lto-

1041 1792 1099 1811 ruttt
1116 1787 1210 1810 testem
1225 1801 1232 1813 ,
1249 1782 1282 1808 de
1296 1788 1350 1815 qtto
1377 1788 1428 1807 tton
1451 1784 1528 1814 potes
1542 1779 1675 1805 dubitare.
1701 1778 1827 1812 Magister

1041 1829 1112 1856 ettint
1127 1827 1247 1863 gentium
1265 1832 1305 1854 est
1320 1826 1345 1853 itt
1361 1826 1412 1852 ﬁde
1429 1829 1456 1851 et
1473 1824 1586 1852 veritate
1599 1823 1742 1859 apostolus
1758 1823 1825 1849 Pau-

1041 1875 1093 1902 lus.
1111 1875 1168 1908 lpse
1184 1873 1265 1907 igitur
1281 1872 1312 1898 ad
1332 1872 1459 1898 llebrteos
1473 1871 1598 1898 scribens
1610 1891 1617 1903 ,
1639 1878 1702 1896 cuttt
1718 1875 1825 1896 enume-

1041 1927 1071 1946 ra
1082 1924 1130 1946 'set
1145 1925 1240 1944 omnes
1260 1921 1369 1944 sanctos
1385 1920 1493 1950 patres,
1510 1915 1553 1948 qui
1571 1922 1618 1948 per
1635 1914 1717 1940 ﬁdem
1729 1913 1825 1947 justiti-

1042 1963 1094 1990 cati
1108 1966 1180 1994 sunt,
1195 1961 1296 1989 addidit
1311 1965 1372 1995 post
1382 1960 1474 1986 omnia
1488 1958 1570 1986 etiam
1587 1959 1655 1985 hoc:
1680 1967 1690 1982 1
1705 1957 1757 1984 Sed
1774 1956 1825 1987 isti,

1042 2009 1130 2043 inquit
1142 2008 1165 2024 ³⁸
1177 2027 1185 2041 ,
1200 2014 1294 2034 omnes
1312 2005 1495 2033 testimonium
1513 2004 1643 2031 habentes
1663 2011 1714 2037 per
1730 2003 1824 2032 ﬁdem,

1043 2054 1159 2081 nondum
1174 2052 1289 2079 assecuti
1307 2055 1370 2078 sunt
1385 2050 1634 2084 reproutissionem,
1651 2049 1708 2075 Deo
1723 2056 1770 2083 pro
1786 2055 1827 2074 uo-

1044 2100 1086 2127 bis
1110 2099 1207 2125 melius
1223 2097 1325 2132 aliquid
1351 2096 1529 2131 providente,
1555 2095 1592 2121 uti
1617 2103 1650 2121 tte
1678 2095 1737 2121 sine
1755 2093 1827 2120 nobis

1044 2145 1239 2180 perfectionem
1265 2147 1508 2176 consequerentur.
1527 2149 1536 2167 ι
1570 2140 1651 2167 Vides
1677 2147 1745 2174 ergo
1770 2138 1826 2171 quia

1045 2194 1183 2225 exspectat
1196 2189 1284 2216 adhuc
1294 2188 1441 2220 Abraham,
1457 2185 1677 2220 utquatperfccta
1691 2189 1755 2211 sunt
1769 2191 1827 2210 cutt-

1044 2241 1184 2272 sequatur.
1213 2235 1359 2268 Exspectat
1375 2238 1401 2260 et
1425 2233 1500 2259 lsaac
1513 2237 1540 2258 et
1564 2230 1668 2263 Jacob,
1685 2235 1715 2257 et
1740 2236 1828 2256 omnes

1043 2283 1180 2318 propheta:
1201 2283 1361 2312 exspectant
1385 2286 1435 2305 nos
1459 2282 1488 2304 ut
1512 2276 1651 2303 nobiscum
1681 2275 1824 2310 perfectam

1043 2328 1235 2356 beatitudinem
1244 2326 1362 2360 capiant.
1373 2324 1486 2358 Propter
1501 2323 1558 2349 haec
1564 2330 1627 2356 ergo
1638 2322 1721 2349 etiam
1734 2325 1827 2355 mystc-

1049 2375 1118 2401 riunt
1132 2373 1195 2400 illttd
1211 2372 1238 2398 itt
1253 2371 1374 2398 ultimatn
1387 2370 1456 2396 diem
1476 2368 1550 2396 dilati
1563 2367 1655 2402 judicii
1669 2365 1825 2393 custoditur.

1051 2420 1139 2447 Unum
1152 2418 1224 2445 ettittt
1233 2423 1331 2450 corpus
1345 2419 1396 2445 est,
1412 2412 1631 2448 quodjustiﬁcari
1646 2413 1826 2446 exspectatur,

1050 2472 1131 2492 unuttt
1152 2463 1223 2498 qttod
1256 2468 1399 2495 resurgere
1424 2460 1522 2487 dicitur
1539 2460 1565 2486 in
1586 2458 1700 2492 judicio.
1732 2465 1741 2482 1
1754 2455 1825 2482 Licet

1051 2513 1122 2539 enim
1142 2511 1198 2538 sint
1224 2509 1308 2536 multa
1324 2507 1442 2535 membra
1455 2527 1463 2539 ,
1483 2506 1528 2533 sed
1544 2513 1626 2532 unum
1644 2511 1760 2538 corpus,
1776 2509 1823 2528 non

1133 2568 1155 2583 ’⁸
1167 2565 1246 2595 Joau.
1259 2572 1306 2595 xv,
1317 2563 1346 2592 5.
1381 2564 1405 2580 ’θ
1418 2562 1495 2590 Joan.
1512 2569 1548 2594 Vt,
1565 2561 1610 2588 56.
1647 2560 1669 2576 "
1684 2560 1692 2586 Ι
1706 2559 1768 2586 Cor.
1779 2563 1825 2588 ιιι,

1051 2659 1125 2678 litim.
1147 2649 1190 2676 16.
1230 2671 1232 2677 .

1087 2685 1142 2720 (95)
1162 2677 1284 2710 Nondum
1311 2682 1378 2708 enim
1403 2684 1552 2720 receperunt
1568 2677 1684 2718 [mitium
1697 2683 1778 2720 fuant
1797 2681 1823 2700 tu

1051 2709 1163 2746 «nilnih-
1185 2718 1289 2751 qut‘dcm
1303 2737 1309 2748 ,
1328 2723 1382 2743 clc.
1399 2709 1465 2748 Quis
1488 2715 1522 2751 sit
1549 2713 1679 2751 genuinus
1697 2712 1756 2751 hor:
1771 2709 1825 2751 loco

1051 2754 1175 2788 υιεμυιιὶδ
1191 2746 1307 2784 sensus,
1321 2746 1537 2788 aperitrlluetius
1561 2747 1712 2782 Origeuiaa.
1732 2746 1775 2773 lib.
1797 2749 1824 2775 ll.

1053 2787 1147 2824 quazst.
1166 2789 1208 2821 ll,
1227 2795 1299 2814 ttuut.
1319 2787 1358 2813 ιυ.
