1894 3059
61 123 107 150 ιει

625 123 659 149 ΙΝ
680 122 866 150 LEVlTlCUM
885 123 1027 151 liOMlLiA
1049 123 1105 152 Vll.

1635 124 1687 151 18‘!

62 187 150 217 potest
167 183 260 210 dicere
280 183 375 210 oculus
395 183 497 215 manui,
513 182 569 210 Non
588 190 618 210 es
635 184 700 210 mihi
724 191 851 211 necessa—
866 186 890 214 Α
904 184 1014 211 cum“:
1027 192 1035 209 ι
1047 183 1172 218 Dispersa
1185 188 1246 210 sunt
1258 190 1319 210 ossa
1332 189 1422 210 nostra
1434 190 1514 211 secus
1524 183 1686 211 infernum:

64 229 101 255 ria
118 228 153 259 ³¹.
169 237 178 254 ι
195 229 278 255 etiam
296 229 318 256 si
332 236 413 255 sanus
437 229 470 256 sil
501 229 604 261 oculus,
621 234 646 256 et
665 237 717 256 non
745 230 779 256 sit
797 234 853 255 tur-

64 275 153 301 batus.
169 274 306 307 Quantum
322 274 438 308 pertinet
460 274 493 301 ad
511 275 667 305 videndum,
685 274 707 300 si
725 274 812 300 desint
829 273 852 299 ei

64 321 169 354 reliqua
194 324 315 346 membra
332 340 338 351 ,
354 327 415 354 quae
433 320 484 346 erit
501 320 578 346 oculo
602 319 717 346 lictitia?
732 324 779 345 aut
794 326 852 352 qua:

63 365 202 391 videbitur
226 372 286 392 esse
310 365 441 400 perfectio
456 365 477 391 si
500 373 594 392 manus
616 373 666 391 non
689 364 807 391 habeat?
829 365 852 391 si

63 413 147 445 pedes
162 410 263 442 desint,
276 415 322 436 aut
337 410 440 444 reliqua
458 411 576 437 membra
592 418 644 437 non
660 409 771 436 adsint?
785 408 851 441 Quia

63 463 89 483 et
108 457 130 484 si
148 461 190 483 est
205 457 364 490 praecellens
376 456 466 491 aliqua
481 457 551 483 oculi
568 457 663 491 gloria,
677 456 702 482 in
718 464 750 482 eo
766 455 853 482 maxi-

65 511 107 530 ne
123 507 178 534 est,
193 507 223 528 ut
240 503 279 529 vel
295 503 350 536 ipse
364 502 418 529 dux
433 503 470 529 sit
485 503 617 536 corporis,
633 501 674 528 vel
692 507 851 528 cancrorum

65 551 252 576 membrorum
277 557 329 575 non
348 549 490 576 deseratur
510 548 613 576 oﬂiciis.
635 547 691 575 Hoc
701 551 790 574 autem
804 554 852 574 nos

63 603 111 628 pl‘l‘
139 593 214 621 illam
250 594 401 621 Ezechielis
432 594 569 628 propheta:
598 593 729 619 visionem
760 592 852 619 doceri

62 644 141 674 poto,
157 648 218 666 cum
233 640 299 667 dicit
310 644 524 675 congregandum
535 647 564 666 os
573 639 606 666 ad
614 647 654 671 os,
667 644 689 666 et
698 639 851 672 juncturam

64 686 97 710 ad
110 684 267 718 juncturam
282 705 290 716 ,
316 689 342 711 et
362 692 473 716 nervos.
490 691 522 710 ac
537 691 637 716 venas,
657 688 683 710 et
698 683 806 717 pellem,
820 691 852 711 ac

63 731 172 766 singula
198 731 263 758 locis
290 731 347 758 suis
373 738 435 758 esse
459 729 621 765 reparanda.
647 730 766 764 Denique
793 730 852 757 \ide

63 776 130 810 quid
146 776 222 802 addit
239 776 387 810 propheta:
409 785 418 801 ι
434 774 501 802 Ossa
513 795 521 807 ,
539 775 626 809 inquit
639 774 660 790 ³¹
673 794 681 807 ,
696 775 756 805 ista.
773 784 782 800 ι
801 783 852 801 non

63 822 131 848 dixit
147 829 244 849 omnes
265 822 388 849 homines
410 826 491 854 sunt,
515 822 562 849 sed
583 821 669 853 dixit,
697 830 706 846 ‹
720 828 780 848 ossa
802 821 850 847 ista

905 228 973 261 Quia
992 236 1058 262 ergo
1073 228 1197 262 dispersa
1212 232 1301 259 erant.
1313 233 1456 263 propterea
1468 229 1534 255 dicit
1547 237 1595 263 per
1605 229 1687 256 alium

905 274 1094 308 prophetam”
1106 282 1112 300 :
1126 283 1135 299 ι
1149 274 1335 308 Cougrcgetnr
1354 282 1386 302 os
1407 275 1439 301 ad
1456 283 1496 306 os.
1520 280 1546 301 et
1560 275 1687 308 junctura

904 321 936 346 ad
950 320 1119 354 juncturam,
1137 325 1164 346 et
1184 320 1271 351 nervi,
1292 324 1319 346 et
1341 327 1426 352 venat,
1444 325 1470 346 et
1488 320 1582 354 pellrs.
1595 329 1604 345 ι
1620 319 1688 347 Cum

903 367 974 392 enim
993 367 1043 392 hoc
1059 365 1159 392 factum
1182 364 1272 394 fuerit.
1292 371 1354 391 tunc
1372 365 1482 391 totnnia
1502 366 1553 392 ista
1574 366 1686 392 dicent:

905 411 1029 443 Domine,
1041 411 1102 444 quis
1115 410 1212 437 similis
1225 410 1291 436 tibi?
1303 409 1427 443 Eripions
1441 411 1547 444 inopum
1560 411 1592 437 de
1607 418 1686 436 nutriti

903 455 1023 483 fortioris
1040 455 1137 488 ejus“.
1153 464 1164 481 ›
1189 455 1405 489 Unumquodque
1422 456 1493 482 enirn
1519 464 1549 482 os
1573 464 1605 482 ex
1629 456 1688 483 istis

903 503 1009 529 ossibus
1026 503 1102 536 inops
1119 507 1190 533 erat,
1215 506 1243 528 et
1266 501 1434 528 atterebatur
1459 501 1579 528 fortioris
1595 509 1686 528 litanti.

903 547 960 574 Non
978 548 1050 574 enim
1068 547 1185 574 habebat
1203 547 1359 580 juncturam
1383 548 1537 580 charitatis,
1556 556 1607 574 IIOn
1623 557 1687 574 tier-

903 601 950 620 vos
971 594 1116 628 patientiae.
1136 602 1187 621 non
1204 601 1288 621 venas
1311 594 1401 621 vitalis
1424 594 1517 624 animi,
1533 599 1559 620 et
1577 593 1635 620 ﬁdei
1649 594 1688 620 vi-

902 647 1006 674 gorem.
1028 640 1077 667 Ubi
1099 647 1163 667 vero
1186 640 1258 666 venit
1276 641 1320 673 qui
1346 640 1468 673 dispersa
1494 640 1644 675 colligeret.
1659 645 1688 667 et

902 685 947 719 qui
966 685 1098 718 dissipata
1114 685 1302 719 conjungeret,
1317 686 1479 712 consociatus
1501 693 1532 712 os
1548 686 1581 712 ad
1602 693 1644 718 os,
1660 691 1687 712 et

900 731 1056 765 juncturam
1078 731 1110 757 ad
1126 730 1292 764 juncturam,
1309 730 1443 757 rediﬁcare
1466 732 1548 763 carpit
1563 737 1687 758 sanctum

903 783 1001 810 corpus
1019 777 1154 804 Ecclesim.
1176 776 1238 803 Haec
1259 777 1410 803 inciderunt
1426 777 1534 811 quidem
1551 777 1685 803 extrinse-

905 830 951 848 cus
981 821 1042 848 huic
1073 821 1259 855 dispntatioui.
1288 822 1334 847 sed
1363 821 1519 848 necessario
1543 822 1685 856 explanata

64 869 165 895 domus
177 867 262 894 lsrael
278 873 327 895 est.
345 877 354 893 ι
381 867 498 895 Habebis
520 875 585 901 ergo
601 867 721 893 |a:titiam
746 867 778 894 de
803 867 852 894 hac
869 865 888 892 Β
904 872 976 897 sunt,
995 873 1023 894 ιιι
1041 867 1209 894 manifestior
1225 868 1301 894 ﬁeret
1318 868 1453 901 pontiﬁcis
1472 868 1522 894 mei
1548 868 1688 901 ingressus

69 915 123 941 vita
142 915 295 944 discedens.
314 916 335 942 si
353 914 436 942 fueris
448 921 567 942 sanctus.
582 914 635 942 Sed
654 919 717 941 tunc
731 915 781 942 erit
797 915 852 949 ple-

66 969 98 986 na
115 961 211 988 laetitia
227 980 235 992 ,
251 969 312 988 cum
333 961 433 987 nullutn
460 961 505 987 tibi
532 962 711 987 membrorum
729 961 851 995 corporis

63 1008 149 1032 deest.
167 1006 342 1040 Exspectabis
354 1007 425 1033 enim
440 1011 466 1032 tu
479 1006 555 1039 alios,
569 1007 639 1033 sicut
650 1012 676 1033 et
687 1007 747 1041 ipse
760 1014 852 1040 exspe-

63 1055 151 1078 CIatus
167 1058 208 1078 es.
224 1051 300 1084 Quod
314 1052 335 1078 si
350 1052 410 1082 tibi,
424 1052 469 1086 Qui
485 1053 634 1078 membrtnu
652 1059 691 1084 es,
711 1060 763 1079 non
779 1053 852 1079 vide-

65 1099 107 1120 tur
123 1101 186 1121 esse
210 1094 328 1129 perfecta
344 1095 435 1122 helitia
460 1095 483 1122 si
503 1096 574 1122 desit
591 1096 662 1123 aliud
680 1098 851 1129 membrum;

63 1146 166 1173 quanto
181 1141 266 1175 magis
291 1141 420 1168 Dominus
437 1148 463 1170 et
480 1142 605 1170 Salvator
618 1147 710 1170 noster
723 1164 729 1174 ,
746 1144 790 1177 qui
805 1151 851 1170 ca-

64 1191 110 1219 put
127 1191 155 1213 et
168 1192 263 1213 auctor
278 1192 318 1213 est
337 1188 418 1214 totius
431 1189 566 1222 corporis,
578 1197 629 1215 non
640 1189 690 1216 sibi
706 1189 851 1223 perlectam

64 1231 129 1257 dicit
147 1239 207 1259 εδει*
224 1232 345 1259 Ιιιειίιὶςιιιι
359 1253 366 1265 ,
385 1234 472 1261 donec
489 1234 589 1268 aliquid
605 1242 637 1261 er
661 1235 788 1262 membris
806 1236 852 1262 de-

63 1285 123 1305 esse
142 1280 251 1312 corpori
271 1287 320 1306 suo
337 1279 430 1306 videt?
449 1280 480 1306 Et
499 1285 642 1314 propterea
662 1280 730 1308 forte
753 1282 853 1308 oratio-

65 1332 124 1350 nent
143 1323 273 1352 ﬁntdebat
286 1326 318 1352 ad
336 1325 454 1357 Patrem,
473 1327 564 1353 dicens
579 1327 618 1354 ’3:
631 1337 640 1352 ι
658 1327 736 1354 l’ater
749 1333 851 1360 sam-.te,

64 1369 185 1403 gloriﬁca
204 1377 245 1397 me
261 1371 303 1397 illa
318 1371 413 1404 gloria,
431 1380 511 1406 quam
527 1372 607 1399 habui
626 1373 694 1406 apud
719 1378 743 1399 te
762 1374 853 1406 prius-

64 1424 145 1448 quam
161 1417 276 1442 mundus
300 1421 380 1444 esset.
397 1427 406 1443 ι
436 1418 493 1445 Non
510 1418 564 1444 vult
579 1426 643 1452 ergo
662 1419 721 1444 sine
737 1423 761 1444 te
783 1418 852 1445 reci-

67 1469 130 1494 pere
144 1461 291 1495 pcrl‘crtam
307 1462 419 1496 gloriam
437 1471 524 1493 suam,
554 1463 605 1489 hoc
622 1467 664 1489 est
679 1463 738 1489 sine
755 1463 852 1497 populo

66 1513 125 1538 suo,
141 1507 188 1540 qui
203 1511 244 1533 est
260 1514 359 1540 corpus
375 1507 443 1540 ejus,
462 1512 489 1533 et
506 1508 550 1541 qtti
567 1511 631 1534 Stllll
649 1507 767 1534 membra
782 1507 850 1541 ejus.

67 1550 128 1578 Vult
149 1552 222 1579 enim
242 1553 268 1579 in
286 1554 337 1580 isto
355 1561 468 1588 corpore
485 1553 610 1580 Ecolesia:
627 1561 682 1580 sua:
696 1557 722 1580 et
746 1554 770 1580 in
792 1554 851 1580 istis

67 1597 197 1624 membris
211 1598 299 1632 populi
315 1599 355 1625 sui
368 1619 376 1630 ,
392 1599 447 1634 ipse
464 1599 536 1625 velut
551 1599 642 1625 anima
663 1599 806 1632 habitare;
823 1604 852 1626 ut

67 1650 161 1670 omnes
189 1649 286 1674 motus.
303 1648 384 1678 atque
402 1645 492 1671 omnia
507 1652 589 1679 opera
605 1636 752 1671 secundum
767 1645 852 1680 ipsius

67 1689 165 1716 habeat
191 1691 376 1721 voluntatem;
399 1695 428 1716 ut
445 1698 507 1717 vere
525 1691 691 1725 compleatur
719 1691 744 1717 in
775 1692 853 1718 nobis

68 1734 129 1761 illud
145 1735 285 1769 propheta:
298 1735 398 1762 dictum
407 1735 443 1761 ’δε
454 1745 462 1760 ι
472 1736 602 1763 llabitaho
618 1736 642 1762 in
656 1736 706 1768 eis,
721 1741 748 1763 et
760 1736 853 1763 artibu-

68 1780 136 1807 labo.
157 1793 167 1806 ι
194 1781 270 1808 Nunc
299 1787 389 1808 autent
418 1781 504 1809 donec
532 1781 643 1816 perfecti
673 1790 725 1809 non
760 1790 853 1810 sumus

68 1835 170 1860 omnes,
199 1827 246 1854 sed
270 1827 357 1853 adhuc
372 1834 466 1854 sumus
484 1828 509 1854 in
525 1829 644 1862 peccatis
658 1848 666 1860 ,
684 1835 714 1854 ex
731 1833 809 1862 parte
826 1829 850 1855 in

69 1874 144 1899 nobis
161 1877 203 1899 est
219 1893 227 1904 ,
244 1877 270 1898 et
295 1873 355 1900 ideo
372 1882 381 1898 ι
394 1881 426 1900 ex
450 1879 526 1908 parte
544 1875 644 1900 scimus
657 1893 664 1905 ,
685 1879 711 1901 et
726 1882 757 1900 ex
777 1879 852 1909 parte

69 1920 264 1953 prophetatuus
283 1918 320 1951 “,
338 1928 347 1944 ι
368 1919 452 1945 donec
476 1919 536 1953 quis
554 1920 696 1953 pervenire
716 1925 852 1946 mercatur

69 1966 99 1991 ad
112 1966 184 1992 illam
199 1971 368 1996 mensuram,
386 1972 466 1999 quam
485 1964 551 1991 dicit
569 1965 713 1999 Apostolus
729 1965 766 1992 “:
787 1974 796 1991 ‹
809 1965 852 1992 Vi-

68 2018 99 2037 vo
114 2016 204 2037 autent
216 2011 272 2045 jatn
288 2018 339 2037 non
356 2018 416 2045 ego,
433 2010 497 2037 vivit
514 2018 577 2037 vero
592 2011 617 2037 in
634 2019 675 2037 tne
690 2011 823 2038 Christus.
839 2021 849 2037 ι

70 2057 105 2084 Ex
123 2062 200 2092 parte
223 2064 288 2088 ergo
303 2076 310 2086 ,
328 2061 356 2083 ιιι
379 2056 444 2083 dicit
461 2056 621 2091 Apostolus,
641 2065 711 2083 nunc
730 2058 849 2085 membra

69 2104 124 2137 ejus
136 2110 244 2133 sumus,
271 2107 297 2129 et
313 2110 345 2129 ex
359 2107 434 2136 parte
453 2109 514 2129 ossa
529 2101 587 2136 ejus
601 2110 704 2129 sumus.
721 2103 785 2129 (‘.um
801 2112 850 2129 au—

70 2155 119 2176 tem
137 2149 282 2184 conjuncta
301 2148 401 2174 fuerint
415 2155 475 2174 ossa
493 2148 525 2173 ad
542 2154 614 2180 ossa,
631 2152 656 2174 et
669 2147 802 2181 juncturtc
817 2149 851 2175 ad

69 2195 209 2229 iuncturas
224 2194 293 2230 (96).
310 2193 458 2219 secundum
476 2193 526 2219 hoc
541 2192 611 2227 quod
625 2200 706 2227 supra
722 2193 838 2219 diximus

72 2245 131 2267 tunc
144 2241 228 2266 etiam
241 2240 298 2273 ipse
313 2239 384 2265 dicet
402 2239 435 2265 de
451 2239 527 2265 nobis
540 2238 603 2265 illud
618 2239 804 2272 propheticum
818 2240 849 2266 ³⁷ς

72 2296 81 2311 ‹
91 2287 183 2313 Omnia
194 2293 257 2313 ossa
270 2292 329 2310 mea
342 2284 432 2310 dicent
441 2293 447 2310 :
456 2284 578 2315 Domine,
591 2284 650 2318 quis
662 2284 757 2310 similis
766 2285 830 2311 tihi?
840 2294 848 2310 ι

70 2335 160 2361 Omnia
176 2342 295 2369 namque
308 2343 368 2361 ossa
386 2335 436 2360 ista
453 2333 609 2366 loquuntur,
624 2337 651 2358 et
668 2331 796 2366 hymnum
812 2333 852 2358 (li-

69 2388 140 2413 cunt,
157 2386 183 2407 et
197 2381 300 2415 gratias
314 2384 397 2414 agunt
415 2380 477 2406 Deo.
492 2377 671 2404 Meminerunt
686 2377 757 2404 enim
774 2377 853 2404 benc-

73 2426 122 2452 ticii
149 2426 219 2459 ejus,
235 2431 262 2452 et
277 2425 336 2451 ideo
357 2434 366 2450 ι
383 2425 472 2451 omnia
487 2431 546 2450 ossa
564 2431 621 2450 mea
636 2423 743 2450 dicent:
762 2424 852 2450 Domi-

73 2478 120 2502 ne,
139 2472 199 2505 quis
213 2470 311 2497 similis
327 2470 395 2496 tibi?
417 2469 540 2502 Eripiens
556 2475 700 2502 pauperem
719 2467 752 2494 de
770 2476 850 2494 tnanu

73 2515 186 2541 l'nrtioris
201 2515 270 2548 ejus.
288 2523 297 2540 ι
324 2515 360 2540 De
374 2513 433 2540 istis
447 2512 555 2539 ossibus
572 2518 632 2537 cum
649 2511 737 2537 adhuc
759 2515 851 2537 essent

72 2559 441 2594 223dispersa,autequam
456 2557 562 2584 veniret
573 2556 617 2590 qui
630 2564 660 2583 ea
674 2555 812 2589 colligeret
825 2560 853 2583 et

73 2610 245 2640 τυιιιςτρειιιιτει
260 2605 286 2631 in
299 2612 394 2636 unum,
410 2603 513 2630 dictum
527 2607 568 2629 est
583 2606 609 2628 et
624 2601 687 2628 illud
710 2600 850 2635 propheti-

105 2693 125 2709 “
140 2693 148 2720 I
164 2694 226 2721 Cor.
250 2701 298 2724 xu,
312 2693 356 2719 90.

75 2727 95 2743 "
108 2729 191 2755 Calai.
211 2737 240 2760 ιι⁷
257 2729 301 2755 20.

73 2763 94 2778 "
110 2764 200 2790 Matth.
223 2772 260 2795 Ix,
282 2763 325 2790 17.

106 2822 158 2854 (Sili)
176 2821 238 2848 Mss.
254 2830 263 2846 ι
275 2822 428 2856 juncturas.
443 2831 452 2846 ι
470 2821 536 2848 Libb
560 2820 635 2849 i-diti,
651 2818 852 2856 tjllttclllt'tlm.)

107 2856 157 2888 ςθη
173 2857 251 2889 Μδς..
269 2853 283 2882 ι’
300 2857 380 2884 bibet.
399 2866 407 2882 ι
424 2856 501 2883 Libb.
515 2855 580 2882 editi
592 2875 598 2884 .
618 2863 626 2879 ι
652 2853 729 2880 bibit.
746 2862 756 2878 ι

412 2693 434 2709 ⁸¹
453 2693 549 2719 Ειριιιι.
569 2698 672 2721 turn,
699 2690 741 2716 il.

358 2729 379 2744 ³⁷
396 2728 465 2754 l’sai.
482 2735 572 2754 xxxiv.
590 2727 631 2752 t0.

364 2764 385 2778 ⁵⁸
402 2763 421 2789 ll
437 2764 498 2789 Cor.
520 2770 555 2793 tv,
574 2761 614 2787 lli.

842 2214 848 2225 ’
867 2213 888 2240 lt

797 2690 820 2705 ³³
835 2689 912 2716 .loan.
929 2697 994 2724 xm,
1010 2689 1056 2716 5i.

688 2724 794 2751 “l‘sal.
821 2732 882 2757 cu,
915 2725 939 2752 7.

653 2760 675 2776 ⁸³
688 2759 776 2786 Lerit.
795 2767 821 2791 ι,
840 2761 878 2786 Η.

903 913 929 939 in
946 918 1038 940 sancta
1058 921 1109 940 non
1128 912 1246 939 bibentis
1262 913 1351 938 vimnn
1378 921 1518 946 usquequ
1535 914 1687 940 sacerdotio

903 958 1067 993 iniungeretur.
1094 958 1155 984 Post
1173 960 1229 984 haec
1247 963 1335 984 tamen
1351 958 1425 985 bibet
1440 959 1495 992 (97)
1516 959 1618 990 vimun,
1636 962 1682 986 sed

903 1005 994 1032 vinum
1016 1013 1125 1037 novum,
1141 1009 1168 1031 et
1190 1005 1280 1030 vinum
1307 1011 1405 1030 uovtnu
1430 1005 1455 1030 in
1476 1004 1543 1030 r-(elo
1565 1012 1643 1036 novo,
1659 1009 1687 1031 et

903 1052 930 1079 in
947 1060 1014 1079 nova
1032 1057 1117 1084 terra,
1132 1056 1159 1078 et
1182 1052 1208 1078 in
1233 1059 1302 1077 novo
1319 1051 1436 1083 homine,
1453 1058 1513 1077 cum
1531 1051 1687 1079 hominibus

903 1098 989 1126 novis.
1004 1103 1032 1124 et
1055 1105 1114 1124 cttm
1132 1097 1174 1123 lt’s
1189 1097 1235 1131 qui
1252 1100 1363 1123 cantant.
1378 1096 1401 1123 ei
1424 1097 1558 1122 canticum
1574 1105 1684 1125 novum.

903 1143 983 1170 Vides
993 1151 1067 1177 ergo,
1080 1144 1142 1177 quia
1156 1143 1321 1177 impos.»ibilc
1333 1148 1374 1169 est
1389 1143 1422 1169 de
1435 1150 1503 1169 nova
1518 1142 1572 1168 vite
1586 1150 1684 1168 novum

903 1190 1026 1224 poculum
1043 1190 1097 1216 bibi
1114 1195 1147 1215 an
1165 1196 1208 1220 eo,
1223 1189 1268 1222 qui
1285 1189 1373 1215 adlutc
1389 1188 1496 1215 indutus
1511 1193 1553 1214 est
1567 1195 1684 1215 veterem

902 1237 1039 1264 hominem
1051 1243 1112 1262 cum
1126 1236 1231 1261 actiluts
1245 1236 1311 1261 suis.
1332 1244 1341 1259 ι
1356 1233 1440 1261 Nemo
1454 1234 1537 1264 enim,
1556 1234 1684 1268 inquit“,

903 1282 985 1308 mittit
998 1282 1088 1308 vinum
1104 1288 1201 1308 novum
1226 1281 1252 1306 in
1271 1286 1344 1307 utres
1361 1286 1474 1306 veteres.
1489 1288 1498 1304 ι
1516 1280 1543 1305 Si
1561 1281 1601 1306 vis
1621 1288 1685 1313 ergo

903 1328 931 1351 et
947 1329 972 1351 tu
996 1324 1088 1351 bibere
1108 1325 1141 1351 de
1156 1324 1206 1351 hoc
1221 1332 1289 1351 novo
1305 1325 1377 1354 vino.
1397 1325 1536 1356 innovare,
1551 1330 1575 1350 ιιι
1594 1325 1636 1351 dic
1661 1324 1682 1340 δ’

900 1371 972 1405 quia,
987 1371 1032 1397 :Et
1044 1371 1065 1398 si
1081 1370 1198 1398 exterior
1220 1370 1301 1397 homo
1323 1374 1414 1397 noster
1430 1370 1623 1402 corrumpitur,
1638 1370 1684 1396 sed

903 1417 947 1450 qui
966 1417 1038 1443 intus
1053 1421 1094 1443 est
1108 1421 1253 1443 renovatur
1268 1415 1301 1442 de
1315 1416 1393 1442 diem
1407 1416 1488 1444 «lieno.
1503 1425 1512 1441 ι
1533 1416 1564 1442 b't
1577 1416 1684 1449 quidem

902 1463 936 1489 de
951 1462 992 1489 his
1007 1462 1171 1490 snﬂicientcr
1186 1464 1299 1490 dictum.

938 1508 964 1534 5.
984 1508 1065 1534 Multa
1080 1512 1182 1534 suntet
1194 1507 1258 1540 alia,
1274 1515 1333 1542 qua:
1349 1508 1462 1534 recitata
1479 1508 1616 1540 suntt98).
1632 1507 1684 1534 Sed

903 1554 1030 1588 quoniam
1049 1559 1146 1580 cuneta
1172 1561 1223 1580 non
1250 1561 1404 1588 posuimus,
1421 1554 1575 1588 eligendum
1594 1560 1633 1580 est
1652 1556 1685 1580 de

903 1600 999 1635 quibus
1016 1600 1105 1626 dicere
1131 1600 1289 1628 debeamus.
1318 1600 1349 1626 Et
1375 1601 1502 1634 quoniam
1526 1600 1589 1634 quid
1613 1605 1685 1627 esset

903 1646 1007 1677 bibere,
1026 1652 1052 1673 et
1071 1655 1121 1672 non
1139 1647 1232 1673 bibere
1251 1647 1340 1673 vinum
1363 1655 1411 1681 pro
1429 1646 1532 1673 viribus
1557 1647 1686 1680 diximus,

904 1699 974 1717 nunc
990 1691 1053 1725 quid
1069 1692 1104 1718 sit
1116 1691 1197 1718 etiam
1216 1692 1358 1718 comedere
1374 1692 1560 1726 pectusculum
1574 1700 1685 1726 separa-

905 1737 994 1765 tionis.
1011 1742 1034 1762 et
1055 1736 1193 1762 brachium
1209 1736 1362 1768 oblationis,
1383 1737 1531 1763 videamus.
1550 1737 1611 1764 Post
1629 1737 1686 1763 ltmc

904 1783 936 1808 de
957 1782 1071 1812 mundis,
1089 1787 1115 1808 et
1129 1781 1286 1812 immundis,
1302 1782 1341 1808 vel
1356 1781 1435 1813 cibis,
1453 1781 1494 1808 vel
1512 1781 1686 1812 aniuialibus.

904 1827 1061 1860 inquanlltttt
1082 1826 1210 1852 Dominus
1234 1825 1350 1856 dederit,
1366 1830 1392 1852 el
1416 1826 1545 1858 temporis
1569 1826 1685 1857 spatium

903 1870 1176 1902 fuerit,disseremus.
1190 1869 1259 1896 Dicit
1275 1876 1339 1903 ergo
1357 1867 1494 1902 Scriptura
1503 1867 1525 1882 "
1536 1875 1542 1893 :
1555 1875 1564 1892 ι
1577 1867 1687 1892 Pectus-

903 1917 990 1942 Citium
1010 1915 1216 1950 scgrcgationis,
1232 1919 1259 1941 et
1287 1914 1425 1940 brat-hinni
1450 1912 1593 1938 ablationis
1610 1919 1686 1937 nian—

903 1962 1016 1988 ducabis
1032 1962 1057 1987 in
1076 1961 1134 1987 loco
1149 1964 1255 1993 sancto,
1276 1963 1302 1986 tu
1315 1963 1341 1986 et
1357 1958 1404 1985 lilii
1421 1958 1468 1988 lui,
1483 1963 1510 1984 et
1527 1958 1623 1983 domus
1641 1963 1686 1982 tua

904 2012 1012 2037 tecum;
1030 2006 1178 2040 legitimum
1195 2005 1265 2032 enim
1281 2005 1339 2036 tibi,
1355 2009 1382 2031 et
1395 2004 1544 2039 legitimum
1557 2003 1619 2029 ﬁliis
1634 2003 1686 2029 tuis

902 2053 994 2080 datum
1011 2056 1052 2079 est
1068 2053 1101 2078 de
1116 2051 1258 2078 sacriﬁciis
1274 2050 1437 2077 salutaribus
1454 2050 1570 2076 liliortttn
1593 2048 1686 2081 lsracl,

901 2098 1041 2127 brachium
1057 2097 1212 2128 ablatiOnis,
1224 2102 1249 2123 et
1263 2096 1447 2130 peclusculutn
1461 2094 1683 2128 segregationis.»

901 2144 961 2172 Non
974 2151 1053 2170 omne
1065 2143 1262 2176 pectusculum,
1281 2140 1475 2175 scgregationis
1489 2145 1530 2166 est
1542 2145 1686 2174 pectuscu-

903 2189 976 2220 ltnu;
993 2196 1042 2215 nec
1058 2196 1138 2214 omne
1154 2187 1294 2214 brachium
1308 2187 1452 2213 ablationis
1464 2191 1490 2212 et
1505 2185 1688 2220 separationis

904 2239 946 2261 est
961 2234 1112 2260 brachium.
1138 2234 1189 2260 Sed
1216 2233 1341 2266 quoniam
1369 2233 1400 2259 ad
1428 2232 1569 2258 Dominum
1597 2239 1686 2257 metttn

904 2270 993 2306 Jestuu
1007 2287 1148 2314 personam
1165 2279 1301 2312 pontiﬁcis
1317 2277 1515 2309 revocavimus,
1527 2282 1553 2304 et
1568 2277 1600 2303 ad
1616 2277 1687 2303 ﬁlios

905 2325 962 2359 ejus
987 2331 1095 2352 sanctos
1119 2325 1268 2359 apostolos,
1299 2325 1440 2351 videamus
1465 2323 1601 2358 quomodo
1631 2323 1687 2358 ip~e

905 2371 1015 2404 quidem
1044 2371 1230 2405 pectusculum
1255 2370 1452 2404 segregationis
1477 2371 1633 2400 manducat,
1662 2373 1689 2395 et

906 2415 952 2441 ﬁlii
971 2416 1039 2449 ejus,
1062 2416 1106 2441 alii
1130 2420 1219 2442 autem
1237 2423 1288 2442 non
1314 2423 1408 2442 omnes
1433 2420 1544 2449 possunt
1561 2421 1688 2448 segrega-

905 2461 987 2487 tionis
1009 2460 1194 2495 pectusculum
1223 2461 1396 2488 manducare.
1427 2459 1497 2493 Quid
1526 2460 1607 2494 igitur
1635 2463 1687 2489 est,

904 2506 975 2540 quod
991 2514 1005 2532 a
1022 2506 1102 2533 rebus
1113 2505 1238 2532 omnibus
1249 2510 1416 2539 segregatur,
1430 2512 1478 2531 nec
1489 2509 1531 2531 est
1542 2509 1685 2530 commune

904 2560 965 2579 cum
991 2552 1112 2585 reliquis,
1137 2551 1187 2577 ttisi
1215 2550 1271 2577 sola
1300 2550 1452 2577 substantia
1477 2547 1639 2575 Trinitatis?
1659 2547 1687 2574 Si

905 2606 969 2634 ergo
983 2598 1131 2632 intelligam
1147 2597 1257 2631 quidem
1274 2596 1407 2623 rationem
1430 2594 1532 2628 mundi,
1554 2601 1607 2621 non
1625 2600 1687 2627 pos-

1442 2684 1465 2699 "
1479 2684 1487 2710 ι
1504 2683 1566 2709 Cor.
1584 2689 1643 2712 χιιι,
1660 2681 1689 2708 9.

1110 2689 1131 2704 ³⁸
1145 2689 1231 2715 Levit.
1250 2695 1324 2719 xxvi,
1343 2685 1385 2712 19..

1412 2719 1434 2736 “
1451 2718 1618 2751 l'sal.n‘xtv,
1637 2716 1670 2744 tl)
1680 2733 1689 2743 .

998 2725 1019 2740 ³³
1032 2724 1131 2752 Ezech.
1150 2730 1250 2755 χχχιιι,
1279 2723 1306 2755 7,
1328 2722 1354 2749 8.

945 2818 1001 2854 (9S)
1020 2818 1075 2846 Duo
1091 2824 1167 2851 mss.,
1186 2825 1194 2842 t
1215 2815 1351 2844 recitamla
1366 2817 1437 2842 sunt.
1455 2821 1465 2839 ι
