1894 3058
183 2716 191 2734 4

208 130 260 158 £33

934 128 1097 157 ORICENIS

1791 128 1840 154 488

209 190 260 217 sint
276 193 367 217 autem
395 194 477 216 etiam
493 190 527 217 de
545 189 600 217 Deo
622 189 773 225 intelligere
797 190 867 217 sicut
885 190 994 225 dignum
1010 192 1033 220 Α
1048 190 1196 226 dicatquis
1223 191 1387 223 auditorum,
1413 191 1467 219 Cur
1491 191 1545 218 vim
1575 190 1642 219 facis
1673 190 1839 227 Scriptnrm!

208 242 261 268 est,
281 243 367 271 neque
383 237 502 263 revelata
526 236 591 262 mihi
612 235 695 263 fuerit
712 236 825 263 scientia
846 236 904 269 Dei,
921 245 998 263 inatt-

209 283 280 310 duco
303 283 411 318 quidem
438 281 637 316 pcctuseulunt,
660 282 708 309 sed
735 289 786 308 noti
808 281 996 316 pectusculum

210 330 416 364 segregationis.
440 328 553 355 Etiamsi
577 332 691 363 potuero
716 328 816 361 dicere,
839 328 901 362 ipse
920 329 994 355 enim

211 376 276 403 milii
291 375 362 401 dedit
377 375 496 401 omnium
516 382 577 410 quae
601 379 664 402 sunt
687 374 828 402 scientiam
846 381 951 406 veram,
969 379 999 401 ut

210 422 292 447 sciam
309 422 441 448 rationem
465 421 569 452 mttndi,
589 425 617 448 et
633 421 763 447 virtutem
788 419 998 452 elementorum,

209 467 315 494 initium
330 472 357 493 et
373 467 465 499 linem,
484 466 658 495 medietatem
677 473 840 501 temporum,
858 472 999 500 permuta-

210 514 313 540 tionnm
340 513 556 545 vicissitudines,
574 518 601 540 et
622 513 816 540 conversiones
835 517 998 547 temporum,

209 559 273 586 antti
300 559 429 592 circulos,
457 563 484 586 et
506 559 646 586 stellarum
672 558 887 593 dispositiones:
903 559 998 584 hormn

208 605 333 632 ontuiunt
353 605 478 637 srientia,
496 606 560 640 quia
579 605 750 632 rationabilis
766 609 818 636 est,
847 604 998 639 pectusettli

211 650 289 678 cibus
305 655 357 682 est,
372 651 420 678 sed
442 659 494 678 non
513 651 661 686 pectttsculi
680 650 887 684 segregationis.
906 649 933 676 Si
951 658 1000 676 au-

210 701 264 724 tem
279 701 392 731 potuero
408 697 441 724 de
463 697 516 723 Deo
531 697 634 724 sentire
657 703 717 730 qum
737 703 845 730 magna,
861 703 921 730 qua:
933 703 998 722 san-

208 747 264 776 eta,
283 750 343 777 quae
367 750 431 769 vera
454 746 518 770 sunt
540 746 568 769 et
592 747 708 775 secreta,
736 746 800 769 tunc
828 742 999 769 ntandueabo

209 788 394 823 pectusculum
419 788 628 823 segregationis,
644 796 704 815 cttnt
720 788 757 819 id,
774 788 846 822 qttod
871 788 906 814 ab
923 787 997 814 outni

209 840 336 863 creatura
355 834 457 862 eminet
478 839 506 862 et
528 840 700 870 segregatur,
716 842 865 870 agnovero.
891 833 999 862 Primus

208 889 274 917 ergo
290 882 476 916 pectusculum
493 882 564 909 istud
580 889 663 909 verus
681 881 801 916 pontifex
817 889 893 908 mens
907 889 999 908 conte-

210 927 260 953 dit.
287 926 430 959 Quomodo
455 926 590 954 comedit?
618 926 736 959 tNemo,
765 927 894 962 inquit“,
924 927 999 954 novit

208 970 331 1005 Patrem,
351 971 404 999 nisi
432 971 549 1000 Filius.t
570 972 695 999 Secundo
713 972 738 998 in
763 971 822 998 loco
837 972 1000 999 manducant

209 1021 238 1043 et
251 1017 297 1044 filii
319 1017 387 1052 ejus.
409 1026 417 1043 ι
432 1016 516 1044 Nemo
527 1017 599 1044 enim
616 1017 689 1044 novit
702 1016 823 1050 Patrettt,
839 1017 889 1044 nisi
902 1017 998 1049 Filius,

208 1066 237 1089 et
249 1062 292 1088 cui
310 1061 425 1089 voluerit
441 1061 526 1088 Filius
541 1061 672 1088 revelare.
685 1070 695 1087 ι
713 1061 819 1094 Quibus
834 1066 923 1087 autem
938 1061 999 1089 aliis

208 1107 260 1135 nisi
277 1108 408 1142 apostolis
427 1108 484 1135 suis
504 1108 623 1136 revelat?
644 1107 698 1135 Sed
713 1112 740 1134 et
762 1107 904 1134 brachium
919 1114 1000 1142 sepao

209 1154 334 1186 rationis,
350 1154 392 1181 vel
410 1155 568 1186 oblationis,
591 1154 663 1181 sicut
685 1158 712 1181 et
728 1154 853 1189 superius
868 1153 998 1186 diximus,

208 1204 288 1228 actus
302 1205 366 1227 sunt
381 1205 407 1226 et
421 1206 505 1234 opera
521 1200 702 1226 eminentiora
723 1199 842 1232 caeteris,
865 1206 926 1234 quae
945 1199 999 1226 utl-

207 1253 260 1281 que
275 1247 380 1280 printus
395 1246 452 1280 ipse
469 1245 596 1273 Salvator
611 1250 638 1272 et
656 1245 787 1272 Dominus
805 1252 881 1272 meus
903 1245 998 1280 imple-

208 1293 257 1318 vit.
272 1292 413 1324 Quomodo
426 1290 566 1326 implevit?
585 1299 595 1316 ι
609 1290 692 1322 Meus,
710 1290 841 1325 inquit“,
856 1291 934 1318 cibus
946 1295 999 1323 est,

209 1341 238 1364 ut
252 1337 348 1364 faciant
364 1336 530 1363 voluntatem
542 1337 599 1372 ejus
612 1336 657 1371 qui
673 1343 716 1363 tne
731 1336 815 1369 misit,
825 1340 852 1363 et
861 1336 998 1370 perficiant

209 1391 278 1418 opus
301 1383 391 1418 ejus.t
411 1382 479 1410 Cum
504 1390 569 1417 ergo
595 1382 660 1409 facit
689 1382 858 1410 voluntatem
875 1382 933 1417 ejus
953 1383 998 1416 qui

209 1429 283 1456 misit
297 1437 370 1462 eum,
385 1429 412 1456 iit
434 1429 486 1456 hoc
500 1437 554 1456 non
574 1429 772 1463 peetusculum,
793 1430 840 1457 sed
856 1429 998 1457 brachium

208 1475 390 1510 separationis
411 1475 541 1502 comedit.
561 1474 696 1502 Similiter
721 1480 812 1502 autent
830 1480 857 1502 et
882 1475 998 1510 apostoli

209 1521 278 1556 ejus,
295 1529 356 1549 cum
382 1521 485 1548 faciunt
501 1529 569 1556 optts
585 1521 770 1556 evangelista,
792 1526 820 1549 et
844 1521 999 1550 elliciuntur
1013 1542 1035 1571 ο

209 1567 327 1602 operarii
344 1567 564 1599 inconfusibilcs,
580 1571 656 1594 recte
680 1572 829 1595 tractantes
843 1575 997 1596 sermonem

209 1613 347 1645 veritatis,
371 1613 554 1648 separationis
568 1613 609 1640 vel
625 1612 772 1640 ablationis
795 1613 936 1641 brachium
954 1621 1000 1641 co-

209 1660 332 1688 medunt.
354 1659 399 1687 Vis
413 1659 502 1686 adhuc
522 1659 629 1694 planius
644 1659 736 1686 videre
752 1660 888 1694 quomodo
904 1659 1000 1688 Salva-

211 1711 255 1733 tor
270 1705 451 1740 separationis
465 1705 605 1732 brachium
620 1705 839 1732 comedat?Audi
852 1706 916 1740 quid
928 1707 999 1733 dicat

210 1753 244 1779 ad
256 1750 383 1779 Iudaeos:
401 1760 410 1776 ι
423 1750 452 1778 Si
467 1750 530 1783 feci,
548 1751 676 1784 inquit“,
693 1759 776 1786 opera
795 1751 821 1778 itt
839 1752 924 1784 vobis,
940 1760 1000 1786 qnze

210 1799 303 1826 nullus
318 1799 388 1826 alius
404 1798 477 1830 fecit,
497 1806 545 1833 pro
566 1805 621 1833 quo
642 1797 737 1824 ltorunt
756 1799 837 1825 vultis
861 1806 902 1825 tne
925 1799 999 1825 occi-

210 1845 296 1872 dere?
319 1855 327 1871 t
342 1844 424 1872 Vides
445 1846 582 1879 quontodo
601 1845 658 1880 ipse
686 1851 748 1872 vere
768 1845 916 1872 manducat
938 1845 1000 1871 bra-

210 1891 302 1918 ehiutn
318 1891 508 1926 separationis,
520 1891 566 1926 qui
581 1898 663 1925 opera
679 1895 733 1917 tant
748 1896 886 1926 segregata
903 1897 931 1919 et
945 1896 999 1918 tam

209 1936 334 1964 sublimia
353 1936 427 1969 fecit,
443 1945 524 1972 quam
542 1937 632 1964 nullus
647 1938 716 1965 alius
731 1938 806 1966 fecit.

247 1983 274 2010 4.
293 1983 346 2010 Sed
357 1982 413 2016 jattt
428 1983 567 2009 videamus
581 1983 669 2018 aliqua
683 1984 764 2010 etiam
779 1990 811 2010 ex
829 1983 882 2016 ltis,
896 1991 955 2018 qua:
967 1984 1000 2011 de

209 2028 329 2059 mundis,
345 2033 425 2062 atque
442 2027 599 2061 immundis,
617 2029 659 2056 vel
681 2028 715 2055 de
732 2028 810 2062 cibis,
833 2028 873 2055 vel
894 2029 1000 2055 anima-

211 2074 281 2100 libus
301 2074 371 2100 lecta
385 2077 464 2106 sunt;
480 2078 507 2100 et
523 2073 593 2101 sicut
608 2074 634 2100 in
648 2074 841 2109 explanatione
864 2074 952 2109 poculi
968 2075 1000 2102 de

210 2119 306 2146 umbra
329 2118 503 2145 ascendimus
525 2118 557 2145 ad
578 2119 720 2146 veritatem
744 2119 877 2153 spiritalis
898 2119 999 2155 poculi,

211 2164 247 2191 ita
276 2165 357 2190 etiam
385 2164 418 2191 de
446 2164 515 2191 cibis
548 2165 593 2199 qui
625 2172 674 2200 per
701 2165 824 2192 umbram
854 2166 998 2199 dicuntur,

1013 863 1036 892 B

1049 235 1183 262 Animalia
1196 236 1334 269 dicuntur,
1348 237 1476 264 animalia
1492 237 1691 271 iutelligantttr.
1717 237 1758 264 Ne
1775 244 1839 272 ergo

1049 281 1148 316 aliquis
1172 282 1228 310 haec
1260 282 1403 317 depravari
1428 283 1548 309 humano
1577 283 1671 310 credat
1695 283 1808 317 ingenio
1832 303 1838 315 ,

1050 327 1193 364 apostolica
1219 328 1245 355 in
1260 328 1299 355 eis
1314 328 1466 354 auctoritas
1477 328 1613 356 evocanda
1625 332 1676 356 est.
1691 328 1762 354 Audi
1777 336 1839 359 rrgo

1049 374 1166 408 pritnmtt
1191 375 1313 402 omnium
1346 375 1445 402 Paulus
1471 373 1504 403 de
1541 374 1581 401 eis
1611 374 1729 409 qualiter
1755 374 1828 400 tlirat

1052 429 1061 445 ι
1078 419 1178 448 Omnes
1194 421 1278 453 enint,
1305 421 1392 456 inquit
1404 421 1439 453 ",
1455 427 1504 454 per
1519 427 1595 447 mare
1610 420 1790 450 transierunt,
1815 423 1839 445 cl

1048 473 1144 493 omnes
1159 466 1184 493 in
1199 465 1319 502 Moysem
1338 465 1466 500 baptizati
1478 470 1541 492 sunt
1554 466 1581 492 in
1594 465 1663 492 nnbc
1677 469 1705 492 et
1720 464 1747 491 in
1762 464 1839 497 mari,

1049 516 1077 538 et
1102 519 1195 538 omnes
1216 511 1338 539 eamdem
1355 519 1446 539 escam
1475 511 1626 546 spiritalem
1651 510 1837 538 manducare-

1051 563 1125 590 ruut,
1141 563 1168 586 et
1182 566 1276 586 omnes
1290 560 1414 586 eumdem
1427 563 1518 594 potum
1533 558 1686 593 spiritalem
1701 557 1837 585 biberunt.

1049 602 1183 631 Bibebant
1199 609 1288 631 autem
1305 605 1338 632 de
1349 605 1467 639 spiritali
1480 606 1664 638 consequente
1675 610 1727 630 eos
1741 607 1815 637 petra
1829 609 1836 628 :

1050 654 1127 684 petra
1147 655 1240 676 autem
1269 654 1328 676 erat
1347 650 1485 677 Christus.
1506 659 1516 676 ι
1545 649 1647 676 Paulus
1672 649 1732 676 hmc
1753 648 1839 677 dicit:

1051 695 1182 723 llebrazus
1196 704 1230 723 ex
1249 695 1378 728 Hebraeis,
1406 696 1554 724 secundum
1571 695 1658 730 legem
1675 694 1839 726 Pltarisaeus,

1050 747 1077 769 et
1093 742 1190 770 doetus
1205 751 1284 770 secus
1296 744 1380 778 pedes
1400 743 1568 776 Gamalielis,
1593 743 1640 777 qui
1664 742 1760 778 utique
1775 749 1839 769 nun-

1049 795 1132 823 quam
1147 789 1259 816 auderet
1277 789 1426 823 spiritalem
1443 796 1548 821 escam,
1569 793 1597 816 et
1622 788 1773 823 spiritalem
1792 795 1839 822 po-

1051 838 1107 860 tum
1122 833 1269 868 appellare,
1289 834 1339 861 nisi
1358 835 1428 862 hunc
1448 841 1509 862 esse
1531 841 1641 862 sensum
1675 833 1840 868 legislatoris

1053 887 1102 914 per
1117 880 1242 907 traditam
1258 880 1309 907 sibi
1327 880 1477 908 verissima:
1490 880 1624 908 doctrinm
1636 879 1782 907 scientiam
1799 878 1839 904 di-

1053 925 1175 953 dicisset.
1191 925 1268 953 Unde
1278 929 1306 952 et
1319 925 1383 953 illud
1395 927 1478 960 addit,
1506 931 1635 961 tanquam
1650 925 1803 957 conlidens,
1817 929 1841 952 et

1054 975 1146 998 certus
1161 972 1194 998 de
1210 971 1332 999 ciborum
1350 974 1456 999 ratione
1471 973 1647 1005 mundorum,
1665 972 1709 999 vel
1727 971 1840 999 immun-

1054 1017 1161 1050 dorum,
1176 1017 1248 1051 quod
1265 1024 1318 1044 non
1337 1017 1485 1044 secundum
1506 1017 1635 1049 litteram,
1663 1018 1714 1044 sed
1736 1017 1841 1051 spirita-

1055 1063 1116 1091 liter
1132 1064 1302 1091 observanda
1324 1065 1392 1096 sint,
1408 1068 1436 1091 et
1456 1064 1522 1091 dicit
1541 1063 1565 1080 “
1583 1071 1590 1090 :
1610 1072 1620 1089 ι
1638 1063 1677 1091 Ne
1693 1063 1756 1098 quis
1782 1070 1841 1096 ergo

1052 1109 1216 1143 vosjudicet
1238 1110 1265 1137 in
1280 1109 1354 1142 cibo,
1378 1114 1425 1137 aut
1446 1110 1472 1137 in
1490 1114 1565 1144 potu,
1580 1113 1626 1136 aut
1643 1109 1670 1136 in
1694 1113 1774 1143 parte
1791 1108 1840 1135 diei

1054 1154 1126 1188 festi,
1155 1159 1203 1182 aut
1227 1155 1389 1187 neomenia',
1415 1159 1462 1183 aut
1480 1155 1655 1183 sabbatorum
1682 1154 1755 1189 (99),
1784 1161 1839 1188 qua:

1054 1206 1116 1229 sunt
1131 1201 1227 1229 umbra
1241 1201 1404 1228 futurorum.
1423 1211 1432 1227 t
1460 1200 1540 1228 Vides
1554 1208 1621 1236 ergo
1637 1201 1776 1236 quomodo
1787 1200 1841 1227 haec

1034 1242 1036 1245 ⁴
1054 1248 1156 1281 omnia,
1175 1254 1234 1282 qua:
1248 1247 1281 1274 de
1295 1247 1362 1274 cibis
1375 1247 1416 1275 vel
1430 1251 1493 1282 pottt
1508 1247 1628 1282 loquitur
1643 1247 1763 1281 Moyses,
1775 1246 1841 1273 Pau-

1055 1294 1107 1327 lus,
1134 1294 1179 1329 qui
1204 1294 1301 1321 melius
1321 1294 1372 1321 ista
1392 1293 1524 1321 didicerat
1548 1301 1628 1329 quam
1651 1294 1680 1321 hi
1703 1293 1749 1328 qui
1774 1300 1840 1320 nunc

1051 1340 1156 1374 jactant
1178 1348 1207 1368 se
1230 1347 1290 1368 esse
1309 1340 1449 1373 doctores,
1468 1341 1558 1368 omnia
1583 1341 1640 1368 h.ec
1664 1341 1762 1367 untlira
1781 1339 1840 1367 dicit

1054 1394 1115 1414 esse
1127 1387 1291 1414 futurorum.
1307 1387 1340 1414 Et
1357 1387 1427 1418 ideo,
1444 1387 1514 1414 sicut
1529 1387 1657 1417 diximus,
1672 1388 1707 1413 ab
1719 1387 1770 1414 hac
1785 1394 1840 1412 nm-

1054 1433 1102 1460 bra
1118 1433 1151 1460 ad
1166 1434 1308 1461 veritatem
1321 1432 1451 1460 debemus
1466 1433 1625 1460 ascendere.
1641 1433 1805 1460 Christianis
1814 1436 1838 1459 et

1055 1487 1070 1506 a
1084 1479 1249 1507 Christianis
1265 1479 1304 1514 (Ι)
1325 1486 1416 1506 sermo
1434 1483 1486 1512 est,
1508 1478 1607 1513 quibus
1628 1478 1837 1513 apostolicorum

1055 1525 1189 1553 dictorutn
1205 1525 1287 1552 chara
1301 1532 1361 1551 esse
1374 1525 1453 1553 debet
1474 1525 1634 1552 auctoritas.
1659 1524 1688 1551 Si
1703 1525 1765 1559 quis
1780 1531 1837 1550 vero

1054 1571 1210 1606 arrogantia
1236 1570 1355 1597 tuntidus
1372 1570 1519 1604 apostolica
1543 1570 1615 1597 dicta
1634 1569 1838 1597 rontemnitant

1054 1617 1169 1652 spernit,
1184 1617 1242 1651 ipse
1254 1617 1362 1644 viderit.
1391 1617 1455 1644 Mihi
1470 1622 1570 1647 autent.
1591 1617 1663 1644 sicut
1681 1616 1737 1644 Deo
1757 1621 1782 1644 et
1797 1615 1838 1642 Do-

1055 1663 1131 1690 ntino
1158 1666 1251 1690 nostro
1274 1661 1338 1689 Jesu
1369 1662 1489 1694 Christo,
1515 1661 1552 1689 ita
1581 1666 1608 1689 et
1637 1662 1768 1696 apostolis
1787 1660 1838 1693 ejus

1054 1709 1194 1736 adhaerere
1214 1708 1315 1735 bonum
1331 1713 1384 1738 est.
1405 1713 1432 1734 et
1455 1715 1486 1734 ex
1511 1707 1609 1734 divinis
1640 1706 1788 1741 Scripturis
1803 1713 1839 1732 se—

1054 1755 1172 1782 cttndttm
1189 1755 1308 1789 ipsorum
1325 1755 1498 1782 traditionem
1515 1753 1722 1788 intelligentiam
1735 1759 1835 1788 capere.

1054 1800 1112 1827 Erit
1127 1805 1217 1827 autem
1239 1804 1420 1834 opportunum
1435 1798 1554 1826 fortasse
1568 1804 1687 1833 tempus,
1713 1799 1735 1825 si
1754 1803 1835 1825 tamen

1056 1847 1101 1874 Dei
1115 1847 1240 1873 voluntas
1262 1846 1288 1872 itt
1303 1846 1354 1872 hoc
1377 1845 1477 1876 fuerit,
1501 1849 1527 1872 et
1545 1853 1636 1872 rerum
1660 1844 1836 1879 tranquillitas

1054 1892 1136 1920 fuerit.
1155 1892 1303 1924 (nescimus
1332 1892 1404 1919 enim
1435 1890 1498 1926 quid
1530 1891 1618 1925 pariat
1641 1895 1833 1925 superventnra

1055 1938 1134 1973 dies),
1149 1942 1178 1965 ut
1197 1938 1277 1964 etiam
1295 1945 1329 1964 cx
1352 1937 1442 1964 Veteri
1472 1936 1647 1964 Testamento
1663 1937 1836 1972 assignenms,

1054 1984 1201 2011 secundum
1223 1984 1249 2010 id
1271 1985 1342 2018 quod
1368 1983 1497 2018 apostolis
1521 1983 1606 2010 visum
1627 1987 1685 2016 est,
1713 1983 1834 2010 rationem

1055 2031 1177 2058 ciborum
1199 2028 1237 2065 (‘2)
1260 2029 1434 2061 mundorum,
1458 2029 1501 2055 vel
1523 2023 1736 2060 immundorum,
1755 2027 1835 2055 sedet

1054 2075 1224 2106 animalimn,
1245 2075 1287 2101 vel
1308 2076 1409 2105 avium,
1436 2073 1477 2101 vel
1497 2073 1624 2109 piscium,
1645 2073 1680 2101 de
1701 2073 1794 2108 quibus
1811 2072 1835 2098 in

1055 2121 1113 2156 lege
1133 2120 1272 2152 scribitur,
1289 2119 1495 2155 intelligentiam
1521 2120 1553 2146 ad
1574 2115 1702 2147 homines
1724 2119 1834 2146 referen~

1055 2167 1127 2194 dam.
1154 2166 1207 2193 Sed
1228 2173 1300 2193 nunc
1328 2167 1458 2200 quoniam
1480 2165 1576 2193 latiore
1593 2166 1632 2192 uti
1652 2165 1835 2201 explanatione

210 2210 390 2237 ascendamus
408 2210 441 2236 ad
457 2217 504 2237 eos
518 2211 562 2244 qui
580 2219 627 2246 per
638 2211 765 2246 Spll‘lltlln
784 2212 840 2238 veri
857 2217 921 2239 sunt
934 2213 998 2240 eihi.
1017 2221 1040 2250 ο
1055 2220 1108 2240 non
1128 2217 1169 2239 cst
1189 2216 1306 2247 tempus.
1333 2212 1439 2239 duobus
1466 2211 1616 2238 luminibus
1642 2212 1832 2246 apostolorum,

211 2256 264 2282 Sed
280 2257 313 2282 ad
330 2256 387 2282 luec
403 2255 602 2290 investiganda,
630 2257 780 2291 Scripturze
799 2256 899 2284 divina:
922 2258 999 2284 testi-

211 2303 310 2329 ntoniis
326 2301 487 2336 indigemus,
514 2309 548 2329 ne
562 2302 623 2337 quis
646 2307 723 2337 putet
746 2304 850 2337 (autaut
863 2303 936 2330 enim
952 2303 1000 2330 ho-

211 2349 300 2375 mines
327 2355 461 2375 cxacuere
474 2348 581 2383 linguas
601 2357 665 2376 suas
681 2353 711 2376 ut
733 2349 863 2385 gladium)
879 2358 912 2377 tte
926 2351 999 2385 quis.

211 2394 334 2429 inquam,
352 2398 438 2429 putet,
454 2395 526 2428 quod
541 2403 591 2430 ego
605 2395 658 2422 vim
679 2395 776 2422 faciam
799 2394 948 2430 Scripturis
961 2396 1001 2423 di-

210 2441 293 2473 vinis,
307 2447 334 2468 ct
348 2448 380 2468 ea
394 2448 454 2476 qua:
467 2441 500 2468 de
515 2441 689 2474 animalibus,
708 2441 942 2475 quadrupedibus,
959 2441 999 2469 rel

210 2488 292 2515 etiam
306 2488 412 2520 avibus,
429 2488 605 2522 autpiscibus
622 2487 741 2519 mundis,
761 2486 819 2514 sive
842 2487 999 2521 inmmndis,

211 2534 238 2560 in
252 2534 308 2568 lege
325 2534 490 2566 referuntur,
506 2534 588 2570 224
604 2534 637 2561 ad
654 2534 778 2561 homines
792 2533 909 2566 traham,
923 2541 950 2561 et
967 2535 1000 2562 de

210 2578 366 2607 hominibus
380 2581 438 2608 hate
447 2580 520 2607 dicta
529 2587 589 2607 esse
601 2581 764 2616 contingam.
779 2579 917 2608 Fortassis
927 2582 999 2608 enim

248 2648 271 2665 “
287 2649 383 2677 Matth.
396 2656 433 2681 ιι.
452 2649 498 2676 27.
534 2649 557 2664 ⁸³
571 2647 649 2676 .loan.
663 2655 699 2681 tv,
713 2647 759 2676 54.
799 2647 821 2663 ⁸⁸
832 2646 910 2675 Joan.
925 2656 952 2681 Χ,
970 2648 1015 2678 Si.

249 2721 304 2753 (99)
319 2721 374 2747 Duo
389 2729 466 2750 tnss..
481 2731 490 2747 ι
509 2722 633 2750 sabbato.
647 2732 657 2748 ι

249 2757 287 2789 (ι)
298 2755 397 2782 Omnes
410 2765 488 2788 mss,
508 2766 517 2782 ι
535 2757 707 2788 Christianis,
722 2762 774 2784 ela
789 2756 964 2784 Christianis.
988 2765 997 2781 ι

214 2791 292 2817 Lilil).
307 2791 384 2821 editi,
401 2800 411 2816 ι
428 2791 589 2824 Christiani,
603 2797 630 2819 et
643 2792 676 2818 ad
694 2792 876 2819 Christianos.
899 2800 909 2817 ι

249 2827 288 2858 με)
302 2824 381 2851 Libb.
398 2830 477 2852 antea
493 2826 570 2858 editi,
588 2835 597 2852 ε
621 2828 767 2854 secundum
785 2834 844 2853 eam
859 2833 919 2861 quae
933 2833 999 2860 apo~

214 2861 291 2889 stolis
305 2861 360 2887 visa
374 2864 415 2887 est
429 2861 573 2894 rationem,
595 2862 729 2894 ciborunt,
751 2871 760 2888 ι
777 2867 843 2895 etc.,
864 2862 911 2889 scd
933 2869 998 2888 mss.

1052 2259 1134 2286 Petro
1153 2263 1181 2286 et
1199 2258 1282 2286 Paulo
1303 2258 1417 2285 testibus
1438 2257 1558 2285 contenti
1573 2257 1670 2285 sintus.
1690 2257 1723 2284 Et
1735 2256 1834 2291 quidem

1054 2305 1154 2332 Paulus
1173 2311 1234 2340 qua:
1245 2303 1373 2335 senserit,
1392 2303 1446 2338 jam
1473 2304 1646 2338 protulimus.
1665 2303 1759 2330 Petrus
1776 2307 1833 2327 vero

1053 2352 1191 2386 apostolus
1202 2359 1263 2378 cum
1281 2355 1353 2378 esset
1366 2350 1391 2376 in
1406 2348 1504 2384 Joppe,
1515 2354 1543 2377 et
1555 2357 1633 2377 orare
1649 2349 1740 2379 vellet,
1751 2353 1834 2374 ascen-

1055 2399 1094 2426 dit
1121 2398 1148 2425 itt
1174 2397 1315 2432 superiora
1335 2396 1369 2422 ”.
1386 2396 1442 2431 Ego
1469 2402 1560 2424 tamen
1575 2402 1603 2424 et
1618 2396 1670 2423 hoc
1698 2395 1782 2430 ipsum
1796 2391 1831 2427 (3)

1054 2444 1125 2480 quod
1146 2444 1231 2472 noluit
1251 2443 1277 2470 in
1298 2442 1473 2470 inferioribus
1490 2450 1580 2476 orare,
1606 2443 1654 2470 sed
1674 2440 1791 2469 ascendit
1802 2436 1832 2465 ad

1055 2490 1207 2525 superiora,
1235 2496 1288 2516 non
1311 2488 1412 2516 frustra
1437 2490 1488 2517 dici
1510 2489 1625 2523 accipio.
1654 2487 1745 2522 Neque
1763 2483 1829 2512 enim

1055 2537 1122 2564 tattti
1142 2536 1256 2571 apostoli
1277 2536 1420 2563 consilium
1437 2544 1469 2563 ex
1485 2534 1621 2570 superfluo
1641 2534 1779 2569 superiora
1794 2530 1832 2556 de-

1055 2583 1120 2618 legit
1144 2582 1178 2610 ad
1201 2582 1346 2617 orandttut,
1377 2582 1436 2615 sed,
1452 2587 1583 2617 quantum
1605 2589 1654 2616 ego
1670 2580 1791 2608 arbitror,
1805 2578 1831 2600 ut

1464 2648 1485 2665 ⁵⁸
1498 2648 1556 2676 (.‘ol.
1574 2646 1658 2682 n,t6.
1696 2645 1718 2662 δ’
1736 2644 1782 2671 Art
1803 2648 1828 2669 ιο

1056 2650 1078 2666 δ’
1100 2649 1109 2676 1
1127 2649 1191 2678 Cor.
1211 2658 1238 2682 x,
1261 2650 1278 2677 2
1303 2655 1331 2677 et
1349 2657 1423 2685 seqq.

1054 2729 1083 2750 ut
1100 2724 1125 2751 in
1142 2729 1237 2750 nostro
1253 2728 1339 2751 textu.
1750 2752 1766 2757 ν,

1089 2759 1128 2794 (ὁ)
1142 2759 1210 2786 Mala
1230 2760 1255 2785 in
1272 2764 1350 2785 antea
1366 2757 1446 2794 editis
1470 2757 1605 2794 legitur,_t
1623 2762 1686 2790 ergo
1705 2752 1828 2794 statiuis!

1053 2787 1105 2821 hoc
1119 2787 1217 2828 ipsum,
1239 2803 1247 2818 ι
1262 2799 1326 2822 (ιιι-η
1341 2793 1449 2819 omissis
1469 2787 1510 2818 his
1522 2792 1621 2822 verbis,
1642 2787 1721 2816 (non
1736 2787 1827 2813 frustm

1055 2830 1108 2856 dici
1124 2827 1240 2864 {tt-cipit),
1258 2838 1267 2854 ›
1288 2835 1346 2862 quae
1363 2827 1522 2862 supplentur
1536 2835 1550 2853 e
1565 2834 1629 2853 mss.
