1894 3059
79 90 121 118 589

650 89 681 118 IN
702 87 890 118 LEVITiCUM
911 90 1054 118 HOMlLlA
1074 90 1130 119 VII.

1653 94 1700 120 ιηη

77 149 242 178 rationabiles
258 148 398 177 hominum
422 146 507 184 leges,
527 149 603 176 verbi
628 150 726 184 gratia,
740 149 782 176 vel
805 150 860 176 Ru-
875 151 896 179 Δ
912 147 1094 183 disciplinam,
1114 153 1141 175 et
1156 147 1279 183 abiecisti
1294 157 1437 178 sermones
1461 158 1535 179 meos
1551 156 1610 186 post
1632 158 1666 179 te.
1686 163 1697 180 ι

77 204 221 228 manorum,
234 196 276 222 vel
297 195 513 227 Atheniensium,
527 196 568 222 vel
581 195 859 223 Lacedaemoniorum.

75 242 100 269 Si
114 250 175 270 vero
191 242 340 268 secundum
354 242 422 268 hanc
434 241 655 276 intelligentiam,
670 249 752 276 qttatn
776 241 858 268 docet

75 287 200 318 Ecclesia.
214 287 367 322 accipiatur
389 286 435 314 Dei
452 286 505 319 lex,
521 291 587 313 tunc
600 287 682 321 plane
699 294 795 314 omnes
810 287 861 314 Im-

75 342 161 361 manas
176 333 362 368 supereminet
377 333 461 367 leges,
477 337 504 360 et
520 340 585 360 vere
599 333 645 360 Dei
661 333 703 360 lex
724 341 786 361 esse
803 341 861 361 cre-

75 381 159 408 detur.
175 381 269 414 Itaque
282 380 325 406 his
338 380 374 406 ita
387 379 545 414 pra‘missis,
558 379 683 414 spiritali,
698 383 727 407 ιιι
741 387 860 407 commo—

76 427 189 457 nuinms,
206 424 385 459 intelligentia
401 425 434 451 de
451 425 559 452 mundis
582 429 609 452 el
633 424 778 452 immundis
799 425 859 452 ani-

75 474 184 500 malibus
200 473 291 506 aliqua
309 471 538 506 perstringamus.

118 520 144 546 t3.
167 528 176 544 ι
207 518 311 551 Omne,
338 516 425 552 inquit
462 515 495 550 “,
523 524 604 552 pecus
633 516 706 552 quod
730 517 857 552 lingulam

77 565 180 596 dividit,
200 570 227 591 et
243 564 358 599 ungulas
375 563 467 596 habet,
483 568 508 591 et
526 564 630 591 rctlucit
647 564 858 592 rttminalionem

73 610 98 638 in
113 611 266 646 pecoribus,
283 610 341 638 haec
368 609 577 637 manducabitis.
601 609 736 638 Praeterea
755 611 789 639 ab
817 610 859 638 his

74 665 121 684 nntt
139 656 347 689 manducabitis,
367 663 427 690 quae
443 656 573 683 reducunt
593 657 816 689 ruminationetn,
831 663 858 685 et

76 710 125 730 non
147 702 273 730 dividunt
287 702 411 737 ungulas,
423 706 448 729 et
465 702 564 729 habent
581 702 703 738 ungulas.
721 703 856 737 Camelus,

73 749 196 783 quoniam
221 747 325 775 reducit
349 748 573 780 ruminationem,
599 753 626 776 et
649 749 776 784 ungulam
802 757 854 777 non

73 792 171 824 dividit.
195 792 364 819 immundum
385 792 437 819 erit
456 792 507 820 hoc
524 793 611 820 vobis.
631 794 664 821 Et
680 794 768 830 lepus,
789 803 868 830 quor

913 193 942 220 ln
956 202 1009 228 quo
1031 195 1170 221 evidenter
1192 195 1313 222 ostendit
1333 197 1414 224 istum
1437 198 1617 225 rutninantem
1640 200 1700 236 qui-

913 239 985 270 dem,
1013 238 1059 265 sed
1086 238 1212 273 ungulam
1239 247 1291 267 non
1315 241 1494 273 dividentem,
1517 248 1544 269 et
1570 242 1628 270 ideo
1654 243 1700 269 im-

912 284 1030 311 mundus
1058 289 1099 311 est
1126 285 1281 320 quicunque
1310 291 1352 314 est
1380 287 1450 314 talis.
1477 287 1510 315 Et
1537 289 1634 317 iterum
1659 294 1700 317 est

911 329 991 362 alius,
1018 329 1058 357 vel
1079 337 1112 357 ex
1144 331 1187 358 his
1218 331 1262 365 qui
1292 336 1370 360 extra
1397 332 1553 368 religionem
1579 339 1701 363 nostram

910 380 984 407 sunt,
1007 375 1049 402 vel
1071 382 1103 402 ex
1120 376 1162 403 bis
1181 377 1226 411 qui
1248 377 1387 405 nobiscum
1410 384 1491 413 sunt;
1515 380 1562 415 qui
1577 381 1702 409 dividunt

911 421 1019 455 quidem
1047 422 1173 455 ungulas,
1195 427 1223 450 et
1249 423 1285 450 ita
1312 424 1442 452 incedunt
1463 426 1488 453 in
1507 427 1558 454 viis
1579 427 1646 460 suis,
1673 433 1702 454 ut

910 471 988 493 actus
1011 473 1075 494 suos
1092 468 1124 495 ad
1148 467 1268 495 l'uturum
1294 470 1423 497 steculnm
1438 473 1700 506 prmparent..Multi

910 511 992 547 227
1005 512 1077 539 enim
1091 513 1127 540 ita
1140 518 1165 540 et
1180 521 1215 541 ex
1227 514 1395 550 philosophis
1408 517 1527 551 sapiunt,
1542 523 1569 544 et
1581 517 1701 546 futurum

910 557 1110 591 essejudicium
1121 558 1245 585 credunt.
1262 558 1443 587 Immortalem
1456 567 1572 596 namque
1582 562 1700 590 animam

909 603 1041 635 sentiunt,
1055 608 1083 631 et
1098 605 1343 632 remunerationem
1365 606 1442 634 bonis
1455 607 1605 643 quibusque
1629 610 1702 643 posi-

910 653 964 676 tam
983 649 1159 677 conlitentur.
1190 649 1247 678 Hoc
1267 656 1295 678 et
1313 651 1504 680 hzercticorum
1523 654 1643 681 nonnulli
1659 655 1700 681 fa-

910 695 997 728 ciunt,
1020 700 1047 722 et
1074 701 1205 729 quantum
1223 697 1325 731 expetit
1342 696 1409 733 (l0),
1427 698 1548 726 timorem
1560 698 1643 726 futuri
1655 699 1701 734 Ᾰνιο

910 741 973 768 dicii
990 746 1098 776 gerunt,
1116 746 1144 768 et
1161 747 1239 770 actus
1257 751 1321 771 suos
1340 750 1467 779 tanquam
1484 745 1510 773 in
1527 746 1618 774 divino
1631 754 1701 774 exa-

910 787 983 814 mine
1006 788 1184 823 requirendos
1206 789 1313 817 cautius
1339 794 1498 825 temperant.
1531 791 1584 820 Sed
1604 793 1699 820 horum

73 839 139 864 niam
157 838 262 865 reducit
284 838 506 872 ruminationem,
524 845 552 866 et
566 839 696 874 ungulam
715 848 767 868 nott
783 842 855 868 divi-

910 838 1025 868 uterque
1051 841 1105 861 non
1124 833 1252 866 ruminat,
1273 842 1323 863 nec
1348 841 1459 864 revocat
1482 838 1700 867 ruminationem.

72 884 118 914 dit,
135 884 302 910 imnmndtuu
330 883 380 910 hoc
397 883 448 910 erit
461 885 553 918 vobis;
573 890 598 911 et
611 885 776 919 herinacius,
792 887 856 922 quia

73 931 175 957 reducit
188 930 410 962 ruminationem,
424 934 452 958 et
472 931 599 966 ungulam
617 940 670 960 non
687 931 793 967 dividit,
808 935 858 962 im-

72 976 198 1002 mundum
221 975 271 1002 hoc
297 975 384 1008 vobis,
407 980 435 1003 et
457 983 529 1009 sues,
549 984 623 1005 ietc.
640 978 765 1006 Decernit
793 988 858 1015 ergo

72 1029 103 1049 ne
118 1021 317 1049 manduccntur
331 1021 484 1055 huiusmodi
505 1023 644 1057 animalia,
661 1032 722 1059 qua:
734 1033 767 1053 ex
780 1031 858 1060 parte

71 1069 194 1094 videntur
208 1075 271 1095 esse
289 1069 399 1102 munda,
418 1073 445 1096 et
458 1077 489 1096 ex
507 1075 584 1105 parte
604 1070 743 1100 immunda
762 1081 769 1100 :
787 1073 858 1101 sicut

69 1115 188 1142 cantelus
202 1122 234 1141 ex
251 1122 283 1142 eo
298 1115 370 1150 quod
392 1116 522 1149 ruminat,
548 1117 663 1145 mundus
683 1118 807 1150 videtur;
823 1126 857 1146 ex

69 1168 100 1186 eo
113 1164 203 1186 autem
224 1160 295 1194 quod
312 1160 426 1195 ungulas
443 1161 543 1189 divisas
560 1170 613 1189 non
628 1163 721 1196 habet,
736 1163 856 1191 immun-

68 1206 117 1232 dus
131 1205 240 1233 dicitur.
259 1205 323 1234 Post
347 1206 406 1234 haec
419 1206 475 1242 iatn
500 1208 622 1236 nominat
643 1213 671 1236 et
689 1209 807 1244 leporem
830 1215 857 1237 et

67 1251 248 1284 herinaeium,
267 1252 314 1279 sed
339 1257 366 1279 et
381 1251 456 1287 ipsos
484 1254 548 1281 dicit
582 1255 721 1282 ruminare
736 1256 856 1290 quidem,

67 1297 113 1323 sed
139 1296 253 1332 ungulas
269 1305 322 1324 non
342 1297 473 1325 dividere.
489 1297 578 1325 Alium
593 1306 658 1326 vero
673 1299 795 1326 ordinent
817 1298 858 1327 l'a-

67 1343 104 1370 cit
122 1351 217 1370 eorum
230 1363 238 1375 ,
256 1345 302 1378 qui
329 1343 486 1371 econtrario
514 1344 641 1379 ungulam
662 1345 768 1379 quidem
785 1345 856 1374 divi-

66 1390 143 1420 dunt,
164 1389 212 1416 sed
232 1397 284 1416 non
309 1390 459 1418 ruminaut.
485 1389 606 1417 Primum
630 1398 695 1426 ergo
714 1391 857 1419 videamus

65 1437 110 1469 qui
126 1441 190 1463 sunt
208 1436 264 1468 lSll,
280 1436 328 1471 qui
352 1436 500 1470 ruminant,
520 1441 546 1463 et
571 1438 700 1471 ungu'am
720 1437 855 1471 dividunt,

64 1489 135 1516 quos
155 1482 273 1509 mundos
291 1481 419 1517 appellat.
440 1482 494 1516 Ego
509 1483 630 1510 arbitror
649 1482 723 1509 illum
738 1483 791 1509 dici
810 1491 856 1510 ru-

64 1528 185 1560 minare,
201 1528 245 1562 qui
257 1535 369 1563 operam
382 1528 428 1555 dat
446 1529 578 1560 scientiae,
593 1533 621 1555 et
636 1529 661 1555 in
676 1528 735 1563 lege
749 1528 854 1556 Domini

63 1574 213 1601 meditatur
227 1574 271 1601 die
283 1581 314 1601 ac
330 1578 419 1601 nocte.
443 1574 496 1601 Sed
511 1574 574 1601 audi
595 1575 730 1608 quomodo
751 1575 853 1601 dicttnn

62 1626 127 1648 est:
154 1631 164 1647 ι
186 1621 236 1654 Qui
265 1621 371 1652 dividit,
403 1621 500 1656 inquit,
527 1620 664 1655 ungulam,
693 1625 720 1647 et
746 1625 855 1656 revocat

62 1668 285 1694 ruminationem.
306 1676 316 1693 ι
333 1667 454 1694 Ιιθνοςιιι
476 1675 540 1702 ergo
565 1667 786 1699 ruminationcm,
808 1667 853 1701 qui

61 1720 92 1740 ea
108 1720 170 1748 quae
185 1713 335 1740 secundum
351 1713 469 1739 litteram
485 1713 560 1747 legit,
574 1717 682 1738 revocat
695 1712 728 1739 ad
745 1720 853 1739 sensum

63 1758 227 1793 spiritalem,
243 1758 319 1786 etab
337 1757 436 1785 intimis
458 1763 485 1785 et
502 1757 685 1785 invisibilbus
705 1758 738 1785 ad
766 1758 855 1785 invisi-

63 1804 127 1831 bilia
144 1809 173 1832 et
191 1803 288 1831 altiora
302 1804 471 1832 conscendit.
489 1803 542 1831 Sed
566 1803 587 1829 si
604 1803 744 1831 mediteris
767 1802 853 1838 legem

63 1850 198 1880 divinam,
209 1854 237 1875 et
250 1856 282 1875 ea
297 1856 357 1883 qum
369 1848 446 1883 legis,
461 1848 494 1875 ad
510 1847 636 1875 subtilem
654 1852 682 1874 et
696 1848 729 1874 ad
746 1847 854 1881 spirita-

62 1896 113 1923 lem
136 1894 346 1929 intelligentiam
362 1902 483 1926 revoces,
499 1895 553 1921 vita
571 1900 661 1922 autem
675 1899 719 1921 tua
734 1899 760 1921 et
775 1898 853 1921 actus

61 1942 96 1968 tui
123 1949 180 1968 non
201 1945 268 1967 sunt
285 1940 363 1973 tales,
387 1944 415 1966 ut
436 1939 554 1967 habeant
580 1940 772 1967 discretionem
792 1939 853 1966 vitae

59 1987 204 2021 praesentis
219 1991 247 2012 et
269 1985 366 2013 futurae
388 1985 466 2019 hujus
487 1985 576 2013 stcculi
594 1990 620 2013 et
644 1985 736 2013 saeculi
758 1993 855 2020 super-

59 2035 190 2068 venturi;
207 2034 231 2061 si
254 2041 307 2060 non
329 2034 378 2060 ista
393 2032 561 2068 competenti
577 2032 682 2059 ratione
700 2032 851 2063 discernes,

57 2086 84 2108 et
96 2082 219 2113 dividas,
234 2079 353 2107 camelus
371 2086 400 2106 es
418 2083 575 2110 tortuosus;
603 2077 648 2112 qui
664 2085 726 2105 cum
750 2077 854 2104 intelle-

56 2129 129 2151 ctum
145 2125 290 2159 acceperis
307 2132 338 2150 ex
361 2123 538 2151 meditatione
551 2124 618 2159 legis
640 2124 722 2159 hujus
743 2123 852 2154 divinae,

56 2179 110 2198 non
136 2171 257 2204 dividis,
280 2177 369 2205 neque
397 2178 522 2206 segregas
544 2171 689 2206 prmsentia
708 2175 736 2198 et
753 2171 853 2204 futura,
869 2190 890 2217 υ

56 2226 107 2246 nec
123 2223 272 2254 angustam
288 2218 359 2245 viam
375 2225 390 2245 a
404 2218 445 2245 via
459 2218 576 2252 spatiosa
591 2217 722 2245 secernis.
737 2217 790 2244 Sed
805 2217 855 2244 atl-

57 2264 110 2292 huc
124 2264 304 2292 manifestius
316 2264 387 2299 quod
406 2264 505 2291 dicitur
523 2264 710 2299 cxplanemus.
724 2263 794 2291 Sunt
808 2263 854 2297 qui

56 2315 205 2338 assumunt
231 2314 424 2337 testamentum
447 2309 493 2337 Dei
516 2317 566 2344 per
588 2317 618 2337 05
640 2317 735 2340 suum.
750 2312 778 2336 et
792 2315 852 2336 cum

57 2355 145 2392 legem
161 2356 213 2383 Dei
229 2355 257 2382 in
271 2363 318 2382 ore
333 2355 461 2388 habeant,
482 2355 534 2383 vita
550 2360 578 2382 et
597 2359 674 2382 actus
688 2354 731 2382 sui
746 2354 823 2387 longe
837 2360 853 2380 a

58 2403 148 2428 ιρι-ωε
178 2406 276 2427 eorum
303 2403 330 2425 et
357 2397 530 2425 sermonibus
557 2396 725 2431 discrepant.
753 2396 850 2423 Dicunt

55 2448 127 2473 enim
139 2451 169 2474 et
183 2453 236 2473 non
253 2444 370 2476 faciunt;
384 2444 417 2470 de
427 2443 526 2478 quibus
536 2445 563 2469 et
574 2441 711 2476 Propheta
727 2441 793 2468 dicit
805 2440 827 2455 ⁵⁷
842 2448 848 2466 :

58 2502 66 2518 ι
86 2491 234 2520 Peccatori
250 2495 340 2517 autem
360 2489 431 2516 dixit
452 2488 522 2516 Deus
545 2498 551 2515 :
576 2488 667 2520 Quare
690 2490 718 2513 tu
735 2493 849 2514 enarras

54 2539 178 2572 justitias
193 2545 281 2567 meas.
294 2535 454 2565 etassumis
474 2538 666 2562 testamentum
688 2540 777 2560 meum
798 2539 846 2566 per

55 2593 84 2612 os
99 2586 231 2612 tuum?»
247 2583 330 2610 Vides
353 2589 418 2617 ergo
433 2581 568 2616 quomodo
591 2581 635 2608 ille
655 2580 784 2612 ruminat,
803 2579 847 2614 qui

55 2636 251 2658 testamentum
273 2629 320 2656 Dei
352 2628 432 2655 habet
455 2628 480 2654 in
501 2634 549 2654 ore
573 2634 632 2654 suo.
658 2626 711 2653 Sed
737 2626 801 2661 quid
821 2625 847 2652 in

55 2678 237 2711 sequentibus
255 2675 289 2702 ad
305 2682 366 2702 eum
382 2674 481 2700 dicitur
496 2673 519 2689 ⁵⁸
533 2672 544 2699 ?
557 2682 566 2698 ι
587 2672 626 2699 'l‘u
651 2677 741 2699 autem
764 2671 845 2698 odisti

85 2739 111 2755 ⁴⁵
125 2738 266 2770 ιιιξγιιαι,
280 2738 297 2764 5
309 2741 336 2764 et
351 2743 427 2770 seqq.
465 2732 566 2760 "Psal.
582 2739 655 2764 xm,
671 2729 713 2757 l6.

89 2809 146 2842 OH)
163 2807 238 2836 λιες..
257 2816 266 2831 ι
280 2804 400 2839 e\pedit.
413 2813 421 2829 I
439 2802 518 2830 Libh.
531 2800 608 2833 editi,
625 2809 634 2826 ι
647 2801 759 2834 spectat.
775 2807 784 2824 ι

195 2853 335 2884 Parnm“
359 2850 419 2880 Gn.
442 2849 512 2879 ΧΗ.

753 2729 775 2745 ⁸⁸
786 2729 852 2756 ibid.
871 2729 911 2756 l7.

909 879 967 907 Non
982 881 1054 908 enim
1071 889 1102 909 ea
1120 889 1180 917 quae
1198 882 1223 909 in
1239 883 1297 918 lege
1312 883 1358 910 Dei
1378 884 1478 919 scripta
1499 892 1564 913 sunt
1576 887 1700 920 audiens,

913 927 1070 961 meditatur,
1087 935 1119 956 ac
1132 933 1241 956 revocat
1256 929 1290 957 ad
1305 930 1431 958 subtilem
1448 935 1476 959 et
1493 932 1643 967 spiritalem
1658 934 1700 961 in-

910 972 1086 1007 telligentiam
1115 982 1122 1000 :
1150 974 1196 1001 sed
1212 975 1304 1002 statim
1330 980 1358 1003 ut
1386 976 1504 1005 audierit
1525 978 1638 1015 aliquid,
1653 986 1701 1009 aut

909 1019 1069 1049 contemnit.
1087 1024 1134 1047 aut
1148 1020 1274 1056 despicit.
1300 1030 1351 1050 nec
1366 1024 1480 1058 requirit
1493 1025 1538 1059 qui
1559 1026 1585 1053 in
1599 1027 1701 1055 viliori-

910 1064 959 1091 bus
973 1066 1065 1092 verbis
1087 1060 1220 1101 p'retiosus
1245 1067 1329 1095 lateat
1350 1076 1458 1097 sensus.
1489 1070 1523 1098 Et
1540 1071 1638 1099 habent
1655 1073 1700 1101 isti

910 1109 1078 1137 dividentem
1110 1111 1220 1146 quidem
1247 1114 1389 1148 ungulam,
1414 1115 1461 1143 sed
1490 1117 1698 1145 ruminatioucm

911 1162 964 1182 non
980 1161 1119 1183 revocant.
1137 1156 1178 1184 Tu
1191 1162 1292 1190 autem,
1306 1160 1353 1194 qui
1368 1160 1409 1188 vis
1420 1168 1480 1189 esse
1494 1163 1620 1197 mundus,
1636 1172 1699 1192 con-

911 1201 1064 1229 venientem
1089 1202 1190 1231 habeto
1205 1204 1300 1237 vitam,
1322 1212 1468 1235 consonam
1483 1213 1508 1235 et
1522 1208 1654 1244 scientiae,
1670 1217 1698 1238 et

909 1252 987 1274 actus
1002 1247 1151 1276 intellectui
1172 1258 1179 1277 :
1196 1254 1227 1278 ιιι
1243 1251 1280 1278 sis
1295 1251 1321 1278 in
1339 1257 1455 1287 utroque
1476 1255 1602 1288 mundus.
1626 1262 1655 1283 ut
1670 1262 1698 1284 et

909 1300 1021 1321 revoces
1046 1295 1267 1329 ruminationem,
1289 1303 1318 1325 et
1330 1298 1457 1333 ungulam
1474 1300 1589 1332 dividas,
1608 1304 1654 1330 sed
1669 1309 1697 1331 et

909 1339 1025 1373 ungulas
1040 1344 1069 1367 ut
1083 1341 1228 1376 producas,
1244 1343 1302 1370 sive
1327 1343 1450 1377 abjicias.
1470 1343 1652 1380 Requiramus
1665 1351 1692 1374 et

909 1384 989 1419 hujus
1014 1387 1053 1412 rei
1069 1387 1267 1422 testimonium,
1282 1390 1421 1424 quomodo
1434 1390 1547 1425 ungulas
1571 1393 1698 1426 produci-

909 1439 979 1465 tnus,
994 1432 1047 1465 vel,
1060 1436 1089 1459 ut
1107 1433 1170 1460 alibi
1200 1434 1311 1470 legitur,
1332 1435 1485 1469 abjicimus.
1508 1436 1642 1472 Scriptum
1656 1445 1698 1466 est

908 1477 934 1504 in
951 1477 1178 1507 Deutcronomio:
1195 1489 1204 1506 ι
1215 1479 1255 1513 Si,
1278 1481 1406 1516 inquit",
1429 1482 1530 1510 exieris
1547 1485 1580 1510 ad
1597 1484 1694 1512 bellum

869 1514 892 1544 (ἶ
909 1523 1053 1551 adversum
1071 1524 1195 1552 inimicos
1213 1530 1282 1557 tuos,
1296 1531 1322 1553 et
1335 1526 1435 1554 videris
1449 1527 1484 1554 ibi
1499 1528 1637 1556 mulierem
1653 1531 1698 1558 de-

910 1575 972 1595 cora
988 1569 1089 1604 specie,
1112 1574 1138 1597 et
1155 1571 1327 1605 concupieris
1348 1579 1420 1605 eam,
1436 1580 1556 1601 assumes
1579 1582 1650 1608 eam,
1670 1581 1698 1603 et

910 1615 990 1642 ratlcs
1008 1622 1116 1642 omnem
1143 1615 1227 1650 pilum
1243 1617 1338 1651 capitis
1361 1619 1431 1652 ejus,
1445 1624 1472 1647 et
1497 1620 1609 1655 ungulas
1625 1622 1695 1656 ejus,

909 1666 936 1688 et
961 1661 1056 1688 indues
1070 1669 1130 1688 eam
1154 1663 1325 1691 vestimentis
1350 1664 1528 1699 lugubribus;
1548 1672 1576 1695 et
1592 1669 1695 1696 sedebit

910 1706 936 1733 in
952 1707 1032 1734 domo
1046 1707 1142 1740 lugens
1160 1713 1263 1743 patrem
1288 1717 1379 1742 suum,
1398 1717 1424 1738 et
1440 1717 1553 1740 matrem
1566 1721 1654 1747 suam,
1669 1722 1696 1743 et

909 1752 1018 1779 domum
1044 1758 1184 1787 paternam
1201 1761 1290 1787 suam,
1316 1760 1344 1782 et
1366 1762 1427 1791 post
1444 1758 1552 1794 triginta
1575 1761 1631 1788 dies
1644 1763 1696 1789 erit

910 1797 957 1825 tibi
974 1806 1052 1827 uxor.
1069 1808 1078 1824 ι
1110 1799 1163 1826 Sed
1180 1807 1250 1827 nunc
1276 1808 1328 1828 non
1345 1802 1395 1829 hoc
1410 1808 1452 1830 est
1473 1807 1650 1840 propositum,
1666 1813 1696 1835 ut

910 1844 967 1872 haec
979 1852 1038 1879 qua:
1054 1845 1080 1872 in
1098 1846 1282 1874 testimonium
1299 1853 1393 1876 vocata
1407 1855 1480 1881 sunt,
1494 1851 1693 1887 explanantur;

909 1889 955 1916 sed
969 1893 1111 1924 propterea
1125 1890 1253 1925 diximus,
1268 1893 1330 1926 quia
1346 1899 1373 1920 ct
1387 1895 1430 1922 hic
1448 1896 1480 1923 de
1498 1898 1602 1932 ungulis
1617 1907 1694 1926 meu-

908 1935 945 1963 tio
961 1936 1031 1963 facta
1056 1940 1107 1963 est.
1130 1936 1322 1966 Verumtamen
1340 1944 1365 1966 et
1390 1947 1439 1975 ego
1452 1941 1608 1977 frequenter
1621 1945 1693 1973 exivi

908 1982 941 2009 ad
957 1981 1055 2009 bellum
1069 1987 1163 2009 contra
1178 1982 1303 2011 inimicos
1319 1993 1404 2019 meos,
1419 1991 1446 2013 et
1463 1988 1514 2015 vidi
1532 1989 1567 2016 ibi
1584 1990 1609 2016 in
1625 1999 1695 2025 prte-

908 2028 968 2054 dam
986 2027 1125 2055 mulierem
1141 2029 1240 2055 decora
1254 2031 1354 2063 specie.
1378 2031 1550 2069 Quaecunque
1562 2037 1632 2063 enim
1648 2037 1694 2065 he-

908 2081 941 2100 ne
953 2078 981 2100 et
1007 2073 1207 2100 rationabiliter
1220 2074 1291 2102 dicta
1317 2075 1468 2106 invenimus
1483 2081 1553 2115 apud
1569 2082 1694 2111 inimicos

907 2124 1023 2152 nostros,
1050 2120 1072 2147 si
1102 2119 1167 2154 quid
1193 2124 1263 2155 apud
1286 2121 1345 2150 illos
1372 2125 1510 2160 sapienter
1526 2132 1553 2155 et
1575 2129 1694 2158 scienter

907 2166 1008 2193 dictum
1037 2166 1161 2201 legimus,
1187 2175 1294 2204 oportet
1321 2178 1370 2198 nos
1392 2173 1522 2201 mundare
1546 2174 1584 2206 id.
1608 2181 1636 2203 et
1660 2179 1693 2205 ab

904 2212 1016 2239 scientia
1032 2219 1093 2247 quae
1108 2213 1178 2247 apud
1195 2214 1256 2242 illos
1273 2219 1316 2242 est
1330 2216 1437 2244 auferre
1450 2222 1477 2245 et
1494 2226 1617 2248 resecare
1631 2229 1692 2248 om-

904 2265 935 2284 ne
950 2257 1021 2292 quod
1034 2262 1187 2285 etnortuunt
1203 2264 1230 2287 et
1246 2260 1327 2288 inane
1340 2266 1392 2294 est,
1407 2262 1457 2289 hoc
1470 2264 1542 2291 enim
1558 2271 1621 2292 sunt
1634 2274 1692 2293 ont-

900 2310 951 2330 nes
974 2303 1063 2338 capilli
1080 2304 1177 2339 capitis
1194 2310 1221 2332 et
1244 2306 1351 2341 ungula:
1376 2308 1496 2336 mulieris
1511 2318 1543 2337 ex
1568 2311 1692 2339 inimico-

902 2356 961 2375 rum
977 2349 1071 2383 spoliis
1085 2355 1242 2385 assttmptre,
1255 2356 1283 2378 et
1299 2352 1334 2378 ita
1347 2353 1456 2380 demttm
1468 2353 1559 2383 facere
1572 2363 1631 2383 eam
1648 2366 1692 2384 no-

901 2393 943 2420 bis
961 2401 1084 2426 uxorem,
1102 2402 1163 2421 ettm
1187 2395 1243 2429 jam
1261 2396 1327 2424 nihil
1342 2405 1374 2424 ex
1391 2398 1443 2425 illis
1458 2407 1517 2434 qurc
1533 2408 1580 2434 per
1596 2402 1691 2431 intide-

904 2439 1004 2466 litatetn
1033 2445 1139 2467 mortua
1157 2441 1292 2474 dicuntur,
1321 2442 1457 2476 habuerit,
1481 2445 1548 2472 nihil
1565 2446 1589 2472 in
1603 2449 1691 2482 capite

904 2484 1000 2511 habeat
1028 2488 1176 2516 mortuum.
1194 2485 1260 2512 nihil
1278 2486 1303 2513 in
1325 2487 1459 2521 manibus,
1477 2493 1505 2515 ut
1522 2498 1608 2525 neque
1629 2499 1690 2519 seu-

903 2530 988 2563 sibus,
1005 2537 1092 2565 neque
1108 2531 1224 2563 actibus,
1241 2531 1408 2560 immundum
1422 2534 1535 2569 aliquid,
1552 2541 1599 2563 aut
1617 2545 1690 2564 mor-

904 2581 979 2603 tutmt
996 2581 1084 2610 gerat.
1115 2576 1186 2604 Nihil
1202 2578 1273 2604 enim
1291 2579 1419 2606 mundum
1444 2580 1544 2607 habent
1561 2582 1689 2610 muriercs

903 2623 1021 2650 hostium
1042 2627 1209 2655 nostrorum,
1229 2623 1291 2657 quia
1321 2624 1392 2651 nulla
1418 2631 1457 2653 est
1474 2627 1543 2660 apud
1568 2627 1627 2654 illos
1641 2635 1687 2656 sa-

902 2668 1012 2705 pientia,
1031 2667 1073 2694 cui
1090 2667 1258 2694 immunditia
1270 2668 1359 2704 aliqua
1374 2678 1426 2698 non
1440 2671 1473 2699 sit
1491 2672 1618 2701 admista.
1636 2677 1686 2705 vc-

950 2727 972 2743 ”
986 2726 1062 2754 Deut.
1077 2733 1132 2758 ut,
1151 2726 1194 2753 l0.

1541 2834 1575 2863 l6
