1894 3058
185 99 232 127 491

912 94 1070 123 Ol’ulGENlS

1765 90 1818 118 492

186 159 232 185 lim
255 162 346 185 tamen
372 157 493 184 dicerent
514 156 578 184 mihi
594 155 678 183 Jnda-i
693 156 830 191 qttomodo
845 155 913 190 apud
929 163 976 182 eos
991 158 1013 186 Α
1028 159 1105 189 raptu
1122 154 1225 181 vivunt.
1249 152 1293 181 llas
1320 157 1382 181 sunt
1397 153 1505 186 animm,
1520 159 1579 188 quae
1603 151 1749 178 secundum
1767 153 1818 178 hoc

187 204 239 231 ista
258 207 412 231 serventur.
443 202 512 235 Quid
528 209 626 233 caus:c,
652 201 716 236 quid
732 201 847 228 rationis
870 205 913 228 est
929 201 977 228 de-

187 249 287 276 calvari
305 249 455 282 mulierem,
471 252 498 275 et
511 247 623 282 ungulas
637 245 694 280 ejus
710 246 801 274 du-tni?
818 246 896 273 Verbi
911 254 976 273 catt-

188 303 230 327 sa,
246 302 377 330 ponamus
394 296 465 328 quod
481 293 516 320 ita
536 293 671 320 invenerit
697 300 758 319 eam
777 292 800 320 is
817 292 861 327 qui
878 292 977 320 dicitttr

188 342 337 373 invertisse,
353 346 381 367 ιιι
395 347 482 374 neque
497 339 618 374 capillos,
637 347 723 374 ueqtte
738 339 851 374 ungulas
868 339 975 370 habent,

188 389 253 424 quid
267 387 373 419 habuit,
391 386 462 422 quod
478 386 627 414 secundum
644 387 729 422 legem
746 387 856 414 demere
869 385 978 421 jubere-

189 434 251 462 tur?
268 433 321 461 Nos
336 439 401 460 vero
415 431 515 466 quibus
529 431 624 459 tnilitia
647 432 777 466 spiritalis
792 436 843 465 est,
860 436 888 460 et
902 438 976 458 arma

188 488 241 507 non
260 478 393 511 carnalia,
410 478 457 505 sed
473 478 595 512 potentia
617 477 671 505 Deo
687 477 721 505 ad
735 477 897 505 destruenda
912 485 978 504 con-

189 525 258 556 silia,
283 524 380 551 decora
401 524 499 551 mulier
521 523 542 550 si
563 526 668 557 reperta
692 522 774 549 fuerit
787 521 857 556 apud
875 521 977 554 hostes,

188 577 215 600 et
233 571 401 600 rationabilis
424 570 514 605 aliqua
533 569 687 603 disciplina.
714 569 766 595 hoc
783 568 862 595 modo
886 566 979 601 puriﬁ-

189 619 312 646 Cﬂlilllllls
336 625 396 645 eam
424 625 478 652 qtto
494 615 620 650 superius
636 614 766 642 diximus.
785 613 897 649 Oportet
913 621 979 648 ergo

189 672 251 691 eum
266 665 310 698 qui
330 663 444 690 mundus
461 667 515 695 est,
533 669 588 688 non
606 659 692 688 solum
718 660 839 687 dividere
852 659 977 694 ungulas,

190 715 216 736 et
242 716 294 736 non
321 708 408 735 solum
435 707 577 741 praesentis
605 704 696 733 sacnli
720 711 747 732 et
761 704 843 731 futuri
860 710 938 731 actus
952 708 980 731 et

189 761 272 788 opera
296 753 464 785 discernere,
488 751 535 778 sed
553 755 580 778 et
605 749 720 785 ungulas
739 750 899 784 producere,
926 748 977 781 vel,

191 806 219 826 ut
234 797 297 826 alibi
320 798 446 833 legimus,
472 796 603 831 alijicere,
628 801 657 822 ut
682 794 858 829 puriﬁcantes
874 801 923 822 nos
945 794 979 821 ab

190 846 319 881 operibus
335 844 459 876 mortuis,
478 849 685 878 permaneamtts
700 841 726 868 in
744 841 811 869 vita.

227 894 253 920 7.
276 893 338 919 lla‘e
351 891 459 926 quidem
484 889 648 924 generaliter
661 888 731 916 dicta
755 889 810 915 sint
823 888 856 915 de
874 886 980 914 anima-

193 940 263 966 libus
279 947 286 965 :
303 938 346 965 illa
363 944 427 965 vero
446 944 507 972 quae
532 936 559 963 in
573 935 651 970 aquis
673 938 748 966 sunt,
763 934 827 969 quia
844 933 980 965 dicuntur,

192 985 325 1020 siquidem
338 983 458 1010 habeant
479 982 576 1016 pinnas
591 984 617 1007 et
632 987 771 1015 squamas,
788 979 885 1006 munda
902 985 980 1010 esse;

192 1033 214 1059 si
230 1039 294 1058 vero
309 1038 363 1058 non
377 1029 506 1062 habeant,
533 1027 682 1059 immunda,
700 1034 748 1053 nec
762 1026 804 1053 edi
821 1026 935 1057 debere;
951 1024 982 1051 il-

193 1079 237 1105 llltl
253 1078 280 1105 iu
303 1077 346 1104 his
359 1075 521 1106 ostenditur,
545 1079 573 1100 ut
588 1074 609 1100 si
628 1073 690 1108 quis
711 1077 752 1099 est
769 1072 795 1098 in
816 1071 893 1105 aquis
910 1070 981 1103 istis,

192 1131 220 1153 et
236 1126 262 1152 in
278 1124 344 1152 mari
366 1123 426 1150 vitae
438 1121 529 1155 huius,
545 1127 626 1155 atque
641 1120 667 1146 in
682 1118 809 1146 ﬂuctibus
826 1117 917 1145 saec-ili
934 1124 982 1151 po-

192 1173 273 1203 situs,
298 1174 387 1197 tamen
406 1168 502 1195 debeat
520 1167 587 1194 satis
601 1172 693 1201 agere,
712 1169 741 1191 ut
761 1171 814 1191 non
830 1164 856 1190 in
871 1163 984 1197 profun-

193 1219 234 1245 dis
247 1215 339 1252 jaceat
353 1222 498 1250 aquarum,
523 1215 593 1240 sicut
617 1215 681 1239 snttt
703 1210 747 1238 isti
766 1211 855 1245 pisces
880 1209 926 1244 qui
944 1209 983 1235 di-

193 1269 292 1290 cuntur
316 1269 369 1289 non
393 1261 495 1288 ltabere
521 1259 619 1294 pinnas
643 1263 730 1293 neque
753 1263 892 1291 squamas.
920 1254 983 1282 llaec

194 1316 312 1343 namque
325 1314 420 1335 eorum
444 1310 540 1334 natura
558 1305 725 1340 perhibetur,
744 1307 773 1329 nt
791 1302 818 1328 in
834 1301 895 1328 imis
914 1308 985 1328 sem-

194 1363 244 1391 per
258 1360 285 1381 et
300 1353 374 1380 circa
390 1352 477 1387 ipsum
493 1358 600 1378 cmnum
619 1349 794 1377 demorentur
805 1368 812 1381 ,
837 1347 908 1374 sicut
922 1351 985 1373 Sunt

196 1399 332 1435 anguillze,
357 1403 385 1426 et
401 1398 464 1424 huic
479 1396 588 1429 similia,
614 1403 675 1430 qua:
691 1402 742 1422 non
760 1398 872 1430 possunt
887 1399 985 1420 ascen-

197 1448 262 1474 dere
275 1446 307 1473 ad
323 1452 399 1479 aqua:
412 1443 609 1474 summitatem,
627 1449 714 1476 neque
739 1441 772 1468 ad
789 1439 846 1474 ejus
861 1439 985 1474 superio-

198 1502 227 1521 ra
243 1491 394 1527 pervenire.
409 1489 449 1517 llli
465 1496 529 1516 vero
546 1488 634 1524 pisces
651 1487 696 1523 qui
715 1487 833 1522 pinnulis
845 1485 984 1521 juvantur,

199 1547 230 1566 ac
250 1537 373 1572 squamis
397 1535 567 1566 muniuntur,
586 1533 738 1560 ascendunt
763 1531 848 1567 magis
861 1531 893 1557 ad
907 1538 987 1565 supe-

199 1585 283 1615 riora,
298 1588 325 1610 et
340 1582 396 1609 aeri
409 1581 474 1608 huic
490 1579 637 1607 viciniores
654 1578 732 1611 liunt,
757 1577 830 1604 velut
846 1575 891 1611 qui
907 1575 989 1602 liber-

200 1635 283 1658 tatem
297 1629 409 1664 spiritus
420 1631 554 1662 quierant.
573 1625 647 1652 'l‘alis
659 1629 700 1651 est
715 1630 781 1658 ergo
790 1627 901 1650 sanctus
914 1621 989 1656 quis-

200 1686 264 1713 que,
280 1677 343 1711 quia
368 1676 439 1702 intra
456 1672 524 1701 retia
549 1672 609 1700 ﬁdei
630 1670 788 1704 conclusus,
809 1669 894 1697 bonus
908 1667 988 1702 piscis

200 1732 215 1751 a
233 1723 374 1751 Salvatore
389 1720 546 1747 nominatur
567 1727 574 1746 :
598 1717 643 1753 qui
661 1717 742 1744 etiam
759 1715 874 1743 mittitur
889 1714 914 1741 in
932 1720 988 1744 vas,

200 1771 282 1799 veluti
306 1771 404 1804 pinnas
427 1767 532 1794 habens
549 1769 578 1793 et
594 1771 732 1799 squamas.
762 1761 820 1789 Non
847 1761 918 1788 enim
943 1759 989 1786 ha-

201 1817 305 1844 buisset
319 1815 426 1851 pinnas,
443 1820 495 1840 non
512 1811 708 1839 resurrexisset
721 1809 755 1836 de
768 1815 847 1836 ctetto
864 1807 991 1834 incredu-

202 1862 298 1895 litatis,
315 1868 364 1888 nec
378 1860 414 1887 ad
428 1864 487 1886 rete
503 1857 562 1885 tidei
582 1855 760 1892 pervenisset,
777 1853 826 1881 nisi
842 1853 932 1888 pinnis
947 1851 991 1878 ad-

198 1908 273 1942 jutus
289 1906 323 1934 ad
348 1906 486 1940 superiora
505 1903 634 1930 venisset.
656 1900 726 1935 Quid
752 1903 793 1927 est
817 1897 990 1933 autemquod

202 1960 230 1982 et
244 1960 373 1988 squatnas
398 1952 500 1979 habere
526 1948 645 1976 dicitur?
672 1952 800 1981 tanquam
817 1946 862 1981 qui
880 1950 991 1980 paratus

203 2003 239 2030 sit
251 2005 343 2027 vetera
368 1998 526 2025 indumenta
544 1995 689 2029 deponere.
710 1992 742 2019 lli
759 1992 830 2019 enim
852 1991 896 2025 qui
911 1998 992 2023 squa-

203 2054 262 2074 mas
287 2051 340 2071 non
366 2042 478 2074 habent,
497 2040 571 2068 velut
596 2048 629 2067 ex
653 2039 758 2073 integro
773 2037 863 2065 carnei
889 2039 952 2062 sunt
965 2040 992 2061 et

206 2092 255 2119 toti
272 2089 408 2121 carnales,
431 2087 477 2121 qui
493 2087 629 2121 deponere
646 2084 713 2111 nihil
737 2086 861 2118 possunt.
880 2080 908 2107 Si
931 2081 991 2115 qu‘s

205 2144 270 2171 ergo
293 2135 376 2163 habet
399 2135 507 2168 pinnas,
533 2131 631 2166 quibus
654 2130 687 2156 ad
714 2129 855 2163 superiora
876 2127 990 2158 nitatur,

206 2183 322 2211 mundus
337 2185 389 2209 est.
409 2180 458 2212 Qui
477 2185 538 2205 vero
552 2185 604 2204 non
621 2175 701 2203 habet
716 2176 824 2209 pinnas,
844 2173 890 2200 sed
907 2173 933 2199 in
951 2172 992 2199 in-

206 2229 351 2259 terioribus
374 2230 524 2264 permanet,
551 2230 578 2252 et
593 2225 619 2252 in
645 2231 723 2252 θαιηο
738 2230 846 2257 semper
858 2226 990 2254 versatur,

207 2278 361 2307 immundus
386 2280 438 2304 est.
460 2272 593 2301 Similiter
616 2276 705 2299 autem
727 2271 760 2298 de
783 2269 875 2297 avibus
910 2267 991 2295 cNon

208 2322 395 2354 manducabis,
421 2321 507 2355 inquit
531 2320 566 2353 ⁷⁵,
587 2320 655 2350 luce,
674 2317 737 2352 quia
754 2315 890 2344 immunda
912 2319 991 2347 sunt;

207 2371 338 2407 aquilam,
364 2373 393 2397 et
409 2368 554 2400 vulturem,
566 2375 576 2392 ι
595 2371 622 2393 et
636 2369 735 2392 caetera
759 2363 802 2390 his
816 2361 926 2389 similia.
947 2360 994 2388 llis

207 2417 307 2445 etenim
321 2414 416 2443 avibus
432 2420 540 2447 semper
563 2415 731 2439 mortuorum
758 2415 899 2442 corporum
918 2407 995 2434 cibus

208 2467 260 2494 est,
277 2465 304 2489 et
319 2468 352 2488 ex
369 2460 484 2487 mortuis
501 2455 679 2485 cadaveribus
695 2455 798 2482 vivunt.
818 2453 918 2482 Omnes
931 2461 995 2488 ergo

209 2509 252 2541 qui
270 2506 423 2541 hujusmodi
439 2505 522 2532 vitam
540 2507 636 2539 gerunt
651 2501 780 2529 immundi
794 2499 908 2528 habendi
920 2503 995 2526 sunt.

211 2554 266 2588 Ego
281 2558 344 2587 puto
369 2557 397 2580 et
410 2552 469 2580 illos
486 2551 513 2578 in
541 2550 583 2577 ltis
599 2547 743 2579 nominari,
770 2546 815 2581 qui
841 2545 936 2573 alienis
955 2545 996 2572 itt-

210 2601 313 2627 cnbaut
338 2598 472 2626 mortibus
489 2602 515 2624 et
541 2600 599 2623 arte
614 2596 730 2630 quadam
745 2594 785 2621 vel
803 2592 898 2620 fraude
914 2596 998 2619 testa-

211 2650 303 2673 menta
323 2645 481 2680 subjiciunt.
502 2642 661 2677 llujusntodi
676 2641 746 2668 enim
762 2639 895 2672 homines,
909 2638 998 2665 vultu-

213 2697 255 2717 res
268 2693 294 2716 et
309 2689 404 2724 aquila:
419 2688 517 2716 merito
539 2687 722 2723 appellantur,
734 2685 809 2712 velut
831 2688 997 2710 tuortuorutu

212 2736 389 2763 cadaveribus
414 2734 560 2761 inhiantes.
589 2733 653 2760 Seio
676 2737 703 2759 et
719 2731 770 2758 alia
795 2729 924 2761 volatilia,
940 2735 999 2763 qua!

1027 200 1149 234 quidem,
1163 199 1234 234 qttod
1251 198 1427 226 rationabiles
1440 202 1467 225 et
1481 197 1588 224 imbutae
1605 196 1688 231 228
1703 200 1767 222 sunt
1786 195 1818 222 li-

1029 246 1167 273 beralibus
1192 245 1331 276 institutis,
1361 244 1403 272 vel
1430 242 1640 271 rationaltilibns
1657 241 1820 276 disciplinis.

1028 292 1148 319 volatilia
1163 292 1302 318 videnlur.
1323 291 1428 325 Legnnt
1450 291 1522 318 enim
1551 294 1578 316 et
1598 287 1751 322 requirunt,
1777 287 1820 315 vel

1029 338 1062 364 dc
1086 337 1192 364 ratione
1207 336 1280 368 caeli.
1305 336 1346 364 vel
1372 336 1508 371 quomodo
1523 333 1639 363 mundus
1656 333 1702 361 Dei
1729 332 1823 368 provi-

1029 384 1120 411 dentia
1133 383 1315 419 gubernetur;
1331 381 1479 411 secundum
1494 381 1552 409 haec
1563 387 1628 415 ergo
1639 378 1758 406 volatilia
1773 386 1822 406 no.

1029 430 1177 456 minantur.
1199 428 1228 456 Si
1242 435 1308 456 vero
1319 427 1473 462 huiusmodi
1483 426 1609 454 homines
1624 424 1715 460 inique
1727 427 1823 459 agant,

1029 480 1057 504 et
1081 479 1175 503 contra
1202 474 1286 509 legem
1318 473 1430 506 faciant,
1456 471 1586 507 diripiant
1604 470 1754 506 proximos,
1782 474 1822 502 ut,

1029 528 1090 548 cum
1119 520 1145 547 in
1170 519 1260 546 verbis
1284 525 1345 546 esse
1370 518 1493 545 videatur
1512 516 1629 544 eruditio
1646 515 1779 548 cretes-tis,
1795 514 1821 540 in

1029 565 1138 593 actibus
1155 565 1275 592 carnalia
1291 569 1318 591 et
1334 567 1439 591 mortua
1455 571 1537 598 opera
1553 567 1659 597 gerant,
1674 565 1750 589 recte
1765 559 1824 587 vul-

1031 617 1105 640 tures
1130 610 1173 638 vel
1190 610 1288 645 aquilae
1306 609 1413 637 dicendi
1437 614 1512 641 sunt,
1530 615 1590 643 quae
1610 608 1643 634 de
1658 606 1776 634 excelsis
1790 605 1822 633 ad

1030 663 1126 684 carnes
1144 661 1264 684 mortuas
1279 663 1311 683 ac
1335 655 1444 683 l'cetidas
1460 654 1634 681 delabuntur.
1656 652 1697 679 Ad
1717 652 1769 679 hoc
1783 658 1825 678 re-

1030 704 1140 731 ferenda
1162 708 1204 730 est
1227 707 1254 730 et
1276 701 1415 737 accipitris
1442 701 1587 736 rapacitas,
1613 705 1639 728 et
1661 703 1824 726 cteterorum

1030 751 1168 783 omnium;
1184 758 1216 777 ex
1233 750 1342 785 quibus,
1358 748 1481 785 quatdam
1496 752 1559 776 sunt
1575 746 1692 775 volatilia
1716 745 1826 780 rapaci-

1021 797 1081 834 .tati
1095 796 1241 827 stndentia,
1265 796 1388 830 quautam
1406 802 1471 822 vero
1484 802 1537 822 non
1557 799 1611 821 tam
1634 792 1825 827 rapacitatem,

1032 851 1113 879 quam
1138 843 1333 871 obscuritatem
1357 847 1387 870 et
1413 842 1541 869 tenebras
1558 839 1687 868 amantia.
1708 837 1827 865 tOmnis

1032 890 1103 917 enim
1128 889 1172 924 qni
1200 889 1269 916 male
1287 889 1353 923 agit,
1378 888 1437 915 odit
1458 887 1559 919 lucem,
1576 890 1604 913 et
1627 892 1679 912 non
1703 883 1779 911 venit
1792 882 1826 910 ad

1033 936 1119 963 lucem
1131 936 1164 968 ⁷³,
1179 944 1188 962 ι
1205 939 1233 962 nt
1248 940 1311 961 sunt
1335 938 1442 961 noctuae
1456 938 1484 961 et
1499 931 1717 967 vespertiliones,
1731 935 1760 957 et
1775 936 1828 956 cata

1034 988 1090 1009 tera
1106 990 1166 1017 quae
1183 982 1225 1008 lex
1241 980 1428 1016 pronuntiavit
1444 979 1594 1007 immunda.
1613 978 1634 1005 Δ
1653 977 1753 1012 quibus
1767 983 1826 1003 om-

1034 1028 1115 1055 nibus
1140 1027 1255 1063 spiritali
1274 1033 1326 1054 nos
1342 1025 1513 1054 observantia
1533 1023 1731 1055 custodientes,
1745 1026 1774 1049 et
1789 1021 1827 1048 ci-

1034 1074 1097 1101 bum
1121 1080 1153 1099 ex
1179 1071 1287 1099 nutndis
1302 1070 1464 1099 animalibus
1488 1072 1659 1105 appetentes,
1676 1067 1761 1095 etiam
1778 1065 1827 1100 ipsi

1034 1120 1093 1155 puri
1117 1119 1267 1146 elliciemur
1291 1122 1318 1145 et
1341 1116 1446 1150 mundi,
1467 1122 1515 1150 per
1527 1115 1663 1144 Christum
1682 1113 1828 1140 Dominum

1034 1171 1158 1194 nostrum
1184 1175 1190 1192 :
1217 1172 1267 1200 per
1293 1171 1372 1199 quem
1393 1167 1436 1191 est
1462 1162 1517 1190 Deo
1541 1161 1615 1189 l‘atri
1636 1167 1697 1188 cum
1723 1158 1830 1194 Spiritu

1035 1217 1131 1241 sancto
1155 1212 1240 1248 gloria
1257 1216 1284 1239 et
1307 1211 1451 1246 imperium
1476 1210 1503 1237 in
1528 1207 1626 1237 stccula
1654 1206 1828 1236 saculorum.

1034 1262 1133 1289 Anien.

1320 1291 1460 1320 ll0.\llLlA
1474 1290 1543 1319 Vill.

1035 1341 1074 1371 De
1087 1350 1116 1370 co
1127 1341 1197 1377 quod
1211 1341 1336 1375 scriptum
1351 1345 1388 1367 est
1399 1340 1422 1355 "
1435 1346 1444 1365 :
1459 1347 1474 1377 (_
1481 1336 1578 1364 Mulier
1589 1341 1756 1377 «praemiaque
1766 1340 1828 1377 can-

1071 1368 1167 1411 cepeit't
1188 1368 1288 1407 semei),
1308 1379 1332 1402 et
1357 1368 1666 1411 pepereritfnasctilugrt,
1690 1368 1828 1411 immunda

1071 1403 1120 1439 erit
1135 1416 1232 1444 septem
1254 1403 1376 1440 diebus...
1389 1403 1416 1435 ἐι
1439 1416 1470 1435 ne
1485 1405 1682 1434 diremitatibu:
1703 1403 1788 1438 lcprw
1799 1410 1830 1428 ac

1071 1445 1299 1482 puri/irationibus
1313 1444 1422 1478 leprosi.

1073 1494 1099 1521 1.
1121 1492 1253 1520 Medicum
1279 1491 1331 1519 dici
1355 1490 1382 1518 in
1397 1487 1546 1523 Scripturis
1560 1485 1661 1515 divinis
1680 1483 1828 1512 Dominum

1041 1543 1164 1567 nostrum
1177 1537 1268 1564 .lcsum
1283 1536 1432 1567 Christum,
1449 1534 1530 1562 etiam
1547 1532 1633 1567 ipsius
1647 1530 1756 1558 Domini
1769 1536 1831 1556 sen-

1041 1585 1126 1613 tentia
1152 1583 1341 1618 perdOCemur,
1378 1582 1449 1608 sicut
1474 1580 1539 1608 dicit
1563 1579 1591 1606 in
1618 1575 1775 1611 Evangeliis
1785 1573 1829 1601 "z

1044 1639 1053 1656 ‹
1065 1629 1123 1657 Non
1142 1628 1263 1664 indigent
1286 1627 1346 1654 sani
1371 1626 1487 1658 medico,
1506 1624 1553 1652 sed
1566 1624 1611 1659 qui
1630 1621 1699 1649 male
1718 1620 1830 1648 habent.

1041 1675 1098 1702 Non
1112 1674 1184 1701 enim
1199 1673 1259 1701 veni
1272 1678 1372 1700 vocare
1382 1671 1480 1705 juslos,
1496 1670 1542 1697 sed
1556 1672 1713 1704 peccatores
1727 1667 1757 1694 in
1774 1672 1830 1702 pm-

1042 1721 1195 1748 nitentiam.
1209 1728 1218 1746 ›
1252 1718 1347 1747 Omnis
1372 1721 1468 1745 autem»
1486 1716 1607 1743 medicus
1629 1722 1664 1743 ex
1683 1713 1830 1742 herbarum

1040 1766 1132 1794 succis
1148 1764 1189 1792 vel
1216 1763 1356 1796 arborum,
1374 1762 1417 1789 vel
1440 1761 1522 1789 etiam
1545 1760 1716 1788 metallorum
1745 1759 1829 1791 vertis,

1041 1811 1085 1839 vel
1109 1810 1288 1838 animantium
1304 1808 1418 1836 naturis.
1445 1807 1586 1843 profutura
1602 1804 1764 1841 corporibus
1778 1811 1830 1832 tue-

1042 1858 1193 1885 dicamenta
1208 1856 1357 1890 componit.
1379 1854 1432 1882 Sed
1449 1854 1546 1881 herbas
1562 1853 1628 1880 istas
1641 1852 1665 1879 si
1681 1851 1746 1886 quis
1766 1851 1831 1878 forte

1042 1909 1188 1938 antequam
1213 1910 1262 1938 pro
1280 1901 1385 1928 ratione
1406 1900 1474 1927 artis
1489 1903 1686 1934 componantur
1704 1897 1830 1933 aspiciat,

1041 1949 1174 1983 siquidem
1200 1948 1226 1975 in
1242 1948 1327 1983 agris,
1344 1950 1390 1973 aut
1408 1945 1559 1976 montibus.
1577 1945 1651 1971 velut
1673 1943 1766 1971 fenum
1782 1941 1831 1968 vile

1042 1994 1184 2023 conculcat
1207 2000 1234 2021 et
1260 1993 1391 2029 prmterit.
1422 1992 1452 2019 Si
1479 1998 1544 2019 vero
1568 1997 1615 2018 eas
1637 1990 1709 2017 intra
1737 1987 1830 2016 medici

1042 2040 1164 2068 scholam
1182 2039 1329 2074 dispositas
1344 2045 1393 2072 per
1407 2037 1532 2064 ordinem
1550 2035 1661 2068 viderit,
1688 2034 1753 2061 licet
1768 2033 1831 2060 odtv

1044 2094 1101 2114 rem
1125 2086 1243 2118 tristem,
1269 2084 1368 2111 fortem
1386 2087 1411 2110 et
1434 2086 1571 2110 austerum
1592 2081 1719 2114 reddant,
1744 2085 1830 2107 tamen

1042 2132 1226 2168 suspicabitur
1238 2138 1285 2158 eas
1297 2137 1369 2157 cura:
1383 2128 1426 2156 vel
1439 2128 1549 2156 remedii
1565 2127 1666 2162 aliquid
1679 2127 1830 2156 continere,

1008 2183 1030 2210 ι)
1044 2178 1148 2206 etiamsi
1167 2177 1286 2204 nondum
1302 2182 1372 2210 qua,
1390 2175 1431 2201 vel
1445 2173 1533 2209 qualis
1546 2174 1581 2200 sit
1604 2172 1730 2200 sanitatis
1745 2178 1777 2198 ac
1792 2176 1829 2196 re-

1046 2224 1126 2252 medii
1144 2224 1239 2255 virtus,
1258 2221 1409 2257 agnoverit.
1441 2219 1505 2247 llaae
1521 2219 1555 2247 de
1572 2218 1762 2246 communibus
1777 2222 1829 2243 me-

1046 2271 1115 2299 dicis
1132 2270 1259 2298 diximus.
1285 2266 1354 2296 Veni
1371 2274 1441 2295 nunc
1463 2266 1496 2293 ad
1513 2264 1605 2293 Iesum
1624 2264 1762 2291 cwlestem
1778 2268 1829 2289 me-

1046 2318 1149 2351 dicum,
1163 2317 1232 2344 intra
1249 2315 1282 2343 ad
1298 2315 1370 2343 hanc
1385 2314 1530 2342 stationem
1545 2311 1686 2340 medicinae
1710 2309 1767 2344 ejus
1779 2307 1829 2336 Ec-

1048 2363 1168 2396 clesiam,
1186 2363 1246 2389 vide
1261 2361 1298 2389 ibi
1319 2361 1502 2396 languentium
1514 2359 1607 2393 jacere
1621 2356 1829 2384 multitudinem.

1049 2409 1130 2437 Venit
1146 2409 1253 2441 mulier.
1277 2416 1336 2443 qua
1361 2415 1394 2435 ex
1408 2412 1486 2442 partu
1509 2405 1647 2434 immunda
1669 2403 1764 2431 effecta
1780 2405 1830 2431 est.

1049 2455 1126 2482 venit
1148 2455 1283 2489 leprosos.
1308 2455 1353 2489 qui
1369 2460 1445 2481 extra
1470 2457 1558 2481 castra
1577 2455 1717 2486 separatus
1727 2452 1770 2476 est
1783 2453 1830 2482 pro

1051 2500 1220 2528 itnmunditia
1246 2500 1339 2534 leprac,
1365 2502 1493 2533 quternnt
1514 2505 1529 2525 ι
1556 2497 1662 2524 medico
1685 2493 1829 2522 remedium

1049 2546 1186 2580 quomodo
1211 2551 1353 2577 sanentur,
1375 2543 1512 2580 quomodo
1532 2542 1711 2573 mandentur;
1726 2543 1752 2566 et
1771 2537 1830 2572 quia

1049 2591 1127 2620 Jesus
1143 2593 1186 2620 ltic
1209 2593 1256 2627 qui
1274 2592 1394 2619 medicus
1409 2591 1519 2626 est,ipse
1535 2594 1578 2618 est
1599 2593 1627 2616 et
1643 2586 1759 2622 Verbum
1774 2583 1828 2615 Dei,

1050 2638 1130 2673 aegris
1146 2639 1202 2666 suis
1215 2646 1268 2666 non
1292 2638 1438 2666 herbarum
1453 2636 1554 2669 succis,
1569 2635 1616 2663 sed
1631 2634 1772 2661 verborum
1787 2636 1827 2656 sa-

1052 2685 1200 2712 cramentis
1224 2684 1419 2712 medicamenta
1440 2682 1590 2718 conquirit.
1610 2679 1828 2715 Quatverborum

1053 2729 1249 2758 medicamenta
1270 2730 1292 2758 si
1320 2730 1381 2764 quis
1408 2729 1535 2756 incttltins
1550 2735 1597 2763 per
1613 2727 1695 2754 lib-ros
1708 2728 1828 2757 tauquam

250 2815 273 2832 '°
284 2814 370 2843 Levii.
390 2823 426 2847 ιι,
444 2815 486 2842 15.
524 2814 545 2833 ⁷¹
558 2813 636 2841 Joan.
651 2812 747 2845 ttt,90.
785 2812 807 2828 ⁷¹
819 2811 908 2838 Levit.
922 2818 960 2837 xtt
972 2818 987 2838 e

1053 2818 1071 2837 ι.
1109 2809 1132 2825 ⁷³
1143 2808 1240 2837 Matth.
1255 2817 1290 2838 nt.
1308 2807 1352 2841 l2,
1365 2807 1409 2835 Π.
