1894 3059
115 120 166 148 493

696 116 730 143 lN
750 115 938 143 LEVITICUM
960 114 1101 142 llOMlLlA
1119 116 1186 144 V'lil.

1702 117 1749 143 ΕΜ

114 184 163 210 per
186 183 267 211 agros
284 176 373 204 videat
388 182 449 203 esse
472 175 608 210 dispersa,
639 176 767 210 ignorans
789 175 911 211 singulo-
927 177 948 204 A
967 186 976 202 1
993 174 1043 204 Ubi
1059 182 1148 204 autem
1168 175 1241 203 venit
1257 175 1395 210 plenitudo
1409 179 1572 210 temporum,
1589 175 1660 201 misit
1681 176 1751 201 Deus

113 229 173 248 rum
187 222 324 249 dictorum
342 222 479 254 virtutem,
495 225 524 247 ut
541 221 602 248 vilia
623 222 679 248 haec
693 226 720 248 et
738 221 841 248 nullum
853 228 910 248 ser-

113 268 203 294 monis
232 267 336 294 cultutu
364 267 504 298 habentia,

530 267 691 302 printeribit.
723 267 774 300 Qui
796 274 860 294 vero
877 274 909 293 ex

112 313 205 347 aliqua
219 318 298 348 parte
310 313 436 340 didicerit
450 313 603 340 animarum
616 314 684 347 apud
698 313 835 339 Christum
850 319 910 340 esse

113 362 289 393 medicinam,
319 361 447 396 intelliget
471 360 593 394 profecto
614 367 649 386 ex
668 359 710 386 his
727 359 804 387 libi-is
819 359 865 394 qui
883 360 908 386 in

112 407 240 435 Ecclesia
259 407 420 439 recitantur,
438 411 567 441 tanquam
584 413 615 432 ex
630 405 702 438 agris
715 411 743 432 et
757 405 907 437 montibus,

111 453 254 481 salutares
280 453 380 480 herbas
404 459 542 479 assumere
559 456 785 485 unumquemque"
798 451 906 483 debere,

112 507 274 528 sermonum
294 499 427 526 duntaxat
442 499 497 525 vim
511 506 519 530 ;
547 501 575 524 ut
591 497 612 525 si
628 497 688 531 quis
704 497 739 524 illi
754 496 809 532 (ll)
823 502 863 524 est
880 497 906 524 in

111 547 206 573 anima
229 545 354 580 languor,
370 551 424 571 non
449 548 506 571 tam
524 543 669 571 exterioris
687 543 791 571 frondis
805 547 906 571 eteor-

112 592 176 619 licis
190 598 274 626 quam
297 590 372 618 succi
394 589 536 617 interioris
555 589 650 616 hausta
666 589 766 616 virtute
781 593 904 616 sanetur.

111 638 260 665 Videamus
276 645 343 673 ergo
358 638 499 664 adversum
524 635 724 662 immunditiam
749 639 854 669 partus,
880 640 907 662 et

111 684 303 719 (ontagionem
329 683 421 717 lepra,
448 689 567 716 praesens
592 681 653 708 bace
677 680 758 708 lectio
773 689 853 715 quam
869 682 906 708 di-

110 736 201 762 versa,
227 733 254 756 et
273 735 356 764 quam
373 727 449 755 varia
465 726 686 761 puriﬁcationem
703 727 902 755 medicamenta

109 776 253 803 conﬁciat.

146 821 174 848 2.
199 830 209 847 1
228 821 261 848 Et
276 820 380 848 locutus
404 824 456 852 est,
472 819 605 854 inquit",
627 820 756 848 Dominus
768 820 801 847 ad
827 819 904 856 Moy-

110 874 159 894 sen
173 868 269 894 dicens
285 875 292 893 :
307 866 430 900 Loquere
453 865 516 893 ﬁliis
539 864 631 898 lsrael,
657 870 685 893 et
700 866 774 893 dices
787 866 819 892 ad
833 855 903 893 eos:
922 855 943 885 Β
959 864 1033 892 nulla
1053 866 1224 901 perstringit.
1242 866 1272 894 Si
1300 874 1365 902 ergo
1401 871 1475 895 recte
1500 867 1602 895 dicitur
1629 868 1671 895 vir
1700 876 1750 902 pro

110 912 209 939 Mulier
225 920 393 947 quaecunque
418 912 576 947 conceperit
598 919 704 944 semen,
723 917 749 938 et
770 912 905 946 pepererit

109 959 276 991 masculum,
296 958 435 985 immunda
450 959 503 986 erit
517 963 620 993 septem
635 958 740 986 diebus.
755 968 765 984 ι

108 1005 262 1041 Ιίαρέλκειν
279 1004 334 1040 (12)
352 1004 422 1036 δόξει
438 1005 468 1031 τό
482 1012 489 1019 ·

111 1063 120 1080 1
152 1054 217 1080 Ἐὰν
240 1052 431 1088 σπερματισθῇ
445 1071 453 1084 ,
479 1061 489 1078 ι

109 1099 331 1134 προτασσόμενον
345 1097 391 1125 τοῦ
402 1106 425 1122 ·ι
437 1098 491 1125 Καὶ

107 1147 175 1182 τέκῃ
193 1147 286 1181 ἄρσεν.
300 1155 310 1170 ι
342 1145 412 1172 Ἀλλ’
430 1145 491 1180 ὲφί-

109 1201 192 1228 στημι
211 1193 315 1228 μήπατε
329 1193 372 1218 ἵνα
386 1201 492 1228 προφη-

107 1239 193 1271 τικῶς
219 1240 235 1274 ἡ
262 1239 357 1274 Μαρία
384 1239 435 1265 οὐκ
460 1240 492 1265 ἐκ

107 1287 155 1313 τοῦ
166 1286 383 1322 ἐστκρματίσθαι
395 1285 492 1313 τεκοῦ-

109 1344 143 1361 σα
161 1335 256 1370 ἄρσεν,
273 1335 310 1370 μὴ
330 1334 444 1370 νομισθῇ
458 1334 489 1361 ἁ-

107 1381 247 1418 ιὰθαρτος
271 1379 339 1408 εῖναι
358 1389 489 1416 γεγεννη-

107 1430 173 1456 tota
184 1428 231 1454 τὸν
243 1428 367 1463 Σωτῆρα,
382 1428 489 1463 εἴρηται

107 1476 169 1503 ὅλον
193 1475 281 1501 τοῦτο.
314 1474 439 1501 Ἐδύνατο
463 1474 490 1500 δὲ

108 1522 156 1548 καὶ
165 1522 203 1558 μὴ
212 1520 412 1556 προσκειμένου
423 1519 470 1546 τοῦ
481 1527 487 1535 ·

109 1579 120 1594 1
136 1569 182 1596 ἐὰν
199 1567 400 1603 σπερματισοῇ,
417 1577 426 1592 ι
447 1575 488 1593 νο-

108 1613 197 1639 εῖσθαι
224 1611 262 1647 μὴ
282 1609 348 1637 οὖσα
368 1610 490 1646 ἀκάθαρ-

106 1667 151 1690 τος
172 1658 189 1693 ἡ
207 1656 312 1692 Μαρία.
339 1657 375 1683 Οῢ
390 1657 444 1692 γὰρ
459 1658 488 1684 ἁ-

106 1705 181 1737 πλῶς
194 1703 228 1740 ἦν
243 1704 321 1739 γυνὴ,
337 1704 404 1731 ἀλλὰ
419 1713 489 1740 παρ-

103 1752 191 1783 οένος.

526 1004 546 1039 -ῑη
576 1003 671 1032 Primo
700 1003 905 1032 consideremus

523 1054 676 1080 secundqu
697 1051 851 1084 historiam,
880 1052 904 1080 si

527 1106 580 1126 non
595 1099 701 1126 videtur
717 1098 794 1133 quasi
810 1105 843 1126 ex
856 1106 906 1126 sa—

527 1143 628 1177 peiﬁuo
647 1143 766 1171 additum
785 1152 794 1169 1
809 1143 905 1171 mulier

526 1197 587 1223 qua:
628 1190 778 1223 susceperit
811 1196 903 1217 semen

527 1235 595 1271 (t5),
607 1240 633 1262 et
645 1236 780 1270 pepererit
795 1243 904 1263 mascu-

528 1283 616 1314 lum,a
638 1283 717 1317 quasi
744 1282 829 1318 possit
853 1282 904 1309 ali-

521 1334 566 1357 ter
577 1329 725 1357 mascultmt
736 1336 842 1364 parere,
851 1330 904 1357 nisi

526 1376 630 1403 semine
663 1379 806 1411 concepto.
850 1375 904 1403 Sed

525 1431 578 1449 non
589 1430 622 1449 ex
639 1422 773 1457 superﬂuo
786 1422 903 1450 additur.

525 1469 565 1496 Ad
581 1469 773 1496 discretionem
789 1475 905 1503 namque

528 1514 608 1548 illius,
635 1522 696 1549 qua:
722 1515 780 1541 sine
802 1515 903 1541 semine

525 1563 651 1596 concepit
659 1567 686 1590 et
695 1562 810 1598 peperit,
822 1562 902 1589 istum

525 1617 677 1637 sermonem
710 1617 759 1644 pro
796 1609 904 1637 caneris

526 1656 581 1692 (14)
607 1656 769 1683 mulieribus
793 1656 903 1690 legisla-

527 1707 569 1729 tor
586 1701 684 1737 adjecit
703 1711 710 1729 :
729 1706 824 1729 utnon
842 1708 902 1730 om-

523 1757 585 1777 nem
604 1749 744 1776 mulierem
767 1757 828 1784 quae
850 1757 900 1785 pc-

107 1798 234 1832 perisset,
254 1796 408 1830 designaret
420 1795 596 1827 immundam,
612 1794 659 1821 sed
666 1801 726 1821 eam
736 1802 796 1828 qua:
804 1802 902 1823 conce-

104 1850 151 1877 pto
167 1843 275 1870 semine
290 1842 450 1877 peperisset.
479 1841 548 1867 Addi
564 1847 672 1875 quoque
697 1841 730 1867 ad
750 1841 802 1867 hoc
815 1841 900 1868 etiam

106 1889 171 1916 illud
187 1893 289 1923 potest.
306 1888 376 1921 quod
391 1887 434 1913 lex
450 1886 513 1918 ista,
526 1893 586 1920 quae
597 1886 629 1912 de
642 1886 813 1913 immunditia
830 1887 899 1913 seria

107 1935 193 1965 hitur,
207 1934 241 1960 ad
259 1933 386 1959 mulieres
398 1931 481 1967 229
496 1931 623 1966 pertinet.
655 1931 691 1957 De
707 1931 791 1958 lllaria
807 1937 897 1959 autem

103 1981 223 2012 dicitur,
251 1979 314 2014 quia
339 1979 414 2014 virgo
440 1978 581 2013 concepit,
610 1982 637 2006 et
660 1977 774 2013 peperit.
801 1972 901 2005 Ferant

99 2036 169 2063 ergo
198 2027 267 2062 legis
292 2034 375 2053 onera
401 2025 544 2057 mulieres,
574 2024 693 2059 virgines
717 2031 782 2050 vero
805 2022 838 2051 ab
858 2023 901 2050 his

104 2075 263 2101 habeantur
289 2073 434 2100 immunes.
459 2071 513 2099 Sed
540 2071 561 2098 si
591 2070 670 2097 nobis
689 2069 785 2105 aliquis
803 2077 901 2097 occur-

105 2125 146 2147 rat
175 2124 307 2155 argtitus,
337 2123 364 2145 et
392 2118 464 2145 dicat
489 2116 551 2152 quia
583 2120 611 2143 et
639 2115 720 2142 Maria
749 2115 847 2142 mulier
874 2115 901 2142 in

102 2165 260 2201 Scripturis
279 2164 436 2192 nominatur
453 2173 458 2190 :
474 2163 514 2190 sic
527 2162 601 2190 enim
620 2161 684 2190 dicit
701 2161 847 2195 Apostolus
857 2161 899 2187 ’5:

428 2217 502 2246 Vers.
515 2226 576 2245 nov.

137 2251 227 2288 Illud,
244 2261 252 2277 1
268 2250 297 2278 Si
320 2218 587 2288 ganeiei’i‘irsleinie‘ii,
604 2263 613 2279 ι
638 2254 709 2288 quod
727 2256 892 2288 prwponitur

101 2287 141 2312 his
157 2287 243 2313 verbis
260 2294 268 2312 :
283 2296 291 2311 1
308 2287 341 2313 Et
358 2293 485 2321 pepererit
501 2289 657 2321 masculum,
672 2299 680 2313 ι
694 2287 824 2316 videbitur
839 2299 893 2317 esse

100 2323 274 2356 superﬂuunt.
290 2321 342 2348 Sed
357 2322 414 2348 vide
423 2331 453 2349 ne
465 2323 533 2356 {orte
548 2324 654 2350 omnino
664 2323 719 2350 [nec
732 2325 810 2351 simul
823 2326 895 2353 dicta

100 2357 161 2390 sint,
180 2365 212 2384 ne
225 2357 316 2384 Maria
330 2365 388 2391 qua’
401 2358 481 2392 juxta
503 2358 640 2392 prop/tela:
655 2359 753 2386 semine
765 2368 817 2386 non
846 2369 895 2387 au-

134 2461 157 2478 "
169 2461 256 2489 Levii.
270 2469 319 2494 xit,
330 2461 347 2488 2

411 2462 433 2478 "
447 2461 537 2490 Galat.
561 2470 597 2497 tv,
616 2463 644 2490 4.

134 2520 192 2554 (Η)
209 2519 304 2555 Codex
323 2519 478 2555 Sangerm.,
493 2529 503 2545 1
515 2519 564 2547 illi.
575 2530 585 2546 ι
601 2520 680 2548 Libb.
694 2521 770 2553 editi,
789 2530 798 2547 1
811 2521 866 2549 ille.
880 2531 889 2548 ι

130 2555 191 2590 (12)
207 2554 301 2582 Grzeca
327 2554 423 2582 btec'in
441 2556 567 2582 oumibus
583 2555 640 2583 fere
661 2556 773 2584 Catenis
788 2555 891 2584 Graecis

101 2598 166 2616 mss.
184 2590 368 2623 reperiuntur.

132 2625 190 2660 (i5)
206 2625 309 2652 Codex.
323 2625 479 2660 Sangerm.,
498 2634 507 2651 1
525 2632 585 2659 quae
595 2625 747 2660 susceperit
761 2633 865 2654 semen.
878 2635 888 2653 ι

99 2657 185 2687 Libb.
194 2660 273 2693 editi,
293 2668 302 2685 1
315 2667 374 2693 quae
382 2657 544 2694 conceperit
557 2668 660 2687 semen.
673 2657 682 2686 ἱ

132 2695 192 2730 (Η)
202 2694 293 2722 Codex
307 2695 449 2729 Sangerm.
460 2700 487 2721 et
500 2695 556 2727 alii,
570 2704 581 2721 1
593 2703 642 2730 pro
654 2696 770 2723 caeteris.
782 2705 791 2722 ι
807 2695 885 2724 Libb.

99 2731 175 2763 editi,
192 2737 270 2763 1prce
292 2731 410 2757 caeteris.
422 2739 431 2756 ι
456 2730 525 2756 lut'ra
541 2731 611 2758 idem
629 2739 693 2761 ηις..
715 2739 728 2756 1
743 2731 777 2758 ad
792 2731 887 2758 mulie-

100 2773 141 2791 ro-s
168 2766 297 2799 pertinet.
312 2775 322 2791 ι
354 2765 433 2793 Libb.
454 2765 531 2798 editi,
557 2766 610 2794 «αα
636 2766 778 2794 mulierem
801 2767 886 2801 perti-

99 2805 153 2826 net.
166 2809 176 2826 Ι

134 2835 189 2865 H5)
200 2835 276 2863 Libri
288 2841 368 2863 antea
381 2836 457 2869 editi,
477 2845 485 2862 1
502 2836 561 2870 quia
592 2844 640 2871 pro
666 2837 804 2865 communi
828 2845 886 2864 om-

917 1533 938 1562 C

693 2463 716 2478 "
729 2463 841 2497 Genes.,
866 2473 939 2497 xxiv,
957 2465 982 2493 5.

945 2697 990 2725 ως
1006 2708 1014 2724 ι
1029 2697 1094 2725 Mss.
1115 2704 1142 2725 ut
1157 2700 1185 2726 in
1197 2705 1291 2726 nostro
1307 2697 1394 2727 textui.

963 223 1062 250 Filium
1076 230 1167 255 suum,
1181 221 1282 250 factum
1299 229 1332 249 es
1351 222 1475 254 muliere,
1493 222 1593 249 factum
1607 223 1657 248 sub
1681 221 1749 255 ιι-ςσι,

964 270 993 292 ut
1005 273 1053 293 cos
1070 267 1115 300 qui
1130 266 1180 293 sub
1196 266 1255 301 lege
1267 270 1348 293 erant
1379 266 1543 299 redimeret;
1566 275 1576 291 ι
1604 267 1751 301 responde-

963 311 1054 339 bimus
1068 312 1107 344 ei,
1124 312 1187 346 quia
1207 312 1233 338 iu
1245 312 1298 338 hoc
1310 311 1460 346 Apostolus
1478 311 1616 339 mulierem
1633 320 1685 339 nou
1699 320 1750 347 pro

962 357 1115 392 corruptela
1131 358 1313 391 integritatis,
1327 358 1373 385 sed
1390 365 1438 392 pro
1467 365 1547 385 sexus
1574 358 1675 386 indicio
1703 366 1751 385 no-

963 404 1134 437 minavit;ut
1148 404 1211 439 quia
1230 404 1339 431 dicebat
1356 404 1454 432 Filium
1471 405 1516 432 Dei
1534 405 1750 436 missum,simul

961 456 988 478 et
1005 451 1069 478 illud
1086 451 1157 485 quod
1175 451 1314 478 comtuuui
1332 451 1454 478 omnium
1467 451 1594 486 ingressu
1618 450 1649 477 in
1678 452 1750 479 hunc

961 498 1090 523 mundum
1107 496 1164 531 (l5)
1178 496 1308 528 venisset,
1323 501 1482 531 exponeret.
1492 497 1538 524 Est
1549 505 1629 532 porro
1645 503 1671 525 et
1682 503 1750 524 πήδη

963 543 996 569 tis
1010 542 1081 569 istud
1097 542 1273 575 vocabulum,
1299 543 1359 577 ejus
1381 543 1508 575 scilicet,
1534 551 1587 578 qua
1617 544 1752 572 fcininiuo

961 588 1036 615 sexui
1055 589 1088 615 de
1099 588 1178 615 minis
1195 588 1347 623 pubertatis
1359 589 1511 621 exceditnr.
1529 594 1557 617 et
1570 590 1605 616 ad
1625 590 1654 617 id
1681 595 1750 618 tem-

958 641 1020 668 pus,
1033 641 1088 668 quo
1104 634 1201 661 habilis
1217 634 1276 660 viro
1292 633 1417 662 videatur
1432 643 1504 667 esse,
1523 637 1658 664 transitur
1680 637 1748 670 (l6).

959 679 1073 708 Sicutet
1091 683 1247 710 econtrario
1262 683 1304 710 vir
1319 683 1506 717 appellaturis
1525 683 1570 717 qui
1589 683 1749 710 mlolesec-u-

959 726 1004 753 tia:
1017 731 1123 761 tempus
1136 729 1297 761 excesserit,
1311 729 1420 756 etiamsi
1435 737 1547 756 uxorem
1565 730 1683 757 nondum
1703 730 1751 757 ha-

959 773 1031 805 beat,
1046 772 1123 806 cujus
1138 774 1180 800 vir
1195 781 1255 802 esse
1270 775 1395 807 dicatur;
1423 782 1479 810 quo
1494 775 1604 802 nomine
1615 775 1749 810 appellari

958 818 1045 845 solent
1061 819 1141 846 etiam
1159 819 1196 852 hi,
1210 827 1277 854 quos
1290 820 1415 848 femineae
1438 821 1612 848 adniistionis
1643 822 1749 849 macula

956 911 1013 938 sola
1031 912 1101 939 virili
1119 917 1199 940 aetate
1216 913 1282 948 (17),
1300 914 1383 940 etiam
1407 914 1431 941 is
1460 914 1507 948 qui
1524 914 1625 942 nullius
1642 914 1750 942 admis-

958 957 1058 985 tionem
1080 958 1187 986 feminas
1201 959 1310 987 noverit
1325 968 1332 986 :
1351 961 1488 995 quomodo
1501 968 1554 988 non
1569 960 1665 988 eadem
1679 969 1749 988 eon-

956 1004 1098 1038 sequeutia
1112 1005 1195 1031 etiam
1217 1005 1295 1041 virgo
1309 1013 1371 1041 quae
1402 1007 1564 1034 intemerata
1589 1008 1748 1042 permansit,

957 1056 1006 1083 pro
1020 1049 1076 1076 sola
1096 1050 1184 1077 astatis
1201 1051 1360 1078 maturitate
1374 1051 1474 1079 mulier
1503 1052 1749 1088 nominaturllB)?

957 1093 1080 1128 Denique
1093 1100 1120 1122 et
1139 1096 1278 1123 Abraham
1295 1105 1357 1124 cum
1382 1105 1496 1132 puerum
1522 1101 1643 1126 mitteret
1664 1099 1750 1126 Meso-

958 1141 1104 1173 potamiam
1130 1142 1157 1168 in
1191 1143 1301 1170 domum
1316 1143 1459 1172 Bathuelis
1483 1150 1513 1172 ut
1528 1146 1589 1172 inde
1613 1146 1750 1180 acciperet

957 1185 1031 1213 lsaac
1045 1186 1100 1214 ﬁlio
1116 1194 1166 1214 suo
1179 1196 1302 1222 uxorem,
1323 1194 1352 1216 et
1371 1197 1438 1223 puer
1451 1191 1587 1219 curiosius
1603 1196 1748 1227 perconta‘

957 1236 1045 1265 retur,
1063 1232 1099 1259 ait
1113 1233 1148 1260 ad
1161 1241 1224 1260 eum
1237 1234 1284 1262 7‘:
1313 1244 1323 1261 1
1345 1235 1423 1269 Quod
1453 1236 1477 1264 si
1504 1237 1623 1265 noluerit
1652 1238 1750 1264 mulier

957 1277 1033 1311 sequi
1050 1285 1103 1311 me,
1117 1279 1246 1306 reducam
1276 1279 1360 1307 ﬁlium
1391 1286 1467 1308 tulim
1499 1282 1608 1310 illuc?»
1638 1288 1666 1310 et
1692 1291 1747 1311 non

956 1321 1034 1356 dixit,
1053 1323 1124 1357 quod
1142 1324 1165 1351 si
1181 1324 1299 1352 noluerit
1315 1326 1392 1362 virgo
1410 1327 1486 1362 sequi
1515 1335 1569 1355 me.
1596 1328 1659 1356 Habe
1680 1336 1748 1363 ergo

957 1367 1028 1395 dicta
1044 1369 1099 1396 sint
1111 1370 1189 1397 nobis
1206 1370 1239 1397 de
1255 1378 1288 1398 eo
1301 1373 1373 1406 quod
1387 1373 1592 1401 observavimus
1602 1375 1747 1409 scriptum.

957 1415 1020 1449 quia
1042 1422 1095 1442 non
1114 1416 1253 1451 superﬂuo
1283 1419 1387 1446 addidit
1410 1419 1551 1454 legislatur
1562 1421 1596 1453 "",
1621 1430 1633 1447 1
1651 1422 1748 1449 mulier

956 1461 978 1488 si
1004 1462 1162 1497 conceperit
1190 1470 1304 1496 semen,
1325 1470 1354 1492 et
1379 1467 1515 1500 pepererit
1538 1467 1639 1501 ﬁlium;
1659 1477 1671 1494 θ
1700 1469 1747 1496 sed

956 1515 1017 1535 esse
1032 1509 1225 1544 exceptionem
1238 1511 1396 1546 mysticam,
1410 1519 1471 1547 quae
1490 1513 1576 1541 solam
1603 1513 1716 1542 Mariam
1731 1524 1746 1542 a

956 1553 1069 1588 reliquis
1091 1555 1252 1583 mulieribus
1275 1562 1446 1592 segregaret,
1472 1558 1550 1593 cujus
1576 1565 1670 1594 partus
1693 1569 1746 1588 non

954 1606 986 1625 ex
1000 1601 1178 1635 conceptione
1200 1603 1332 1634 seminis,
1351 1604 1398 1631 sed
1426 1611 1462 1631 ex
1489 1606 1633 1639 praesentia
1656 1607 1747 1634 sancti

955 1644 1074 1679 Spiritus
1091 1651 1119 1673 et
1132 1647 1234 1675 virtute
1252 1648 1382 1676 ditissimi
1401 1650 1491 1678 fuerit.

987 1694 1014 1721 5.
1030 1693 1108 1722 Nunc
1127 1703 1193 1724 vero
1207 1697 1263 1732 (19)
1284 1699 1456 1732 requiramus
1470 1701 1553 1728 etiam
1574 1701 1659 1735 illud,
1678 1702 1744 1736 quid

953 1746 1042 1767 causa:
1054 1741 1173 1776 sitquod
1194 1743 1293 1770 mulier
1303 1752 1365 1779 qua:
1391 1746 1416 1772 in
1431 1746 1482 1774 hoc
1501 1748 1602 1775 mundo
1629 1756 1745 1776 nascen-

955 1786 1026 1813 tibus
1042 1787 1223 1816 ministerium
1238 1791 1350 1824 priebcl,
1368 1800 1420 1819 non
1444 1793 1530 1821 solum
1558 1802 1621 1822 cum
1650 1804 1744 1824 semen

954 1834 1108 1868 susceperit
1123 1834 1260 1862 immunda
1279 1837 1336 1863 ﬁeri
1353 1838 1469 1872 dicitur,
1491 1839 1536 1866 sed
1559 1845 1589 1867 et
1609 1848 1671 1868 cum
1694 1849 1743 1876 pe-

952 1880 1062 1913 pererit.
1094 1880 1170 1908 Unde
1204 1887 1228 1910 et
1256 1891 1306 1916 pro
1332 1884 1524 1918 puriﬁcatione
1552 1893 1601 1912 sua
1632 1886 1744 1921 iubetur

953 1923 1051 1952 oIerre
1066 1925 1153 1960 pullos
1165 1927 1348 1960 columbinos,
1367 1933 1414 1956 aut
1433 1934 1557 1958 turtures
1576 1938 1626 1965 pro
1643 1939 1742 1966 pecca-

953 1973 990 2002 to,
1008 1969 1042 1996 ad
1053 1969 1155 1997 ostium
1171 1971 1342 2000 tabernaculi
1360 1973 1534 2008 testimonii,
1564 1980 1593 2003 ut
1620 1977 1743 2011 repropi-

951 2014 999 2042 tiet
1016 2021 1065 2049 pro
1093 2015 1149 2050 ipsa
1170 2018 1315 2051 sacerdos;
1341 2020 1420 2053 quasi
1450 2027 1511 2055 quae
1539 2023 1742 2056 repropitiatio-

953 2067 1013 2087 nem
1029 2060 1137 2093 debeat,
1153 2066 1179 2088 et
1199 2063 1419 2097 puriﬁcationem
1439 2067 1542 2100 peccati
1559 2074 1609 2101 pro
1626 2069 1742 2103 eoquod

951 2105 1073 2132 nascenti
1087 2107 1113 2133 in
1132 2107 1183 2134 hoc
1202 2109 1303 2135 mundo
1333 2109 1435 2137 homini
1465 2111 1649 2139 ministerium
1676 2121 1743 2147 prai-

950 2152 1016 2180 buit.
1034 2152 1080 2180 Sic
1095 2154 1168 2180 enim
1189 2155 1322 2189 scriptum
1338 2162 1379 2184 est
1391 2157 1414 2173 ⁷³
1437 2166 1443 2184 :
1461 2167 1470 2183 1
1493 2158 1526 2185 Et
1546 2160 1738 2195 repropitiahit

909 2225 930 2252 D
945 2231 1031 2266 sceptg
1041 2224 1138 2266 (reperit
1153 2225 1311 2266 "tusculum,
1323 2233 1462 2266 putaretur
1474 2229 1610 2257 immunda
1624 2239 1679 2258 esse
1692 2239 1738 2266 ge-

945 2260 999 2300 nito
1013 2258 1158 2300 Salv/itare.
1175 2259 1227 2286 Sed
1242 2258 1338 2296 absque
1354 2263 1458 2300 Iun-unt
1468 2272 1558 2300 vocum
1569 2258 1716 2300 ailjectimie
1729 2274 1738 2291 :

948 2303 957 2318 1
970 2293 999 2320 Si
1010 2295 1156 2334 conceperit
1167 2302 1267 2335 neuneu,
1279 2293 1406 2335 {poterat
1420 2299 1504 2335 retium
1520 2293 1610 2326 Mariti
1625 2301 1739 2335 intelligi

947 2337 998 2367 non
1009 2337 1064 2367 esse
1075 2329 1223 2358 immunda.
1243 2330 1306 2358 Non
1319 2334 1387 2360 enim
1402 2334 1458 2367 tim,
1467 2333 1555 2361 liciter
1568 2341 1623 2362 erat
1634 2329 1738 2367 mulier,

948 2364 992 2389 ted
1007 2365 1089 2398 uirgo.

1039 2467 1060 2481 ⁷⁷
1076 2466 1163 2494 Levil.
1180 2476 1230 2500 ιιι,
1247 2468 1275 2496 2.
1313 2469 1336 2485 ”
1350 2470 1414 2497 ibid.
1430 2470 1456 2497 7.

946 2523 1019 2550 nium
1032 2523 1087 2549 vita
1102 2523 1240 2565 ingressus
1262 2525 1289 2552 in
1313 2526 1385 2553 hunc
1400 2527 1541 2560 mundum,
1557 2537 1567 2554 ι
1593 2533 1638 2556 etc
1655 2549 1663 2564 ,
1685 2530 1733 2557 sed

944 2565 1040 2586 omnes
1057 2566 1121 2585 mss.
1140 2563 1170 2586 ut
1185 2563 1212 2587 in
1228 2566 1320 2588 nostro
1331 2565 1415 2588 textu.

948 2593 1038 2655 ll£16)
1063 2593 1139 2626 Mss...
1170 2603 1179 2620 1
1200 2595 1341 2624 transitur.
1357 2606 1368 2622 ι
1395 2595 1473 2624 Libb.
1493 2597 1574 2630 editi,
1599 2607 1609 2624 1
1632 2599 1736 2628 transis

960 2637 966 2654 t
993 2648 999 2654 .
1016 2637 1025 2653 ι

960 2637 999 2654 us.
1016 2637 1025 2653 ι

981 2663 1138 2703 (17)]ιίὺ1).
1156 2664 1232 2703 editi,
1247 2674 1256 2690 1
1270 2666 1309 2691 vir
1323 2665 1367 2692 ille
1380 2673 1428 2698 pro
1442 2666 1500 2694 sola
1521 2669 1651 2703 temporis
1668 2674 1735 2696 mta-

977 2733 1132 2769 (l8)7Mss.,
1146 2743 1157 2759 1
1178 2735 1342 2762 nominatur.
1361 2745 1370 2761 ι
1390 2735 1469 2764 Libb.
1488 2737 1564 2769 editi,
1583 2747 1593 2762 1
1611 2739 1736 2766 nurnine-

942 2773 1026 2806 tur‘._ri
1043 2768 1114 2806 Infra
1127 2770 1213 2806 co_dex
1233 2769 1389 2804 Sangerm.,
1407 2781 1418 2797 1
1438 2779 1508 2806 puer
1524 2773 1660 2801 curiosus.
1676 2783 1686 2800 ο

976 2804 1031 2837 (l9)
1047 2803 1139 2832 Codex
1153 2803 1310 2841 SangermI,
1327 2815 1336 2832 1
1353 2814 1427 2835 vero.
1438 2803 1455 2833 ἰ
1477 2807 1554 2836 Libb.
1573 2809 1650 2842 editi,
1667 2817 1676 2834 1
1694 2816 1736 2836 er-

939 2845 985 2873 go.
1002 2848 1013 2865 ο
