1894 3058
169 113 219 140 L93

889 110 1049 139 ORIGENIS

1735 109 1792 140 436

167 181 215 207 pro
235 173 291 206 ipsa
310 171 448 204 sacerdos,
465 176 492 199 el
505 171 688 198 numdabitur.
711 181 720 198 ι
737 172 792 207 Ego
810 173 835 199 in
853 173 952 200 talibus
968 175 989 202 Α
1006 177 1094 201 celum
1112 173 1324 208 inleremplurus
1333 176 1400 201 est.»
1421 174 1500 200 \‘ides
1516 180 1580 208 ergo
1596 174 1732 208 quomodo
1762 182 1790 200 ιιι

167 219 234 247 nihil
250 218 336 245 audeo
352 218 453 249 dicere.
465 219 553 246 sentio
565 223 652 245 tamen
665 218 770 246 occulta
784 219 811 246 in
822 219 866 246 his
878 226 951 253 quae-

168 266 228 292 dam
242 265 369 300 mysteria
385 264 529 296 contineri,
546 269 572 291 et
587 271 646 291 esse
661 264 761 299 aliquid
774 264 884 292 Iatetttis
905 272 950 291 ar-

168 311 239 343 cani,
256 318 306 344 pro
321 317 373 344 quo
385 314 411 337 et
428 309 523 336 mulier
536 316 595 343 quae
614 310 769 344 conceperit
785 317 816 337 cx
831 310 948 341 semine,

168 363 193 384 (ιι
211 357 354 392 pepererit,
372 356 510 383 immunda
523 356 640 389 dicatur,
659 361 687 382 et
704 361 831 390 tanquam
847 356 948 390 peccati

169 411 211 431 rea
231 403 329 430 offerre
341 401 468 436 jubeatnr
481 402 597 429 hostiam
612 409 661 436 pro
674 406 796 435 peccato,
810 407 834 428 el
852 402 886 428 ita
901 410 950 435 pu-

167 449 279 475 rilicari.
293 447 346 474 Sed
359 452 386 474 et
410 446 455 474 ille
482 447 539 480 ipse
555 447 600 480 qui
618 447 750 479 nascitur,
772 447 827 473 sive
852 448 949 478 virilis,

165 495 222 521 sive
234 493 343 520 feminei
357 500 438 520 sexus
454 492 500 523 sit,
516 492 672 526 pronuntiat
683 492 715 519 de
729 501 762 519 eo
774 492 914 527 Scriptura
927 492 950 508 ⁷⁸

163 540 226 575 quia
252 547 304 565 non
320 539 357 566 sit
379 548 387 564 ι
405 538 521 565 mundus
533 545 547 563 a
563 538 643 565 sorde
654 557 661 568 .
680 538 785 564 etiamsi
801 539 881 566 unius
897 538 949 565 diei

164 586 198 612 sit
210 585 263 612 vita
278 584 346 619 ejus.
361 593 370 610 ι
387 584 419 611 Et
434 589 464 611 ut
476 584 547 611 scias
558 591 617 611 esse
636 583 661 610 in
678 583 729 610 hoc
745 584 847 618 grande
860 584 950 612 nescio

163 631 240 665 quid,
261 636 287 657 et
304 630 357 657 tale
376 630 447 665 quod
464 629 529 657 nulli
558 633 715 656 sanctormn
747 636 779 656 ex
816 630 949 656 sententia

164 676 280 709 venerit,
298 683 379 703 nemo
393 683 426 702 ex
450 675 577 702 omnibus
595 674 700 702 sanctis
718 675 855 702 invenitur
880 675 948 702 diem

163 722 274 753 festum,
287 721 327 748 vel
341 721 494 748 convivium
507 727 634 755 magnum
648 720 738 755 egisse
751 720 777 747 in
794 721 838 747 die
867 725 950 748 nata-

163 768 195 795 lis
210 767 262 799 sui,
283 774 363 794 nemo
388 766 528 793 invenitur
551 765 680 793 habuisse
700 766 821 793 laetitiam
854 766 881 793 in
906 767 950 794 die

162 812 260 839 natalis
286 811 342 843 lilii,
359 811 401 838 vel
417 810 479 838 tiliae
509 817 575 837 suae.
602 810 659 838 Soli
683 816 842 845 peccatores
868 819 948 846 super

164 857 315 891 Iutjusmodi
331 856 471 883 nativitate
496 855 631 882 laetantur.
653 855 808 883 Inveninms
839 857 939 884 etenim

163 905 188 929 in
208 902 295 930 Veteri
311 901 419 936 quidem
430 899 605 928 Testamento
618 900 641 916 “°
660 900 828 928 Pharaonem
856 908 946 936 regem

162 949 284 984 IEgypti,
299 948 371 976 diem
386 946 483 974 natalis
503 945 546 973 sui
565 953 625 973 cum
641 947 792 975 festivitate
807 947 946 975 celebran-

163 1002 228 1027 tem,
248 995 274 1022 in
290 995 365 1023 Novo
388 1002 452 1022 vero
469 994 643 1022 Testamento
663 993 796 1022 Herodem
811 994 844 1021 ⁸¹.
868 993 946 1021 Uter-

162 1050 216 1076 que
233 1046 321 1068 tamen
349 1048 443 1068 eorum
463 1041 548 1075 ipsam
575 1040 751 1068 festivitatem
781 1039 879 1068 natalis
904 1040 945 1067 sui

162 1087 319 1122 profusione
345 1087 453 1115 humani
469 1087 610 1123 sanguinis
627 1086 794 1114 cruentavit.
811 1086 855 1113 Ille
873 1086 945 1113 enim

160 1133 336 1167 praepositum
365 1133 519 1168 pistorum,
549 1132 593 1160 hic
624 1137 749 1159 sanctum
786 1132 945 1167 prophetam

159 1179 291 1207 Joannem
305 1179 481 1207 obtruncavit
498 1180 525 1206 in
538 1187 661 1207 carcere.
683 1179 776 1206 Sancti
801 1187 867 1206 vero
892 1187 944 1206 non

159 1225 247 1252 solum
265 1233 319 1253 non
336 1230 418 1259 agunt
430 1225 605 1253 festivitatem
622 1226 648 1252 in
662 1225 705 1252 die
718 1225 815 1251 natalis
826 1225 880 1257 sui,
899 1226 946 1253 sed

160 1275 187 1296 et
199 1269 302 1305 Spiritu
325 1274 419 1297 sancto
441 1269 535 1304 repleti
562 1273 740 1297 exsecrantur
768 1270 840 1296 hunc
862 1269 944 1297 diem.

159 1316 251 1351 Neque
265 1316 337 1344 enim
359 1320 450 1343 tantus
478 1323 510 1343 ac
542 1315 608 1342 talis
633 1315 762 1350 propheta
790 1314 944 1350 (Jeremiam

159 1363 231 1394 dico,
247 1362 293 1397 qui
309 1363 336 1389 in
357 1367 434 1390 utero
456 1361 553 1388 matris
570 1361 758 1388 sanctificatus
767 1365 818 1393 est,
832 1365 858 1388 et
882 1368 944 1395 pro-

161 1409 242 1443 pheta
260 1408 285 1435 in
304 1408 429 1442 gentibus
442 1406 630 1442 consecratus)
656 1406 734 1434 libris
762 1406 788 1433 in
811 1411 944 1433 aeternum

159 1454 297 1481 mansuris
308 1453 409 1488 aliquid
421 1452 538 1480 inaniter
551 1452 726 1485 condidisset,
744 1452 794 1479 nisi
810 1457 944 1479 secretum

966 845 986 872 Β

1003 219 1105 253 Spiritu
1121 223 1215 246 saneto
1231 220 1356 254 przedixit
1370 221 1402 246 de
1431 227 1528 255 magno
1551 224 1611 246 ceto
1630 226 1711 253 quem
1747 219 1791 245 itt-

1003 264 1166 291 terfccturus
1181 268 1252 291 esset
1266 263 1405 297 Dominus,
1439 263 1515 297 cujus
1533 268 1611 298 typus
1624 268 1685 291 erat
1711 268 1791 290 cetus

1003 309 1048 336 ille
1060 308 1136 336 Jonas
1153 317 1160 335 :
1177 309 1247 335 unde
1261 314 1288 336 et
1303 309 1443 340 Dominus,
1460 309 1505 343 qui
1524 308 1715 336 interfecturus
1729 314 1793 335 erat

1002 360 1090 383 cetum
1107 356 1187 383 istum
1204 355 1352 388 diabolum,
1365 355 1461 382 dicit"
1478 364 1485 383 :
1511 365 1520 382 ι
1544 356 1620 383 Sicut
1636 355 1710 382 enim
1738 354 1789 381 Jo-

1003 409 1051 428 nas
1067 406 1122 428 tres
1134 401 1192 429 dies
1207 405 1234 428 et
1250 405 1306 428 tres
1322 406 1415 428 nectes
1428 401 1478 428 fuit
1493 403 1520 428 in
1537 407 1632 429 ventre
1647 402 1701 428 ceti
1715 420 1723 433 ,
1749 402 1788 427 ita

1000 452 1108 482 oportet
1121 453 1148 474 et
1170 447 1266 474 Filium
1293 447 1412 475 hominis
1439 455 1500 475 esse
1528 447 1615 474 tribus
1642 448 1740 474 diebus
1761 453 1792 473 et.

1002 494 1087 520 tribus
1100 494 1225 521 noctibus
1247 494 1273 521 in
1301 493 1382 521 corde
1403 498 1494 520 terrm.
1516 502 1525 519 ι
1555 492 1631 526 Quod
1653 492 1675 519 si
1698 492 1791 527 placet

1000 539 1096 566 amiire
1109 540 1172 574 quid
1183 540 1266 568 etiam
1281 541 1326 568 alii
1341 541 1430 568 sancti
1441 540 1474 567 de
1491 540 1542 567 ista
1564 539 1707 566 nativitale
1721 545 1788 565 sen-

1001 585 1098 619 serint,
1115 586 1176 612 audi
1192 586 1275 613 David
1293 587 1427 614 dicentem
1440 586 1484 613 "z
1503 595 1513 612 ‹
1529 585 1558 612 In
1584 584 1789 619 iniquitatibus,

1001 631 1098 665 inquit.
1111 636 1258 666 conceptus
1274 639 1333 659 sum
1345 651 1353 664 ,
1370 637 1396 659 et
1412 632 1438 659 in
1462 631 1581 667 peccatis
1611 631 1715 665 peperit
1745 637 1790 657 me

1001 681 1089 703 mater
1104 684 1178 710 mea;
1194 685 1203 702 ι
1217 677 1364 705 ostendens
1376 678 1447 711 quod
1468 684 1636 712 quaecunque
1653 677 1744 703 anima
1760 677 1789 703 in

1000 728 1083 749 carne
1098 721 1231 752 nascitur.
1248 722 1401 756 iniquitatis
1428 727 1453 749 et
1472 722 1575 756 peccati
1592 721 1673 748 sorde
1689 721 1789 755 pollui-

1002 771 1062 799 tur;
1076 770 1103 793 et
1115 770 1257 800 propterea
1272 766 1373 793 dictum
1388 773 1450 794 esse
1471 765 1548 798 illud,
1560 766 1630 800 quod
1652 765 1715 800 .jam
1742 773 1791 792 su-

1000 811 1091 845 perius
1105 812 1317 839 metnoravimus
1333 821 1340 839 :
1355 812 1417 846 quia
1436 821 1445 838 t
1464 819 1544 840 nemo
1555 813 1670 840 mundus
1685 819 1700 839 a
1726 820 1788 839 sor-

999 857 1042 888 de,
1058 863 1109 883 nec
1121 856 1143 883 si
1160 856 1239 883 unius
1251 856 1304 883 diei
1321 856 1355 884 sit
1367 857 1422 883 vita
1437 856 1507 890 ejus.
1523 865 1533 883 ι
1549 856 1618 883 Addi
1644 857 1687 884 his
1703 857 1788 883 etiam

998 901 1062 929 illud
1081 906 1181 937 potest,
1203 906 1233 929 ut
1261 902 1418 937 requiratur
1442 903 1507 937 quid
1537 909 1626 930 causa:
1651 903 1699 934 sit,
1724 910 1789 929 cum

997 947 1130 982 baptisma
1146 948 1276 976 Ecclesiae
1290 955 1339 982 pro
1356 949 1514 976 remissione
1529 949 1586 984 (Si)
1610 953 1786 983 peccatorum

998 993 1100 1026 detur,
1132 994 1282 1022 secundum
1308 993 1434 1022 Ecclesia:
1467 995 1668 1022 observantiam
1701 995 1788 1022 etiam

997 1039 1117 1074 parvulis
1132 1040 1293 1074 baptismum
1305 1039 1380 1074 dari;
1397 1047 1458 1068 cum
1477 1041 1571 1076 utique
1590 1041 1612 1069 si
1630 1040 1699 1068 nihil
1713 1045 1789 1068 esset

998 1084 1024 1111 in
1041 1085 1161 1119 parvulis
1174 1085 1245 1119 quod
1262 1084 1296 1112 ad
1311 1085 1498 1113 remissionem
1512 1086 1622 1114 deberet
1650 1090 1677 1113 et
1693 1085 1787 1113 indul-

995 1130 1115 1165 gentiam
1130 1130 1277 1164 pertinere,
1298 1129 1385 1164 gratia
1398 1129 1526 1165 baptismi
1540 1129 1677 1165 superflua
1708 1130 1787 1158 vide-

997 1181 1082 1202 retur.
1096 1175 1191 1203 Mulier
1205 1183 1270 1212 ergo
1283 1183 1451 1212 quaecunque
1465 1176 1622 1210 conceperit
1633 1183 1741 1208 Semen,
1755 1180 1785 1203 et

996 1222 1132 1256 pepererit
1146 1221 1307 1255 masculum,
1327 1222 1468 1250 immunda
1479 1223 1532 1250 erit
1548 1227 1652 1257 septem
1664 1222 1763 1249 diebus
1775 1230 1786 1254 ;

996 1267 1067 1295 sicut
1085 1272 1113 1294 et
1131 1267 1186 1300 illa,
1204 1275 1263 1302 quae
1287 1268 1436 1296 secundum
1453 1268 1512 1295 dies
1535 1266 1703 1303 purgationis
1727 1274 1788 1294 sua

996 1318 1099 1348 septem
1113 1314 1209 1342 diebus
1222 1320 1380 1350 segregatur
1394 1315 1427 1342 ab
1443 1314 1517 1342 omni
1535 1314 1647 1342 mundo.
1672 1313 1740 1347 Quia
1757 1314 1785 1341 in

996 1361 1128 1396 sanguine
1141 1361 1281 1389 immundo
1294 1361 1359 1390 facit
1376 1367 1478 1397 septem
1496 1362 1566 1394 dies,
1590 1361 1616 1388 in
1648 1360 1785 1396 sanguine

998 1412 1087 1434 autem
1117 1407 1216 1435 mundo
1243 1407 1351 1443 triginta
1372 1412 1399 1435 et
1420 1412 1477 1435 tres
1491 1407 1568 1441 dies;
1591 1407 1640 1434 sed
1674 1407 1726 1434 hoc
1757 1407 1784 1433 in

999 1452 1110 1480 masculi
1130 1453 1281 1486 nativitate,
1296 1452 1393 1488 duplos
1409 1458 1499 1480 autem
1515 1453 1574 1480 dies
1594 1452 1658 1479 facit
1680 1451 1708 1479 iu
1735 1459 1785 1478 na-

157 1501 222 1535 quid
246 1500 407 1532 contineret,
429 1503 457 1526 et
481 1498 637 1533 ingentibus
661 1498 799 1533 mysteriis
824 1498 942 1532 plenum.
959 1512 980 1539 ο
999 1497 1102 1525 tivitate
1117 1497 1233 1526 feminae.
1251 1498 1347 1533 Incipit
1357 1506 1421 1534 ergo
1432 1505 1492 1526 esse
1508 1497 1535 1524 in
1549 1497 1683 1532 sanguine
1699 1505 1783 1524 mun-

158 1548 204 1575 ubi
222 1545 323 1574 dicit"
341 1555 355 1573 ε.
380 1554 390 1571 t
406 1544 565 1572 Maledictus
579 1544 637 1571 dies
654 1544 680 1571 in
699 1551 754 1578 quo
768 1549 847 1571 natus
873 1551 944 1576 sum,

157 1598 185 1619 et
198 1601 249 1619 nox
265 1593 291 1620 in
309 1599 361 1626 qua
369 1591 500 1618 dixerunt
513 1598 520 1617 :
534 1589 602 1617 Ecce
615 1591 763 1622 masculus,
781 1589 945 1618 Maledictus

158 1639 203 1673 qui
224 1637 399 1665 annuntiavit
414 1636 487 1672 patri
503 1643 574 1668 meo,
591 1635 685 1663 dicens
700 1642 707 1661 :
723 1634 807 1663 Natus
831 1640 873 1663 est
897 1636 945 1663 tibi

159 1684 308 1712 masculus.
325 1683 444 1711 Laetetur
467 1683 549 1710 homo
574 1682 618 1709 ille
644 1682 714 1709 sicut
732 1681 858 1709 civitates
878 1689 946 1716 quas

159 1731 289 1757 Dominus
304 1729 439 1756 destruxit
463 1728 489 1755 iu
517 1726 621 1760 furore,
638 1731 666 1754 et
687 1735 740 1754 nott
773 1727 912 1762 pmnituil.
933 1736 943 1752 ι

160 1776 306 1804 Videturne
322 1775 368 1802 tibi
383 1774 440 1802 hate
450 1778 504 1801 tam
517 1773 610 1808 gravia
631 1777 660 1800 et
675 1776 730 1800 tam
752 1778 867 1800 onerosa
896 1772 946 1799 im-

157 1822 264 1857 precari
280 1822 410 1857 propheta
429 1822 561 1857 potuisse,
577 1820 628 1847 nisi
651 1820 737 1847 sciret
757 1825 818 1846 esse
842 1818 945 1853 aliquid

159 1870 186 1896 in
216 1869 266 1896 ista
294 1868 438 1896 nativitate
461 1874 613 1903 corporea,
643 1864 715 1901 quod
739 1870 766 1892 et
791 1863 945 1898 hujusmodi

158 1916 268 1950 dignum
284 1913 522 1942 maledictionibus
534 1913 590 1948 (20)
608 1912 747 1940 videretur
758 1931 766 1944 ,
779 1916 807 1938 et
828 1919 876 1946 pro
891 1919 945 1945 quo

159 1961 298 1996 Iegislalor
315 1964 354 1987 tot
373 1959 558 1986 imtnunditias
570 1961 711 1985 accusaret
724 1976 732 1988 ,
752 1956 851 1991 quibus
879 1964 946 1982 cett-

159 2019 242 2047 grtias
257 2010 460 2046 purificationes
472 2013 672 2042 consequenter
682 2006 852 2041 imponeret?
872 2005 945 2032 Lon-

159 2065 222 2091 gum
236 2062 277 2083 est
290 2060 393 2087 autem,
407 2059 435 2081 et
448 2053 559 2081 alterius
573 2053 713 2088 temporis,
736 2056 766 2079 ιιι
792 2051 945 2079 testimonia

158 2110 219 2138 qua:
236 2102 269 2128 de
291 2100 423 2135 propheta
445 2099 609 2134 sumpsimus
625 2117 633 2130 ,
663 2097 859 2133 explanemus;
881 2097 944 2131 quia

159 2155 230 2174 mmc
244 2154 296 2173 non
317 2144 452 2175 .leremiae,
466 2144 512 2171 sed
534 2143 648 2171 Levilici
676 2142 757 2171 nobis
774 2142 943 2177 propositum

998 1545 1034 1571 do
1048 1545 1081 1570 ab
1094 1548 1188 1570 octava
1201 1543 1245 1571 die
1262 1548 1290 1571 et
1303 1548 1347 1571 est
1367 1544 1393 1571 in
1405 1543 1538 1579 sanguine
1563 1543 1663 1570 tnundo
1687 1542 1786 1570 diebus

998 1588 1108 1623 triginta
1123 1588 1222 1622 tribus,
1240 1589 1293 1616 hoc
1307 1594 1350 1617 est
1377 1588 1463 1616 tribus
1489 1588 1608 1617 deeadis.
1639 1591 1667 1615 et
1693 1587 1784 1614 tribus

999 1633 1136 1661 mouadis.
1153 1633 1185 1660 Et
1197 1641 1258 1661 cum
1274 1633 1389 1668 coeperit
1400 1639 1461 1660 esse
1476 1632 1503 1659 in
1520 1631 1654 1667 sanguine
1678 1631 1783 1658 mundo

997 1680 1041 1708 illa
1057 1687 1116 1714 quae
1133 1680 1249 1714 peperit,
1263 1684 1327 1706 tttnc
1346 1678 1518 1705 circumcidit
1535 1677 1663 1704 infantem
1684 1684 1691 1702 :
1708 1685 1717 1702 ι
1732 1676 1786 1703 ορ-

999 1728 1058 1751 tava
1073 1724 1144 1751 enim
1158 1723 1201 1751 die
1221 1723 1409 1755 circumeides,
1427 1722 1514 1756 inquit
1522 1722 1555 1755 ⁸⁷,
1571 1728 1682 1749 carnem
1713 1729 1786 1756 pra:-

998 1769 1065 1804 putii
1083 1769 1150 1804 ejus.
1168 1779 1177 1795 I
1196 1769 1257 1796 Ilaec
1281 1774 1322 1797 est
1348 1769 1391 1796 lex
1410 1769 1517 1802 Iitterat,
1547 1768 1595 1795 sed
1616 1767 1725 1802 require
1755 1771 1786 1793 tu

997 1823 1079 1850 quam
1108 1815 1344 1844 circumeisionem
1375 1815 1521 1851 Apostolus
1547 1814 1683 1849 praedicet,
1701 1821 1786 1848 quato

998 1867 1047 1887 nos
1063 1865 1091 1887 et
1102 1853 1242 1894 suscipere
1256 1864 1285 1887 et
1308 1860 1408 1887 habere
1430 1859 1518 1893 jubet.
1547 1868 1556 1884 ι
1575 1858 1629 1885 Nos
1643 1858 1725 1889 enim,
1742 1858 1787 1884 iu-

996 1905 1101 1940 quit",
1118 1913 1211 1933 sumus
1224 1904 1407 1938 circumcisio,
1430 1905 1476 1940 qui
1501 1904 1599 1940 spiritu
1624 1903 1678 1931 Deo
1697 1905 1786 1930 servi-

997 1959 1068 1979 mus.
1090 1960 1100 1977 »
1117 1951 1150 1978 Ει
1166 1950 1238 1985 quod
1258 1952 1285 1978 in
1302 1950 1410 1978 Psalmo
1434 1950 1526 1977 ait":
1546 1958 1555 1975 ι
1574 1948 1690 1977 Alienati
1719 1953 1786 1975 sunt

998 2004 1159 2034 peccatores
1176 2005 1190 2024 a
1207 1998 1311 2031 vulva,t
1325 1997 1466 2025 considera
1490 1997 1512 2025 si
1534 2004 1586 2024 non
1610 1997 1642 2024 de
1655 1994 1707 2023 dlis
1730 1995 1785 2022 hoc

997 2044 1072 2078 dicit,
1101 2043 1147 2078 qui
1174 2043 1248 2070 illam
1280 2043 1514 2070 circumcisionem
1543 2041 1705 2075 suscipiunt,
1727 2047 1785 2074 qua

997 2096 1046 2117 nos
1058 2089 1216 2117 circumcidi
1234 2088 1380 2124 Apostolus
1392 2092 1482 2120 vetat;
1498 2091 1525 2115 et
1540 2092 1604 2114 luttc
1616 2091 1659 2114 est
1673 2085 1785 2120 quando

998 2135 1151 2162 alienantur
1161 2139 1317 2169 peccatores
1330 2143 1345 2163 a
1361 2135 1450 2166 vulva,
1466 2141 1527 2160 cum
1541 2140 1593 2159 non
1607 2132 1716 2166 spiritu,
1733 2130 1785 2156 sed

160 2197 201 2220 est
213 2193 344 2219 disserere
361 2191 516 2218 lectionem,
532 2189 585 2217 sed
601 2194 628 2216 et
652 2188 703 2216 Job
722 2196 774 2215 non
800 2176 858 2215 sine
884 2187 946 2222 spi-
963 2182 984 2209 D
998 2187 1080 2207 carne
1093 2180 1337 2208 circumcidtmtur.
1355 2179 1423 2214 Quia
1445 2179 1490 2214 qui
1515 2179 1542 2205 in
1565 2177 1623 2212 lege
1635 2176 1786 2222 circutneis

161 2239 213 2266 ritu
227 2244 321 2264 sancto
336 2237 458 2271 loquens,
480 2235 662 2262 maledicebat
690 2234 761 2261 diem
795 2233 944 2261 nativitatis

160 2291 227 2316 suae,
247 2282 369 2310 dicens"
386 2291 393 2309 :
413 2291 422 2308 ι
440 2281 581 2308 Maledicta
595 2280 652 2307 dies
665 2279 691 2306 in
712 2286 765 2313 qua
782 2284 860 2306 natus
871 2286 943 2311 sum,

160 2335 188 2357 et
205 2336 256 2355 uox
273 2329 299 2355 in
312 2334 364 2362 qua
375 2327 501 2353 dixerunt
515 2333 522 2351 :
536 2325 604 2352 Ecce
617 2324 769 2357 masculus;
783 2331 835 2351 nox
852 2323 894 2351 illa
909 2324 945 2351 sit

161 2375 316 2408 tt-ttebrtr,et
330 2380 383 2400 non
402 2372 520 2406 requirat
532 2370 613 2406 230
626 2378 686 2398 eam
700 2370 830 2398 Dominus
845 2370 943 2403 denuo,

161 2428 247 2455 neque
268 2420 357 2447 veniat
375 2419 401 2445 in
424 2417 482 2445 dies
501 2417 577 2450 anni,
607 2424 657 2443 nec
688 2421 846 2443 numeretur
873 2416 945 2444 inter

159 2466 220 2493 dies
234 2465 378 2492 mensium.
395 2473 404 2490 ι
422 2463 499 2496 Quod
517 2462 539 2489 si
558 2462 605 2490 tibi
622 2469 675 2489 non
692 2462 798 2489 videtur
815 2462 872 2490 htee
894 2462 944 2490 Job

159 2511 316 2546 prophetico
329 2516 357 2537 et
373 2510 465 2537 divino
479 2508 583 2543 Spiritu
597 2507 680 2542 loqui,
694 2515 726 2535 ex
746 2508 787 2535 his
801 2508 944 2536 considera

162 2566 219 2593 qua:
232 2561 382 2592 sequuntur
397 2566 404 2583 :
421 2556 523 2584 addidit
535 2555 607 2584 enim
625 2555 648 2571 "
663 2563 670 2581 :
689 2563 698 2580 ι
719 2554 771 2582 Sed
799 2554 945 2581 maledicat

162 2612 231 2636 ram,
247 2605 291 2638 qui
309 2602 448 2630 maledixit
468 2602 542 2630 illum
574 2601 654 2634 dietn,
684 2601 710 2628 in
738 2607 791 2635 quo
815 2607 943 2636 magnum

194 2684 217 2700 ⁷⁹
237 2683 295 2710 Job.
309 2690 365 2714 λιν,
378 2682 406 2709 4.
444 2682 466 2698 ⁵⁸
477 2681 573 2710 Cenes.
588 2681 686 2711 “.20.
724 2681 745 2696 '"
759 2680 841 2708 Marc.
856 2688 894 2713 vt,
911 2682 957 2709 2|.

451 2717 475 2733 "
488 2717 560 2744 Psal.
577 2725 604 2748 ι,
618 2717 643 2744 7.
675 2716 698 2732 ⁸⁷
710 2716 798 2743 Levit.
812 2723 856 2748 tu,
873 2716 918 2743 12.
956 2716 978 2732 ⁸⁸
989 2716 1089 2750 Philip.
1105 2723 1146 2748 In,
1159 2715 1187 2742 '5.

154 2720 176 2737 ⁸⁸
197 2719 290 2746 Matth.
305 2726 354 2750 xtl,
366 2717 411 2744 40.

195 2764 251 2798 (‘20)
268 2763 346 2792 I.ibb.
358 2763 435 2796 editi,
451 2771 460 2788 ι
480 2762 691 2790 maledictionis.
705 2771 715 2788 ›
740 2762 817 2795 Mss.,
834 2771 844 2787 ‹
861 2762 946 2790 male-

161 2799 336 2826 dictiouibus.
357 2807 367 2822 ι

197 2833 254 2869 ﬁt}
266 2833 356 2861 Codex
370 2831 511 2869 Sangcrm.
526 2836 553 2861 et
570 2831 630 2866 alii,
647 2840 658 2858 ι
676 2839 726 2868 pro
744 2831 913 2860 remissione.
933 2841 943 2858 ι

998 2226 1109 2258 duntur,
1122 2232 1137 2252 a
1155 2226 1244 2261 gratia
1258 2225 1427 2253 exciderunt.
1457 2225 1542 2260 Igitur
1568 2222 1706 2250 immunda
1724 2221 1784 2248 tieri

997 2270 1094 2297 mulier
1114 2270 1223 2302 dicitur,
1239 2278 1299 2305 qme
1315 2274 1446 2305 concepto
1461 2269 1564 2297 semine
1584 2266 1690 2303 peperit
1723 2273 1785 2293 ma-

998 2316 1122 2349 sculum;
1135 2324 1198 2351 qua
1213 2321 1303 2344 autem
1318 2316 1446 2344 feminam
1461 2313 1608 2349 pepererit,
1624 2319 1677 2339 non
1694 2310 1784 2338 solum

998 2363 1136 2390 immunda
1149 2362 1218 2394 erit,
1233 2361 1280 2389 sed
1295 2361 1440 2394 dupliciter
1462 2359 1613 2387 immunda.
1634 2357 1679 2384 Bis
1710 2356 1785 2383 enim

997 2408 1118 2443 septenis
1144 2408 1241 2436 diebus
1268 2407 1294 2434 in
1319 2406 1490 2434 immunditia
1518 2404 1651 2433 scribitur
1675 2409 1786 2438 perma-

998 2464 1074 2485 nere.

1033 2514 1061 2540 Δ.
1076 2513 1128 2542 Sed
1141 2515 1249 2542 interim
1268 2521 1327 2547 quae
1341 2512 1445 2549 peperit
1456 2511 1618 2542 masculum,
1629 2513 1726 2537 octava
1741 2507 1787 2534 die

998 2561 1025 2583 et
1044 2557 1091 2591 qui
1106 2562 1186 2585 natus
1199 2563 1241 2585 est
1252 2557 1470 2589 circumciditur,
1490 2561 1519 2583 et
1545 2555 1590 2582 illa
1615 2555 1644 2581 fit
1672 2552 1786 2580 munda.

999 2603 1071 2631 Satis
1085 2611 1200 2639 operosa
1214 2611 1258 2631 res
1270 2608 1311 2631 est
1330 2603 1399 2638 (‘22),
1417 2603 1444 2630 in
1471 2603 1522 2630 hac
1536 2601 1671 2629 brevitate
1683 2604 1788 2634 tempo-

1005 2681 1028 2698 ⁸³
1039 2680 1141 2708 Jerem.
1159 2688 1204 2708 xx.
1232 2680 1338 2713 14,15.
1390 2680 1413 2697 ⁸³
1430 2680 1490 2708 Job.
1518 2688 1557 2712 tu,
1580 2678 1624 2706 I6.
1682 2677 1785 2706 “ibid.

1234 2715 1256 2732 ⁸⁸
1272 2716 1343 2744 I’sal.
1353 2723 1429 2749 Lvm,
1442 2716 1470 2743 4.

1000 2757 1077 2790 Libb.
1090 2761 1167 2793 editi,
1185 2771 1194 2786 ι
1210 2761 1236 2788 in
1250 2762 1448 2789 remissionem.
1466 2770 1476 2787 ι

1037 2795 1094 2831 (22)
1108 2796 1185 2823 Libh.
1200 2797 1277 2828 editi.
1294 2806 1304 2822 ι
1320 2796 1389 2825 satis
1402 2796 1446 2825 illa
1460 2803 1574 2831 operosa
1590 2801 1632 2824 res
1653 2800 1708 2824 est.
1727 2803 1736 2821 ι
1757 2793 1786 2821 In

1001 2839 1065 2860 mss.
1078 2832 1224 2864 omittitur,
1240 2840 1250 2857 ι
1264 2832 1318 2859 illa.
1334 2841 1344 2858 ι
