1894 3058
81 178 124 204 ω]

667 176 699 204 ΙΝ
717 175 903 204 LEVITICUM
921 174 1063 203 IIOIIILIA
1084 173 1150 201 VIII.

1661 174 1712 202 ωε

80 237 115 263 ris
129 235 180 263 ista
197 234 373 269 contingere.
393 239 483 262 tamen
500 238 528 262 at
551 234 578 262 in
598 239 758 263 transcursu
782 235 871 270 aliqua
889 237 908 264 A
925 241 1009 269 usque
1021 234 1054 260 ad
1073 232 1155 267 pedes
1178 231 1246 266 ejus.
1263 230 1310 258 Vel
1336 230 1414 257 tertia
1438 231 1554 264 species,
1574 231 1600 258 in
1619 233 1713 260 carnis

81 282 212 313 dicamus,
226 281 379 315 septimana
394 281 453 309 haec
467 281 611 315 praesentis
627 282 689 308 vitae
702 287 808 317 tempus
833 282 872 308 vi-

82 327 137 354 deri
151 330 251 358 potest.
274 325 302 352 In
325 325 475 360 septimana
494 332 611 360 namque
623 326 728 353 dierum
745 333 872 354 consum-

81 376 219 400 matusest
235 371 364 399 mundus.
389 371 418 398 In
448 379 503 407 quo
517 372 603 401 donec
625 379 718 399 sumus
735 372 761 400 in
789 379 872 399 carne

81 418 171 453 positi,
191 419 225 444 ad
241 416 375 452 liquidum
391 418 452 452 puri
473 425 537 446 esse
551 425 603 445 non
631 425 787 452 possumus,
819 418 871 446 nisi

79 469 174 491 octava
196 464 302 491 venerit
316 464 386 496 dies,
402 463 428 491 id
441 468 484 491 est
511 464 564 492 nisi
585 463 669 491 futuri
688 464 778 492 saeculi
805 469 872 491 tem-

81 518 131 544 pus
148 509 283 536 adfuerit.
306 509 334 537 ln
346 517 399 544 qtto
416 513 505 536 tamen
533 510 577 537 die
596 510 641 545 qui
669 509 805 537 masculus
830 513 872 537 est

82 556 150 589 (25),
168 560 196 582 et
212 555 330 583 viriliter
346 556 443 592 egerit.
462 555 552 583 statim
566 556 593 583 in
620 556 678 590 ipso
694 556 811 583 adventu
829 555 871 583 iu-

81 603 134 629 turi
147 602 240 629 sa'cnli
254 606 397 638 purgatur,
411 606 437 629 et
457 602 549 629 statim
572 604 670 629 munda
685 601 801 629 efficitur
817 609 871 628 ma-

81 653 133 679 ter,
148 656 209 682 qua:
225 647 317 683 genuit
330 655 403 675 eum.
417 647 564 682 Pnrgatam
579 654 697 682 namque
711 647 784 675 vitiis
809 655 871 675 car-

81 701 143 722 nem
157 701 190 722 ex
208 694 411 721 resurrectione
432 694 556 728 recipiet.
579 693 608 721 Si
623 700 688 721 vero
705 693 773 720 uilt‘l
789 693 815 720 in
842 699 871 719 se

80 738 174 766 lubuit
189 739 269 767 virile
290 739 435 767 adversum
458 743 611 774 peccatutu,
638 739 684 767 sed
699 740 829 767 remissus
843 743 871 766 et

79 785 253 812 emuninatus
267 786 318 813 l'nit
334 786 360 813 in
372 786 478 813 actibus
493 787 561 818 suis,
573 786 652 820 cujus
665 791 804 821 peceatum
817 787 871 814 tale

78 836 131 861 est,
147 832 218 866 qttod
238 839 289 859 non
306 832 461 860 remittatur
472 839 559 867 neque
577 832 603 859 in
615 833 743 867 praesenti
757 833 870 865 satcnlo,

79 885 169 911 neq-te
184 878 210 904 in
232 877 324 906 futuro
347 886 354 905 :
379 878 431 905 iste
457 879 554 906 transit
580 883 607 906 et
628 886 709 906 nnatn
738 884 766 906 et
788 878 869 906 aliato

77 923 263 957 septimanam
277 923 305 950 in
329 923 499 950 immunditia
517 931 566 950 sua
580 942 587 954 .
606 928 633 951 et
654 924 733 951 tertia
759 923 867 952 demum

75 969 227 1004 inripicnte
238 969 341 997 oboriri
359 969 522 1004 septitnana,
535 974 666 1005 purgatur
688 970 722 997 ab
750 970 867 998 immun-

76 1015 155 1048 ditia,
185 1023 266 1050 quam
292 1015 422 1043 feminam
447 1016 577 1051 pariendo
591 1016 740 1044 contraxit.
770 1017 869 1045 Hostiae

77 1068 154 1093 vero,
170 1069 232 1096 qua:
245 1068 294 1096 pro
307 1061 460 1096 bttjusmodi
472 1061 641 1089 immunditia
650 1062 781 1096 jubentur
792 1063 867 1090 aditi-

77 1109 146 1140 bcri,
165 1108 310 1143 dupliciter
326 1108 541 1144 distinguuntur.
556 1107 648 1136 Primo
662 1108 771 1143 jubctur
783 1117 868 1145 agnus

75 1155 169 1182 oﬂ’rrri
200 1155 345 1183 annicttlus
366 1155 425 1183 sine
439 1155 544 1183 macula
568 1155 594 1183 in
611 1155 818 1190 holocaustum,
841 1161 869 1184 et

76 1201 166 1236 pullus
183 1201 372 1234 columbinus,
387 1205 431 1229 aut
447 1205 537 1229 turtur
554 1209 603 1236 pro
617 1206 742 1236 peccato.
762 1201 867 1230 Secun-

75 1247 109 1273 da
127 1254 193 1273 vero
211 1247 359 1274 mandatur
370 1247 468 1281 hostia,
488 1247 522 1280 si,
535 1247 624 1283 inquit
638 1247 708 1283 (ἓῶ),
724 1256 777 1276 non
792 1249 867 1276 iuve-

76 1293 149 1319 nerit
160 1300 258 1320 manus
274 1293 334 1328 ejus
345 1294 415 1328 quod
429 1294 543 1321 suiliciat
567 1294 601 1321 ad
624 1302 735 1329 agnum,
751 1295 868 1330 accipiat

76 1339 145 1365 duos
161 1343 297 1371 turtures,
317 1344 364 1366 aut
374 1339 444 1367 duos
459 1339 546 1375 pullos
559 1339 760 1373 columbarum,
783 1347 865 1367 unum

75 1384 110 1411 ad
123 1384 325 1418 holocaustum,
340 1390 366 1412 et
381 1385 464 1412 alium
478 1393 526 1420 pro
541 1390 662 1420 peccato.
681 1386 757 1414 Unde
767 1390 794 1414 et
815 1387 865 1413 mi~

76 1437 138 1457 rum
157 1430 267 1457 videtur
277 1431 352 1465 quod
366 1430 467 1458 oblatio
482 1430 575 1458 Mariae
592 1438 645 1458 non
670 1430 795 1458 habuerit
818 1431 866 1459 lto-

76 1475 158 1501 stiam
171 1475 298 1509 primam,
315 1475 341 1503 id
351 1480 394 1503 est
407 1482 505 1511 agnum
519 1476 689 1510 auniculum,
708 1477 754 1504 sed
771 1484 868 1505 secun-

76 1520 158 1552 dam;
174 1524 304 1555 tanquam
320 1519 402 1554 cujus
424 1528 519 1549 manus
534 1529 587 1549 non
607 1521 746 1550 suffecerit
757 1523 790 1550 ad
812 1523 868 1558 pri-

887 909 906 936 Β

923 285 985 308 cute
1011 280 1039 307 iit
1061 280 1147 310 ulcus,
1168 284 1196 306 et
1215 282 1343 310 sanatur;
1369 283 1396 305 et
1414 277 1443 304 lit
1465 277 1491 304 in
1511 277 1569 305 loco
1594 278 1652 312 ipso
1673 280 1713 305 ul-

924 327 993 353 ceris
1014 325 1128 353 cicatrix
1148 324 1219 352 :tlba.
1235 324 1288 351 Aut
1305 324 1332 351 in
1353 323 1445 351 carnis
1463 329 1525 351 cute
1556 324 1585 350 lit
1608 326 1714 352 adostio

924 372 1003 406 ignis,
1018 377 1044 399 et
1064 376 1126 406 post
1143 371 1199 398 haec
1222 375 1316 398 sanata
1336 370 1444 398 adustio
1460 370 1513 398 erit
1534 370 1622 398 lucida
1641 371 1713 405 alba,

924 423 971 445 aut
988 426 1048 446 cum
1067 418 1167 445 rubore
1186 417 1312 444 candida.
1327 417 1426 451 Quinta
1443 417 1560 450 species,
1576 425 1637 444 cntn
1655 419 1714 445 viro

923 469 970 491 ant
995 464 1101 491 mulieri
1127 463 1156 490 lit
1180 463 1207 490 in
1228 463 1326 497 capite,
1356 468 1404 490 attt
1426 464 1451 490 in
1480 463 1563 490 barba
1586 464 1714 498 contagio

924 511 1016 546 leprte.
1041 511 1138 539 Ultima
1163 517 1227 536 vero
1253 510 1383 537 scribitur
1406 509 1524 543 species,
1546 517 1607 537 ctnn
1631 511 1661 537 lit
1687 511 1712 537 in

922 557 1046 590 calvitie,
1068 556 1108 583 vel
1142 556 1168 583 in
1199 555 1381 583 recalvationc
1405 556 1531 590 contagio
1555 555 1635 590 lepras
1665 564 1712 582 rn-

925 603 1061 634 bicnudte,
1082 610 1143 638 qua:
1164 607 1205 630 est
1227 602 1300 637 lepra
1326 601 1452 629 cil'lorrns
1475 602 1501 628 in
1521 601 1644 632 calvitio.
1672 602 1712 629 vel

923 649 950 676 in
977 648 1171 676 recalvalione.
1198 647 1261 676 IItcc
1294 653 1323 675 ut
1348 648 1512 683 compendio
1535 648 1713 683 expositionis

924 700 1043 727 ulatnur,
1064 694 1194 730 quoniam
1217 693 1327 729 quidem
1349 701 1420 721 nunc
1442 694 1610 729 propositum
1635 694 1714 721 nobis

923 746 964 768 est
989 741 1107 768 breviter
1132 741 1271 768 auditores
1293 747 1327 767 ex
1353 740 1394 767 Itis
1422 747 1483 774 qua:
1510 739 1625 767 recitata
1650 745 1714 766 sttnt

923 787 1078 818 admonere,
1101 794 1150 814 nec
1170 791 1213 813 est
1239 790 1345 820 tempus
1373 785 1430 822 (27)
1451 785 1486 812 ad
1503 785 1634 820 liquidum
1655 786 1713 813 sin-

922 832 983 866 gula
996 839 1110 867 quasque
1128 832 1272 865 discutere,
1289 831 1431 859 referenda
1454 831 1518 859 mibi
1537 832 1666 858 videntur
1680 832 1712 858 ad

923 885 1143 912 unamquamque
1154 877 1272 911 speciem
1287 882 1470 912 peccatorum,
1481 881 1508 905 et
1522 877 1547 904 in
1564 877 1607 904 Itis
1617 877 1714 904 attinnt:

923 924 1047 957 maculae,
1068 931 1128 960 quae
1149 932 1181 952 ex
1208 924 1326 959 peccatis
1347 924 1370 952 ei
1393 924 1539 956 accidunt,
1565 924 1711 950 intuendis.

923 969 1071 997 Dicendum
1094 969 1176 1005 igitur
1191 970 1282 1005 primo
1299 974 1342 998 est
1357 969 1494 1005 designari
1510 977 1558 1004 per
1577 970 1635 997 ba-c
1652 977 1713 1004 pec-

922 1019 1001 1049 cata,
1025 1023 1087 1051 qua!
1118 1016 1143 1043 itt
1172 1016 1222 1043 Itac
1249 1016 1303 1042 vita
1331 1016 1411 1051 positi
1436 1015 1651 1048 committimus;
1679 1023 1712 1042 cx

921 1061 1021 1096 quibus
1032 1061 1123 1097 aliqua
1138 1061 1231 1089 curari
1248 1069 1321 1089 nunc
1337 1067 1460 1096 possunt,
1474 1061 1563 1096 aliqua
1581 1069 1646 1089 vero
1659 1069 1710 1088 non

922 1110 1044 1141 possunt.
1061 1105 1188 1134 Secundo
1210 1114 1275 1134 vero
1292 1113 1320 1134 et
1335 1107 1370 1134 dc
1394 1106 1447 1134 illis
1470 1107 1548 1141 ipsis,
1568 1114 1628 1140 quae
1650 1111 1712 1140 pari.

921 1152 994 1180 lianc
1010 1152 1094 1180 vitam
1119 1153 1260 1180 nobiscum
1284 1157 1438 1184 transeunt,
1456 1153 1605 1188 signiﬁcari
1630 1153 1710 1180 intel—

920 1198 1058 1233 ligendum
1072 1203 1124 1231 cst,
1138 1203 1165 1226 et
1179 1206 1240 1226 esse
1255 1199 1281 1225 in
1300 1198 1366 1232 ipsis
1379 1199 1502 1233 qnmdam
1519 1199 1554 1226 ita
1569 1199 1712 1226 animabus

921 1248 1020 1280 inﬁxa,
1042 1252 1071 1274 ut
1096 1250 1232 1280 nequeant
1256 1244 1376 1278 aboleri;
1401 1245 1453 1272 alia
1472 1253 1536 1273 vero
1554 1253 1626 1279 esse,
1651 1253 1710 1280 qua!

921 1294 1109 1330 purgationem
1126 1292 1229 1327 possint
1250 1291 1371 1326 recipere
1397 1291 1546 1318 secundum
1563 1292 1710 1326 inspectio-

922 1347 985 1368 nem
1002 1344 1029 1367 et
1046 1338 1176 1374 judicium
1192 1337 1332 1373 pontificis
1353 1338 1436 1371 illius,
1449 1346 1529 1373 quem
1553 1339 1658 1366 occulta
1675 1339 1710 1365 la-

922 1390 980 1413 tere
1003 1393 1055 1413 non
1073 1388 1197 1420 possunt,
1213 1383 1316 1419 quique
1340 1384 1507 1419 dispensabit
1530 1385 1635 1412 animas
1651 1385 1709 1412 sin-

921 1432 1044 1467 gulorum
1059 1431 1207 1458 secundum
1221 1430 1273 1458 hoc
1291 1429 1362 1465 quod
1378 1429 1405 1456 in
1423 1430 1464 1458 eis
1479 1430 1598 1457 maculas
1614 1430 1706 1464 lepm,

920 1481 967 1504 aut
1004 1477 1166 1512 expiabiles,
1203 1481 1251 1503 attt
1273 1476 1450 1512 inexpiabiles
1479 1475 1588 1503 viderit.
1624 1475 1709 1511 Cujus

921 1523 960 1551 rei
983 1523 1150 1551 diiferentias
1172 1522 1205 1550 de
1229 1523 1354 1558 praesenti
1378 1522 1495 1550 lectione
1520 1522 1659 1557 colligere.
1680 1528 1708 1550 et

77 1572 161 1592 mam.
176 1564 226 1592 Sic
240 1565 314 1593 enim
331 1566 464 1601 scriptum
476 1571 517 1594 est
534 1567 567 1594 de
584 1574 615 1594 ea
633 1575 641 1595 :
660 1566 809 1601 Venerunt,
825 1568 868 1595 in-
881 1586 903 1615 c
919 1577 968 1605 per
992 1569 1096 1604 singula
1114 1568 1264 1596 secundum
1282 1568 1432 1603 Scriptura
1456 1567 1537 1602 hujus
1561 1568 1689 1595 itulicimn
1701 1587 1708 1600 ,

73 1611 134 1645 quit
146 1611 180 1644 ’⁸,
195 1615 322 1645 parentes
337 1611 404 1646 ejus,
431 1621 440 1638 t
461 1617 489 1640 ut
515 1613 644 1642 ollerrent
676 1621 725 1649 pro
746 1621 779 1642 eo
816 1618 868 1645 ho-

75 1657 170 1687 stiam,
184 1658 334 1684 secundum
346 1658 417 1692 quod
432 1659 561 1693 Scriptum
576 1665 618 1687 est
630 1660 655 1687 in
668 1660 726 1694 lege
748 1660 865 1692 Domini.

74 1709 124 1736 par
140 1707 276 1729 turturum
295 1707 343 1730 aut
362 1703 429 1731 duos
450 1704 537 1739 pullos
557 1704 756 1732 columbarum.
777 1715 786 1732 ι
813 1706 866 1734 Sed

73 1752 102 1775 et
116 1749 143 1774 in
156 1747 209 1776 hoc
223 1749 378 1776 ostenditur
393 1756 485 1776 verum
499 1757 561 1777 esse
575 1750 639 1778 illud
652 1752 723 1786 quod
736 1752 866 1786 scriptum

73 1799 125 1825 est,
142 1795 207 1828 quia
219 1795 346 1822 Christus
360 1794 439 1823 Iesus
458 1804 467 1821 ι
487 1803 549 1822 cum
562 1796 638 1824 dives
653 1801 741 1832 esset,
755 1805 804 1832 pro
820 1805 871 1826 no—

74 1840 116 1866 bis
130 1840 187 1876 (9.5)
201 1848 303 1875 pauper
317 1841 407 1869 factus
421 1846 463 1869 est
478 1841 512 1868 ⁹¹.
530 1850 539 1867 ι
563 1841 625 1870 Ideo
637 1850 701 1878 ergo
713 1847 740 1870 et
752 1848 866 1871 matrem

73 1885 108 1912 de
119 1893 174 1919 qua
206 1891 377 1919 nasceretur,
402 1886 484 1922 elegit
510 1894 668 1922 pauperem,
694 1893 720 1916 et
749 1890 866 1924 patriam

74 1940 234 1966 pauperem,
255 1934 288 1961 de
300 1942 352 1969 qua
374 1934 473 1961 dicitttr
489 1935 534 1962 9':
553 1943 562 1960 t
582 1934 615 1962 Et
627 1939 668 1966 tu.
695 1935 866 1970 Bethlcltetn,

72 1979 190 2006 minima
202 1987 232 2007 es
248 1979 276 2006 in
298 1980 418 2008 millibus
430 1980 510 2013 Juda,
527 1989 536 2006 ι
567 1987 594 2009 et
619 1982 732 2017 reliqua.
769 1982 865 2011 Verum

71 2023 132 2052 hac
161 2025 282 2052 breviter
311 2030 504 2056 transcurrere
526 2028 663 2063 cogimur,
689 2036 739 2056 nec
759 2029 867 2065 singula

70 2077 135 2105 qua
150 2071 254 2107 scripta
267 2077 343 2100 ‘sunt
368 2072 504 2102 discutere
519 2074 575 2109 (26)
603 2075 732 2110 quoniam
756 2076 864 2110 quidem

69 2114 238 2144 Iestinamus
248 2116 351 2152 aliquid
377 2118 458 2145 etiam
487 2119 520 2146 de
545 2119 624 2154 231
654 2119 759 2154 legibus
785 2120 867 2156 leprte

71 2167 134 2194 quae
151 2161 275 2189 recitata:
290 2166 365 2195 sunt,
379 2167 559 2197 pertractare.

108 2207 138 2234 5.
159 2206 313 2235 Invenimus
338 2215 403 2243 ergo
424 2216 471 2236 sex
496 2210 600 2244 species
625 2213 780 2246 propositas
804 2221 865 2241 esse

920 1623 980 1651 qute
1001 1621 1114 1650 possunt
1132 1623 1181 1643 nos
1199 1622 1318 1649 movere,
1340 1614 1446 1647 rimari,
1467 1619 1708 1649 extemporaneus,

920 1667 949 1690 ut
960 1661 1015 1696 jam
1032 1661 1157 1697 superius
1172 1661 1238 1694 dixi,
1254 1661 1305 1688 iste
1326 1667 1417 1688 sermo
1442 1667 1494 1688 non
1525 1661 1638 1695 patitur.
1659 1661 1709 1688 Vix

919 1708 991 1736 enim
1009 1708 1067 1735 hinc
1083 1706 1175 1734 multis
1191 1711 1304 1742 possent
1319 1706 1501 1734 voluminibus
1516 1706 1620 1742 digesta
1638 1714 1710 1733 com-

919 1754 981 1790 poni
997 1754 1031 1782 ab
1054 1753 1097 1781 bis
1122 1753 1222 1788 quibus
1250 1753 1381 1781 Dominus
1403 1753 1436 1780 de
1465 1753 1581 1780 lectione
1606 1752 1709 1782 Veteris

919 1799 1087 1828 Testamenti
1115 1799 1235 1827 velamen
1262 1799 1407 1827 abstraxit.
1432 1798 1486 1827 Nos
1508 1806 1575 1834 ergo
1595 1807 1643 1833 pro
1667 1799 1706 1825 vi-

919 1847 994 1874 ribus
1017 1845 1128 1877 nostris.
1145 1851 1276 1880 quatttum
1295 1845 1409 1880 proferri
1427 1846 1452 1873 in
1476 1845 1594 1873 mediutu
1608 1852 1710 1872 conve-

919 1892 978 1925 nit,
1000 1898 1195 1926 exsequamur,
1218 1890 1339 1926 apostolo
1363 1891 1440 1918 nobis
1471 1890 1554 1918 Paulo
1574 1891 1708 1926 pandente

919 1937 1103 1973 intelligentia
1121 1937 1211 1964 viam:
1229 1944 1282 1971 qua
1303 1936 1369 1964 dicit
1389 1937 1474 1973 legem
1495 1937 1619 1964 umbram
1636 1936 1711 1964 tutu--

920 1991 1012 2011 rerum
1039 1983 1139 2011 habere
1162 1983 1296 2010 bonorum
1312 1982 1347 2015 “,
1372 1991 1427 2011 non
1452 1983 1536 2019 ipsam
1562 1983 1707 2019 imaginem

919 2037 1028 2062 rerum;
1048 2034 1075 2057 et
1095 2030 1244 2057 secundum
1267 2029 1293 2056 id
1315 2030 1386 2064 quod
1403 2037 1434 2057 ea
1452 2037 1513 2064 qua:
1530 2029 1563 2057 de
1579 2030 1664 2057 bobus
1681 2030 1706 2056 in

919 2073 977 2109 lege
995 2073 1050 2110 ('28)
1071 2074 1196 2102 videnlur
1212 2075 1327 2109 scripta,
1346 2082 1398 2102 non
1416 2075 1449 2103 de
1472 2075 1570 2108 bobus,
1590 2083 1706 2110 quorum

918 2119 974 2147 Deo
988 2127 1053 2147 cura
1072 2127 1125 2147 non
1143 2121 1188 2152 sit,
1204 2122 1251 2148 sed
1267 2122 1300 2148 de
1317 2121 1447 2155 apostolis
1465 2121 1630 2149 advertenda
1648 2129 1707 2156 pro-

918 2166 1034 2194 nuntiat.
1052 2166 1080 2192 ln
1099 2166 1172 2201 quod
1196 2167 1373 2202 consequenti
1397 2167 1491 2202 utique
1517 2168 1622 2195 ratione
1639 2168 1705 2194 edo-

919 2219 1023 2245 cemur,
1040 2214 1110 2247 quod
1126 2218 1153 2239 et
1172 2220 1202 2240 ea
1219 2220 1280 2248 quin
1296 2213 1328 2241 de
1345 2213 1418 2248 lepra
1436 2213 1595 2240 scribtmtur
1608 2213 1704 2240 umbra

70 2252 106 2278 de
127 2252 268 2279 hominum
295 2253 389 2288 lepra;
410 2262 470 2290 qua:
499 2263 545 2284 sex
575 2258 681 2292 species
707 2258 758 2286 ltoc
784 2261 863 2288 tnodo
880 2259 902 2286 ι)
917 2259 952 2286 sit
967 2259 994 2286 in
1008 2259 1069 2287 aliis
1089 2259 1193 2287 habens
1209 2259 1354 2295 imaginem
1373 2259 1505 2286 veritatis.
1525 2258 1610 2293 Igitur
1628 2259 1706 2286 aditi-

70 2298 274 2326 describuntur.
289 2300 342 2327 Aut
364 2301 436 2328 enim
457 2302 483 2329 in
508 2307 573 2330 cute
595 2305 719 2339 corporis
740 2305 770 2332 lit
794 2306 866 2333 cica-

70 2343 138 2374 trix,
155 2348 183 2370 et
200 2344 308 2379 signum
328 2345 498 2379 exalbidum,
511 2351 538 2374 et
557 2351 620 2374 tunc
639 2347 668 2374 lit
685 2348 711 2375 itt
727 2353 788 2376 cute
805 2356 866 2377 cor-

69 2390 146 2423 poris
163 2389 223 2423 t-jns
239 2391 367 2426 contagio
390 2391 482 2426 lepraa.
506 2393 560 2420 Aut
583 2393 710 2421 eﬂlorens
731 2394 866 2423 elllorebit

69 2434 158 2469 lepra,
173 2441 202 2463 et
223 2441 349 2472 eonteget
368 2445 477 2465 omnem
494 2444 583 2466 cutem
598 2440 722 2475 contagio
739 2449 753 2468 a
777 2442 866 2476 capite

109 2506 133 2522 ”
150 2505 219 2535 Luc.
233 2514 263 2540 ll,
278 2507 322 2534 ΞΛ.
363 2507 385 2524 ⁹¹
398 2507 418 2535 II
434 2508 498 2535 Cor.
513 2515 570 2540 vnt,
583 2509 610 2536 9.
648 2510 670 2525 ⁹¹
681 2509 760 2538 liiiclt.
778 2519 802 2543 v,
820 2511 847 2538 ‘2.

107 2574 164 2610 (23)
179 2576 212 2603 In
224 2584 276 2610 quo
291 2581 377 2604 tamen
389 2578 432 2604 die
446 2578 491 2611 qui
505 2579 639 2605 masculus
658 2584 706 2610 est,
721 2583 775 2606 etc.
789 2580 863 2607 Con-

71 2611 133 2671 sllllle
158 2611 285 2672 I:t_tletium
316 2611 539 2648 Origenianorum
565 2613 612 2640 lib.
638 2621 670 2646 tt,
695 2619 792 2649 qutcst.
819 2615 863 2648 ii,

72 2654 89 2671 II
111 2654 146 2672 111.
205 2669 212 2672 .

72 2653 146 2672 ΙΙιΙΙΙὶ.
169 2653 178 2672 ¹Ι
190 2653 212 2675 Ι.

108 2680 165 2715 (24)
179 2681 260 2711 Libb.
273 2686 353 2710 antea
373 2681 451 2718 editi,
468 2692 478 2709 ‹
495 2688 541 2710 aut
558 2683 622 2718 pulli
634 2684 800 2715 columbini,
817 2689 864 2711 aut

73 2720 192 2755 turtures
208 2725 258 2755 pro
275 2723 400 2755 peccato.
420 2717 638 2755 Secundo'vero
653 2720 798 2746 mandatur
813 2720 863 2747 ho-

70 2753 198 2789 stia_:__‘si_,
211 2753 311 2788 inquit,
334 2762 344 2778 ι
355 2757 426 2789 etc.,
437 2753 484 2780 sed
498 2761 562 2789 mss_.
580 2758 610 2780 ut
622 2754 648 2780 in
665 2758 757 2781 nostro
773 2759 860 2782 textu.

108 2786 165 2821 (‘35)
180 2787 232 2815 Pro
249 2786 335 2815 nobis.
352 2788 531 2816 Desideratur
546 2786 573 2815 i'n
590 2794 670 2816 antea
697 2789 788 2822 editis,
814 2790 862 2817 sed

73 2821 209 2855 suppletur
223 2830 238 2850 e
251 2832 318 2851 mss.

107 2857 160 2891 (26)
175 2857 251 2887 Libh.
271 2858 337 2886 edili
352 2862 423 2893 post,
442 2867 451 2884 ι
472 2858 619 2890 discutere,
641 2867 650 2883 ι
671 2859 782 2890 addunt,
798 2869 806 2884 ο
819 2867 862 2885 va-

74 2890 163 2927 lemus,
180 2903 187 2918 ι
207 2895 278 2930 quod
298 2890 377 2922 abeat
396 2894 431 2922 ab
460 2893 587 2922 omnibus
615 2902 679 2922 mss.
704 2895 860 2932 etabsquo

916 2304 1028 2332 beamus
1048 2305 1145 2340 primo,
1166 2305 1188 2332 si
1210 2305 1328 2337 videtur,
1352 2305 1438 2339 ipsam
1466 2304 1615 2339 Scriptura!
1645 2313 1704 2332 mn—

917 2350 1004 2382 bratn,
1021 2355 1048 2377 et
1065 2355 1128 2378 tunc
1148 2351 1182 2378 de
1196 2351 1255 2386 ejus
1273 2351 1387 2378 veritate
1402 2350 1581 2385 requiramus.
1605 2351 1632 2377 In
1648 2350 1705 2377 vul-

917 2396 1029 2424 neribus
1045 2403 1190 2430 corporum
1214 2401 1390 2431 posteaquam
1414 2401 1508 2424 curata
1532 2397 1642 2429 iuerint,
1663 2405 1705 2425 re-

916 2447 1008 2469 manet
1024 2442 1161 2470 interdum
1183 2443 1267 2477 ipsius
1284 2443 1403 2471 vulneris
1424 2445 1544 2478 siguum,
1569 2445 1641 2478 quod
1664 2445 1703 2472 ci-

900 2512 922 2527 ⁹³
943 2511 1025 2539 Ilebt'.
1039 2519 1066 2545 Χ,
1080 2512 1105 2539 1.

915 2587 1012 2608 sensus
1027 2581 1170 2616 dispendio
1184 2582 1280 2610 abesse
1298 2587 1395 2617 potest.
1425 2581 1497 2609 Infra
1519 2583 1603 2609 codex
1633 2583 1702 2609 San-

915 2623 1012 2650 εει-ιη..
1029 2625 1038 2641 ι
1054 2624 1101 2644 sex
1117 2618 1222 2652 species
1235 2618 1389 2652 propositas
1408 2625 1480 2645 esse.
1503 2627 1511 2643 ι
1525 2617 1604 2645 Libb.
1625 2619 1700 2650 editi,

917 2660 926 2676 α
945 2659 991 2678 sex
1013 2652 1118 2684 species
1135 2653 1237 2686 positas
1249 2660 1318 2680 esse.
1341 2662 1350 2679 ι

951 2686 1006 2721 (‘27)
1027 2687 1117 2714 Codex
1146 2688 1306 2722 Sattgertn.,
1330 2697 1340 2713 ‹
1356 2692 1470 2722 tempus.
1489 2697 1498 2714 ι
1520 2688 1600 2716 Libb.
1615 2688 1682 2718 editi
1696 2709 1702 2720 ,

916 2730 925 2746 ε
943 2722 1084 2756 temporis.
1097 2732 1106 2747 ι

953 2756 1010 2793 (28)
1030 2757 1108 2793 Libb.
1132 2757 1216 2789 editi,
1243 2756 1390 2793 tintelligi.
1405 2766 1414 2783 ι
1439 2758 1529 2785 Codex
1557 2759 1700 2793 Sangerm.

917 2797 943 2818 et
957 2792 1015 2822 alii,
1033 2801 1042 2817 ι
1059 2792 1084 2818 itt
1103 2791 1191 2826 lege.)
1210 2792 1280 2818 lnl'ra
1297 2792 1377 2819 iidem
1394 2800 1471 2825 tnss.,
1491 2802 1501 2819 ι
1515 2791 1662 2820 umbra—sit
1676 2794 1702 2820 in

916 2826 977 2888 pilas
997 2827 1105 2888 Italbens.
1121 2837 1129 2853 ι
1151 2826 1228 2856 Libb.
1244 2827 1320 2861 editi,
1338 2835 1347 2852 t
1361 2827 1454 2855 umbra
1470 2828 1536 2861 sint,
1551 2833 1578 2856 et
1593 2828 1619 2855 itt
1639 2828 1702 2855 aliis

926 2869 949 2888 ta
969 2869 1019 2888 can
1035 2881 1041 2888 .
1052 2872 1060 2888 ι

926 2866 1041 2889 ιειυοειιιι.
1052 2872 1060 2888 ν
