1894 3059
189 159 241 187 699

928 157 1088 184 ΟιιιυΕΝιδ

1762 155 1802 182 500

191 217 278 244 catrix
296 216 458 251 appellatur.
477 216 523 243 Via
544 217 616 243 cnim
631 221 673 243 cst
687 225 731 251 qui
757 218 793 243 ita
809 221 932 248 curetur,
951 223 979 243 nt
993 219 1016 246 Δ
1031 222 1110 244 cattle
1134 217 1297 245 inferuntur.
1317 216 1424 243 intuere
1446 222 1518 243 nunc
1540 214 1614 241 illam
1638 214 1760 246 animam,
1778 217 1801 242 de

191 263 293 289 nullum
306 261 425 297 suscepti
437 262 556 290 vulneris
571 263 691 290 residere
704 263 826 290 videnlur
838 263 976 290 indicith

188 308 285 335 Transi
299 316 371 335 nunc
385 309 419 334 ab
435 309 484 334 ista
503 308 570 342 legis
587 307 681 335 umbra
698 308 730 334 ad
747 309 888 335 veritatem
904 308 976 342 ejus,

187 359 215 381 ιιι
232 355 338 381 intuere
353 354 489 388 quomodo
508 354 600 380 anima
619 361 677 387 qua:
695 354 798 388 peccati
820 354 917 381 vulnus
933 362 979 380 ac-

186 401 306 434 ceperit.
327 401 430 427 etiamsi
449 404 569 433 curetur,
594 404 682 426 tamen
701 401 782 427 habet
799 400 904 435 peccati
929 400 971 427 ci-

184 447 314 474 catricem
330 447 357 474 in
372 446 431 474 loco
450 447 572 474 vulneris
587 447 762 474 rcSltlt'tllelll.
779 447 843 480 Qui:
860 447 975 474 cicatrix

187 501 240 519 non
260 493 347 520 solum
368 501 382 520 a
401 493 455 520 lleo
472 493 587 527 videtur,
609 495 655 521 sed
670 498 697 520 et
714 494 747 520 ab
765 494 804 521 eis
829 493 875 528 qui
899 500 978 520 acce-

187 543 287 572 perunt
298 539 333 566 ab
346 547 378 566 eo
394 539 521 574 gratiam,
537 547 589 574 qua
603 540 744 574 pervidcre
758 540 865 574 possint
878 539 976 566 anima:

187 585 342 619 laognores,
357 589 384 611 et
405 585 562 611 discernere
576 592 636 618 qua:
654 584 688 611 sit
704 584 793 611 anima
814 584 850 610 ita
868 589 974 614 curata,

185 635 217 656 ut
235 630 307 657 omni
324 638 422 665 genere
444 631 589 665 vestigium
612 630 678 657 illati
695 630 814 657 vulneris
829 629 974 665 abiecerit;

185 679 214 702 et
227 683 288 710 qua:
307 681 401 702 curata
418 676 453 703 sit
473 676 593 710 quidem,
611 676 657 703 scd
678 675 748 703 ierat
770 676 860 702 adhuc
876 676 976 703 veteris

186 721 273 748 morbi
291 722 319 747 in
337 721 394 755 ipso
411 721 523 756 vestigio
545 721 684 748 cicatricis
699 721 811 748 indicia.
833 721 908 754 Quod
930 729 976 746 au-

186 771 238 794 lem
262 767 318 794 sitit
341 766 465 802 quzcilam
491 768 588 794 anima:
615 767 745 799 vultiera,
771 766 856 794 Isaias
880 767 974 798 docet,

185 812 335 840 dicens“:
354 821 363 838 ι
377 814 397 840 A
414 813 529 847 pedibus
544 820 632 848 usque
645 814 678 840 ad
694 818 779 848 caput
795 822 847 841 non
863 818 904 840 est
920 813 975 839 rul-

186 866 248 890 uus,
271 865 359 893 neque
381 858 461 892 livor,
487 866 575 893 neque
599 859 676 894 plaga
698 867 759 886 cum
782 859 921 892 fervore,»
943 859 975 886 dc

185 904 296 931 delictis
319 905 378 931 haec
402 904 495 939 procul
519 904 601 932 dubio
632 904 722 939 populi
752 905 894 938 loquens:
914 904 976 939 quia

185 954 250 977 sunt
279 950 362 984 aliqui
391 950 489 984 quibus
517 950 601 984 possit
628 951 717 978 adhuc
747 951 974 978 medicamentum

186 995 355 1030 malagmatis
379 995 492 1029 imponi.
508 995 561 1022 Alii
585 1002 649 1022 vero
665 996 737 1030 quod
766 996 823 1023 sint
842 996 976 1024 iotantuui

186 1045 353 1074 peccatores,
370 1045 398 1067 ut
420 1041 460 1068 eis
485 1048 534 1068 nec
556 1049 622 1068 cura
650 1042 736 1076 possit
761 1042 899 1074 adhiberi,
925 1042 977 1069 hoc

186 1087 267 1114 modo
291 1087 361 1114 idem
384 1088 518 1121 propheta
542 1088 668 1122 designat
690 1096 698 1115 :
725 1097 734 1113 ι
756 1087 814 1115 Νοιι
839 1093 898 1121 est,
929 1088 971 1114 in-

184 1133 243 1166 qnit
256 1133 290 1164 ’⁵,
315 1133 446 1168 malagma
474 1133 630 1168 imponere,
652 1141 742 1169 neque
769 1133 859 1161 oleum
888 1133 975 1170 (29),

187 1186 276 1212 neque
291 1179 475 1214 alligaturus.»
495 1180 571 1213 Quod
590 1185 680 1207 autem
696 1179 836 1211 contritio,
853 1185 880 1207 et
895 1179 974 1215 plaga

185 1225 291 1259 doloris
310 1234 358 1260 per
380 1225 593 1260 corruptionem,
610 1233 682 1252 cura:
700 1233 782 1252 eausa
800 1226 976 1259 imponantur

186 1272 285 1298 animai
306 1270 440 1299 let-cuiius
460 1271 554 1303 docet,
575 1271 668 1298 dicens
678 1271 724 1298 ":
745 1281 754 1297 ι
772 1271 818 1298 Sic
834 1271 901 1298 dicit
925 1272 976 1299 Do-

185 1319 294 1345 minus:
313 1318 447 1345 Suscitavi
470 1318 659 1345 contritionem
679 1317 756 1352 plaga
777 1322 822 1344 tua
845 1325 908 1344 cum
927 1318 976 1345 do-

185 1365 257 1398 lore;
272 1372 323 1392 non
337 1368 379 1391 est
401 1363 448 1399 qui
466 1363 569 1398 jndicet
585 1363 717 1398 judicium
739 1368 827 1396 tuum;
848 1371 911 1391 cum
929 1363 977 1390 ilo-

186 1412 244 1439 lore
264 1416 357 1438 rorata
374 1419 414 1444 es,
429 1410 535 1438 utilitas
548 1418 601 1437 non
616 1415 658 1438 est
676 1411 702 1437 iu
725 1415 760 1438 te.
778 1410 879 1438 Otones
894 1412 975 1439 amici

187 1459 223 1485 iui
241 1457 320 1485 obliti
337 1462 399 1485 sunt
417 1457 468 1490 tui,
484 1464 535 1484 nec
559 1456 615 1490 jam
643 1457 851 1491 intcrrogabunt
874 1457 908 1485 de
924 1462 950 1484 te
966 1467 974 1484 :

183 1505 247 1539 quia
263 1504 341 1538 plaga
369 1503 470 1530 inimici
492 1503 612 1538 p‘rcnssi
634 1508 660 1530 te
682 1504 859 1537 correptione
884 1503 974 1532 valida

185 1558 236 1585 pro
248 1550 322 1577 omni
340 1549 484 1585 iniquitate
501 1555 559 1581 tua,
575 1548 705 1583 quoniam
722 1549 897 1583 multiplicata
912 1555 974 1577 sunt

185 1600 299 1630 peccata
312 1600 368 1621 tua.
380 1594 450 1627 Quid
466 1594 625 1622 vociferaris
638 1601 720 1628 super
736 1595 900 1622 contritione
918 1596 980 1622 tua?

188 1642 327 1668 Violentus
340 1646 382 1668 est
394 1641 472 1668 dolor
494 1645 565 1669 tuus.
585 1645 694 1674 propter
711 1640 910 1668 multitudinem
927 1641 977 1668 itii-

187 1686 321 1720 qnitatnm
335 1691 441 1712 tuarum
456 1685 657 1720 pra-valuerunt
672 1691 780 1719 peccata
798 1690 852 1718 tua,
865 1690 893 1712 ct
908 1685 980 1713 fece-

186 1736 252 1758 runt
266 1732 314 1758 tibi
331 1731 397 1758 hac.
412 1731 558 1766 Propterea
574 1738 668 1758 omnes
684 1731 729 1765 qui
745 1731 875 1758 devorant
892 1736 917 1759 te
933 1732 980 1759 de-

186 1777 365 1809 rorabnntur,
383 1781 410 1804 et
425 1785 523 1804 omnes
547 1776 649 1804 inimici
670 1777 706 1804 tui
729 1784 826 1804 carnes
841 1785 905 1805 suas
923 1777 979 1814 (50)

183 1823 369 1851 dei/orabunt:
383 1829 410 1851 et
419 1828 499 1851 erunt
511 1825 558 1858 qui
578 1827 602 1851 te
621 1823 810 1862 amixeruptiu
823 1823 978 1857 aﬂlictione.

186 1875 211 1896 et
227 1877 322 1896 omnes
335 1870 382 1904 qui
401 1870 611 1897 devastai'eraut
626 1874 662 1901 te,
678 1869 746 1896 dabo
759 1869 785 1896 iu
802 1869 980 1904 depraidatio-

186 1924 262 1948 nem;
271 1916 398 1950 quoniam
409 1916 542 1944 revocabo
553 1916 697 1943 sanitatem
706 1920 791 1948 tuam,
799 1920 826 1942 et
836 1923 851 1942 a
861 1915 980 1943 vulneris

186 1961 223 1987 tui
238 1961 331 1988 dolore
343 1962 476 1988 revocabo
490 1966 525 1994 te,
538 1957 606 1988 dixit
622 1962 777 1989 Dominus.)
790 1961 926 1989 Memento
942 1962 979 1989 di-

186 2006 313 2040 ligentius
327 2015 386 2042 qum
400 2007 518 2035 audieris
534 2015 548 2034 a
566 2008 697 2042 propheta
712 2007 745 2034 de
762 2007 929 2039 vulneribus,
945 2012 973 2034 et

185 2053 219 2079 de
231 2053 416 2086 cicatricibus,
424 2057 451 2080 et
462 2053 495 2080 de
505 2054 656 2080 tumoribus
665 2053 729 2080 dici.
742 2053 803 2080 llzec
814 2053 887 2080 cuitu
899 2053 977 2081 nobis

187 2099 342 2125 necessaria
365 2103 427 2126 sunt
455 2098 487 2126 ad
512 2098 711 2133 expositionem
731 2098 910 2131 cicatricum,
934 2100 977 2127 vel

186 2145 340 2176 vulnerum,
361 2144 402 2171 vel
418 2145 536 2171 aliorum
559 2144 745 2178 hujuscemodi
769 2154 829 2181 quae
845 2147 871 2172 iii
894 2146 974 2180 lepra:

187 2191 403 2224 iuspecliouihns
419 2196 616 2217 memorantur.
630 2191 768 2220 Addeinus
784 2197 872 2219 tamen
889 2193 977 2220 adhuc

1032 270 1086 297 qua
1110 263 1176 289 dicit
1205 262 1345 293 Dominus,
1369 261 1432 295 quia
1457 267 1507 295 ego
1537 260 1639 286 adduxi
1662 260 1801 287 cicatricem

1031 308 1101 342 ejus.
1126 308 1190 335 I’Ost
1207 307 1319 334 vulnera
1339 307 1398 334 sine
1420 306 1504 333 dubio
1517 305 1672 333 cicatricem
1696 307 1801 337 adducit.

1031 359 1059 382 et
1079 354 1236 382 sanitatem.
1258 363 1267 379 I
1285 353 1317 381 Et
1333 353 1435 386 curabo
1460 359 1518 385 eos,
1538 357 1568 380 et
1581 352 1757 379 mauil‘estabo
1771 353 1803 379 eis

1033 409 1125 436 pacem
1140 404 1168 428 et
1186 401 1276 427 ﬁdem.
1291 409 1300 426 ι
1317 400 1346 426 Si
1365 407 1430 434 ergo
1447 403 1509 433 post
1523 399 1705 434 cognitionem
1718 404 1742 425 et
1758 408 1802 425 mtt-

1031 446 1148 473 dieinam
1169 446 1225 478 Dei,
1238 445 1261 471 si
1276 449 1337 478 post
1357 443 1607 471 manifestationem
1624 443 1699 478 pacis
1712 448 1737 470 et
1754 444 1802 470 liilci

1031 499 1111 526 quam
1125 499 1174 526 per
1189 491 1330 519 Christum
1346 491 1528 525 suscepimus,
1552 497 1662 518 rursum
1688 490 1714 517 in
1738 490 1802 517 istam

1029 539 1186 566 cicatricem
1209 537 1340 565 ascendat
1355 537 1466 572 aliquod
1490 537 1594 571 peccati
1620 537 1721 570 prioris
1742 537 1802 563 initi-

1030 585 1114 617 cium,
1131 590 1179 611 aut
1199 584 1307 619 signum
1333 583 1443 618 aliquod
1460 583 1565 610 erroris
1580 583 1682 610 veteris
1708 583 1804 609 innove-

1032 635 1090 663 tur;
1110 635 1174 658 Iuttc
1196 630 1226 657 lit
1243 631 1269 657 in
1286 634 1348 657 cute
1372 630 1496 663 corporis
1513 629 1598 655 nostri
1624 629 1749 663 contagio
1771 629 1803 656 le-

1029 684 1095 710 μιαν,
1109 685 1168 710 qua:
1183 676 1351 709 inspicienda
1363 680 1405 702 est
1419 683 1467 710 per
1482 675 1648 710 pontiﬁcem,
1667 676 1803 702 secundum

1030 729 1061 749 ea
1073 729 1134 756 qua:
1149 722 1290 757 legislaior
1304 720 1441 755 exposuit.

1065 768 1092 796 6.
1113 769 1237 796 Secunda
1254 775 1318 795 vero
1333 766 1439 801 species
1453 772 1495 794 est
1512 767 1603 802 lcpm,
1624 776 1634 792 ι
1648 768 1671 795 si
1693 767 1805 795 cll'loruc-

1030 816 1076 846 rit,
1092 815 1179 849 inquit
1194 815 1226 847 ⁸⁸,
1259 815 1285 842 in
1304 821 1376 847 cute,
1401 815 1437 841 ita
1461 820 1489 841 ut
1510 819 1583 849 tegat
1600 821 1708 842 Omnem
1729 820 1805 841 cutem

1029 862 1153 894 corporis
1165 869 1180 887 a
1197 861 1286 895 capite
1301 868 1385 895 usque
1401 860 1434 887 ad
1450 861 1543 894 pedes,
1561 867 1610 895 per
1630 861 1721 887 omnia
1741 868 1805 894 qua:-

993 897 1136 941 Bcunque
1162 906 1292 934 sacerdos
1313 906 1473 940 inspexerit.
1488 915 1497 931 ι
1522 906 1589 933 Cum
1618 913 1685 940 ergo
1710 913 1806 932 onmem

1029 957 1119 979 cutem
1134 952 1258 986 corporis
1280 951 1425 982 obtexerit,
1448 956 1512 977 tunc
1529 952 1660 979 mundum
1675 959 1737 978 eum
1754 958 1807 977 esse

1029 998 1158 1025 sacerdos
1181 1006 1196 1024 a
1223 998 1385 1032 contagione
1413 998 1582 1032 pronuntiat.
1607 997 1660 1024 Sed
1691 997 1716 1024 in
1745 1005 1804 1030 qua-

1028 1051 1136 1078 cunque
1156 1043 1199 1071 dic
1223 1044 1380 1078 apparuerit
1404 1045 1432 1071 in
1456 1050 1489 1070 eo
1505 1043 1583 1070 color
1598 1043 1684 1076 vivus,
1710 1050 1808 1070 rursum

1025 1089 1166 1123 iudicatur
1178 1090 1333 1116 immundus
1348 1097 1396 1124 per
1411 1089 1463 1117 hoc
1477 1089 1548 1124 quod
1562 1090 1638 1117 color
1651 1090 1678 1116 iu
1693 1097 1727 1116 eo
1740 1089 1809 1115 rivus

1028 1137 1167 1171 apparuit,
1183 1143 1262 1170 quem
1280 1141 1342 1164 ante
1367 1144 1421 1164 non
1445 1137 1549 1164 habuit.
1571 1135 1606 1163 De
1632 1137 1685 1163 hoc
1708 1136 1809 1170 quidam

1027 1183 1109 1209 etiam
1125 1187 1188 1209 ante
1204 1189 1247 1209 me
1268 1182 1407 1214 dixerunt,
1425 1190 1474 1217 per
1490 1182 1610 1209 colorem
1631 1182 1722 1209 vivum
1746 1181 1810 1208 indi-

1028 1228 1085 1256 cari
1111 1227 1243 1255 rationein
1259 1228 1321 1255 vita:
1344 1235 1404 1262 quin
1427 1228 1454 1254 in
1471 1227 1582 1255 homine
1597 1232 1659 1260 est;
1680 1235 1734 1262 qua
1750 1235 1810 1254 noo—

1028 1275 1090 1300 dnm
1111 1273 1138 1300 in
1155 1274 1244 1300 anima
1264 1273 1363 1307 posita,
1380 1273 1403 1300 si
1425 1273 1489 1307 quid
1505 1273 1560 1300 illic
1579 1274 1683 1308 peccati
1705 1274 1759 1305 liat,
1774 1281 1811 1299 rc-

1028 1325 1137 1355 putatur
1163 1327 1212 1354 pro
1239 1327 1271 1347 eo
1298 1320 1370 1354 quod
1403 1319 1526 1347 videatur
1557 1321 1676 1347 nondum
1707 1319 1812 1346 rationis

1027 1373 1112 1400 capax
1127 1373 1188 1393 esse
1205 1365 1227 1393 is
1243 1365 1289 1400 qui
1303 1365 1446 1400 delinquit.
1460 1365 1527 1393 Cum
1547 1371 1637 1393 autem
1655 1367 1727 1393 ratio
1743 1367 1767 1392 in
1780 1373 1808 1392 cu

1030 1412 1121 1439 locum
1135 1419 1168 1440 ac
1183 1417 1290 1446 tempus
1308 1411 1451 1442 invenerit,
1465 1412 1487 1439 si
1503 1412 1569 1446 quid
1587 1413 1643 1447 jam
1663 1417 1757 1440 contra
1776 1420 1814 1438 ra-

1030 1458 1131 1485 tionem
1148 1463 1220 1493 agat,
1241 1456 1328 1484 videri
1343 1464 1405 1484 eum
1419 1456 1481 1491 jure
1503 1457 1680 1493 culpabilem.
1699 1458 1751 1485 Nos
1766 1465 1810 1483 au-

1029 1506 1081 1528 tem
1095 1501 1254 1536 diligentius
1274 1507 1334 1534 qua-
1350 1500 1453 1535 scripta
1469 1505 1532 1527 sunt
1554 1505 1728 1532 contuentes,
1749 1499 1815 1526 arbi-

992 1566 1014 1594 ο
1033 1553 1136 1575 trauiur
1159 1548 1244 1582 magis
1268 1547 1328 1574 ιιωο
1344 1548 1378 1574 dc
1395 1547 1448 1574 illis
1464 1547 1634 1582 accipienda,
1657 1547 1758 1582 quibus
1779 1546 1814 1572 vel

1032 1593 1172 1628 plireoesi,
1187 1593 1229 1621 vel
1253 1593 1357 1623 furore.
1377 1593 1419 1620 vel
1443 1600 1606 1628 quocunque
1622 1600 1658 1620 ex
1684 1597 1763 1627 pacto
1776 1599 1815 1617 oc-

1030 1645 1144 1673 cupatus
1158 1639 1201 1666 vel
1220 1647 1365 1674 oppressus
1379 1643 1420 1666 est
1437 1646 1549 1671 sensus,
1569 1643 1597 1666 et
1617 1644 1705 1672 agunt
1729 1643 1815 1665 contra

1032 1686 1174 1712 rationem.
1191 1685 1282 1712 Mundi
1296 1692 1362 1719 ergo
1379 1684 1422 1711 isti
1441 1692 1455 1710 a
1475 1684 1560 1718 lepra,
1575 1684 1601 1711 id
1619 1690 1663 1712 est
1688 1685 1816 1711 inunuues

1030 1730 1200 1764 appellantur
1223 1737 1237 1756 a
1258 1734 1381 1764 peccato,
1403 1728 1448 1764 qui
1471 1733 1549 1756 actus
1571 1728 1631 1762 sui,
1654 1729 1698 1755 vel
1723 1733 1816 1759 motus,

1031 1785 1082 1803 uoti
1102 1776 1202 1803 habent
1222 1783 1342 1803 sensum.
1356 1775 1432 1808 Quod
1450 1775 1472 1802 si
1490 1775 1559 1802 forte
1573 1775 1733 1809 apparuerit
1749 1775 1774 1801 iu
1787 1782 1816 1799 ro

1031 1823 1108 1849 vivus
1121 1822 1196 1849 color
1212 1821 1346 1856 corporis,
1360 1821 1412 1847 hoc
1423 1825 1467 1847 est
1481 1828 1578 1847 sensus
1591 1820 1632 1847 sui
1654 1825 1780 1855 reparata
1795 1820 1817 1845 in

1030 1874 1062 1893 co
1081 1865 1160 1891 fuerit
1179 1867 1296 1896 sanitas,
1310 1869 1338 1890 et
1352 1869 1413 1899 post
1428 1864 1487 1892 haec
1504 1864 1606 1899 aliquid
1623 1871 1724 1892 contra
1743 1865 1820 1890 ratio-

1031 1919 1091 1938 nem
1110 1910 1178 1938 recti
1196 1910 1317 1945 iustique
1334 1914 1423 1944 gerat,
1440 1910 1560 1945 reputari
1577 1910 1602 1937 ei
1621 1916 1766 1944 peccatum
1784 1910 1820 1936 di-

1030 1958 1100 1984 citur
1116 1964 1148 1983 ex
1165 1963 1196 1984 ea
1213 1961 1289 1989 parte
1304 1964 1357 1990 qua
1373 1956 1452 1983 vivus
1467 1956 1552 1988 color,
1570 1955 1597 1984 id
1613 1962 1656 1985 est
1673 1964 1773 1984 sensus
1789 1956 1811 1981 in

1030 2010 1063 2030 eo
1080 2002 1147 2029 viva:
1162 2001 1274 2028 rationis
1286 2001 1454 2036 apparuerit.

1064 2052 1091 2078 7.
1112 2051 1203 2079 Tertia
1219 2051 1261 2078 lex
1285 2050 1319 2078 de
1333 2050 1450 2085 leprosis
1464 2055 1507 2077 est
1529 2058 1591 2077 cum
1614 2051 1643 2076 in
1670 2055 1736 2078 cute
1760 2056 1818 2074 cor-

1029 2098 1103 2133 poris
1128 2097 1205 2124 ulcus
1238 2095 1363 2126 cllicitur,
1384 2100 1412 2123 et
1438 2096 1465 2122 in
1493 2095 1553 2122 loco
1580 2095 1686 2123 ulceris
1711 2095 1819 2122 cicarix

1029 2145 1087 2171 alba
1113 2152 1174 2171 cuin
1202 2144 1302 2170 rubore
1326 2142 1473 2170 invenitur.
1497 2142 1603 2170 Ulceris
1621 2147 1718 2168 autem
1743 2148 1818 2168 causa

1028 2196 1086 2222 cst,
1107 2198 1168 2217 cum
1189 2190 1215 2217 in
1237 2197 1352 2224 corpore
1380 2189 1479 2216 humor
1502 2188 1630 2216 sordidus
1650 2187 1778 2215 abundat
1796 2191 1820 2212 et

185 2245 245 2270 (ιιι-υ
256 2241 284 2264 et
295 2237 320 2263 in
332 2238 384 2264 alio
400 2237 459 2264 loco
470 2236 541 2264 idem
550 2236 682 2264 let-cuiius
695 2239 728 2265 ad
742 2239 840 2266 anima:
851 2239 971 2271 vulnera,
989 2245 1012 2272 υ
1028 2239 1134 2266 noxius.
1160 2238 1198 2264 Ita
1215 2245 1279 2272 ergo
1300 2241 1327 2263 ct
1345 2236 1371 2263 iti
1400 2235 1489 2263 anima
1514 2235 1605 2263 ulcera
1630 2235 1821 2269 intelliguntur

185 2289 212 2309 ct
229 2290 320 2316 curas,
342 2283 368 2310 in
385 2283 484 2318 quibus
499 2287 589 2310 tamen
605 2284 718 2319 vestigia
734 2284 877 2312 vttluerum
899 2293 972 2312 resc-

185 2329 276 2355 dcrint
296 2334 356 2364 post
379 2329 525 2357 obductam
552 2330 722 2363 cicatricem,
738 2330 781 2357 his
801 2332 974 2358 sermonibus

186 2380 318 2402 memorat
331 2375 352 2390 ’⁷
368 2383 374 2402 :
394 2384 406 2401 ι
420 2375 490 2403 Ecce
505 2384 554 2411 ego
577 2377 710 2404 adducam
727 2377 883 2404 cicatricem
904 2378 974 2411 ejus,

185 2427 209 2446 ei
236 2420 316 2447 simul
333 2421 436 2449 curabo
452 2429 511 2454 eos,
532 2427 559 2449 cl
575 2422 753 2450 manifestabo
775 2423 816 2450 cis
840 2431 933 2458 pacein
947 2429 975 2450 et

187 2467 277 2498 Iidem,
294 2473 319 2493 ct
337 2467 420 2502 232
432 2473 590 2495 convertam
610 2469 795 2503 captivitatem
809 2469 885 2496 Jitdie
906 2469 975 2504 (51),

185 2517 211 2537 ct
232 2512 417 2547 Captivitatem
442 2512 603 2541 Jerusalem.
617 2524 626 2540 ι
647 2514 675 2541 Si
691 2522 754 2549 ergo
779 2515 942 2542 suﬂicicutcr
959 2523 973 2542 a

187 2560 316 2591 p-oplieia
342 2559 486 2587 didicimus
511 2561 544 2587 dc
568 2561 729 2588 vulneribtts
751 2565 778 2587 et
800 2561 975 2589 cicatricibus

187 2604 348 2638 animarum,
363 2610 390 2632 ct
408 2606 481 2633 curis
501 2614 533 2633 ac
550 2607 724 2638 sanitatibus,
739 2614 798 2641 quae
816 2607 869 2634 Deo
889 2609 975 2635 medi-

220 2675 245 2691 ”
265 2674 317 2702 lsa.
339 2683 364 2707 i,
388 2676 415 2703 6.
462 2676 484 2692 ’⁸
504 2677 568 2704 ibid.

223 2735 279 2770 (ΞΩ)
301 2735 390 2772 Neque
407 2736 500 2763 oleum.
522 2736 602 2764 Deest
628 2737 655 2764 in
677 2737 753 2764 libris
778 2743 858 2764 anlca
881 2738 974 2772 editis,

188 2772 234 2796 sed
253 2771 393 2808 suppletur
412 2778 426 2796 e
442 2779 507 2808 uiss.
525 2772 595 2798 Infra
613 2778 693 2808 recte
709 2773 973 2808 codcxﬁaogernn,

190 2816 199 2829 ι
216 2806 405 2841 «ontritioncni
424 2806 500 2840 plaga
516 2811 559 2832 tua
575 2814 635 2833 cum
653 2807 753 2834 dolore.
770 2818 778 2833 ι
803 2806 971 2841 Ιμίιιιιίράιιὶ,

192 2849 202 2865 ι
220 2839 410 2866 muli-itionem
426 2841 510 2873 plaga.-
525 2845 576 2867 tua:
587 2849 646 2867 cnui
661 2842 753 2869 dolore
776 2853 784 2867 ›

228 2875 282 2909 (30)
303 2874 399 2901 Unities
424 2882 497 2907 mss,
515 2885 522 2900 ι
537 2881 606 2902 tuas.
619 2885 627 2901 ι
645 2877 714 2904 ludia
732 2878 796 2904 libb.
811 2878 885 2911 editi,
907 2887 915 2902 ι
932 2886 972 2906 ic-

606 2677 631 2694 ”
647 2676 703 2705 Jer.
721 2685 787 2711 xxii,
803 2677 835 2704 12
857 2683 884 2705 et
901 2685 978 2713 seqq.

1028 2293 1077 2316 ea,
1092 2292 1150 2318 qum
1170 2291 1203 2310 ex
1227 2283 1375 2310 immundis
1399 2281 1608 2316 cupiditatibus,
1631 2281 1678 2308 vel
1706 2280 1821 2308 sordidis

1028 2329 1238 2365 cogitationibus
1255 2328 1448 2356 effervescunt.
1469 2328 1535 2361 Quae
1551 2327 1573 2355 si
1592 2327 1667 2354 forte
1691 2335 1741 2361 per
1764 2325 1821 2352 ﬁdei

1029 2377 1146 2412 gratiam
1163 2380 1190 2403 et
1206 2376 1397 2403 remissionem
1422 2380 1516 2402 curata
1536 2379 1600 2402 sunt
1626 2378 1821 2408 peccatorum,

1028 2429 1055 2451 ct
1073 2431 1138 2450 sana
1159 2423 1227 2449 facta
1243 2427 1286 2448 est
1301 2421 1403 2452 anima,
1421 2421 1521 2448 residet
1537 2425 1628 2447 tamen
1643 2420 1780 2450 cicatrix;
1799 2422 1823 2444 cl

1029 2470 1051 2496 si
1076 2469 1132 2504 ipsa
1155 2469 1270 2495 cicatrix
1289 2476 1340 2494 non
1365 2467 1447 2494 habet
1462 2467 1577 2493 similem
1598 2466 1729 2500 corporis
1750 2465 1822 2492 colo-

1030 2524 1096 2548 rem,
1120 2516 1167 2543 scd
1183 2520 1224 2542 est
1244 2514 1370 2546 albidior,
1389 2513 1462 2547 lepra
1478 2519 1539 2539 esse
1560 2513 1770 2546 pronuntiatur.
1787 2510 1823 2536 Ita

1027 2562 1099 2589 cnim
1116 2561 1204 2588 lucida
1224 2560 1381 2587 videntibus
1399 2559 1456 2594 (52)
1475 2564 1516 2586 est
1536 2563 1563 2585 et
1584 2558 1659 2585 clara
1676 2557 1823 2592 cupiditas,

1029 2608 1152 2635 utetiam
1174 2614 1256 2642 porro
1274 2606 1431 2634 videntibus
1451 2605 1555 2641 peccati
1577 2605 1605 2631 iu
1623 2612 1658 2631 sc
1678 2604 1825 2632 residentis

1016 2678 1038 2693 ⁰⁷
1058 2676 1158 2704 Jerem.
1172 2682 1275 2708 xxxiii,
1296 2674 1323 2702 6.
1362 2674 1385 2690 9‘
1405 2673 1490 2702 Levii.
1506 2681 1571 2706 xiii,
1591 2673 1636 2700 ιε.

1030 2736 1134 2764 vocabo
1155 2735 1340 2763 Sanctitateiu.
1358 2743 1368 2761 ›
1390 2733 1444 2762 Sed
1461 2742 1540 2767 mss.,
1559 2743 1568 2760 ι
1586 2735 1728 2762 revocabo
1750 2734 1825 2760 sani-

1042 2784 1046 2797 a
1079 2781 1093 2795 Λ
1115 2790 1123 2798 ο

1030 2778 1120 2839 ludii?)
1137 2780 1230 2831 ,(Iodex
1250 2804 1402 2837 Saiigei'iii.,
1421 2814 1430 2830 ι
1445 2809 1469 2832 el
1488 2809 1645 2831 convertam
1669 2804 1781 2832 Judam.
1796 2813 1805 2830 ι

1063 2842 1119 2876 (52)
1144 2840 1306 2876 γιιιειιιιιιιιε.
1330 2841 1406 2866 Deest
1434 2841 1459 2866 in
1477 2841 1540 2866 lilih.
1555 2846 1635 2867 antea
1654 2842 1752 2873 ediiis,
1777 2839 1821 2867 sed

1026 2877 1165 2913 suppletur
1182 2884 1195 2903 c
1211 2875 1303 2903 codice
1321 2876 1561 2909 Saiigerinatii-ttsi.
