1894 3058
70 128 122 156 ὅυί

659 125 691 152 IN
710 123 898 152 LEVITICUM
915 122 1058 151 llOMlLlA
1075 121 1142 150 Vlll.

1653 117 1705 146 ἔξω

71 186 198 214 ostendat
221 184 343 218 Indicia;
364 188 392 212 et
416 183 541 212 l'ortassis
566 184 671 218 peccati
698 183 777 215 talis,
796 184 867 218 quod
884 186 907 213 Α
923 181 1076 216 frontcejus
1087 181 1258 214 delituerint,
1273 178 1397 208 recalvus
1409 181 1461 212 est,
1474 181 1500 205 ct
1515 177 1630 205 mundus
1640 181 1708 204 εει..

67 234 107 261 'ad
128 237 247 260 mortem
266 231 318 267 sit;
339 235 367 259 et
391 231 451 258 ideo
473 238 527 258 non
552 229 641 258 solum
664 229 726 257 alba
751 229 866 257 cicatrix

76 286 143 312 esse,
158 279 206 305 sed
220 283 248 305 et
264 276 416 305 rubicunda
438 276 617 304 describitur.
639 275 715 309 Quod
730 282 794 302 vero
816 275 868 301 ltu-

74 325 209 352 miliorent
225 324 313 358 ipsam
332 323 490 351 cicatricem
507 322 574 350 dicit
593 321 691 353 videri,
706 326 811 349 certum
827 325 869 348 cst

73 370 138 405 quia
156 369 314 405 hujnsmodi
335 368 440 396 macula
465 369 571 403 peccati
597 367 727 396 humilem
743 372 770 394 et
793 367 868 402 deje-

75 418 146 441 ctam
162 413 283 441 animam
300 413 392 441 faciat.

106 458 135 486 8.
157 458 261 492 Quarta
278 462 320 486 est
341 458 399 493 lex,
422 458 467 486 ubi
490 458 601 491 dicitur,
626 458 689 492 quia
716 459 738 486 si
757 458 784 486 in
807 463 869 485 cule

75 503 120 531 liat
140 504 255 533 adustio
272 505 355 540 ignis,
375 509 402 532 et
420 509 481 540 post
503 505 560 533 haec
583 512 646 533 cum
667 510 761 532 sanata
788 504 868 531 fuerit

73 550 193 582 Idustio,
217 550 276 586 ipsa
297 550 437 584 splendida
461 550 525 583 llat,
548 555 575 578 et
591 550 654 578 alba
670 558 732 579 cum
757 551 866 581 rubore,

75 596 117 623 vel
134 600 211 624 certe
235 595 374 629 exalbida,
397 602 426 625 et
442 597 511 625 visio
530 597 588 630 ejus
611 596 742 624 humilior
766 597 868 630 reliqua

74 647 148 675 cute,
161 646 189 669 et
210 643 280 670 Itane
299 643 365 670 dicit
382 649 444 670 esse
467 642 591 677 lepratu,
614 650 674 677 qua:
694 643 720 670 in
746 642 868 669 adustio-

74 695 138 715 nem
155 688 276 716 ellloruit
292 688 359 724 (55).
376 687 442 717 Vide
461 696 527 724 ergo
546 689 569 716 si
587 696 639 716 tton
663 689 771 716 adustio
785 692 826 715 est
844 688 869 714 itt

75 732 153 761 omni
182 732 275 760 anima
311 739 481 768 quzecunque
511 732 610 768 recipit
634 732 723 767 jacula
760 730 869 765 maligni

76 777 183 813 ignita;
200 781 247 804 aut
261 777 282 804 si
305 784 358 804 non
380 777 435 812 igni
457 777 594 810 aduritur,
613 777 705 805 omnis
726 776 770 812 qui
792 775 870 803 ardet

75 824 102 851 in
120 829 217 851 amore
228 823 344 851 carnali.
360 822 421 851 Ista:
436 827 499 850 sunt
516 831 580 858 ergo
595 823 753 851 adustiones
766 827 794 850 et
808 829 870 849 suc-

919 228 951 255 Et
967 227 1160 255 convenienter
1177 227 1234 254 lucc
1248 224 1404 252 referuntur
1420 224 1453 251 ad
1465 223 1595 255 animant,
1607 226 1636 248 ιιι
1649 229 1710 249 cum

919 282 950 302 ea
964 281 1024 309 qua:
1039 273 1080 301 sui
1096 276 1191 300 natura
1210 277 1315 299 mortua
1333 275 1398 298 sunt
1414 269 1507 304 abjicit
1522 276 1554 296 ac
1581 267 1711 303 deponit,

919 321 1018 348 munda
1033 327 1094 347 esse
1105 318 1222 346 dicatur.
1239 317 1293 345 Sed
1308 321 1370 352 post
1390 316 1448 343 haec
1465 315 1488 343 si
1511 321 1543 341 ea
1562 322 1621 349 qua:
1637 313 1712 348 prius

919 365 1061 400 purilicata
1078 363 1196 396 fuerant,
1227 362 1392 398 repullularc
1416 360 1556 389 sordidius
1577 364 1604 388 et
1621 358 1712 387 hamis

920 412 983 443 lius,
997 419 1079 446 qttam
1099 410 1218 446 dignitas
1237 409 1366 445 puritatis
1382 407 1503 443 expetit,
1527 407 1710 436 videbuntur,

921 457 1089 485 intmundam
1117 464 1149 484 ac
1166 456 1300 491 leprosam
1320 454 1438 481 animam
1461 452 1576 480 reddent
1593 451 1661 488 (35).
1680 451 1712 478 Et

922 503 972 530 hoc
986 502 1039 537 jam
1053 501 1222 537 generaliter
1235 501 1269 528 de
1280 500 1353 526 outui
1375 499 1482 533 leproso
1493 519 1500 530 ,
1518 499 1544 525 itt
1561 505 1615 533 quo
1631 497 1713 525 fuerit

921 549 1050 583 contagio
1079 548 1177 584 leprte,
1200 552 1227 576 et
1250 546 1378 575 humilior
1410 545 1549 573 videbitur
1571 553 1586 572 ει
1607 545 1711 579 reliqua

920 601 1000 628 cule;
1030 595 1160 623 humilius
1176 601 1291 629 namque
1305 598 1348 621 est
1369 599 1452 620 omne
1469 593 1570 619 animae
1585 591 1681 618 vitium
1697 598 1712 617 a

923 642 1035 676 reliquis
1049 641 1108 675 ejus
1121 641 1279 668 virtutibus.
1294 639 1349 667 Lex
1367 647 1428 676 qua:
1441 638 1574 674 spiritalis
1592 643 1644 672 est,
1660 637 1713 665 alia

921 688 1044 724 quaedam
1066 687 1197 716 decernit.
1217 696 1227 714 ι
1242 687 1420 719 Vestimenta,
1434 686 1546 721 inquit’
1577 684 1636 720 ejus
1659 684 1715 712 dis-

922 739 982 761 suta
1008 735 1076 766 sint,
1097 737 1124 760 et
1145 737 1226 768 caput
1244 732 1302 766 ejus
1318 731 1476 764 revelatum,
1493 737 1519 758 et
1535 739 1566 759 os
1583 731 1641 765 ejus
1671 731 1716 757 ad-

922 784 1058 816 opertuttt.
1072 789 1081 806 ι
1094 779 1144 807 Per
1156 787 1216 814 qua:
1226 779 1350 814 designat
1360 787 1422 806 cutn
1431 779 1513 813 quiin
1525 779 1615 806 attinta
1627 778 1715 813 lepro-

923 834 972 854 sus
983 831 1035 859 est,
1050 825 1075 853 id
1101 829 1142 853 est
1159 826 1205 860 qtti
1224 824 1344 859 peccatis
1359 825 1484 852 conﬁxus
1497 829 1549 855 est.
1565 831 1618 851 non
1633 830 1715 858 opor-

75 868 222 897 censiones
238 869 319 905 ignis.
334 868 387 897 Sed
410 874 436 896 et
453 869 497 897 ille
513 869 682 897 adustioucm
699 868 811 904 patitur.
826 865 871 901 qni

969 880 984 900 α
1000 879 1111 900 assuere
1129 872 1180 899 sibi
1195 878 1360 908 tegumenta,
1375 879 1403 900 et
1416 872 1597 907 turpitudines
1608 872 1717 906 operire

75 914 170 949 gloriae
187 914 312 942 humana:
333 915 481 948 cupiditate
511 915 696 948 succenditur,
714 920 741 942 et
759 915 804 949 qui
823 913 870 942 inc

77 960 117 987 vel
137 960 238 988 furoris
254 961 366 988 aestibus
381 959 574 988 inﬂammatur.
587 960 666 994 Quod
689 961 711 988 si
736 961 806 988 forte
823 969 871 988 cu-

76 1011 155 1034 retur
169 1006 204 1033 ab
218 1006 261 1034 his
284 1006 443 1034 vulneribus
459 1007 548 1034 aninta
566 1015 614 1042 per
639 1007 737 1039 lident,
759 1013 786 1034 et
811 1012 872 1042 post

76 1054 225 1081 sanitatem
246 1059 381 1088 receptam
399 1060 555 1090 contempto
579 1063 612 1082 eo
636 1055 760 1083 dixit":
777 1065 786 1082 ι
803 1055 871 1083 Ecce

73 1100 130 1135 jam
145 1107 230 1127 sanus
249 1099 337 1128 lactus
355 1108 395 1133 es,
414 1100 467 1128 noli
486 1108 610 1135 peccare,
626 1108 660 1128 ne
678 1101 742 1136 quid
759 1102 806 1130 tibi
826 1101 872 1129 dc-

77 1145 164 1173 terius
181 1146 339 1181 contingat;
353 1156 363 1173 ι
386 1147 498 1182 incipiat
515 1147 615 1175 veteris
633 1148 692 1175 vitii
718 1147 824 1176 fructus
838 1156 871 1176 ex

76 1191 195 1219 obducta
211 1191 342 1220 cicatrice
358 1192 494 1228 proferre,
510 1200 560 1220 nec
577 1198 736 1228 exaequetur
752 1194 870 1222 cicatrix

77 1237 111 1264 ad
138 1237 236 1272 reliqui
264 1239 386 1273 corporis
408 1243 516 1271 cutem,
539 1239 587 1266 sed
611 1239 646 1266 sit
671 1239 817 1272 ltumilior,
845 1246 872 1268 et

78 1283 154 1310 illurn
174 1283 263 1312 adhuc
279 1285 397 1313 retineat
413 1285 544 1318 colorem,
568 1292 647 1320 quem
674 1286 768 1314 habuit
791 1286 873 1322 lepra:

80 1334 223 1364 tempore;
235 1329 310 1365 lepra
326 1329 387 1366 ejus
407 1331 433 1359 in
452 1331 594 1359 adustioue
610 1330 744 1363 rrﬂoruit,
763 1337 790 1360 ct
813 1333 874 1361 ideo

77 1374 237 1403 immundus
251 1383 265 1403 a
281 1377 425 1404 sacerdote
437 1376 587 1412 iudicatur.

112 1421 142 1448 9.
163 1420 262 1454 Quinta
278 1423 385 1456 species
405 1422 486 1458 lepra:
501 1428 554 1457 est,
576 1432 638 1451 cum
658 1424 684 1452 in
701 1425 790 1460 capite
807 1432 873 1453 con-

79 1467 154 1502 tagio
176 1467 305 1501 elﬁcitnr,
326 1473 373 1496 aut
399 1469 426 1496 in
446 1469 533 1498 barba
562 1470 633 1503 viri,
656 1471 714 1499 sive
741 1471 874 1506 mulieris,

79 1515 117 1541 i:a
133 1519 163 1541 ut
178 1514 249 1541 visio
272 1515 444 1550 contagionis
465 1516 551 1551 ipsius
574 1517 705 1545 humilior
717 1518 752 1545 sit
774 1526 788 1545 a
813 1523 875 1546 cute

78 1561 216 1597 corporis,
228 1566 256 1589 et
274 1561 331 1590 haec
346 1567 388 1589 est
403 1562 475 1597 lepra
491 1563 599 1597 capitis,
615 1563 657 1591 vel
681 1564 783 1591 barbae.
802 1564 871 1592 Vide
888 1553 912 1583 θ’

78 1614 146 1642 ergo
160 1607 182 1635 si
200 1611 291 1642 potest
309 1608 378 1641 ﬁeri,
393 1612 421 1634 ιιι
443 1607 515 1643 lepra
538 1608 636 1643 capitis
651 1614 760 1643 putetur
778 1610 805 1637 itt
828 1617 872 1642 eo,

79 1652 128 1687 qui
143 1660 198 1679 non
214 1652 297 1680 habet
314 1657 396 1687 caput
410 1652 563 1687 Christum,
577 1654 624 1681 sed
640 1654 724 1681 alium
744 1655 872 1690 aliquem,

80 1698 159 1726 vet-bi
186 1706 282 1731 causa,
304 1698 454 1733 Epicurum
475 1698 641 1733 voluptateut
664 1707 799 1727 summum
824 1701 873 1726 ιιυ-

80 1753 146 1772 nutn
178 1745 392 1780 praedicantem,
416 1753 480 1772 nunt
499 1745 546 1772 tibi
566 1749 595 1773 et
621 1750 718 1780 caput,
741 1751 768 1774 et
790 1746 873 1774 barba

81 1792 145 1820 talis
161 1790 279 1820 hominis
294 1792 402 1819 videtur
416 1791 577 1820 immunda?
594 1791 646 1819 Sed
664 1797 692 1819 et
707 1793 731 1820 is
746 1792 791 1826 qui
811 1801 873 1820 cnttt

80 1838 181 1865 debeat
203 1844 266 1865 esse
292 1838 344 1870 vir,
366 1841 394 1865 et
419 1845 499 1872 agere
529 1842 659 1871 tanquam
684 1838 830 1873 perfectus.
853 1840 873 1865 si

81 1884 153 1911 forte
175 1884 255 1911 facile
274 1889 300 1911 et
322 1889 452 1918 tauquam
473 1891 541 1919 puer
565 1883 690 1912 vincatur
711 1892 725 1912 a
748 1891 873 1920 peccato,

80 1931 164 1957 etiam
177 1930 235 1965 ipse
249 1930 353 1965 lepram
370 1930 460 1958 barbae
473 1931 574 1958 habere
592 1931 723 1960 dicendus
736 1936 794 1964 est:
812 1932 874 1967 quia

82 1984 147 2004 curn
163 1977 275 2004 vincere
296 1977 411 2004 deberet
425 1976 585 2011 malignum,
600 1981 629 2005 et
649 1978 810 2006 sacerdotali
826 1979 875 2007 ho-

81 2029 163 2053 nore,
180 2022 226 2057 qui
251 2023 278 2049 in
303 2023 388 2050 barba
417 2023 587 2058 designatur,
613 2023 760 2056 incedere,
782 2025 874 2052 adole-

81 2068 197 2096 scentia
213 2068 290 2096 vitiis
305 2068 461 2103 impeditus,
477 2068 584 2103 lepram
600 2069 694 2098 barbae
712 2071 875 2106 perpetitur.

82 2113 227 2141 Mulierem
250 2118 341 2142 autem
378 2115 497 2142 animam
526 2115 553 2143 in
582 2115 734 2151 Scripturis
761 2116 877 2144 indicari

82 2167 158 2192 eam.
178 2167 239 2195 quae
263 2168 316 2189 non
339 2165 395 2188 tam
422 2162 545 2196 proferre
568 2169 661 2191 semen
685 2163 770 2196 verbi,
795 2170 877 2198 quam

82 2207 228 2240 suscipere
251 2210 353 2241 potest,
376 2214 448 2241 saepe
471 2207 575 2239 dictum
597 2212 658 2241 est;
684 2215 744 2243 qua;
772 2207 875 2243 lepram

83 2252 188 2279 habere
215 2252 375 2287 designatur
399 2253 426 2279 in
452 2254 550 2288 capite,
570 2254 592 2281 si
610 2254 700 2281 virum
720 2254 766 2289 qui
793 2259 877 2287 caput

84 2297 209 2325 mulieris
230 2302 286 2331 est,
301 2297 327 2326 id
345 2301 389 2326 est
416 2297 555 2326 doctorem
575 2299 707 2334 pollutunt
726 2299 825 2327 habeat
850 2304 878 2327 et

82 2341 275 2375 itm-tandum,
299 2347 329 2369 ttt
345 2342 525 2376 Marcioaem,
551 2347 599 2371 aut
625 2343 810 2377 Valentinum,
829 2348 877 2372 aut

83 2389 204 2423 aliquem
220 2388 352 2423 ejusmodi
365 2396 493 2422 sequens.

119 2435 165 2462 l0.
184 2434 267 2463 Sexta
288 2435 346 2470 jam
359 2439 387 2463 et
409 2435 503 2463 ultinta
528 2436 636 2471 species
653 2436 734 2470 lepra:
755 2437 876 2472 ponitur.

81 2488 144 2516 quae
167 2482 198 2508 tit
221 2481 249 2508 in
271 2481 381 2509 calvitie
401 2481 443 2508 vel
477 2482 617 2510 recalvit‘te
640 2482 725 2519 (δικ
747 2491 806 2518 qua:
836 2491 880 2511 res

71 2533 218 2561 quantum
241 2527 267 2554 in
296 2527 397 2563 scipsis
421 2532 478 2560 est,
506 2529 613 2556 mundae
635 2533 708 2556 suttt.
733 2528 779 2557 Sic
805 2530 879 2557 ettittt

86 2573 169 2608 233
185 2574 254 2600 dixit
267 2580 295 2600 et
310 2574 370 2600 lex:
391 2582 401 2599 ι
412 2573 443 2601 Si
466 2573 555 2609 cujus,
577 2575 663 2610 inquit
681 2575 701 2607 ²,
717 2575 878 2603 delituerint

83 2619 176 2654 capilli
194 2619 305 2654 capitis,
321 2619 416 2646 calvus
428 2625 481 2652 cst,
509 2620 625 2648 mundus
638 2626 690 2648 est.
710 2621 740 2648 Si
755 2627 847 2649 autem
862 2628 877 2648 τι

117 2688 141 2705 ’⁸
161 2687 241 2716 Joan.
255 2696 283 2722 ν,
296 2689 342 2718 ll.

121 2749 177 2786 (33)
197 2749 291 2786 codex
308 2750 466 2786 Sangcrm.,
487 2759 497 2776 ι
511 2755 538 2778 et
553 2751 605 2779 hoc
620 2751 684 2779 dicit
699 2758 759 2779 esse
774 2753 876 2786 lepram

84 2792 143 2818 quae
156 2785 181 2811 in
198 2785 347 2814 adultione
361 2785 520 2813 eﬂlornerit.
533 2795 543 2812 ι

118 2819 175 2856 (54)
195 2819 275 2848 Libb.
291 2821 372 2853 editi,
392 2830 402 2846 ι
417 2820 529 2848 calvitio
543 2821 584 2848 vel
600 2821 808 2850 recalvatioue.»
826 2822 877 2849 Sed

85 2856 169 2883 codex
189 2856 337 2890 Sangerm.
350 2861 378 2884 ct
395 2856 441 2884 alii
456 2861 485 2884 ut
500 2856 525 2884 itt
541 2862 634 2885 ttostro
650 2861 736 2885 textu.

924 921 1042 956 peccati.
1069 920 1148 948 Sicut
1166 921 1240 948 enim
1269 920 1293 947 is
1317 920 1395 956 cujus
1422 919 1586 946 vestimenta
1613 917 1716 945 dissuta

923 971 997 999 sunt,
1009 967 1109 994 nudant
1122 971 1206 1001 atquc
1215 966 1346 993 inlectam
1361 965 1431 999 gerit
1446 963 1643 999 turpitudinem
1655 969 1717 989 cor-

924 1012 999 1047 poris
1011 1021 1018 1040 :
1031 1013 1069 1039 ita
1084 1016 1191 1046 oportet
1206 1019 1268 1038 eum
1285 1010 1330 1046 qui
1350 1010 1468 1045 peccatis
1488 1009 1625 1044 aliquibus
1637 1008 1716 1036 obse-

928 1063 992 1094 ptus
1005 1063 1058 1091 est,
1076 1058 1146 1086 mala
1161 1065 1208 1085 sua
1226 1063 1253 1085 et
1267 1056 1369 1092 ﬂagitia
1386 1057 1467 1084 tmllis
1483 1056 1625 1084 verborum
1639 1064 1717 1085 assu-

925 1106 1038 1138 mentis,
1060 1105 1143 1132 nullis
1158 1103 1366 1131 excusationum
1383 1102 1564 1130 velaminibus
1582 1103 1689 1138 operire
1708 1112 1715 1130 τ

926 1149 965 1176 ιιιί
980 1156 1013 1176 ue
1031 1150 1077 1177 ﬁat
1097 1149 1253 1184 sepulcrum
1267 1148 1433 1180 dealbalum,
1452 1148 1525 1182 quod
1539 1147 1642 1175 deforis
1654 1148 1716 1183 qui-

924 1196 986 1223 dem
1007 1201 1119 1231 apparet
1139 1194 1295 1223 ltomiuibus
1318 1195 1472 1230 speciosum
1486 1214 1495 1225 ,
1520 1194 1595 1222 intus
1621 1199 1714 1222 autem

925 1242 1033 1277 plenum
1050 1247 1093 1269 est
1119 1241 1228 1269 ossibus
1248 1244 1427 1273 mortuorum.
1451 1244 1481 1267 et
1501 1241 1576 1268 omni
1601 1241 1719 1268 immun-

925 1287 1000 1314 ditia.
1031 1286 1092 1314 Vult
1121 1294 1188 1321 ergo
1217 1286 1260 1314 lex
1282 1285 1373 1313 divina
1392 1290 1564 1321 peccatorem
1590 1293 1644 1313 non
1672 1293 1718 1314 so-

926 1333 980 1360 lunt
993 1333 1155 1360 vestimenta
1170 1340 1221 1360 non
1242 1340 1366 1366 assuere,
1385 1333 1432 1361 sed
1446 1337 1473 1360 et
1485 1337 1566 1367 caput
1586 1340 1639 1359 tton
1653 1340 1719 1360 emt-

926 1383 1039 1414 tegere:
1057 1379 1120 1406 utsi
1133 1378 1205 1413 quod
1223 1383 1264 1405 est
1282 1378 1380 1413 capitis
1392 1378 1533 1410 delictum.
1549 1379 1574 1407 id
1587 1383 1630 1406 est
1650 1379 1672 1406 si
1692 1379 1718 1405 itt

928 1425 1013 1452 Deum
1042 1425 1147 1460 aliquid
1162 1424 1337 1452 commissum
1353 1429 1405 1458 est,
1424 1425 1446 1452 si
1469 1425 1494 1452 itt
1510 1425 1565 1452 lide
1577 1429 1718 1460 peccatum

926 1476 979 1504 est,
997 1478 1030 1499 ne
1042 1472 1100 1498 haec
1114 1471 1225 1505 quidem
1250 1471 1405 1498 habeantur
1422 1471 1529 1498 obtecta
1542 1490 1550 1502 ,
1568 1470 1615 1497 sed
1631 1470 1720 1498 omni-

929 1518 980 1546 bus
997 1518 1180 1553 publicentur,
1195 1522 1224 1544 ut
1240 1518 1396 1545 interventu
1411 1522 1436 1545 et
1462 1517 1638 1552 correptione
1657 1524 1718 1544 om-

929 1565 1002 1591 nium
1016 1565 1185 1596 emendetur,
1198 1568 1225 1592 ct
1238 1564 1347 1590 veniam
1366 1567 1516 1591 mereatur.
1524 1562 1719 1590 Verumtamen

929 1613 1054 1648 leprosos
1082 1612 1143 1644 iste.
1186 1619 1217 1639 os
1235 1612 1423 1640 tantummodo
1446 1611 1556 1647 jubetur
1577 1611 1722 1646 obtegere.

928 1657 998 1690 Quid
1020 1662 1061 1683 est
1085 1657 1136 1684 hoc
1155 1657 1229 1691 quod
1250 1664 1347 1685 omnes
1373 1657 1496 1692 corporis
1514 1659 1605 1691 partes
1634 1657 1721 1683 nudas

932 1702 1035 1729 habere
1048 1701 1217 1736 praecipitur,
1244 1707 1274 1729 et
1294 1709 1326 1729 os
1348 1701 1434 1730 soluttt
1459 1703 1566 1735 operire
1584 1701 1722 1737 iubetur?

930 1745 1026 1773 Nonne
1045 1745 1133 1780 palant
1147 1751 1190 1773 est
1208 1752 1236 1773 et
1250 1747 1275 1773 itt
1295 1752 1390 1781 aperto
1402 1746 1532 1781 positum,
1551 1746 1623 1780 quod
1639 1747 1662 1773 ei
1674 1746 1720 1780 qui

930 1791 956 1818 in
978 1791 1054 1826 lepra
1065 1792 1172 1826 peccati
1190 1797 1241 1824 est,
1255 1791 1393 1819 clattditur
1409 1799 1510 1824 sermo,
1527 1792 1664 1819 clauditur
1677 1800 1720 1824 os,

930 1844 958 1865 ut
973 1838 1071 1865 ﬁducia
1086 1839 1224 1866 sermonis
1239 1842 1266 1865 et
1284 1838 1398 1866 docendi
1423 1839 1573 1865 auctoritas
1589 1838 1720 1865 excluda—

931 1883 994 1910 tur?
1014 1892 1024 1909 ι
1043 1883 1182 1911 Peccatori
1198 1883 1270 1911 euitn
1291 1883 1361 1910 dixit
1373 1883 1444 1910 Deus
1461 1892 1468 1911 :
1490 1883 1580 1916 Quare
1594 1888 1621 1910 tu
1640 1890 1722 1911 enar-

931 1938 976 1957 ras
991 1929 1113 1964 justitias
1129 1936 1216 1962 meas,
1232 1933 1260 1956 et
1278 1928 1396 1956 assumis
1419 1933 1613 1956 testamentum
1629 1935 1720 1956 meum

930 1984 977 2012 per
992 1984 1023 2004 os
1038 1982 1111 2004 tuttttt
1130 1976 1140 1992 ³
1153 1977 1164 2004 ?
1175 1987 1183 2001 ι
1193 1975 1321 2004 Clausum
1336 1983 1400 2011 ergo
1417 1976 1518 2004 habeat
1533 1984 1564 2004 os
1582 1981 1720 2012 peccator,

930 2021 994 2057 quia
1010 2021 1056 2056 qui
1069 2021 1189 2056 seipsutn
1204 2027 1257 2048 non
1274 2020 1377 2052 docuit,
1390 2021 1489 2049 docere
1500 2021 1582 2048 aliuut
1603 2029 1656 2049 nott
1674 2029 1722 2056 po-

932 2072 998 2095 test:
1012 2068 1073 2095 ideo
1081 2075 1113 2095 os
1126 2074 1205 2094 suum
1214 2066 1324 2102 iubetur
1333 2067 1453 2102 operire,
1462 2067 1508 2102 qui
1524 2066 1595 2095 male
1606 2067 1722 2102 agendo,

931 2113 1057 2148 loquendi
1077 2113 1194 2148 perdidit
1209 2113 1375 2140 libertatem.
1387 2122 1396 2138 ι
1410 2112 1578 2145 Immundas,
1600 2113 1721 2148 inquit‘,

933 2159 997 2192 erit,
1023 2164 1051 2186 et
1067 2163 1207 2194 separatus
1231 2158 1336 2186 sedebit
1360 2158 1437 2191 foris,
1457 2164 1537 2187 extra
1554 2164 1643 2187 castra
1670 2159 1722 2187 erit

932 2205 1105 2233 conversatio
1120 2203 1188 2238 ejus.
1208 2213 1217 2230 ι
1239 2204 1349 2233 Clarum
1366 2209 1409 2232 est
1417 2205 1490 2240 quod
1501 2206 1591 2233 omnis
1603 2206 1721 2233 immun-

933 2251 985 2279 dus
997 2251 1142 2286 abjiciatur
1152 2260 1165 2279 a
1181 2256 1317 2280 conventu
1331 2251 1475 2285 bonorum,
1489 2256 1517 2279 et
1533 2257 1694 2288 scgregetur
1706 2260 1721 2278 a

932 2303 1017 2332 cmtn,
1045 2299 1198 2333 castrisque
1226 2303 1401 2331 sanctorum;
1427 2301 1456 2325 et
1481 2298 1543 2325 ideo
1561 2298 1637 2330 dicit,
1657 2298 1720 2333 quia

932 2350 1009 2372 extra
1032 2350 1124 2373 castra
1146 2344 1199 2371 erit
1216 2344 1388 2372 conversatio
1405 2342 1474 2376 ejus.
1495 2344 1571 2377 Quod
1602 2344 1624 2371 si
1650 2343 1721 2371 forte

933 2391 1078 2418 mundatus
1095 2390 1187 2422 fuerit,
1207 2394 1304 2424 sponte
1320 2390 1442 2424 quidem,
1465 2397 1482 2416 a
1503 2390 1651 2424 semetipso
1667 2397 1720 2417 non

932 2437 1007 2464 venit
1019 2437 1051 2464 ad
1067 2438 1239 2464 sacerdotem
1255 2445 1263 2470 ;
1283 2437 1330 2464 sed
1351 2434 1475 2467 olIet-tur,
1495 2437 1594 2472 inquit,
1607 2435 1642 2463 ab
1656 2435 1721 2468 alio,

931 2490 981 2510 nec
998 2483 1082 2511 intrat.
1106 2483 1135 2510 in
1148 2488 1249 2511 castra.
1264 2483 1359 2517 Neque
1374 2483 1447 2510 enim
1464 2482 1629 2524 conveniens
1645 2485 1719 2514 erat,

931 2534 962 2557 ut
975 2537 1007 2557 ea
1020 2530 1064 2558 die
1081 2537 1135 2565 qua
1150 2530 1344 2563 mundabatur,
1371 2531 1529 2566 priusquattt
1554 2529 1652 2556 tierent
1671 2535 1721 2563 pro

930 2582 963 2603 eo
978 2583 1040 2611 qua
1054 2576 1265 2611 competebant,
1288 2578 1414 2605 introiret
1435 2577 1464 2604 itt
1481 2579 1584 2603 castra.
1606 2573 1716 2609 Propter

927 2624 1002 2662 qttod
1013 2633 1022 2648 ι
1034 2624 1173 2656 sacerdos,
1191 2624 1405 2659 iuquit',exibit
1418 2624 1453 2650 ad
1470 2630 1534 2650 eum
1550 2621 1624 2649 foras
1641 2625 1716 2649 extra

382 2689 391 2705 ‘
403 2689 489 2717 Levit.
504 2697 564 2723 xm,
580 2689 625 2717 40.
663 2691 673 2706 ¹
690 2690 753 2718 ibid.
774 2690 820 2717 45.
859 2691 869 2706 ³

972 2699 996 2724 ι,
1015 2692 1058 2721 l6.
1097 2690 1198 2718 "Levil.
1216 2698 1275 2724 xttt,
1289 2691 1334 2718 46.
1373 2691 1383 2706 ⁵
1399 2690 1487 2718 chit.
1504 2698 1559 2723 xlv,
1576 2690 1603 2717 8.

969 2753 1025 2788 (55)
1047 2753 1125 2781 Libb.
1153 2757 1234 2788 antea
1256 2751 1343 2784 editi,
1362 2761 1372 2778 ι
1393 2751 1556 2788 repullulare
1585 2751 1719 2786 ceperint

932 2787 1070 2816 sordidius
1155 2787 1317 2815 videbuntur
1331 2787 1480 2820 immunda,
1497 2795 1529 2813 ac
1542 2787 1690 2822 leprosum,
1709 2796 1720 2812 ι

933 2830 987 2852 etc.
1006 2823 1121 2852 Codices
1132 2830 1198 2851 vero
1209 2830 1274 2851 mss.
1287 2826 1316 2849 ut
1329 2822 1354 2849 iu
1371 2827 1464 2850 nostro
1484 2827 1568 2851 textu.
