1894 3058
201 143 254 171 505

917 139 1078 168 ORlGENlS

1773 136 1808 163 5⁸)
1813 136 1826 162 ι

200 207 301 230 castra.
327 211 335 227 ι
357 201 470 234 Semper
481 201 551 228 enim
567 200 599 226 ad
613 207 674 227 cum
687 199 732 234 qui
761 199 881 226 nomium
899 203 987 234 potest
1003 202 1025 228 A
1040 206 1093 226 non
1116 199 1174 233 ipse
1186 189 1314 225 sacerdos
1330 195 1473 223 immolare
1489 194 1617 230 gallinam
1631 193 1740 224 dicitur,
1757 200 1829 218 non-

204 247 358 274 itttroireitt
375 251 477 278 castra,
494 246 551 272 exit
566 245 609 272 ille
633 246 678 279 qui
700 249 789 280 potest
811 244 888 271 exire
910 249 987 271 extra

202 298 304 324 castra,
325 292 370 327 qui
392 291 479 318 dicit“
495 299 502 317 :
519 300 528 317 ‹
548 290 604 325 Ego
625 298 638 317 a
660 291 714 318 Deo
729 290 814 322 exivi,
836 294 863 316 et
883 290 944 317 veni
960 290 987 316 itt

203 340 275 366 hunc
291 338 430 365 mundttm.
445 346 454 362 t
470 337 531 363 Exit
543 343 607 371 ergo
617 337 649 363 ad
663 344 723 363 eum
735 336 874 367 sacerdos,
886 340 913 363 et
924 343 988 363 con-

203 385 339 412 sideratsi
358 384 414 419 jant
437 382 537 417 recepit
552 383 708 415 sanitatem,
724 383 774 410 sia
794 382 874 416 lepra:
893 387 988 409 conta-

202 430 282 464 gione
295 433 426 464 purgatus
440 432 491 455 est.
514 426 582 454 Cum
601 432 691 454 autettt
707 428 806 455 viderit
823 435 884 454 eum
898 435 988 454 sacer-

201 476 263 508 dos,
281 475 404 510 pratcipit
421 484 430 501 ι
452 480 481 502 ιιι
494 475 664 510 accipiantur
676 474 734 501 duae
750 474 857 509 gallinae
871 474 949 506 vivas,
963 474 987 501 ei

201 522 247 556 qui
262 522 417 555 tttundatur,
433 526 461 548 et
481 521 584 556 lignum
605 520 755 552 eedrinunt,
778 524 804 547 et
821 527 919 547 coccus
934 525 989 546 tor-

203 573 256 601 tus,
277 573 303 595 et
318 567 453 603 hyssopus
464 567 486 594 ⁷.
503 577 512 593 ι
535 566 665 593 Videntur
683 565 746 592 milii
768 565 849 591 etiattt
865 565 908 592 ltic
928 565 988 592 dua:

202 615 260 641 istae.
268 614 386 651 gallinze,
401 613 500 640 habere
511 611 714 640 similitudinem
724 611 865 646 quamdam
873 611 986 638 duortutt

202 660 353 692 hircorum,
380 666 412 687 ex
432 658 530 693 quibus
547 665 616 685 unus
635 657 747 684 Domino
762 656 890 690 ofl‘crtur,
919 657 987 684 alius

203 706 230 732 in
254 713 375 732 eretuum
392 705 545 738 emittitur;
571 704 607 730 ita
625 703 696 730 enim
718 708 745 730 et
762 704 805 730 hic
829 711 859 730 ex
884 703 987 730 duabus

202 752 312 786 gallinis
328 758 378 778 una
399 750 557 777 immolatur
568 769 576 782 ,
588 753 616 776 et
628 749 681 776 alia
695 749 722 776 in
737 756 860 783 campum
873 748 987 776 dimitti-

203 802 258 824 tur.
274 795 323 823 Dat
340 803 404 829 ergo
417 801 443 822 et
459 795 502 822 hic
517 794 561 829 qui
583 799 713 828 purgatur
727 801 741 820 a
758 793 830 828 lepra
846 814 853 825 ,
870 793 986 827 aliquam

203 846 307 876 partem
324 849 384 876 qua:
392 840 533 873 abjieiatur
550 840 576 867 in
592 847 731 867 eremum:
745 839 797 866 alia
810 844 898 865 autem
915 847 986 872 pars,

203 887 316 914 Domino
327 885 438 913 ofl'ertur
454 893 504 920 pro
514 892 556 912 eo.
567 884 691 911 Nondum
707 888 797 910 tattten
810 884 855 910 ltic
867 883 912 918 qui
922 891 987 918 pur-

204 939 283 968 gatur
293 940 307 959 a
316 932 436 967 lepra,et
446 930 523 971 offert
531 930 658 964 gallinas,
667 930 747 957 etiant
759 929 830 956 illam
840 929 923 964 ipsam
931 929 987 965 (56)

204 985 265 1012 qtue
296 985 345 1013 pro
372 984 404 1004 co
434 976 548 1003 Domino
577 975 707 1007 offertur,
737 976 768 1002 ad
800 974 886 1002 altare
911 974 989 1002 oflert

204 1023 277 1049 sicut
289 1026 408 1048 turtures
418 1040 425 1053 ,
446 1024 492 1047 aut
504 1019 655 1047 columbas.
669 1019 794 1047 Nondum
809 1019 881 1047 enittt
895 1019 987 1046 cadent

203 1069 247 1095 die
263 1068 286 1094 is
306 1067 353 1101 qui
375 1070 506 1102 purgatur
531 1074 545 1092 a
571 1065 656 1100 lepra,
679 1065 769 1092 divino
795 1065 873 1092 altari
892 1066 988 1100 digitus

204 1114 329 1141 efficitur.
346 1111 462 1146 Propter
480 1111 552 1146 quod
568 1111 678 1138 mandat
691 1111 839 1146 li-gislator,
853 1115 882 1137 ut
894 1112 988 1138 eadem

204 1160 249 1186 die
264 1166 316 1194 qtta
334 1162 475 1193 purgatur,
493 1157 663 1192 accipiantur
675 1157 733 1185 dua:
745 1157 850 1192 gallina:
865 1157 897 1183 ad
912 1157 988 1191 puri-

205 1206 358 1233 ficationem
370 1205 440 1239 ejus.
464 1203 533 1231 Puto
549 1209 641 1231 autem
657 1203 726 1238 quod
746 1208 774 1230 et
790 1204 834 1230 hic
848 1203 919 1230 illius
932 1203 990 1238 gal-

203 1255 265 1282 lina:
281 1253 436 1281 intellectus
449 1252 566 1278 latettter
580 1251 724 1283 habeatur,
736 1259 784 1286 per
800 1258 879 1285 quatit
896 1250 990 1285 purifi-

203 1301 276 1327 catio
301 1299 418 1326 cfiic‘ttur
443 1299 608 1334 peccatoris,
626 1298 659 1325 de
680 1305 732 1332 qua
751 1297 881 1331 scriptum
902 1297 986 1323 est‘:

206 1356 216 1372 ι
235 1346 347 1379 Quoties
362 1345 434 1373 volui
450 1351 617 1380 congregare
634 1344 706 1371 filios
718 1348 789 1376 tuos,
805 1343 876 1370 sicut
891 1343 988 1377 gallina

204 1395 354 1426 congregat
369 1391 455 1426 pullos
478 1398 542 1418 Suos
566 1391 616 1418 sub
637 1388 689 1416 alis
705 1388 775 1420 suis,
789 1392 816 1415 et
827 1387 936 1414 noluin
953 1387 985 1414 ἲ»

206 1439 312 1475 lndiget
329 1444 420 1467 tamen
439 1445 467 1466 ut
482 1446 531 1473 per
551 1438 653 1472 lignum
672 1436 813 1464 cedriuum
833 1435 990 1470 purificetur

205 1487 229 1514 is
240 1487 285 1521 qui
297 1485 467 1521 purificatur.
482 1483 650 1519 lmpossibile
661 1489 779 1516 namque
788 1487 829 1509 est
843 1482 900 1509 sittc
917 1481 989 1515 ligno

204 1533 306 1567 crucis,
323 1532 425 1567 peccati
445 1531 546 1566 iepram
564 1537 642 1565 posse
659 1528 781 1564 purgari,
798 1527 848 1555 nisi
861 1527 989 1554 adltibea-
1003 1547 1025 1576 c

208 1586 254 1607 tur
277 1584 304 1607 et
332 1579 433 1614 lignum
459 1578 484 1605 in
511 1585 565 1612 quo
594 1576 736 1608 Salvator,
765 1575 836 1602 sicut
855 1573 991 1608 apostolus

207 1627 308 1654 Paulus
334 1625 425 1653 dixit’
438 1624 514 1651 exuit
530 1633 538 1649 I
557 1623 744 1658 principatus,
769 1626 793 1648 et
821 1625 968 1654 potestates
982 1641 989 1653 ,

207 1672 377 1706 triumphans
387 1678 435 1698 eos
451 1670 477 1696 in
491 1669 573 1703 ligno.
587 1678 595 1694 I
606 1667 734 1702 Juttgitur
747 1672 836 1693 tamen
849 1666 881 1693 ad
896 1673 991 1693 emun-

206 1718 344 1745 dationetn
363 1716 444 1750 leprm
460 1714 549 1749 hujus,
566 1714 648 1741 etiam
670 1720 768 1740 coccus
783 1717 880 1744 tortus,
900 1712 992 1739 socia-

207 1769 251 1790 tur
262 1767 290 1790 et
306 1762 448 1797 hyssopus.
472 1760 575 1788 Coccus
597 1763 687 1786 tortus
706 1758 819 1793 figuram
836 1758 906 1785 sacri
928 1764 992 1785 sau-

207 1808 296 1843 guinis
311 1807 444 1839 continet,
457 1806 503 1840 qui
519 1805 552 1832 de
565 1805 624 1840 ejus
647 1804 732 1831 latere
754 1811 803 1838 per
817 1804 917 1830 lancem
932 1802 988 1830 vul-

207 1862 257 1883 nus
265 1859 374 1881 exortus
382 1858 432 1881 est.
442 1852 472 1879 Et
484 1853 627 1887 hyssopus.
641 1851 696 1879 Hoc
711 1858 796 1887 genus
808 1850 897 1877 herba:
911 1854 991 1877 uatu-

208 1909 267 1928 ram
279 1901 379 1928 habere
397 1899 494 1926 ntcdici
508 1898 609 1929 ferunt,
622 1903 651 1924 ut
662 1898 785 1925 diluatet
795 1902 926 1932 expurget
935 1896 991 1933 (37)

206 1950 227 1976 si
244 1956 304 1983 qua:
320 1947 373 1974 illm
391 1947 492 1983 pectori
508 1947 646 1973 hominum
660 1944 754 1972 sordes
770 1951 803 1971 ex
817 1943 993 1977 corruptione

207 1997 280 2024 ttoxii
301 1994 593 2022 humorisinsederint.
610 1991 687 2019 Unde
697 1995 726 2018 et
741 1990 895 2018 necessario
907 1990 934 2017 in
947 1997 994 2017 ex-

208 2041 366 2076 purgationc
376 2044 557 2074 peccatorum,
566 2037 751 2073 ltujuscentodl
769 2037 900 2070 graminis
908 2036 992 2070 figura

207 2091 332 2120 suscepta
345 2090 396 2112 est.
407 2084 511 2113 Coccus
526 2091 591 2111 vero
605 2083 675 2117 quod
693 2089 764 2117 saepe
776 2086 898 2116 sumptus
913 2083 948 2109 sit
959 2082 992 2109 ad

209 2133 304 2160 salutis
318 2131 448 2163 subsidia,
463 2131 489 2157 in
504 2130 602 2156 divinis
618 2128 711 2155 referri
728 2128 910 2156 voluminibus
952 2128 994 2155 itt-

209 2179 342 2209 venintus,
362 2178 432 2205 sicut
447 2177 474 2204 in
493 2182 572 2211 partu
600 2177 732 2208 Thamar,
748 2184 808 2204 eum
825 2185 834 2201 ι
853 2182 932 2207 unus,
949 2175 994 2201 in-

1040 245 1102 271 dunt
1120 243 1191 271 enim
1206 243 1303 277 dignus
1316 246 1359 268 est
1373 241 1416 268 hic
1430 240 1475 275 qui
1491 240 1542 266 fuit
1568 239 1702 273 lcprosus,
1724 242 1752 263 ut
1769 237 1828 271 ipsa

1040 289 1168 317 sacerdos
1183 295 1232 322 pro
1242 294 1274 313 eo
1290 286 1422 313 immolet.
1437 285 1550 320 Propter
1565 284 1635 319 quod
1652 291 1702 310 nec
1714 283 1825 318 Sanguis

1040 335 1146 370 gallinm
1157 333 1270 361 offertur
1285 333 1318 359 ad
1338 332 1441 363 altare,
1458 331 1505 358 sed
1521 331 1585 358 dicit
1602 330 1664 365 quia
1684 330 1825 356 occidetur

1039 381 1139 416 gallina
1154 380 1180 406 itt
1193 378 1304 406 vasculo
1319 376 1394 404 ﬁctili
1411 396 1418 408 ,
1435 376 1461 402 itt
1478 383 1532 410 quo
1549 382 1613 402 vase
1628 381 1698 409 aqua
1718 374 1779 400 viva
1792 372 1827 398 sit

1041 427 1136 458 missa,
1157 431 1186 452 ut
1204 430 1230 452 ct
1246 431 1314 459 aqua
1333 427 1489 450 assumatur
1500 421 1533 447 ad
1546 419 1784 454 purificationem,
1801 422 1828 444 et

1040 471 1208 506 compleatur
1225 468 1363 505 plenitudo
1376 465 1497 501 mystcrii
1513 465 1539 491 itt
1551 472 1620 499 aqua
1635 468 1663 491 et
1679 462 1827 497 sanguine,

1040 519 1111 554 quod
1131 517 1232 545 dicitur
1248 516 1339 543 exisse
1353 515 1385 541 de
1399 512 1484 539 latere
1499 510 1652 538 Salvatoris
1666 511 1700 541 ι’.
1718 515 1745 537 et
1761 509 1828 536 illud

1041 565 1216 592 nihilominus
1232 563 1302 599 quod
1318 563 1437 590 Joannes
1453 563 1528 598 ponit
1548 563 1574 589 iit
1593 558 1713 595 Epistola
1730 563 1780 583 sua
1795 555 1828 586 ".

1040 615 1067 637 et
1081 610 1147 636 dicit
1166 608 1381 644 purificationem
1411 607 1468 634 fieri
1489 607 1516 634 in
1532 613 1612 639 aqua,
1629 608 1658 630 et
1673 600 1828 635 sanguine,

1039 661 1067 683 et
1088 656 1194 691 spiritu.
1213 654 1289 683 Unde
1303 658 1331 681 et
1350 654 1394 681 hic
1409 653 1488 680 video
1509 651 1599 679 omnia
1619 650 1669 676 ista
1682 645 1828 681 compleri.

1041 704 1158 739 Spiritus
1177 702 1248 729 cuitu
1269 707 1312 729 est
1335 701 1434 736 gallina
1452 699 1529 726 istius
1547 705 1607 732 qua:
1631 694 1778 725 occiditur,
1802 696 1830 718 ct

1040 758 1109 785 aqua
1125 750 1183 777 viva
1199 756 1259 784 qua:
1269 749 1294 775 itt
1306 754 1371 775 vase
1385 750 1474 780 est,et
1488 743 1598 779 sanguis
1609 742 1653 777 qui
1673 748 1756 774 super
1769 747 1828 766 eam

1040 795 1153 824 diffusus
1172 799 1224 826 est,
1241 802 1292 821 tton
1305 793 1377 829 quod
1395 800 1442 828 per
1462 792 1520 819 ltzec
1534 791 1683 817 iterandam
1699 785 1828 820 baptisnti

1041 841 1152 878 gratiam
1171 840 1330 871 sentiamus,
1349 838 1395 866 sed
1408 837 1479 872 quod
1494 836 1583 864 omnis
1594 833 1748 870 purificatio
1764 839 1829 866 pec-

1043 893 1175 920 catorum,
1187 886 1268 913 etiam
1284 885 1409 919 haccquat
1423 891 1470 919 per
1482 880 1668 918 paenitentiam
1683 878 1829 913 quzeritur,

1043 933 1114 960 illius
1131 939 1182 968 ope
1213 931 1332 965 indiget,
1358 931 1392 957 dc
1409 929 1485 963 cujus
1503 928 1587 955 latere
1605 933 1672 960 aqua
1692 924 1831 959 processit

1042 984 1068 1006 et
1084 978 1206 1013 sanguis.
1226 977 1290 1004 Vide
1306 984 1370 1012 ergo
1390 975 1527 1011 quontodo
1541 977 1569 1000 et
1590 972 1650 999 viva
1667 970 1790 1006 gallina,
1803 973 1830 996 ct

1043 1025 1144 1060 lignum
1156 1023 1310 1054 eedrinuin.
1327 1027 1353 1050 et
1365 1021 1506 1049 coccinum
1523 1024 1637 1050 tortum,
1649 1022 1677 1045 et
1693 1018 1831 1052 hyssopus

1043 1070 1154 1105 tingitur
1169 1069 1194 1095 itt
1211 1069 1344 1103 sanguine
1373 1067 1437 1102 pulli
1457 1071 1485 1094 et
1500 1073 1568 1100 aqua
1587 1065 1657 1097 viva,
1673 1068 1703 1090 ut
1718 1070 1755 1090 ex
1780 1062 1830 1089 hoc

1042 1122 1180 1151 aspersus,
1198 1120 1226 1142 ct
1238 1114 1396 1148 purificatus
1410 1121 1443 1140 ex
1459 1119 1527 1146 aqua
1539 1116 1566 1138 ct
1579 1110 1724 1143 sanguine,
1738 1108 1766 1134 iit
1777 1116 1830 1141 quo

1043 1164 1123 1190 tincta
1132 1167 1173 1190 est
1183 1167 1210 1189 et
1218 1161 1261 1188 illa
1270 1161 1367 1195 gallina
1377 1167 1436 1194 quae
1443 1159 1468 1186 iit
1478 1165 1602 1192 campum
1613 1155 1749 1183 emittitur
1761 1155 1828 1188 ('58),

1042 1217 1069 1237 et
1081 1209 1181 1244 septies
1203 1213 1299 1236 contra
1320 1207 1461 1233 Dominum
1484 1211 1634 1239 respersus,
1649 1203 1671 1229 is
1688 1203 1735 1236 qui
1754 1202 1830 1235 puri-

1043 1257 1140 1283 ficatur
1155 1255 1272 1282 muttdtts
1283 1252 1419 1280 cﬂiciatur
1436 1251 1470 1278 ab
1484 1250 1557 1278 omtti
1572 1248 1757 1280 intmunditia,
1777 1255 1827 1282 qua

1043 1303 1131 1330 fuerat
1143 1309 1175 1328 ex
1192 1301 1273 1335 lepra:
1290 1298 1451 1333 contagione
1465 1303 1617 1331 possessus.

1084 1345 1129 1373 il.
1151 1344 1203 1372 Sed
1216 1348 1244 1371 et
1257 1342 1321 1370 illud
1335 1343 1456 1374 adverte,
1472 1340 1606 1375 quomodo
1621 1346 1682 1366 cum
1706 1339 1833 1372 superius

1048 1391 1150 1418 dixerit
1164 1389 1185 1405 ¹⁵
1199 1397 1205 1415 :
1226 1399 1235 1414 ι
1255 1387 1317 1415 llaec
1330 1387 1372 1414 lcx
1388 1386 1486 1420 lcprosi
1511 1386 1538 1412 in
1561 1392 1613 1419 qtta
1630 1383 1673 1411 die
1687 1384 1833 1410 mundatus

1049 1437 1139 1467 fuerit,
1153 1444 1162 1461 ι
1175 1443 1246 1462 ttuttc
1261 1434 1303 1461 his
1317 1432 1443 1460 omnibus
1454 1431 1538 1463 addit,
1551 1435 1577 1458 et
1590 1429 1674 1457 dicit:
1690 1438 1700 1454 ‹
1716 1433 1747 1456 ct
1760 1437 1832 1455 lllutl-

1048 1484 1098 1511 dus
1114 1482 1176 1509 crit.
1194 1491 1204 1507 ι
1220 1481 1248 1509 Si
1264 1480 1337 1507 enim
1353 1478 1438 1506 semel
1455 1477 1558 1512 abjecta
1582 1476 1656 1510 lepra
1682 1475 1832 1502 mundatus

1043 1535 1094 1562 est,
1111 1530 1245 1565 quomodo
1261 1529 1350 1556 adltuc
1373 1529 1490 1556 mundus
1517 1526 1589 1554 erit?
1604 1524 1656 1553 Sed
1677 1524 1742 1550 vide
1766 1524 1827 1558 quia

1042 1576 1148 1602 etiatttsi
1175 1576 1318 1602 mundetur
1333 1575 1394 1609 quis
1410 1582 1424 1600 a
1437 1578 1558 1609 peccato,
1573 1576 1600 1600 et
1612 1579 1663 1598 non
1677 1570 1712 1598 sit
1729 1570 1787 1603 jam
1801 1568 1828 1594 in

1042 1629 1124 1656 npch
1136 1620 1249 1655 peccati,
1261 1620 1318 1654 ipsa
1333 1624 1420 1646 tatttett
1436 1618 1550 1652 vestigia
1565 1615 1678 1644 sceleris
1687 1613 1827 1641 contmiSsi

1042 1665 1232 1701 purificatione
1247 1665 1378 1702 indigent,
1400 1669 1427 1691 et
1442 1671 1473 1690 ea
1491 1669 1572 1697 quatit
1598 1660 1787 1695 exposuimus,
1804 1662 1828 1684 et

1042 1713 1102 1740 aliis
1117 1712 1292 1739 nihilominus
1300 1719 1360 1746 qua:
1371 1711 1533 1737 tttandantur
1547 1708 1602 1745 (59)
1618 1708 1643 1735 in
1659 1714 1825 1741 consequen-

1043 1760 1123 1786 tilnus.
1148 1757 1358 1786 Observavimus
1386 1756 1457 1783 enim
1485 1755 1584 1782 adhoc
1609 1752 1827 1788 qttod‘scriptunt

1042 1812 1085 1834 est
1105 1805 1137 1832 de
1155 1804 1240 1839 lepra,
1259 1812 1268 1829 ι
1289 1803 1381 1836 inqua
1402 1802 1445 1828 die
1464 1801 1608 1827 ntundatus
1628 1798 1722 1829 fuerit,
1744 1807 1754 1824 ι
1773 1801 1826 1832 post

1043 1852 1100 1879 lucc
1124 1851 1197 1878 ittter
1223 1854 1319 1877 cetera
1355 1856 1414 1883 quae
1451 1847 1630 1879 mandantur,
1673 1845 1757 1872 tertio
1789 1844 1825 1870 di-

1042 1902 1115 1924 ctum
1146 1903 1226 1926 erse,
1254 1903 1264 1920 ‹
1290 1898 1317 1921 et
1335 1893 1451 1920 mundus
1488 1891 1560 1923 erit,
1586 1900 1596 1916 ι
1621 1894 1648 1917 et
1672 1889 1772 1916 iterum
1798 1890 1827 1913 ait

1044 1941 1168 1968 ultimum
1189 1940 1320 1975 scriptum
1340 1945 1417 1970 esse,
1439 1947 1448 1963 ‹
1467 1941 1494 1964 et
1516 1936 1704 1963 mundabitur.
1724 1944 1734 1960 ι
1754 1934 1828 1961 [inde

1045 1986 1109 2013 mihi
1129 1986 1236 2012 videtur
1247 1991 1308 2012 esse
1322 1983 1454 2018 quasdam
1471 1986 1498 2009 et
1517 1982 1543 2009 in
1563 1981 1620 2016 ipsa
1638 1979 1828 2015 purificatione

1044 2030 1222 2062 differentias,
1239 2034 1276 2062 et,
1294 2033 1325 2056 nt
1346 2029 1383 2055 ita
1398 2027 1528 2058 dixerim,
1542 2025 1684 2060 profectus
1699 2023 1826 2058 quosdam

1046 2077 1250 2112 purgationum.
1274 2075 1369 2103 Potest
1395 2074 1466 2101 enint
1490 2077 1518 2099 et
1531 2073 1563 2099 de
1581 2070 1625 2098 illo
1639 2070 1683 2104 qui
1708 2074 1827 2097 cessata

1049 2127 1162 2158 peccato
1179 2122 1245 2154 dici,
1264 2131 1274 2147 ί
1293 2125 1321 2148 et
1333 2119 1449 2147 mundus
1468 2118 1530 2150 erit,
1546 2118 1610 2144 ised
1626 2115 1779 2143 nonstatint
1794 2114 1826 2140 ita

1047 2169 1166 2195 tuundus
1179 2167 1332 2199 videbitur,
1347 2171 1376 2193 ut
1395 2165 1429 2192 ad
1445 2171 1579 2192 summam
1597 2162 1723 2198 puritatis
1736 2169 1826 2188 acces-

209 2225 268 2260 quit
283 2224 316 2256 ’°,
344 2224 418 2258 prior
445 2209 555 2257 protulit
578 2230 697 2250 manum.
720 2221 864 2256 Accipiens
900 2225 992 2247 autem
1009 2221 1031 2248 D
1047 2215 1124 2242 serit.
1141 2214 1262 2249 Denique
1277 2214 1352 2240 addit
1367 2212 1411 2240 his
1421 2219 1481 2246 quae
1498 2211 1616 2241 dixerat,
1636 2218 1646 2235 ι
1664 2209 1691 2236 in
1711 2215 1828 2260 quat-nq-

209 2270 339 2298 oltsletrix
361 2277 482 2300 coccum,
503 2267 624 2302 alligavit
639 2268 665 2294 in
684 2275 764 2294 manu
789 2266 864 2299 ejus,
881 2266 993 2292 dicens:

210 2316 258 2343 llic
284 2314 365 2350 234
381 2314 467 2341 exibit
495 2313 579 2348 prior.
602 2322 611 2338 ι
629 2312 680 2339 Sed
691 2316 719 2338 et
737 2310 832 2337 Rahab
854 2309 993 2339 meretrix,

209 2369 270 2389 cum
281 2360 469 2395 exploratores
480 2358 654 2392 suscepisset,
674 2361 701 2384 ct
717 2361 826 2390 pactttm
839 2354 935 2382 salutis
950 2361 996 2381 ac-

209 2407 321 2441 ciperet,
338 2409 365 2432 et
377 2403 430 2431 illi:
451 2413 460 2429 ἰ
472 2402 555 2435 Pone,
576 2402 700 2437 ittquiunt
719 2402 752 2433 “.
768 2400 871 2435 signum
886 2401 997 2428 resticu-

210 2451 262 2478 lam
282 2450 448 2482 coccineant,
463 2453 492 2475 et
502 2448 623 2482 alligabis
637 2454 697 2473 cam
714 2447 739 2472 itt
751 2446 871 2473 fenestra
887 2446 937 2473 ista
949 2454 998 2480 per

210 2503 290 2530 quam
306 2493 452 2530 deposuisti
463 2500 523 2520 uos.
536 2501 546 2518 ι
559 2492 679 2519 Observa
695 2495 784 2518 tatuett
797 2495 825 2518 et
837 2490 913 2522 illud,
925 2489 998 2524 quod

245 2591 256 2606 ‘
268 2591 344 2618 Joan.
357 2598 417 2622 xvt,
436 2589 482 2617 28.
519 2589 529 2603 "
541 2586 627 2614 Levit.
638 2594 693 2622 xiv,
708 2585 736 2612 4.

210 2636 243 2658 ιι,
258 2627 299 2653 18.
338 2626 359 2642 ⁸⁸
371 2621 447 2652 Joan.
461 2632 518 2655 xix,
533 2623 579 2651 54.
617 2622 639 2637 ¹¹
653 2621 662 2648 Ι
678 2621 756 2648 .Ioan.
771 2629 798 2648 v.

248 2685 303 2720 (56)
324 2683 412 2710 Etiam
427 2683 501 2720 illam
529 2683 622 2720 ipsum,
638 2687 694 2720 etc.
717 2680 763 2720 Sic
780 2680 880 2720 habent
903 2687 998 2720 omnes

213 2715 321 2746 codices
344 2726 409 2744 mss.
427 2718 453 2744 lu
483 2715 561 2744 antea
580 2717 660 2744 editis
687 2717 795 2750 legitur,
813 2724 822 2740 ί
840 2715 925 2750 ctiant
940 2715 998 2748 ipsa

214 2755 260 2780 illa
277 2761 335 2787 quas
351 2761 400 2785 pro
416 2761 448 2779 eo
465 2753 578 2779 Domino
589 2748 726 2784 ollertur;
740 2751 774 2778 ad
789 2750 874 2777 altare
887 2748 999 2776 offertur

214 2793 283 2815 sicut
300 2793 427 2817 turtures.
445 2792 492 2813 aut
505 2787 647 2813 columhar.
662 2796 671 2812 ι

250 2823 306 2857 (37)
328 2822 476 2857 flacrgettus
492 2821 577 2848 Itcrba'
597 2820 829 2857 naturam_ftaber_e
842 2819 934 2857 medici
959 2818 1000 2852 [ευ

217 2864 287 2889 runt.
299 2854 335 2884 'ut
353 2856 436 2882 diluat
454 2861 477 2883 et
493 2860 629 2890 expurget,
649 2861 702 2883 etc.
719 2854 746 2882 ld
760 2863 774 2881 a
789 2854 913 2889 plurimis
927 2862 999 2881 asse-

774 2585 784 2601 ⁸
805 2584 898 2612 Matth.
911 2593 989 2616 xxttt,
1001 2584 1045 2611 57.
1082 2583 1092 2598 ⁹
1104 2580 1208 2608 Coloss.
1223 2588 1254 2611 tt,
1270 2579 1312 2606 l5.

837 2620 858 2636 ”
872 2619 957 2648 Levit.
972 2628 1026 2651 χιι,
1040 2619 1068 2645 ‘2.

1048 2269 1100 2295 que
1125 2261 1169 2288 die
1191 2260 1336 2287 mundatus
1358 2258 1449 2291 fuerit,
1470 2261 1497 2283 et
1513 2255 1662 2286 entittetur,
1688 2254 1776 2287 inquit
1797 2251 1827 2283 ³³.

1047 2308 1105 2334 viva
1122 2307 1219 2342 gallina
1237 2307 1262 2333 in
1287 2308 1459 2339 campum,et
1479 2302 1579 2329 lavabit
1595 2302 1758 2328 vestimenta
1771 2307 1827 2329 sua.

1052 2355 1075 2381 is
1091 2354 1136 2388 qui
1151 2361 1184 2387 pu
1192 2352 1323 2380 rificatur.
1341 2361 1351 2377 ›
1370 2350 1434 2377 Post
1448 2350 1505 2376 haec
1522 2353 1637 2377 autenm
1653 2353 1772 2376 omnem,
1792 2345 1828 2370 itt-

1047 2401 1117 2435 quit.
1142 2399 1226 2434 piluttt
1253 2398 1342 2425 radct.
1361 2406 1370 2423 ι
1390 2396 1422 2422 Et
1446 2395 1544 2422 addit:
1560 2403 1573 2419 4
1593 2398 1620 2420 et
1647 2392 1780 2419 lavabilur
1803 2387 1827 2412 in

1050 2453 1131 2479 aqua.
1149 2454 1159 2471 ι
1181 2444 1213 2471 Et
1229 2448 1290 2479 post
1308 2444 1364 2470 hate
1381 2443 1511 2469 additur:
1529 2450 1538 2466 ε
1556 2440 1588 2466 Et
1605 2439 1720 2465 mundus
1738 2437 1797 2463 erit.
1817 2445 1827 2460 ι

1051 2489 1141 2524 Neque
1165 2488 1237 2515 enim
1265 2487 1363 2515 sufﬁcit
1379 2487 1450 2521 quod
1469 2486 1496 2512 in
1523 2484 1697 2519 responsione
1726 2481 1828 2509 dixerat

1352 2579 1373 2594 ¹⁰
1387 2577 1486 2605 Cenes.
1511 2583 1628 2608 xxxviii,
1640 2574 1686 2602 28.
1739 2573 1759 2589 “
1774 2571 1828 2599 Jcs.

1107 2616 1196 2643 "ibid.
1215 2616 1230 2642 7
1244 2620 1270 2641 et
1286 2621 1363 2648 seqq.

1048 2678 1127 2707 ritur.
1146 2675 1235 2702 Plinio
1246 2681 1328 2709 sape,
1343 2672 1509 2704 Dioscoride,
1519 2671 1634 2709 aliisque
1645 2675 1755 2709 quo-rum
1774 2667 1827 2709 loca

1048 2704 1153 2739 indicat
1191 2704 1341 2738 Cotelerius
1367 2709 1393 2735 itt
1418 2712 1474 2734 not.
1503 2707 1537 2733 ad
1561 2705 1668 2740 epistol.
1692 2704 1826 2730 Barnahzr.

1049 2747 1237 2853 ωζέξζῗίιεε..
1255 2789 1264 2806 ι
1283 2778 1429 2806 emittitur.
1442 2775 1626 2816 mihinediti.
1638 2784 1647 2800 ‹
1661 2772 1824 2801 dimittitur.»

1060 2852 1063 2853 ν
1098 2817 1142 2851 39)
1163 2815 1243 2853 Li_bb_.
1268 2814 1345 2846 editi,
1372 2823 1382 2853 ε
1406 2813 1457 2838 alia
1475 2812 1652 2853 nihilominus
1672 2816 1732 2842 qua:
1754 2815 1824 2834 ina-t-

1098 2812 1142 2851 ὅθ’)
1163 2815 1243 2842 Libb.
1268 2814 1345 2846 editi,
1372 2823 1382 2851 ι
1406 2813 1457 2838 alia
1475 2812 1652 2837 nihilominus
1672 2816 1732 2842 qua:
1754 2815 1825 2834 ina-t-

1050 2848 1138 2880 daiurl
1157 2851 1239 2880 LSCd
1255 2857 1318 2877 mss.
1334 2854 1362 2877 ut
1377 2848 1403 2876 in
1422 2853 1514 2874 ttostro
1529 2851 1616 2874 textu.
