1894 3058
51 160 107 189 δὶῧ

640 161 671 188 IN
693 160 880 188 LIi\'I'I‘lCUM
899 160 1042 188 IIOMILIA
1060 160 1126 189 VIII.

1633 162 1685 189 Sitti

52 231 63 247 ι
88 221 199 248 mundus
215 221 280 251 erit.
295 230 304 246 r
317 221 370 248 nisi
387 220 530 255 adjecisset
549 221 630 247 etiam
644 221 711 247 lucc.
729 221 844 247 Sordida
861 225 883 251 Α
898 227 939 252 es,
956 220 1016 247 vide
1033 227 1066 247 ne
1082 219 1152 246 ultra
1170 220 1269 255 capitis
1284 219 1431 247 contrahas
1444 220 1560 254 culpam.
1582 220 1685 255 Capitis

51 267 283 300 ergovcstimeuta
301 266 398 293 habuit
413 274 497 301 usque
512 266 602 293 adltnc
619 266 679 298 iste,
692 267 737 300 qui
751 266 843 301 purili-

49 318 125 339 catur
139 319 154 338 a
167 312 256 346 lepra.
273 312 358 339 etiam
376 317 437 347 post
454 312 653 346 aspersionem,
671 315 699 338 et
717 320 790 339 ttttuc
806 312 845 339 la-

50 366 114 385 vare
129 367 157 385 ea
171 359 298 392 iubetur.
316 358 382 392 Qua:
407 363 498 386 tamen
512 361 688 394 vestimenta,
710 368 762 387 non
779 360 843 387 mihi

48 411 100 437 por
109 405 199 431 omnia
218 405 299 431 mala:
315 409 432 432 textura:
452 405 581 433 videnlur
606 406 701 434 fuisse.
718 405 843 440 Alioquin

50 450 129 483 τὼ]ἰεί
144 458 176 477 ea
201 451 292 485 magis
321 457 403 484 quam
431 451 517 478 lavari
545 452 715 487 prmciperet.
745 451 773 479 In
792 459 845 485 quo

49 497 205 523 ostenditur
223 504 313 531 neque
336 504 384 532 per
397 497 488 524 omnia
506 497 623 525 alienant
641 499 724 528 fuisse
750 508 763 527 ιι
788 501 844 528 Deo

48 542 291 569 conversationem
307 542 376 576 ejus,
391 549 478 576 neque
494 550 562 576 pure
571 545 682 572 omnino
696 545 751 580 (ΔΟ)
764 551 788 572 et
804 545 844 572 itt-

50 592 125 622 tegre
140 587 321 620 custoditum,
332 596 383 615 non
399 589 470 615 enim
480 588 586 616 lavaret
602 591 774 624 vestimenta,
792 591 843 618 nisi

51 634 169 660 fuTssettt
196 633 319 664 sordida,
336 641 386 660 nec
407 634 503 660 iterum
524 634 585 661 lotis
608 636 648 662 eis
664 641 803 670 uteretur,
820 637 841 664 si

49 679 168 705 fuissent
183 677 297 704 textrini
311 677 338 704 in
352 678 476 705 omnibus
488 679 580 706 alieni.
596 679 672 713 Quod
685 685 773 707 autent
786 681 843 708 radi

45 724 161 758 jubetur
182 731 292 750 onmem
314 723 408 757 pilum,
424 728 488 758 puto
509 725 580 759 quod
607 733 687 753 omne
711 727 843 761 quidquid

48 769 168 796 emortui
192 769 282 803 operis
298 769 394 805 animis
410 770 503 802 pusitte
528 770 554 797 in
572 772 691 804 peccatis
716 778 842 798 exortum

48 821 91 841 cst
110 815 177 849 (hoc
191 815 264 842 enim
281 821 353 842 nunc
369 815 415 850 pili
431 815 639 852 nominantur),
652 817 780 851 jttbeatttr
795 819 843 844 ab-

45 862 147 895 jicere.
161 861 293 888 Peccator
305 861 377 888 ettim
393 869 473 889 omne
487 862 559 897 quod
574 863 598 890 ei
615 863 672 889 sive
688 863 714 890 in
726 863 841 891 consilio

48 913 146 933 nattnn
163 911 217 939 est,
232 906 289 933 sive
303 906 328 933 in
347 907 441 938 verbo,
462 908 519 934 sive
536 908 561 934 in
579 915 677 942 opere.
694 909 803 942 expedit
816 909 839 936 si

49 960 113 979 vere
128 952 270 986 puriﬁcan
290 951 358 985 vult,
372 958 401 979 ut
419 953 524 984 eradat,
546 957 573 980 et
593 953 714 988 abjiciat,
731 961 780 981 nec
799 961 841 981 re-

48 997 250 1032 siderealiquid
260 998 389 1032 patiatur.
403 999 521 1026 Sanctus
537 1003 626 1026 autem
639 1007 748 1026 servare
762 1000 842 1027 debet

47 1051 159 1071 omnem
185 1044 324 1079 capillum,
335 1049 363 1072 et
372 1045 393 1071 si
412 1040 538 1079 possibile
551 1049 603 1076 est,
628 1052 679 1072 nec
692 1046 841 1073 ascendere

49 1090 132 1117 debet
152 1089 257 1117 ferrum
273 1097 356 1124 super
372 1095 452 1124 caput
466 1090 542 1125 ejus,
560 1098 595 1118 ne
610 1091 770 1119 abscindere
791 1092 841 1118 ali-

49 1136 112 1170 quid
124 1135 160 1162 de
180 1135 391 1170 cogitationibus
406 1136 462 1162 suis
479 1136 657 1171 sapientibus,
674 1142 721 1164 aut
745 1137 838 1170 dictis,

47 1189 92 1209 aut
108 1182 240 1215 operibus
252 1182 349 1216 possit.
365 1182 429 1208 Inde
450 1182 568 1216 denique
586 1187 640 1215 est,
658 1183 730 1217 qttod
746 1187 772 1210 et
787 1183 839 1210 Sa-

48 1228 130 1254 tuueli
150 1226 252 1254 ferrum
269 1227 370 1254 dicitur
381 1228 402 1243 ¹⁶
415 1236 466 1254 ttott
482 1228 636 1255 ascendisse
645 1235 726 1263 super
739 1233 838 1262 caput:

48 1274 95 1300 sed
119 1278 149 1300 et
162 1273 291 1300 omttibus
305 1273 484 1304 Nazarteis”.
505 1274 551 1308 qui
578 1278 641 1301 sttnt
663 1273 742 1308 justi,
771 1274 836 1308 quia

46 1320 150 1352 justus,
166 1319 237 1346 sicut
260 1319 393 1352 scriptum
422 1324 462 1346 est
477 1319 511 1350 ¹⁸,
529 1329 538 1344 ι
558 1319 649 1346 omnia
672 1327 839 1354 quaecunque

50 1363 159 1396 fecerit,
172 1367 417 1399 prosperabuntur,
427 1369 452 1391 et
462 1364 525 1391 l'olia
539 1364 598 1399 ejus
610 1373 663 1392 non
680 1365 836 1393 decident.»

48 1409 117 1437 Ilinc
136 1414 165 1437 et
182 1409 377 1444 discipulorum
397 1410 500 1436 Domini
521 1412 605 1438 etiam
625 1411 716 1446 capilli
742 1411 840 1446 capitis

48 1456 179 1483 dicuntur
194 1463 256 1484 esse
275 1457 405 1483 numerati
422 1457 444 1472 "
459 1467 465 1484 :
488 1457 538 1484 ltoc
557 1461 599 1484 est
615 1465 713 1485 omnes
749 1464 837 1488 actus.

48 1509 144 1529 omnes
158 1509 309 1534 sermonis,
323 1509 421 1529 omnes
432 1502 609 1536 cogitationes
621 1510 715 1530 eorum
725 1510 838 1530 servan-

49 1552 91 1573 tur
103 1548 177 1581 aputl
195 1546 289 1577 Deum,
306 1546 369 1581 quia
382 1545 472 1580 jttst;t-,
487 1547 551 1581 quia
566 1552 669 1574 sanctae
682 1551 754 1575 sunt.
771 1547 838 1575 Pec-
850 1566 872 1594 ρ

47 1598 171 1620 calorum
188 1599 253 1618 vero
267 1599 348 1618 otntte
361 1599 438 1626 opus,
452 1592 539 1620 omnis
562 1601 667 1626 sermo,
683 1593 772 1620 omnis
793 1601 838 1621 co-

48 1638 143 1672 gitatio
164 1638 246 1665 debet
262 1637 395 1665 abscindi.
422 1637 454 1664 Et
472 1638 523 1666 ltoc
537 1644 578 1666 εει
593 1639 664 1673 quod
681 1639 781 1667 dicitur
795 1634 837 1668 ⁵ος

49 1683 82 1711 llt
95 1684 189 1711 omnis
214 1684 285 1718 piltts
301 1684 425 1719 corporis
440 1684 498 1719 ejus
516 1684 644 1717 radatur,
657 1689 686 1711 et
702 1689 766 1711 tunc
786 1685 840 1712 erit

49 1731 177 1756 mundus.
204 1729 257 1756 Sed
281 1734 308 1757 et
325 1731 376 1757 ltoe
395 1732 520 1762 observa,
536 1730 607 1764 quod
629 1738 682 1757 non
699 1730 798 1758 suIIicit
814 1731 838 1758 ci

47 1782 105 1809 post
134 1776 376 1810 puriﬁcationem,
393 1776 434 1803 vel
462 1776 621 1803 vestimenta
651 1776 770 1809 lavisse,
798 1775 838 1805 vel

48 1829 158 1849 omnem
195 1821 279 1856 pilqu
319 1822 435 1854 rasisse,
480 1821 532 1849 nisi
573 1826 601 1848 et
639 1821 712 1849 lotus
757 1823 839 1850 fuerit

49 1867 73 1894 iu
99 1876 184 1903 aqua.
215 1867 327 1903 Oportet
361 1876 476 1903 namque
509 1875 570 1895 cum
596 1868 714 1903 abjicerc
744 1877 839 1897 omnes

48 1916 164 1947 sordes,
196 1923 304 1942 onmem
339 1915 560 1948 immunditiam,
606 1924 658 1943 non
690 1917 776 1943 solttttt
805 1917 838 1943 de

48 1961 232 1995 vestimentis,
253 1961 300 1988 sed
317 1965 345 1987 et
359 1961 392 1988 de
407 1961 518 1996 proprio
532 1969 658 1996 corpore,
673 1967 700 1988 ιιι
715 1963 787 1990 nulla
809 1963 837 1990 itt

47 2014 77 2033 eo
101 2006 213 2034 macula
231 2006 378 2033 exstinctae
401 2006 483 2041 lepra:
501 2007 628 2034 resident.
656 2007 749 2035 'I‘crtio
773 2017 839 2044 ergo

49 2060 122 2080 nunc
140 2053 314 2086 pnriﬁcatus,
325 2053 361 2079 ita
376 2053 483 2079 dentum
498 2053 597 2087 dignus
607 2052 722 2080 eﬁicitur
734 2054 837 2089 ingredi

48 2103 139 2123 castra
159 2097 278 2128 Domini,
296 2105 348 2124 non
365 2102 453 2124 tamen
476 2098 607 2125 continuo
626 2099 794 2133 permittitur
812 2099 837 2126 ei

47 2143 160 2170 introire
171 2144 281 2170 domum
298 2150 386 2175 suatn,
402 2143 448 2169 sed
461 2142 561 2170 dicitur
578 2148 606 2170 ttt
630 2149 706 2171 extra
729 2145 838 2171 domum

46 2196 120 2215 suam
130 2193 349 2222 maneatseptem
359 2188 463 2219 diebus,
471 2193 497 2214 et
505 2189 693 2216 radatomnem
703 2189 785 2224 pilttttt
793 2198 838 2216 ca-

898 266 969 292 cnim
992 270 1130 301 peccatunt
1145 270 1196 299 est,
1211 266 1290 292 aliter
1299 275 1379 300 quatit
1396 266 1462 293 ﬁdes
1481 266 1607 293 Ecclesia:
1621 275 1686 293 con-

899 311 978 344 tinet,
992 311 1025 338 de
1044 311 1144 338 divinis
1158 311 1262 338 sentire
1273 312 1455 346 dogmatibus.
1471 311 1499 338 In
1518 312 1600 338 barba
1610 319 1684 343 Vt-ro.

897 361 925 383 ut
940 356 1092 383 meminerit
1115 363 1146 383 se
1169 356 1226 391 (Η)
1244 357 1332 384 virilis
1350 356 1439 383 aetatis
1450 355 1608 390 deposuisse
1625 365 1686 390 pt-c-

896 407 969 435 cata,
983 406 1009 428 et
1025 408 1175 429 conversus
1203 401 1250 428 ﬁat
1277 402 1347 429 sicut
1365 402 1463 429 infans.
1482 401 1509 428 In
1531 402 1684 436 superciliis

896 453 988 475 autem
1014 447 1201 482 arrogantiam
1215 447 1334 481 dejiciat,
1349 452 1376 474 et
1401 447 1472 474 male
1488 447 1587 474 elattnn
1604 453 1632 473 ut
1651 447 1683 473 ad

895 494 1074 521 humilitatem
1115 493 1217 521 Christi
1234 493 1343 520 inclinet
1357 492 1542 527 supercilium.
1558 492 1684 519 Secundo

895 547 959 574 ergo
975 541 1009 566 ad
1021 539 1093 566 hunc
1101 540 1208 566 modum
1223 539 1313 566 omnis
1328 538 1400 574 pilus
1417 538 1541 572 corporis
1561 538 1681 566 raditur.

896 585 928 613 Et
941 586 1011 613 sicut
1037 586 1095 613 haec
1118 585 1305 620 geminantur,
1323 585 1358 612 ita
1376 590 1402 612 et
1415 584 1588 612 vestimenta‘
1600 584 1682 610 semel

895 633 921 661 in
938 633 1023 668 prima
1043 632 1233 667 puriﬁcatione
1256 631 1354 658 lavisse
1377 639 1429 658 non
1446 630 1556 661 sufficit,
1573 631 1619 657 sed
1636 637 1681 656 se-

894 679 982 705 cttndo
998 678 1153 713 praccipitur
1173 683 1200 704 ιιι
1216 678 1289 705 lavet
1305 678 1467 705 vestimenta
1478 685 1526 704 sua
1540 683 1566 704 et
1584 685 1683 712 corpus

894 732 971 752 suum
985 732 1068 759 aqua,
1085 730 1111 751 et
1133 729 1195 751 tunc
1210 729 1307 759 qttarto
1324 724 1477 756 additur“,
1498 733 1508 749 ι
1525 729 1552 750 et
1566 724 1682 751 mundus

893 769 955 796 crit.
974 779 983 795 ι
1001 769 1062 797 llaec
1075 774 1164 797 autem
1181 770 1248 796 liuttt
1261 769 1331 796 intra
1355 775 1443 797 castra
1459 769 1567 804 quidem
1588 771 1678 804 posito

893 822 936 848 eo,
951 815 1041 842 adhuc
1063 820 1153 842 tamen
1179 819 1255 842 cxtra
1272 816 1381 842 domum
1411 823 1498 842 suam.
1517 815 1680 848 Diciteuim.

894 864 954 894 post
970 865 1073 894 septem
1086 860 1144 887 dies
1164 869 1172 885 t
1193 860 1219 886 iu
1231 861 1276 887 die
1291 864 1387 886 octava
1405 865 1527 887 assutnet
1543 861 1593 887 sibi
1611 861 1680 887 duos

893 914 985 941 agnos.
1009 915 1018 932 ι
1034 905 1092 933 Iam
1109 913 1161 933 non
1182 905 1252 932 alius
1273 906 1398 939 assumit,
1423 906 1469 933 sed
1497 907 1553 940 ipse
1570 906 1619 933 sibi
1637 914 1682 933 as-

892 953 984 980 sumit.
1005 962 1014 978 ι
1031 952 1113 984 Duos,
1131 952 1227 986 inquit,
1250 959 1334 986 agnos
1355 953 1552 985 itnmaculatos,
1564 958 1590 979 ct
1603 961 1679 980 ovem

892 1006 971 1025 uuam
1000 997 1157 1024 anniculam
1186 997 1402 1030 ittttnaculatam,
1431 1002 1459 1024 et
1481 1003 1536 1024 tres
1560 999 1681 1025 decimas

891 1045 1055 1080 similaginis
1080 1051 1234 1079 conspersa:
1254 1044 1281 1070 in
1312 1043 1384 1074 oleo,
1415 1049 1443 1071 et
1473 1044 1600 1079 cyathum
1627 1044 1678 1071 olt-i

892 1099 984 1124 tttttnn,
1006 1100 1014 1116 ι
1034 1094 1093 1124 post
1105 1091 1163 1117 haec
1190 1089 1286 1124 quinta
1304 1089 1494 1124 puriﬁcatione
1520 1089 1679 1124 purilicatus

890 1141 1075 1163 consumetur.
1099 1136 1137 1163 Ex
1159 1135 1201 1162 Itis
1227 1136 1332 1162 dttobus
1360 1135 1448 1169 agnis,
1475 1143 1544 1162 unus
1567 1135 1677 1169 quidem

891 1182 1057 1213 immolatur,
1079 1186 1106 1208 et
1134 1181 1232 1208 dicitttr
1256 1188 1305 1214 pro
1331 1180 1439 1212 delicto,
1464 1189 1474 1206 ι
1493 1181 1519 1207 itt
1545 1180 1614 1213 loco,
1637 1181 1677 1207 in-

890 1229 947 1262 quit
964 1228 997 1260 ",
1013 1227 1040 1254 in
1054 1235 1107 1261 quo
1131 1226 1269 1260 jugulatur
1284 1234 1332 1261 pro
1345 1231 1467 1260 peccato,
1483 1230 1512 1254 et
1536 1227 1580 1253 ttbi
1601 1227 1678 1254 holo-

890 1280 1059 1303 caustomata
1080 1275 1149 1303 ﬁttttt
1165 1275 1262 1302 inloco
1275 1280 1381 1302 sancto.
1401 1285 1410 1301 ι
1430 1276 1501 1303 Ecce
1513 1276 1568 1310 jam
1581 1276 1678 1310 dignus

890 1320 1008 1348 efﬁcitur
1031 1325 1060 1347 ιιι
1076 1320 1173 1348 ollcrat
1187 1321 1351 1348 sacrillcittm
1361 1341 1368 1353 ,
1381 1321 1427 1355 qui
1449 1321 1535 1355 potuit
1550 1321 1583 1348 ad
1596 1321 1676 1354 quiu-

889 1371 944 1393 tam
963 1366 1179 1402 puriﬁcationem
1190 1366 1342 1401 pervenire.
1360 1371 1387 1394 et
1401 1366 1488 1393 hostia
1503 1365 1561 1399 ejus
1577 1365 1677 1393 Sancta

889 1418 1044 1440 sanctorum
1061 1412 1103 1439 ﬁl.
1119 1413 1194 1440 Alius
1207 1418 1298 1440 autem
1313 1420 1399 1447 agnus
1418 1412 1604 1440 holocaustum
1622 1412 1678 1440 elli-

889 1458 970 1491 citur,
991 1458 1016 1485 iu
1029 1466 1083 1493 qtto
1097 1463 1124 1485 et
1140 1458 1312 1492 repropitiari
1328 1465 1378 1492 pro
1394 1457 1453 1493 ipso
1468 1458 1595 1485 sacerdos
1606 1458 1677 1484 dici-

890 1510 942 1537 tttr,
961 1509 989 1531 ut
1002 1510 1142 1540 purgetur.
1157 1502 1243 1539 Igitur
1260 1505 1362 1539 primus
1379 1512 1473 1538 agnus,
1492 1504 1538 1538 qui
1559 1511 1608 1538 pro
1628 1504 1675 1531 dc-

890 1549 952 1577 lieto
964 1554 1015 1583 est,
1029 1550 1134 1576 videtur
1146 1549 1212 1576 mihi
1229 1549 1338 1576 virtutis
1354 1549 1439 1584 ipsius
1451 1548 1568 1576 formam
1581 1553 1676 1576 tetterc

889 1604 968 1631 qnatn
982 1595 1129 1630 assumpsit
1141 1594 1164 1622 is
1180 1595 1225 1630 qui
1253 1599 1312 1622 erat
1327 1594 1353 1622 itt
1369 1594 1502 1630 peccatis,
1523 1601 1572 1629 per
1593 1601 1674 1628 quam

888 1642 975 1676 potttit
992 1649 1006 1668 a
1017 1648 1047 1668 se
1058 1641 1208 1676 propellere
1217 1640 1343 1668 allectum
1351 1640 1490 1675 peccandi,
1502 1645 1529 1668 et
1543 1639 1675 1667 malorum

888 1693 1008 1715 veterum
1043 1686 1238 1720 pceuitttdinem
1269 1693 1365 1721 gerere
1392 1694 1399 1713 :
1426 1686 1562 1713 secundus
1611 1693 1675 1713 vero

888 1740 976 1767 agnus
985 1733 1098 1768 ﬁguram
1115 1737 1205 1759 tenere
1221 1731 1357 1764 illinsjatn
1373 1735 1537 1766 recuperatae
1552 1731 1674 1763 virtutis,

889 1788 937 1814 per
949 1787 1029 1813 quatn
1042 1778 1157 1813 abjectis
1182 1777 1311 1812 etprocul
1328 1777 1429 1810 fugatis
1443 1777 1572 1804 omnibus
1586 1776 1670 1808 vitiis,

890 1826 1023 1858 integrum
1040 1832 1080 1857 se,
1103 1828 1131 1851 et
1152 1824 1178 1850 in
1198 1824 1304 1858 integro
1321 1822 1420 1850 obtttlit
1448 1822 1514 1855 Deo,
1531 1825 1558 1849 et
1579 1822 1676 1856 dignus

888 1871 991 1897 exstitit
1021 1870 1120 1897 divinis
1157 1869 1301 1896 altaribus.
1331 1869 1396 1896 Ovis
1420 1874 1509 1894 atttctn
1532 1874 1591 1902 qua:
1615 1871 1676 1901 post

889 1923 984 1950 agnus,
1000 1915 1146 1942 assumitur
1167 1918 1299 1949 quantum
1324 1908 1502 1949 conjicere-in
1528 1918 1582 1940 tam
1604 1913 1673 1939 tl-lli-

888 1963 985 1990 cilibus
1010 1961 1078 1989 locis
1096 1960 1232 1992 valemus,
1251 1959 1447 1987 fecunditatem
1466 1965 1532 1994 puto
1544 1959 1615 1994 quod
1637 1959 1675 1985 si-

888 2008 998 2042 gniﬁcet
1010 2005 1080 2040 ejus,
1092 2007 1137 2041 qui
1154 2013 1302 2033 conversus
1316 2010 1358 2032 est
1370 2013 1384 2031 a
1405 2010 1529 2040 peccato,
1544 2009 1572 2031 et
1584 2008 1668 2031 totqu

889 2062 918 2081 se
933 2053 1031 2080 obtulit
1046 2053 1112 2085 Deo,
1125 2060 1177 2087 qua
1192 2056 1251 2087 post
1266 2051 1355 2079 omnia
1374 2051 1400 2078 in
1414 2052 1544 2078 bonorum
1560 2057 1674 2084 operum

890 2100 989 2127 fetibus
1020 2099 1116 2132 utitur,
1147 2102 1174 2124 et
1197 2098 1359 2124 innocentia:
1380 2096 1513 2124 fructibus
1538 2097 1629 2130 pollet.
1644 2095 1671 2121 In

891 2146 940 2172 tria
957 2153 1022 2180 ergo
1033 2144 1228 2179 puriﬁcationis
1253 2143 1343 2179 hujus,
1376 2143 1402 2169 id
1426 2147 1468 2169 est
1489 2142 1675 2169 conversionis

891 2200 904 2218 ιι
921 2196 1033 2226 peccato
1062 2190 1132 2217 ratio
1158 2190 1301 2217 dividitur.
1334 2189 1425 2216 Prima
1438 2193 1480 2216 est
1502 2189 1604 2219 hostia,
1620 2195 1674 2222 qua

48 2235 106 2266 pilis
119 2239 148 2261 et
162 2234 266 2264 barbae,
279 2233 617 2269 etsupereiliorum,quasi
633 2243 684 2261 tton
699 2234 836 2262 suﬂecerit
852 2238 873 2265 Ι)
890 2241 998 2271 peccata
1014 2236 1168 2263 solvuntur.
1199 2235 1325 2263 Secunda
1353 2239 1405 2267 est,
1433 2242 1484 2268 qua
1503 2233 1593 2260 anima
1608 2240 1674 2259 cono

48 2280 113 2313 quod
123 2279 315 2313 priusomnem
326 2279 407 2313 pilum
417 2284 532 2312 raserat,
542 2287 614 2306 nunc
622 2280 835 2313 additur,utom-

48 2333 103 2352 nezu
118 2325 203 2360 piltnn
213 2325 310 2359 capitis
327 2329 354 2352 et
368 2324 469 2357 barbae,
481 2330 509 2350 et
523 2326 730 2360 superciliorum
744 2327 831 2354 radat.

48 2370 114 2397 Idem
123 2379 241 2405 namque
251 2371 392 2398 videbatur
400 2371 501 2398 dictum
510 2372 536 2398 in
545 2379 576 2399 eo
583 2372 655 2406 quod
665 2371 769 2399 dixerat
776 2381 834 2400 om-

48 2423 104 2442 nem
118 2416 203 2449 pilutn
219 2417 378 2443 radendum.
401 2416 453 2444 Sed
469 2425 520 2443 tton
537 2417 601 2444 ntilti
620 2417 725 2444 videtur
745 2418 834 2446 inanis

48 2462 124 2496 235
149 2469 210 2489 esse
236 2463 285 2489 ista
313 2461 446 2495 repetitio.
472 2462 535 2489 Vult
563 2463 634 2489 enittt
659 2469 830 2498 peettatorem

48 2513 224 2541 posteaquam
252 2506 332 2533 fuerit
354 2508 482 2537 mundus.
498 2512 676 2541 posteaquam
694 2509 834 2536 remissio-

50 2561 105 2579 ιιειιι
138 2560 188 2587 per
217 2553 406 2588 paenitentiam
434 2553 572 2588 acceperit
600 2559 785 2588 peccatorum,
800 2556 833 2582 de

50 2599 209 2634 purgatione
229 2599 326 2633 capitis
346 2600 507 2632 admonere,
533 2601 679 2633 et-barbte,
699 2605 726 2627 et
739 2609 833 2636 snper-

50 2645 183 2676 ciliorum,
200 2645 271 2672 velut
282 2646 304 2672 si
315 2646 419 2673 diceret
434 2647 459 2673 ei
477 2656 483 2673 :
496 2646 565 2673 Ecce
574 2646 629 2679 jam
644 2655 727 2673 sanus
742 2647 831 2675 factus

80 2691 121 2716 “l
140 2690 237 2724 Ileg.t.
277 2691 298 2707 ‘7
312 2690 392 2718 Nutu.
412 2699 448 2718 vt.
484 2692 505 2708 ¹⁸
517 2693 589 2719 Psal.
613 2700 633 2726 ι,
657 2693 683 2720 5.

50 2724 69 2739 "
85 2725 148 2752 ibid.
162 2726 207 2753 I3.

82 2771 138 2806 (40)
159 2771 286 2800 Omnino.
305 2773 396 2800 Codex
423 2771 563 2806 Sangerm.
591 2773 682 2805 habet,
701 2782 710 2798 ι
726 2773 752 2800 in
774 2773 826 2802 Do-

52 2808 126 2833 tuiuo.
144 2817 153 2832 ι
169 2807 239 2833 Infra
255 2808 321 2834 libb.
335 2807 422 2842 editi,
434 2816 443 2832 ι
454 2807 532 2838 jubet
547 2816 654 2835 omnem
674 2808 756 2842 pilum

51 2847 163 2877 exortum
174 2847 225 2869 est.
238 2842 294 2870 Iloc
303 2842 377 2877 cniu:
389 2841 434 2875 pili
448 2841 822 2877 uominejtlbeluraltjicerc.r

52 2875 97 2904 Sed
113 2885 205 2906 omnes
223 2885 291 2906 mss.
314 2876 384 2905 utin
403 2881 495 2905 nostro
511 2882 595 2904 textu.

723 2692 745 2708 "
771 2693 867 2720 Matth.
893 2703 920 2726 χ,
950 2694 997 2722 50.

888 2282 1004 2309 vcrtitur
1022 2283 1055 2309 ad
1079 2281 1174 2308 Deum.
1198 2281 1290 2308 Tertia
1304 2285 1345 2308 est
1363 2279 1551 2311 fecunditatis,
1570 2283 1597 2305 et
1615 2277 1672 2304 fru-

887 2335 989 2362 ctuutn,
1004 2336 1072 2363 quos
1086 2329 1111 2354 in
1127 2328 1253 2362 operibus
1272 2326 1380 2362 pictatis
1395 2326 1418 2353 is
1432 2325 1477 2360 qui
1491 2325 1592 2352 dicitur
1606 2332 1672 2351 con-

888 2382 992 2406 versus,
1020 2374 1147 2401 ostendit.
1165 2374 1197 2400 Et
1208 2373 1271 2408 quia
1288 2378 1341 2399 tres
1354 2373 1412 2399 ista:
1431 2376 1493 2398 sttnt
1511 2370 1614 2401 hostia»,
1631 2369 1671 2395 id-

887 2421 960 2447 circo
974 2420 1111 2455 subjungit
1126 2427 1152 2447 et
1166 2425 1222 2447 tres
1237 2425 1379 2445 mensuras
1394 2416 1452 2451 (42)
1468 2416 1577 2442 decima:
1593 2414 1671 2441 sitni-

887 2465 984 2500 luginis
1001 2465 1190 2496 assumendus,
1220 2469 1251 2491 ut
1266 2464 1365 2498 ubique
1395 2461 1578 2495 intelligamus
1600 2460 1672 2493 puri-

886 2512 1036 2539 ﬁcationem
1057 2511 1114 2539 ﬁeri
1130 2520 1182 2538 non
1203 2518 1282 2546 posse
1298 2509 1356 2536 sine
1371 2507 1500 2543 mysterio
1513 2505 1666 2548 Trinitatis.

886 2557 951 2584 Vide
971 2557 1145 2592 autemquod
1170 2557 1214 2584 hic
1235 2557 1261 2583 itt
1278 2556 1372 2590 quinta
1396 2552 1585 2588 puriﬁcatione
1613 2559 1664 2576 ttou

883 2603 1032 2630 assumitur
1046 2603 1146 2636 farina,
1169 2603 1216 2630 sed
1241 2603 1295 2636 jatn
1311 2600 1429 2628 similam
1456 2597 1537 2626 habet
1556 2597 1607 2624 istc
1621 2596 1665 2630 qui

883 2649 1042 2683 purilicatur
1061 2656 1075 2674 a
1104 2648 1233 2682 peccatis,
1259 2647 1348 2674 simila
1369 2646 1393 2673 ei
1417 2644 1573 2675 ascribitur,
1597 2643 1668 2668 unde

1055 2694 1078 2710 ²⁰
1103 2693 1188 2720 Levit.
1216 2700 1270 2723 χιι,
1294 2693 1320 2720 8.
1381 2693 1402 2708 "
1430 2691 1504 2718 ibid.-
1528 2697 1584 2723 xtv,
1622 2689 1664 2716 I0.

920 2772 975 2807 (Μ)
991 2773 1067 2802 Mss..
1085 2781 1095 2797 ι
1110 2779 1148 2799 sc.
1165 2781 1174 2798 ι
1189 2771 1266 2798 Libb.
1283 2771 1359 2807 editi,
1378 2780 1393 2807 ι
1407 2778 1524 2807 semper.
1541 2780 1550 2795 ι

915 2803 972 2841 (λη)
981 2808 1015 2834 Et
1030 2813 1082 2834 (res
1096 2815 1244 2838 mensuras,
1259 2810 1313 2833 etc.
1331 2806 1375 2832 Sic
1388 2803 1488 2833 habent
1506 2813 1571 2841 mss.
1593 2803 1664 2841 Libri

880 2838 944 2869 vero
963 2838 1049 2873 'editi,
1069 2852 1077 2868 t
1100 2847 1127 2868 et
1143 2846 1197 2869 tres
1218 2848 1352 2869 mensura:
1375 2841 1484 2869 decitna:
1501 2838 1665 2874 similaginis

879 2878 1047 2905 assumenda:
1062 2882 1135 2905 sunt.
1149 2876 1263 2912 Ubique,
1283 2885 1291 2903 ι
1305 2882 1356 2905 ctc.
