1894 3058
224 151 275 178 507

951 148 1111 180 ontcENts
1802 146 1848 187 sps

226 209 324 236 habeat
336 207 393 242 jam
410 215 505 243 panem
523 209 664 239 mundum,
678 214 704 234 et
718 208 775 236 haec
786 207 846 235 oleo
857 207 1014 241 conspergi-
1028 211 1051 236 Α
1066 212 1127 240 qua:
1137 204 1263 239 superius
1272 202 1399 231 diximus.
1409 202 1516 230 Donum
1526 205 1616 230 autem
1629 202 1722 237 gratiae
1730 202 1849 237 spiritus,

227 260 280 283 tur.
295 254 347 282 Sed
358 259 385 282 et
397 255 487 283 oleum
496 254 554 289 ejus
563 254 595 281 ad
608 254 676 282 duos
689 261 754 281 ttsus
766 253 905 281 dividitur.
924 252 1011 281 Unutn

226 307 280 334 quo
297 300 385 327 simila
404 301 605 336 conspergitur,
627 299 710 326 alium
727 307 780 334 quo
799 298 926 327 sacerdos
941 298 1013 326 acci-

226 346 266 380 pit
290 345 422 381 integram
445 353 601 373 mensuram
626 345 729 381 cyathi,
744 349 774 372 ut
797 345 846 372 ait.
867 344 895 372 ιη
916 352 971 380 quo
984 349 1011 371 ut

225 398 276 426 ego
289 390 388 424 sentio,
413 395 441 419 et
466 391 546 426 panis
573 390 632 425 ejus
647 391 755 426 pinguis
770 391 885 418 efﬁcitur
898 398 947 425 pro
963 391 1013 417 mi-

226 437 384 470 sericordia,
395 442 423 464 et
449 437 538 465 oleum
553 445 607 472 quo
622 437 667 464 lux
682 445 745 464 vera
763 442 790 465 et
805 438 926 464 scientiae
942 437 1013 472 ignis

226 482 395 514 accenditur,
415 490 464 518 per
477 491 574 511 manus
594 484 748 511 sacerdotis
769 483 851 518 capiti
876 483 935 518 ejus
960 484 1012 511 im—

226 528 346 562 ponitur.
365 527 403 556 lta
417 528 490 556 enim
506 529 587 557 dicit:
601 539 610 555 ι
625 529 776 562 Etstatuet,
800 529 886 565 inquit
904 530 935 563 ",
952 537 1013 557 eum

227 575 357 602 sacerdos
369 575 415 609 qui
434 575 546 602 mttmlat
559 583 621 603 eum
633 576 658 602 in
675 581 822 611 conspectu
843 575 960 608 Domini,
980 575 1014 604 ad

226 620 326 647 ostittm
345 619 514 648 tabernaculi
534 621 694 649 testimonii.
713 631 722 647 ι
741 621 823 650 Vides
846 623 911 658 quia
925 630 1016 650 sacer-

228 665 299 693 dotis
312 670 355 693 est
381 671 501 694 statuere
514 675 576 694 cum
597 669 644 702 qui
667 667 837 694 convertitur
858 675 873 694 a
890 673 1013 703 peccato,

228 714 259 737 ut
275 711 380 738 stabilis
391 718 453 738 esse
480 711 577 746 possit,
595 717 623 739 et
643 712 712 739 ultra
729 720 781 739 non
804 712 945 746 ﬂuctuare,
965 721 1015 741 nec

228 756 329 783 moveri
340 755 414 784 omni
428 761 507 783 vento
520 757 663 785 doctrinae.
681 757 783 785 Statuit
799 766 864 793 ergo
876 767 938 786 eum
956 767 1010 787 non

228 803 316 830 solttm
328 803 399 830 intra
411 808 512 836 castra,
533 804 580 832 sed
598 804 631 832 ad
656 804 745 839 ipsum
763 805 863 832 ostium
889 806 1015 833 taberna~

228 851 281 878 cttli
299 850 447 878 testitnonii
466 855 529 879 ante
547 851 702 880 Dominum.
720 852 750 879 Et
773 857 953 888 posteaquam
971 862 1015 882 se-

1069 257 1120 285 per
1134 249 1187 277 olei
1215 248 1361 283 imaginem
1386 247 1557 282 designatur,
1570 253 1600 275 ut
1615 255 1668 275 non
1683 248 1772 276 solum
1787 257 1848 284 pur-

1066 294 1202 329 gationem
1215 292 1345 326 consequi
1364 293 1452 328 possit
1468 293 1491 321 is
1506 293 1552 327 qui
1575 293 1746 320 convertitur
1762 300 1775 320 a
1790 302 1847 327 pec-

1067 345 1139 372 cato,
1153 340 1199 367 sed
1213 344 1239 366 et
1254 339 1355 374 Spiritu
1376 344 1473 366 sancto
1489 339 1600 374 repleri,
1617 346 1671 374 quo
1688 344 1714 366 et
1732 339 1850 373 recipere

1067 387 1183 422 priorem
1200 387 1309 418 stolam,
1335 391 1362 414 et
1383 385 1511 413 annulum
1537 386 1633 421 possit,
1654 390 1682 413 et
1696 393 1748 421 per
1763 387 1848 413 omnia

1069 432 1260 460 reconciliatus
1282 433 1355 460 Patri
1388 433 1414 460 in
1457 432 1546 460 locum
1581 433 1627 460 lilii
1653 433 1787 468 reparari,
1808 441 1850 468 per

1068 478 1154 511 ipsum
1192 479 1334 506 Dominum
1366 484 1488 506 nostrum
1512 478 1604 507 Jesum
1627 479 1787 512 Christum,
1809 479 1848 506 cui

1067 531 1108 552 est
1120 524 1206 559 gloria
1221 529 1248 552 et
1261 525 1403 561 itnperinm
1420 525 1445 551 in
1461 525 1558 552 seecula
1576 525 1849 554 stecttlorum.Amcn.

1069 604 1107 632 De
1122 605 1262 640 sacriﬁciis
1285 606 1519 640 repropitiatiom‘s,
1540 612 1566 632 et
1585 607 1618 632 de
1636 606 1741 634 duabus
1763 607 1849 637 hircis,

1102 649 1292 676 quorumunus
1307 649 1365 668 sors
1373 646 1410 667 est
1426 641 1543 671 Domini.
1555 649 1578 668 et
1596 650 1663 668 unus
1681 643 1849 675 apopomyuri,

1102 675 1148 709 qui
1166 675 1308 712 diny‘uitur
1327 677 1354 702 in
1374 683 1500 709 eremum,
1520 682 1544 704 et
1567 678 1599 704 de
1616 677 1846 712 ingressupoutiﬁ-

1103 711 1141 737 cis
1162 710 1189 737 iu
1204 709 1304 738 Sancta
1319 715 1482 738 sauciorum.

1104 757 1129 784 l.
1151 757 1198 785 Die
1212 757 1416 792 propitiationis
1431 757 1551 792 indigent
1570 764 1668 785 omnes
1696 757 1744 792 qui
1760 765 1850 791 pecca-

1068 809 1177 836 verunt,
1190 809 1216 830 et
1232 804 1293 831 ideo
1308 804 1380 830 inter
1394 804 1579 831 solemnitates
1592 804 1669 838 legis,
1683 811 1745 838 qua:
1759 803 1852 838 ﬁguras

1068 848 1210 875 continent
1238 849 1393 876 ccelestinm
1429 853 1485 883 ωδε
1501 849 1633 880 erinrum,
1657 856 1710 875 ttna
1735 849 1850 882 quzedam

228 893 347 920 cundum
374 901 405 921 ea
433 901 493 929 qum
511 895 636 930 superius
654 897 725 925 dicta
757 902 841 930 sunt,
866 897 1013 926 oll'ernntut

1071 893 1228 920 solemnitas
1245 893 1372 925 habetur,
1390 901 1451 928 quat
1468 894 1528 920 dies
1544 894 1749 929 propitiationis
1769 894 1851 928 appel-

229 939 324 966 ltostia:
338 947 387 974 pro
399 940 596 974 puriﬁcatione,
610 942 729 975 adhibet,
745 942 842 977 inquit,
852 949 879 970 ct
889 945 1016 979 cyathum

228 983 292 1018 olei,
306 989 333 1012 et
350 989 458 1019 separat
470 985 536 1013 illud
551 992 613 1014 ante
628 987 781 1015 Dominum.
803 997 812 1014 ι
832 988 864 1016 Et
888 989 1015 1025 accipiet,

230 1029 318 1064 inquit
334 1029 367 1062 “,
384 1030 513 1058 sacerdos
534 1030 567 1058 de
581 1032 758 1067 sanguine,et
769 1038 852 1068 ponet
866 1042 950 1070 super
966 1043 1013 1062 ex-

229 1078 346 1102 tremam
381 1076 533 1104 auriculam
559 1077 617 1112 ejus
640 1078 781 1112 dextram,
815 1084 843 1107 et
862 1087 946 1116 super
969 1089 1016 1109 ex-

230 1125 344 1148 tremam
376 1129 488 1149 manum
517 1123 576 1158 ejus
594 1125 735 1158 dextram,
762 1129 789 1153 et
811 1133 893 1161 super
927 1132 1018 1155 extre-

229 1174 303 1193 mum
332 1167 427 1201 pedem
446 1167 506 1201 ejus
520 1168 658 1196 dextrum.
674 1179 684 1196 ι
701 1169 734 1197 Et
751 1174 813 1204 post
829 1171 898 1204 haec,
915 1171 1017 1206 inquit,

228 1211 344 1246 accipiet
355 1212 485 1240 sacerdos
511 1221 564 1241 non
584 1214 674 1248 ipsum
689 1216 817 1251 cyathum
832 1217 896 1250 olei,
914 1218 962 1246 sed
982 1226 1017 1245 ex

228 1257 288 1292 ipso
304 1265 311 1284 :
326 1266 335 1283 ι
356 1257 389 1285 Ει
402 1258 535 1286 diﬁundet
555 1259 623 1295 (45),
649 1259 747 1295 inquit,
766 1261 792 1288 in
816 1270 924 1289 manutn
940 1270 1017 1291 suam

229 1304 382 1337 sinistram,
402 1309 432 1333 et
458 1306 573 1341 intinget
596 1306 711 1342 digitum
741 1315 820 1335 suum
833 1309 964 1337 sacerdos
990 1310 1017 1338 in

228 1349 301 1382 oleo,
315 1350 387 1385 quod
410 1355 454 1378 est
474 1352 500 1378 in
517 1359 599 1379 mantt
625 1353 683 1388 ejus
702 1353 825 1387 sinistra,
842 1359 871 1382 et
891 1361 1017 1391 asperget

229 1395 330 1430 septies
351 1401 415 1424 ante
430 1396 590 1431 Dominum;
611 1407 620 1425 ι
637 1403 666 1426 et
688 1399 804 1426 iterum:
819 1408 829 1426 ι
847 1400 884 1428 Ex
901 1409 933 1428 eo
946 1401 1017 1436 quod

229 1447 357 1476 superest
369 1442 394 1469 itt
410 1450 491 1470 manu
507 1442 565 1477 ejus
584 1444 710 1478 sinistra,
729 1445 850 1480 imponet
865 1454 948 1482 super
969 1455 1016 1475 au-

231 1487 344 1514 riculam
355 1488 415 1523 ejus
429 1489 475 1523 qui
500 1489 661 1525 puriﬁcatur
676 1491 811 1526 dextram,
835 1497 862 1520 et
873 1501 955 1528 super
968 1502 1017 1522 ex-

232 1537 347 1560 tremam
369 1541 480 1561 manum
499 1534 558 1569 ejus
583 1535 717 1567 dextram,
731 1541 758 1564 et
770 1544 852 1572 super
864 1543 1014 1566 extremum
1031 1554 1052 1583 ρ

230 1577 324 1611 pedem
352 1578 412 1612 ejus
434 1579 568 1607 dextrum.
592 1589 601 1606 ι
620 1581 653 1607 Ει
678 1587 739 1616 post
761 1582 817 1610 haec
831 1591 838 1610 :
854 1592 863 1609 ι
890 1584 917 1611 ld
946 1585 1016 1618 quod

231 1623 355 1650 relictum
372 1623 455 1652 fuerit
478 1632 511 1652 ex
527 1625 597 1658 oleo,
616 1626 746 1660 impetret,
770 1627 871 1662 inquit,
889 1629 1017 1656 sacerdos

228 1668 263 1696 de
294 1676 375 1697 manu
394 1677 442 1698 sua
463 1678 545 1705 super
559 1676 641 1707 caput
665 1672 722 1706 eius
739 1672 785 1706 qtti
804 1673 974 1707 puriﬁcatur.
1005 1683 1015 1701 ι

230 1715 312 1743 Vides
327 1716 462 1750 quomodo
472 1717 575 1744 ultltna:
585 1722 613 1744 et
625 1724 737 1745 summa:
748 1718 946 1753 puriﬁcationis
962 1723 1016 1752 est,

229 1769 324 1789 aurem
338 1763 476 1797 pnriﬁcari
497 1768 525 1790 ut
544 1771 629 1798 purus
646 1768 674 1791 et
692 1765 809 1792 mundus
823 1769 950 1793 servetur
967 1773 1016 1793 au-

229 1809 312 1836 ditus.
336 1808 369 1836 Et
390 1817 499 1836 mantnn
526 1811 662 1843 dextram,
689 1815 719 1837 ut
741 1811 841 1838 munda
865 1812 1016 1847 sintopera

229 1859 341 1887 nostra,
363 1862 413 1883 nec
439 1855 540 1890 aliquid
571 1855 740 1882 immundum
769 1856 812 1884 liis
834 1857 1018 1886 admisceatur

227 1905 255 1929 et
269 1901 420 1930 sordidum.
439 1901 492 1930 Sed
519 1907 547 1931 et
564 1903 646 1938 pedes
667 1904 829 1938 puriﬁcandi
851 1908 924 1938 sunt,
938 1909 968 1931 ut
983 1904 1016 1932 ad

227 1955 296 1982 opus
317 1948 417 1976 bonum
449 1949 640 1977 tantummodo
671 1950 842 1986 dirigantur,
869 1957 921 1978 nec
944 1949 1016 1977 ultra

229 1993 320 2029 lapsus
332 1993 484 2028 iuventutis
498 1995 651 2022 incurrant.
674 1995 782 2030 Septies
797 1999 889 2022 autem
909 2002 1018 2030 resper-

229 2038 269 2073 git
285 2039 415 2067 sacerdos
429 2045 524 2068 contra
539 2041 684 2068 Dominum
699 2049 733 2069 ex
749 2042 823 2069 oleo.
843 2041 909 2069 Post
925 2041 1016 2068 omnia

228 2085 328 2112 etenim
337 2094 397 2121 quae
410 2094 458 2121 pro
472 2087 616 2122 puriﬁcato
631 2087 772 2116 celebrata
784 2092 857 2122 sunt,
872 2093 1017 2124 postquam

229 2137 380 2158 conversus
392 2136 420 2159 et
436 2133 631 2161 reconciliatus
645 2139 687 2162 est
706 2134 771 2167 Deo,
785 2140 847 2170 post
864 2135 1018 2164 immolatus

230 2177 349 2210 hostias,
379 2178 486 2207 ordittis
512 2185 584 2213 erat,
604 2184 633 2207 ιιι
657 2185 684 2208 et
712 2181 840 2209 virtutem
857 2189 940 2216 super
953 2189 1016 2210 eum

1068 939 1149 965 latur.
1165 938 1226 966 llmc
1254 947 1319 974 ergo
1336 948 1395 975 quae
1412 948 1486 968 nunc
1505 941 1619 968 recitata
1637 945 1702 968 sunt
1721 940 1850 975 lcgislatiu

1067 989 1109 1011 est.
1125 984 1307 1012 sulentnitutis
1320 986 1414 1021 ipsius,
1427 993 1488 1020 qua:
1507 986 1576 1018 dies,
1594 991 1622 1013 ιιι
1642 987 1773 1019 diximus,
1794 994 1850 1020 pro-

1068 1031 1217 1066 pitiationis
1238 1032 1357 1058 vocitata
1374 1036 1425 1059 est.
1441 1032 1494 1060 Sed
1526 1032 1668 1060 videamus
1691 1033 1781 1068 primo
1793 1032 1850 1066 quid

1067 1075 1119 1103 sibi
1145 1076 1209 1103 velit
1233 1076 1330 1103 litterte
1357 1077 1440 1111 ipsitts
1462 1077 1643 1110 continentia,
1667 1082 1697 1105 ut
1715 1077 1850 1105 orantibus

1067 1121 1156 1155 vobis,
1171 1122 1194 1149 si
1212 1127 1301 1149 tamen
1316 1122 1352 1149 ita
1374 1123 1489 1150 Domino
1505 1123 1665 1158 supplicetis
1685 1129 1717 1152 ut
1734 1124 1849 1152 exaudiri

1068 1168 1240 1202 mercamini,
1268 1170 1406 1204 possimus
1439 1170 1565 1205 accipere
1587 1170 1704 1205 gratiam
1732 1171 1848 1206 spiritus,

1068 1223 1117 1250 per
1132 1223 1212 1250 quam
1228 1215 1376 1250 explanare
1403 1215 1543 1243 valeamus
1562 1217 1692 1252 mysteria
1718 1225 1778 1251 qua-
1791 1224 1849 1243 cou-

1069 1262 1224 1289 tineuturin
1241 1261 1310 1297 lege.
1330 1261 1454 1289 Dcfuncti
1477 1267 1540 1290 sunt
1555 1263 1609 1292 duo
1629 1263 1677 1290 ﬁlii
1695 1263 1785 1290 Aaron
1803 1263 1848 1290 Na-

1068 1308 1120 1335 dab
1134 1313 1161 1335 et
1174 1307 1263 1334 Abiud
1279 1307 1347 1343 (44),
1359 1315 1421 1335 cum
1435 1305 1565 1335 oﬂ'errent
1579 1307 1668 1343 ignem
1686 1308 1803 1335 alienum
1821 1307 1848 1333 ad

1068 1352 1155 1380 altare
1183 1353 1301 1380 Domini.
1324 1352 1442 1380 Necesse
1462 1359 1533 1387 erat,
1558 1358 1586 1380 ut
1607 1353 1715 1381 caelesti
1734 1354 1847 1381 doctrina

1069 1398 1348 1426 instruereturAaron
1361 1399 1496 1434 quomodo
1504 1403 1644 1434 oporteret
1658 1406 1722 1426 eutn
1732 1399 1764 1425 ad
1775 1399 1848 1425 altare

1069 1444 1210 1477 accedere,
1229 1448 1256 1472 et
1280 1452 1336 1479 quo
1363 1443 1595 1479 supplicationum
1625 1444 1680 1471 ritu
1708 1443 1844 1480 propitium

1070 1489 1174 1517 faceret
1190 1489 1286 1521 Deum,
1303 1490 1341 1517 uti
1355 1497 1389 1517 ne
1409 1490 1435 1517 in
1451 1497 1481 1516 ea
1498 1490 1555 1523 ipse
1576 1489 1744 1522 incurreret,
1761 1490 1786 1516 in
1798 1496 1847 1523 qme

1071 1537 1243 1564 incurrerunt
1264 1535 1310 1563 ﬁlii
1328 1536 1381 1568 sui,
1400 1535 1507 1563 incaute
1523 1541 1551 1563 et
1570 1536 1794 1564 inconvenienter
1806 1543 1844 1563 ac-

1069 1583 1198 1610 cedentes
1215 1582 1247 1609 ad
1262 1581 1348 1610 altare
1362 1581 1421 1614 Dei,
1438 1581 1555 1608 alientnn
1579 1581 1680 1616 ignem,
1702 1587 1731 1610 et
1750 1590 1799 1609 non
1819 1582 1843 1608 ίΙι

1069 1628 1124 1655 lum
1141 1628 1188 1663 qui
1201 1627 1332 1655 divinitus
1346 1627 1425 1655 datus
1440 1627 1538 1660 fuerat,
1555 1626 1714 1655 oﬁerentes.
1727 1627 1846 1662 Propter-

1070 1682 1102 1703 ea
1132 1682 1199 1709 ergo
1211 1674 1245 1702 de
1261 1674 1303 1702 liis
1316 1674 1368 1702 hoc
1387 1673 1466 1701 tnodo
1476 1672 1591 1708 praelata
1609 1677 1651 1701 est
1667 1673 1720 1702 lex:
1742 1683 1750 1699 ι
1772 1674 1801 1701 Et
1815 1674 1846 1700 lu-

1068 1728 1147 1750 cuttts
1173 1727 1214 1750 est
1244 1722 1377 1750 Dominus
1404 1722 1437 1748 ad
1462 1720 1585 1754 Moysen,
1606 1726 1783 1756 posteaquam
1805 1721 1845 1748 de-

1070 1768 1154 1796 functi
1182 1771 1248 1795 sunt
1273 1768 1326 1794 duo
1350 1767 1398 1794 ﬁlii
1427 1767 1518 1793 Aaron
1534 1766 1598 1793 dum
1621 1766 1752 1794 olIcrrcnt
1768 1767 1845 1801 ignem

1069 1814 1188 1841 alienum
1219 1817 1283 1840 ante
1311 1812 1467 1840 Dominum.
1500 1811 1533 1838 Et
1565 1812 1634 1840 dixit
1663 1813 1793 1840 Dominus
1817 1810 1845 1838 ad

1068 1860 1179 1896 Moysen
1198 1869 1205 1887 :
1219 1859 1344 1894 Loquere
1358 1859 1391 1886 ad
1404 1859 1495 1886 Aaron
1512 1857 1625 1887 fratrem
1650 1864 1738 1892 tuum,
1761 1865 1844 1886 utnon

1068 1907 1152 1935 intret
1165 1906 1238 1934 omni
1254 1906 1319 1933 liora
1333 1905 1359 1932 in
1373 1911 1468 1933 sancta
1482 1906 1623 1938 interiora,
1639 1907 1712 1940 quod
1727 1909 1766 1932 cst
1783 1904 1844 1932 intra

1068 1953 1158 1980 velum
1174 1956 1238 1980 ante
1258 1957 1436 1986 conspectuin
1453 1952 1636 1987 propitiatorii
1659 1953 1731 1987 quod
1747 1955 1787 1978 est
1805 1957 1844 1976 su-

1069 2004 1117 2031 pra
1134 2003 1225 2022 arcam
1240 1996 1400 2030 testimonii,
1415 2001 1443 2024 et
1459 2004 1512 2024 non
1530 1998 1663 2024 morietur
1674 1997 1710 2024 ”.
1727 2006 1736 2023 ι
1749 1995 1784 2023 Ex
1800 2001 1846 2030 quo

1067 2043 1224 2070 ostenditur
1234 2044 1307 2079 quod
1327 2043 1350 2071 si
1369 2043 1396 2070 itt
1413 2044 1487 2071 omni
1502 2044 1571 2072 hora
1585 2043 1705 2070 introeat
1721 2044 1746 2070 in
1762 2046 1843 2070 sancta

1068 2096 1121 2116 non
1140 2094 1318 2124 praeparatus,
1343 2096 1395 2116 non
1414 2089 1525 2116 indutus
1549 2088 1757 2124 pontiﬁcalibus
1781 2086 1846 2114 indu-

1068 2135 1179 2168 mentis,
1195 2142 1281 2170 neque
1296 2134 1394 2162 hostiis
1411 2142 1471 2169 qua:
1485 2139 1594 2162 statutae
1610 2139 1673 2161 sunt
1687 2131 1844 2168 praeparatis.

1069 2187 1158 2216 neque
1188 2181 1333 2216 propitiato
1361 2181 1438 2216 prius
1468 2181 1533 2214 Deo,
1561 2181 1704 2208 tnorietttr.
1727 2180 1760 2208 Et
1783 2178 1845 2213 juste

229 2223 433 2258 septemplicem
456 2225 544 2253 sancti
563 2225 683 2261 Spiritus
706 2227 847 2260 invitaret,
865 2228 1015 2255 secundum
1033 2228 1055 2255 D
1068 2226 1190 2261 quidem,
1223 2231 1353 2262 tanquam
1372 2227 1418 2262 qui
1432 2234 1485 2254 non
1496 2226 1593 2254 fecerit
1606 2235 1638 2254 ea
1654 2235 1715 2263 quae.
1731 2224 1844 2254 convenit

229 2277 292 2297 eum
308 2270 354 2305 qui
369 2270 475 2299 dixerat
489 2271 512 2288 "
527 2280 535 2298 :
554 2281 564 2297 ι
581 2271 674 2300 Redde
692 2272 758 2300 mihi
777 2272 897 2301 laetitiam
913 2273 1017 2301 saluta-

230 2315 269 2344 ris
289 2315 337 2348 tui,
360 2320 388 2344 et
409 2317 506 2352 spiritu
537 2318 684 2354 principali
714 2318 847 2347 couﬁrma
871 2327 924 2347 me.
941 2329 951 2345 ι
968 2319 1015 2347 Vel

229 2367 305 2390 certe
319 2363 448 2397 quoniam
464 2369 638 2399 peccatorum
652 2365 734 2393 corda
749 2365 881 2394 Dominus
892 2366 919 2394 in
934 2366 1019 2393 Evan-

229 2407 298 2442 gelio
323 2407 346 2423 "
378 2413 493 2436 testatur
517 2418 531 2437 a
554 2417 660 2447 septem
686 2412 856 2440 daemonibus
884 2412 1018 2445 obsideri,

229 2460 416 2493 competenter
429 2456 512 2492 236
528 2458 628 2492 septies
647 2463 710 2486 ante
729 2458 872 2486 Dominum
888 2460 1019 2487 sacerdos

229 2500 257 2529 in
275 2501 464 2536 puriﬁcatione
481 2505 626 2539 respergit,
643 2509 673 2533 ut
696 2505 822 2541 expulsio
836 2511 941 2541 septem
961 2507 1016 2542 spi-

230 2546 331 2575 rituum
361 2549 544 2584 malignorum
573 2550 606 2577 de
634 2551 770 2586 puriﬁcati
800 2551 895 2584 corde,
914 2553 1019 2586 septies

229 2598 346 2620 excusso
361 2593 453 2629 digitis
469 2593 531 2622 oleo
546 2594 711 2623 declaretur.
731 2595 777 2623 Sic
797 2604 864 2632 ergo
877 2598 1018 2625 conversis

231 2643 246 2663 a
261 2643 384 2672 peccato,
398 2641 554 2674 puriﬁcatio
565 2642 675 2677 quidem
689 2649 737 2677 per
762 2642 805 2669 illa
818 2643 909 2670 omnia
923 2644 1015 2675 datur,

1067 2271 1127 2299 ﬁeri
1158 2276 1305 2307 antequam
1337 2272 1488 2300 accedatur
1513 2273 1547 2300 ad
1575 2272 1661 2300 altare
1683 2273 1741 2300 Dei.
1756 2271 1844 2299 Omnes

1068 2326 1118 2346 nos
1141 2318 1193 2347 iste
1220 2326 1310 2347 sermo
1330 2319 1466 2354 contingit
1482 2318 1549 2354 {45),
1568 2320 1603 2347 ad
1626 2327 1721 2346 omnes
1739 2318 1843 2353 pertinet

1068 2364 1142 2399 quod
1173 2364 1218 2392 hic
1244 2364 1364 2400 loquitur
1380 2364 1441 2398 lex;
1458 2365 1589 2400 praecepit
1603 2365 1677 2392 enim
1695 2369 1726 2392 ut
1738 2364 1844 2391 sciamus

1069 2410 1207 2445 quomodo
1224 2410 1356 2439 accedere
1372 2411 1519 2439 debeamus
1533 2411 1567 2438 ad
1583 2411 1669 2438 altare
1687 2409 1745 2437 Dei.
1764 2407 1843 2435 Altare

1069 2456 1142 2483 enim
1159 2460 1201 2484 est
1215 2463 1300 2491 super
1314 2457 1385 2491 quod
1412 2457 1551 2484 orationes
1581 2461 1691 2483 nostras
1715 2453 1841 2482 offerimus

1070 2503 1136 2537 Deo,
1154 2508 1183 2530 ut
1199 2503 1318 2531 sciatnus
1342 2504 1479 2538 qttorttodo
1497 2504 1644 2531 debeamus
1663 2497 1841 2533 oﬂerre,scili-

1069 2554 1113 2576 cet
1144 2553 1173 2575 ut
1200 2548 1370 2583 deponamus
1395 2548 1560 2576 vestimenta
1583 2548 1706 2579 sordida,
1731 2553 1787 2581 quae
1807 2546 1842 2568 εει

1069 2594 1161 2622 earnis
1175 2593 1358 2626 itnntunditia,
1377 2601 1482 2620 morum
1503 2593 1581 2627 vitia,
1599 2593 1796 2627 inquinamenta
1816 2586 1841 2612 li-

1071 2640 1205 2667 bidinum.
1222 2639 1275 2666 Aut
1286 2640 1398 2675 ignoras
1411 2639 1458 2666 tibi
1475 2646 1593 2674 quoque,
1610 2638 1636 2665 id
1654 2643 1697 2665 est
1717 2635 1786 2664 onmi
1799 2632 1840 2659 Ec-

266 2705 290 2723 "
301 2706 387 2737 Levit.
403 2716 459 2743 xlv,
485 2710 529 2739 ll.
565 2710 590 2728 “
606 2711 683 2745 ibid.,
698 2711 742 2745 Η,
755 2717 783 2740 et
795 2720 873 2747 seqq.
911 2713 934 2729 “
947 2712 1017 2740 Psal.
1034 2721 1061 2743 ι,
1082 2710 1126 2737 Η.
1163 2709 1186 2725 ’⁸
1203 2709 1316 2737 Luc.xt.
1354 2709 1376 2724 ’⁷
1398 2708 1482 2736 Levit.
1503 2716 1559 2737 xvt,
1575 2708 1585 2734 Ι
1607 2712 1634 2735 et
1655 2713 1732 2742 seqq.

268 2787 325 2857 (A3;
339 2787 417 2820 Μειεη
434 2797 444 2815 ι
460 2788 601 2817 diﬂundet.
614 2799 624 2816 ι
639 2789 717 2818 leb.
730 2791 806 2822 editi,
821 2799 831 2816 ι
848 2791 989 2818 defnrtdet.
1006 2799 1015 2816 ι

268 2823 314 2855 (Μ
342 2823 432 2850 Codex
455 2823 600 2857 Sangcrm.
621 2830 650 2852 et
672 2826 731 2857 alii,
754 2826 876 2857 tAbiud,
893 2835 903 2852 ι
921 2825 1015 2857 sicque

268 2823 324 2857 (Μ)
342 2823 432 2859 Codex
455 2823 600 2857 Sangcrm.
621 2830 650 2852 et
672 2826 731 2858 alii,
754 2835 762 2852 ο
778 2826 876 2858 Abiud,
893 2835 903 2852 ι
921 2825 1018 2859 sicque

233 2857 409 2893 Septuaginta
426 2858 589 2893 interpretes
606 2859 693 2889 Exod.
704 2857 741 2894 vi,
752 2861 798 2895 23,
814 2857 1017 2896 quanquam—cx

1073 2788 1353 2824 lleltra'oilegemlnm
1383 2794 1485 2821 esset,¢
1504 2788 1584 2820 Abiu,
1613 2797 1623 2814 ι
1645 2784 1837 2824 veldeAbibt't.)

1109 2823 1166 2859 (45)
1189 2819 1292 2851 Om‘nes
1322 2832 1388 2852 mss.
1399 2844 1412 2858 ,,
1428 2833 1437 2850 ι
1460 2819 1606 2860 contingit.
1633 2832 1642 2850 ι
1665 2822 1741 2850 Libb.
1769 2819 1839 2849 editi;

1076 2869 1085 2886 ι
1106 2860 1277 2895 constringit.
1293 2868 1303 2886 ι
