1894 3059
46 119 100 146 50‘5-

630 119 663 147 IN
684 111 875 148 LEVITtuUiI
895 120 1035 149 uotum
1053 121 1098 148 ιιι.

1633 119 1685 146 510

46 177 136 204 etesia:
165 176 228 209 Dei,
259 181 289 204 et
324 175 493 203 credentium
530 177 628 211 popqu
654 178 840 205 sacerdotium
855 179 878 207 Λ
894 177 1006 208 dicitur,
1019 177 1082 211 quia
1101 180 1171 203 terra
1189 175 1242 207 sit,
1255 179 1282 201 et
1298 174 1324 201 in
1349 178 1449 200 terram
1471 173 1520 201 ibit
1535 173 1568 201 ".
1586 173 1683 201 Volcns

46 223 161 251 datum?
178 222 249 249 Audi
273 224 408 257 quomodo
433 221 530 249 Petrus
550 222 616 250 dicit
634 223 667 251 de
693 223 838 251 ﬁdelilms:

49 279 58 295 ι
76 269 186 301 Genus,
210 268 299 303 inquit
325 268 359 300 ’⁸,
376 268 504 301 electum,
530 268 620 303 regale
645 269 840 301 sacerdotium,

45 323 113 351 gens
133 320 242 347 sancta,
269 314 386 349 populus
412 314 439 341 in
463 315 685 350 acquisitionem.
716 325 725 342 I
749 315 840 343 Habes

45 369 111 396 ergo
125 361 323 393 sacerdotium,
338 360 401 395 quia
418 368 484 396 gens
499 361 678 388 sacerdotalis
690 369 728 393 es,
741 367 767 389 et
780 362 840 390 ideo

44 407 147 435 olferre
177 407 261 434 debes
288 407 345 434 Deo
360 406 477 434 hostiam
494 406 592 439 laudis,
614 407 730 435 hostiam
742 408 841 436 oratio-

45 461 123 487 num,
151 453 273 482 hostiam
306 452 515 487 misericordite,
539 454 657 481 hostiam
692 455 840 489 pudicitiae,

47 500 171 528 hostiam
185 499 312 535 justitire,
338 499 454 530 hostiam
484 500 648 527 sanctitatis.
665 500 720 528 Sed
735 505 763 527 ut
782 501 839 528 haec

44 547 129 582 digne
154 545 266 579 offeras,
294 546 460 574 indumentis
476 547 524 574 tibi
535 554 604 581 opus
620 551 662 575 est
680 548 797 580 mundis,
812 551 841 576 et

43 593 201 628 segregans
234 601 251 620 a
281 593 447 626 reliquorum
482 593 622 620 hominum
647 594 840 622 cmnmnnihns

46 638 232 671 indumentis,
246 642 271 665 et
284 638 375 673 ignem
390 638 511 666 divinum
534 637 717 665 necessarium
742 639 837 671 babes,

45 692 99 711 ueri
113 684 233 718 aliquem
257 684 375 710 alienum
396 684 494 717 aDeo,
519 683 566 710 sed
590 683 663 710 illum
680 684 725 718 qui
748 691 762 711 a
785 685 839 712 Deo

45 731 207 757 hominibus
222 730 312 762 datur,
327 730 360 756 de
369 737 424 764 quo
436 729 521 757 Filius
534 729 580 756 Dei
592 729 659 757 dicit
667 730 689 746 "
701 739 707 756 :
724 739 733 755 ι
748 729 839 764 Ignem

43 774 104 800 veni
123 774 235 800 mittere
255 773 282 800 in
304 777 418 806 terram,
442 778 469 801 ct
492 781 574 808 quam
587 774 648 801 volo
667 775 838 802 ntaecenda-

43 827 101 848 tur.
123 830 135 846 ι
157 820 186 847 Si
202 819 276 847 enim
289 827 341 847 non
357 820 421 853 hoc,
440 820 491 849 sed
503 820 559 847 alio
573 824 601 848 et
616 819 681 848 huic
701 820 839 847 contrario

43 866 100 900 igni
114 870 241 899 utamur,
260 865 307 893 illo
321 866 368 900 qui
386 873 416 893 se
430 865 606 900 transﬁgurat
619 866 691 894 sicut
711 865 837 900 angelum

44 911 125 941 lucis.
141 911 242 938 eadem
258 911 319 938 sine
335 911 417 938 dubio
430 911 577 946 patiemur,
598 919 659 946 quat
671 910 762 938 Nadab
777 919 838 946 pas-

43 965 92 984 sus
103 961 148 983 est
159 961 187 984 et
199 956 298 984 Abiud.
311 956 438 991 Praecipit
453 964 519 991 ergo
531 958 688 984 mandatum
700 957 837 989 divinum,

44 1002 243 1030 utinstruatur
266 1003 369 1034 Aaron,
399 1009 432 1029 ne
451 1002 525 1029 omni
546 1002 613 1029 hora
635 1001 719 1029 intret
736 1001 792 1038 (46)
810 1003 836 1029 in

43 1054 139 1075 saneta
154 1048 192 1074 ad
207 1049 305 1079 altare,
322 1048 369 1075 sed
383 1055 444 1074 cum
461 1048 556 1075 fecerit
573 1049 648 1083 prius
658 1056 692 1076 ea
703 1056 764 1084 qum
778 1049 835 1076 ﬁeri

44 1095 222 1126 mandantur,
239 1101 273 1120 ne
288 1093 358 1121 forte
375 1094 520 1122 moriatur.

77 1139 106 1166 2.
121 1139 177 1167 Sed
189 1139 280 1174 primo
294 1140 417 1167 omnium
440 1140 618 1167 ostendamus
630 1141 767 1174 quomodo
780 1140 837 1168 lucc

43 1194 105 1221 qua:
120 1187 154 1214 de
166 1185 313 1214 sacriﬁciis
328 1186 553 1219 conscribuntur,
569 1186 672 1221 ﬁguras
685 1194 745 1214 esse
761 1187 836 1221 Apo~

43 1233 130 1260 stolus
147 1232 217 1260 dicit
229 1237 257 1260 et
272 1232 386 1264 formas,
403 1240 521 1267 quarum
538 1232 641 1260 veritas
661 1232 688 1259 in
710 1232 772 1260 aliis
793 1240 835 1260 os-

45 1279 185 1311 tendatur,
201 1286 237 1306 ne
260 1278 332 1306 forte
358 1279 499 1306 auditores
517 1285 684 1313 pra-sumere
701 1286 750 1305 nos
763 1279 837 1305 arbi-

44 1333 160 1359 trentur,
179 1331 209 1354 et
219 1326 304 1361 legent
323 1326 369 1353 Dei
386 1326 412 1353 in
429 1326 511 1353 alium
534 1334 643 1353 sensum
668 1333 749 1361 quam
765 1327 836 1354 scri-

44 1378 88 1406 pta
103 1378 157 1405 est,
174 1372 312 1400 violenter
336 1371 490 1404 inﬂectere,
512 1373 614 1407 quippe
628 1372 650 1399 si
664 1372 735 1399 nulla
753 1373 780 1400 in
794 1372 837 1400 bis

43 1429 100 1453 qua:
112 1420 276 1451 asserimus,
289 1419 438 1454 apostolica
449 1419 755 1453 pracedatauctoritas.
764 1419 832 1446 Pan-

43 1467 82 1492 ius
106 1474 175 1500 ergo
187 1466 222 1493 ad
236 1465 366 1493 Hebrreos
392 1465 528 1498 scribens,
549 1472 596 1492 eos
612 1464 719 1492 scilicet
732 1466 778 1500 qui
798 1466 836 1493 le-

42 1520 99 1547 gem
118 1512 233 1547 quidem
249 1511 372 1545 legerent
388 1515 416 1537 et
432 1510 489 1538 haec
503 1509 633 1538 meditata
651 1509 794 1540 haberent,
808 1514 836 1537 et

42 1559 109 1586 bene
120 1562 201 1590 nota,
216 1558 264 1585 sed
278 1557 432 1592 indigerent
451 1555 602 1588 intellectu,
612 1555 731 1590 qualiter
739 1556 835 1583 sentiri

42 1607 72 1631 de
85 1604 352 1634 sacriﬁciisdcheat,
367 1603 418 1630 hoc
434 1603 514 1630 modo
523 1601 587 1629 dicit
604 1601 626 1617 '°
642 1610 648 1628 :
663 1610 672 1626 ι
691 1601 749 1630 Non
763 1602 835 1629 enim

43 1653 65 1678 in
89 1656 190 1678 sancta
227 1649 384 1677 ntanufacta
422 1649 546 1676 introivit
562 1648 642 1676 Jesus
671 1649 835 1683 exemplaria

42 1703 183 1727 urorum,
212 1694 259 1722 sed
289 1694 315 1721 in
345 1694 432 1729 ipsum
452 1694 562 1727 cretum,
578 1698 750 1729 utappareat
764 1702 836 1722 nunc

42 1742 127 1769 rultui
146 1741 195 1768 Dei
207 1748 259 1775 pro
276 1739 368 1767 nobis.
381 1748 391 1765 ι
402 1739 545 1767 Etiterum
557 1739 623 1766 dicit
636 1740 670 1767 de
685 1740 783 1767 hostiis
793 1740 814 1756 ³¹
827 1748 833 1768 :

43 1797 52 1814 ι
69 1789 128 1815 Hoc
146 1787 222 1814 enim
232 1785 516 1820 fecitsemelseipsum
533 1785 650 1812 hostiam
665 1785 833 1813 oﬁ‘erendo.»

41 1834 92 1860 Sed
100 1834 167 1868 quid
178 1833 211 1861 de
219 1833 262 1860 his
273 1832 429 1865 singulatim
439 1832 587 1866 quaerimus
597 1831 767 1860 testimonia?
776 1832 836 1859 Om-

42 1888 101 1907 nem
108 1878 347 1914 epistolamipsam
357 1878 390 1906 ad
400 1876 531 1905 llehrteus
542 1877 673 1912 scriptam
683 1878 706 1905 si
718 1878 779 1912 quis
793 1886 836 1906 re-

43 1931 165 1957 censeat,
181 1931 210 1953 et
234 1925 370 1960 praecipue
385 1932 446 1951 eum
459 1923 558 1955 locum,
571 1924 779 1958 ubipontiﬁcem
794 1925 833 1953 le-

43 1974 80 2008 gis
90 1973 201 2001 confert
212 1971 336 2007 pontiﬁci
348 1970 578 2006 repromissionis,
594 1970 628 1997 de
641 1978 696 2005 quo
702 1971 833 2006 scriptum

42 2020 120 2056 237
140 2024 185 2047 est
203 2019 226 2034 ”
243 2027 252 2045 :
274 2027 284 2044 ι
305 2017 384 2045 'l'ues
398 2018 527 2045 sacerdos
539 2018 565 2044 in
589 2021 721 2045 mternum
736 2025 835 2045 secun-

43 2069 104 2095 dunt
133 2066 260 2094 ordinem
279 2064 495 2096 Melchisedech,
515 2074 525 2090 ι
555 2064 675 2092 inveniet
697 2064 835 2099 quomodo

42 2114 130 2141 omnis
149 2113 195 2140 hic
218 2112 295 2139 locus
319 2111 460 2146 Apostoli,
486 2111 653 2146 exemplaria
681 2116 709 2139 et
730 2111 832 2139 formas

42 2160 161 2187 ostendit
179 2164 242 2186 esse
257 2165 347 2185 rerum
366 2157 487 2185 vivarum
505 2163 534 2185 et
547 2165 686 2191 verarum,
705 2157 748 2185 illa
773 2166 834 2192 qua:

44 2207 66 2232 in
80 2206 139 2241 iege
158 2205 262 2240 scripta
273 2209 346 2231 sunt.
361 2204 476 2238 Oportet
491 2211 557 2238 ergo
568 2211 619 2232 nos
631 2211 756 2239 qnmrere
767 2212 833 2239 pon-
848 2195 871 2223 Ῐ)

44 2253 154 2284 titicem,
169 2252 217 2286 qni
244 2250 328 2278 semel
348 2251 374 2277 in
395 2257 477 2282 anno,
493 2250 520 2277 id
546 2253 590 2277 est
612 2258 662 2284 per
681 2257 762 2277 onme
782 2250 832 2278 hoc

44 2305 160 2330 pncsens
176 2296 318 2328 sacculum,
333 2296 499 2323 sacriﬁcium
521 2295 620 2323 obtulit
636 2296 690 2323 Deo
702 2316 709 2328 ,
723 2297 835 2324 lndutus

44 2350 125 2377 reste,
137 2344 227 2377 cujus,
239 2342 352 2369 Domino
363 2342 486 2377 iuvante,
496 2349 555 2376 quat
566 2341 601 2369 sit
610 2342 727 2375 qualitas
737 2347 830 2370 osten-

45 2392 146 2417 demus.
163 2398 173 2415 ι
193 2388 310 2422 Tunica,
335 2387 425 2422 inquit
437 2387 474 2420 ⁸³,
494 2387 564 2415 linea
592 2388 759 2415 sanctiﬁcata
789 2387 831 2415 in-

43 2433 149 2463 duetur.
168 2445 178 2461 ›
197 2434 294 2461 Linum
310 2434 343 2461 de
367 2438 440 2461 terra
458 2433 556 2466 oritur,
574 2434 664 2461 tunica
687 2441 752 2469 ergo
766 2442 830 2461 san-

45 2480 159 2508 ctiﬁcata
173 2479 244 2507 linea
257 2479 378 2506 induitur
389 2486 469 2506 verus
484 2479 604 2511 pontifex
617 2478 752 2512 Christus,
766 2488 828 2508 cum

44 2533 167 2552 naturam
187 2525 287 2553 terreni
308 2525 431 2560 corporis
451 2526 544 2552 sttntit.
568 2523 607 2552 De
620 2533 735 2559 corpore
752 2526 826 2554 enim

77 2582 99 2598 "
111 2581 121 2607 Ι
135 2581 208 2609 Petr.
228 2590 259 2614 ιι,
272 2583 300 2609 9.
337 2583 360 2598 "
375 2581 439 2609 an.
457 2590 505 2613 xtl.
519 2582 554 2609 49
624 2581 646 2597 ³⁸
660 2582 785 2616 lli-bras.
797 2585 841 2612 Ἡ.

44 2618 63 2634 ⁸)
80 2617 178 2645 Gems.
191 2625 233 2650 In,
250 2618 294 2646 l9.
331 2618 355 2634 "
367 2617 454 2645 Levii.
473 2625 530 2650 xu,
549 2617 576 2644 ὁ.
614 2617 636 2632 ³⁶
653 2618 661 2644 ι
676 2619 740 2646 Cor.
756 2628 805 2654 xu,
821 2622 866 2650 25.

77 2698 131 2733 (56)
150 2699 227 2733 Mss,
245 2708 256 2725 ‹
278 2699 371 2727 intret.
393 2708 402 2725 ι
428 2699 506 2726 Lihb.
535 2699 615 2732 editi,
636 2709 645 2725 ι
663 2700 788 2729 intraret.
811 2712 822 2729 ο

45 2732 123 2770 Paulo
137 2740 196 2770 post
215 2732 296 2767 inss.,
316 2743 325 2759 ι
338 2735 456 2769 seipsmn
473 2735 590 2762 hostiam
600 2734 750 2764 offerendo.
765 2746 774 2763 ι
797 2738 824 2765 In

46 2767 105 2796 Iibh.
118 2767 197 2797 eitilis
211 2771 300 2800 deest.
319 2779 328 2795 ι
348 2767 474 2797 hostium.
486 2779 495 2795 ι

77 2804 130 2835 (i7)
151 2805 229 2839 Mss.,
250 2814 260 2831 ι
290 2806 463 2833 resuscitare.
484 2814 493 2830 ι
515 2805 590 2832 Libh.
606 2806 684 2840 editi,
704 2815 714 2832 ι
739 2808 824 2835 suzci-

48 2843 107 2867 tam.
130 2851 138 2867 ι

891 230 956 258 ergo
974 223 1105 250 Dominus
1120 227 1148 250 et
1175 222 1302 250 Salvator
1317 227 1407 252 meus,
1422 221 1474 248 hoc
1487 220 1560 255 quod
1584 219 1611 247 in
1631 225 1684 246 ter-

891 276 949 296 ram
966 270 1035 297 ierat
1051 269 1216 296 resuscitarc
1233 268 1306 304 (47),
1322 272 1459 295 terrenum
1478 267 1600 302 suscepit
1622 274 1685 294 cor-

891 322 951 349 pus,
969 320 998 342 ut
1021 315 1047 342 id
1063 314 1199 342 elevatum
1215 314 1248 341 de
1267 318 1352 345 terra,
1368 317 1489 347 portaret
1513 312 1546 339 ad
1573 313 1683 340 caelum.

891 360 924 387 Et
938 360 1018 395 hujus
1041 360 1162 395 mysterii
1184 363 1258 387 tenet
1278 359 1390 394 ﬁgurant
1409 358 1474 392 hoc,
1490 358 1561 392 quod
1575 358 1602 385 in
1625 358 1684 392 lege

890 407 1031 438 scribitur,
1057 409 1085 433 ut
1111 405 1182 432 linea
1206 405 1297 432 tunica
1324 405 1444 440 pontifex
1467 405 1605 432 induatur.
1630 404 1684 432 Sed

890 452 962 486 quod
991 452 1098 479 addidit
1122 451 1309 483 sanctiﬁcata,
1330 459 1384 478 non
1407 451 1496 479 otiose
1520 451 1683 478 audiendum

890 504 943 527 est.
957 499 1134 528 Sanctiﬁcata
1147 507 1265 534 namque
1279 498 1330 526 fuit
1354 499 1446 526 tunica
1464 499 1557 526 carnis
1568 498 1684 530 Christi,

890 554 944 574 non
962 546 1035 574 enim
1051 550 1112 574 erat
1125 553 1160 573 ex
1171 546 1276 573 semine
1291 545 1343 572 viri
1361 544 1557 579 concepta,sed
1569 551 1604 571 ex
1619 551 1683 571 san-

890 597 935 619 eto
951 591 1054 626 Spiritu
1084 596 1227 627 generata.
1245 600 1255 617 ι
1275 591 1309 618 Et
1328 589 1484 623 femoralia,
1502 589 1590 624 inquit
1601 589 1636 622 ³⁸,
1653 589 1684 616 Ιί-

891 644 939 664 nea
952 638 1006 664 sint
1023 644 1106 670 super
1136 644 1236 671 corpus
1261 635 1332 670 ejus.
1350 644 1360 660 ι
1378 634 1521 662 Femorale
1537 634 1683 662 indumen-

891 688 948 710 tum
962 688 1013 714 est,
1022 690 1075 717 quo
1093 682 1217 717 pudenda
1231 682 1355 716 corporis
1367 681 1475 716 contegi
1493 685 1523 709 et
1532 680 1682 715 constringi

890 729 991 756 solent.
1004 729 1033 756 Si
1049 737 1115 765 ergo
1132 728 1250 764 aspicias
1274 728 1445 756 Salvatorem
1462 735 1549 754 meum
1560 728 1684 764 (48)sus-

888 776 994 811 cepisse
1037 775 1150 810 quidem
1169 781 1286 809 corpus,
1304 778 1331 801 et
1356 773 1383 802 in
1409 781 1526 808 corpore
1550 774 1681 808 positum.

890 821 979 855 egisse
995 821 1131 849 humanos
1147 825 1235 852 actus.
1252 821 1278 848 id
1299 824 1341 848 est
1359 820 1499 853 vescendi,
1521 824 1548 847 et
1561 819 1682 851 bibendi.

889 873 916 894 et
948 871 1045 894 czetera
1076 867 1178 894 similia
1197 875 1206 895 :
1224 867 1276 894 hoc
1301 871 1391 893 autem
1422 866 1510 893 solum
1538 873 1605 901 opus
1628 873 1681 892 non

889 913 978 948 egiSse
993 913 1065 944 quod
1081 913 1116 940 ad
1134 912 1259 948 pudenda
1282 912 1406 948 corporis
1424 912 1683 947 pertinet,carnem-

889 966 942 993 que
971 958 1030 993 ejus
1052 966 1140 994 neque
1167 960 1281 994 nuptiis,
1299 967 1387 994 neque
1411 958 1540 989 ﬁliorum.
1554 966 1683 993 procrea-

890 1005 955 1032 tioni
981 1005 1120 1040 patuisse,
1145 1005 1270 1033 invenies
1296 1005 1415 1040 qualiter
1437 1004 1578 1032 femoralia
1611 1005 1681 1032 linea

889 1051 1059 1079 sanctiﬁcata
1083 1052 1221 1085 habuerit,
1240 1056 1271 1078 ut
1299 1058 1362 1078 vere
1377 1052 1412 1079 de
1430 1050 1490 1085 ipso
1507 1050 1562 1078 dici
1573 1050 1680 1081 debeat,

890 1100 953 1136 quia
970 1109 979 1126 ι
999 1101 1187 1128 inhonestiora
1217 1105 1310 1129 nostra
1327 1099 1557 1127 abundantiorem
1581 1098 1682 1126 habent

890 1148 1022 1175 honorem
1038 1148 1073 1176 '°.
1094 1157 1104 1173 ι
1122 1147 1282 1180 Considera,
1293 1151 1384 1174 tamen
1396 1151 1425 1174 et
1439 1146 1528 1181 ipsum
1545 1146 1682 1181 pontiﬁcis

888 1194 1024 1226 habitum,
1038 1193 1102 1228 quia
1114 1193 1187 1228 quod
1199 1201 1248 1226 per
1259 1198 1385 1220 naturam
1403 1192 1493 1220 minus
1508 1191 1535 1218 in
1549 1199 1582 1219 eo
1596 1191 1682 1219 hune-

888 1244 960 1268 stum
981 1240 1102 1272 videtur,
1121 1239 1226 1267 indutis
1244 1239 1422 1267 fernoraiibns
1442 1238 1539 1270 lineis,
1560 1243 1588 1265 et
1613 1246 1680 1265 zona

888 1285 1058 1318 constrictis,
1072 1285 1154 1312 etiam
1175 1285 1326 1313 secundum
1347 1285 1467 1312 litteram
1480 1285 1514 1312 de
1534 1291 1568 1312 eo
1584 1292 1682 1312 convc-

888 1332 929 1359 nit
944 1332 1011 1364 dici,
1027 1331 1090 1367 quia
1110 1340 1119 1357 ι
1135 1331 1322 1359 inbonestiora
1341 1335 1435 1358 nostra
1453 1330 1680 1358 abundantiorem

888 1378 1059 1406 honestatem
1078 1378 1189 1405 habent.
1205 1387 1215 1404 ι
1233 1378 1270 1404 Ita
1290 1384 1355 1412 ergo
1371 1381 1397 1404 et
1416 1378 1505 1404 omnis
1519 1376 1564 1411 qui
1593 1376 1618 1403 in
1634 1383 1681 1402 ca-

887 1423 981 1450 stitate
993 1423 1089 1449 vivens
1108 1423 1233 1450 imitatur
1247 1421 1400 1455 Christum,
1420 1423 1474 1450 hoc
1485 1421 1572 1449 solum
1587 1422 1620 1449 de
1635 1421 1682 1450 hu-

887 1467 975 1494 manis
1000 1466 1105 1495 actibus
1130 1467 1308 1499 nescientem,
1323 1466 1381 1502 ipse
1391 1467 1475 1494 etiam
1493 1467 1575 1494 lineis
1594 1466 1680 1494 femo-

849 1522 869 1550 C
887 1512 989 1541 ralihus
1011 1512 1188 1540 sanctiﬁcatis
1204 1513 1315 1540 indutus
1335 1517 1388 1545 est,
1403 1518 1432 1540 et
1449 1512 1685 1540 inhonestiorilms.

887 1559 944 1588 suis
971 1559 1197 1587 abundantiorem
1219 1559 1400 1587 circumdedit
1419 1559 1602 1587 honestatem.
1625 1558 1680 1585 'l‘u-

888 1606 947 1632 uica
964 1613 1029 1641 ergo
1050 1605 1122 1633 linea
1140 1605 1311 1634 sanctiﬁcata
1329 1605 1461 1639 induitur,
1481 1609 1510 1633 et
1535 1604 1683 1632 ferttoralia.

888 1651 958 1679 linea
976 1660 1058 1687 super
1069 1659 1168 1687 corpus
1180 1652 1239 1687 ejus
1259 1657 1332 1680 sunt.
1350 1651 1402 1680 Sed
1425 1659 1458 1679 ne
1473 1651 1546 1679 forte
1561 1652 1679 1678 femora-

887 1697 923 1725 lia
938 1698 996 1725 haec
1010 1697 1110 1733 quibus
1129 1698 1255 1733 pudenda
1279 1702 1470 1733 conteguntur,
1488 1697 1608 1725 resoluta
1620 1697 1677 1732 (t9;

887 1744 1023 1776 deﬂuant,
1041 1749 1070 1772 et
1085 1744 1281 1778 turpitudinem
1306 1744 1440 1776 revelent,
1464 1748 1512 1770 aut
1536 1747 1676 1777 retegant,

887 1790 1009 1826 adjungit
1028 1798 1034 1816 :
1049 1800 1059 1816 ι
1080 1790 1139 1818 Non
1160 1791 1246 1822 enim.
1263 1791 1355 1825 inquit
1369 1790 1403 1822 ",
1419 1790 1504 1817 facies
1529 1789 1628 1824 gradus
1644 1789 1680 1814 ad

886 1835 982 1867 altare,
998 1843 1032 1862 ne
1053 1835 1122 1862 forte
1133 1835 1160 1863 in
1172 1835 1215 1862 his
1235 1835 1371 1862 reveletur
1391 1834 1532 1868 turpitudo
1544 1838 1600 1860 tua.
1615 1842 1624 1858 ι
1639 1833 1678 1859 Ne

886 1888 953 1916 ergo
961 1881 1100 1916 turpitudo
1110 1885 1153 1908 tua
1162 1879 1342 1908 deﬂuentibus
1350 1879 1525 1907 femoralibus
1533 1878 1676 1908 reveletur.

886 1935 953 1954 zona
967 1945 975 1959 ,
1003 1926 1110 1960 inquit,
1132 1925 1274 1953 femoralia
1299 1924 1532 1959 constringantur.
1554 1923 1676 1957 Quodam

887 1977 1008 2008 tempore
1027 1977 1195 2007 exponentes
1218 1970 1349 1999 Joannem
1371 1970 1534 2006 Baptistam,
1559 1975 1587 1998 et
1609 1969 1683 1997 alias.

884 2018 1042 2053 Jeremiam,
1065 2019 1137 2054 quod
1155 2017 1291 2046 Jeremias
1307 2017 1419 2052 quidem
1432 2023 1540 2048 zonam,
1556 2015 1681 2044 Joannes

885 2074 949 2093 vero
961 2065 1101 2101 pelliceatn
1119 2072 1216 2092 zonam
1232 2064 1306 2091 circa
1324 2064 1431 2091 lumbos
1457 2063 1587 2090 habuisse
1599 2062 1678 2090 dice-

885 2116 969 2144 retur,
980 2111 1143 2139 sulIicienler
1156 2110 1325 2139 ostendimus
1339 2109 1476 2145 quomodo
1496 2117 1545 2144 per
1563 2110 1619 2137 haec
1630 2110 1679 2136 de.

885 2157 1002 2185 claretur
1018 2157 1116 2185 indicia
1134 2156 1191 2194 (50)
1208 2164 1273 2192 pars
1289 2156 1335 2184 illa
1354 2155 1477 2191 corporis
1491 2155 1565 2190 apud
1581 2155 1677 2190 hujus-

887 2204 958 2231 modi
977 2205 1048 2231 viros
1062 2203 1100 2230 ita
1114 2207 1249 2236 emortua,
1268 2207 1298 2230 ut
1312 2209 1399 2238 neque
1422 2201 1465 2229 vel
1488 2202 1556 2229 levis
1577 2206 1681 2236 motus,

887 2258 975 2285 neque
994 2249 1064 2277 alius
1075 2250 1220 2284 quisquam
1243 2250 1269 2276 in
1288 2249 1389 2276 lumbis
1403 2255 1498 2276 eorum
1516 2247 1601 2275 fuisse
1616 2255 1679 2274 cre-

886 2297 1007 2330 deretur,
1026 2297 1075 2325 sed
1096 2297 1152 2324 sola
1171 2296 1297 2330 castitas,
1309 2301 1338 2324 et
1365 2303 1432 2330 pura
1446 2293 1586 2329 pudicitia.
1602 2293 1679 2321 Zona

886 2351 951 2379 ergo
964 2343 1086 2378 pontifex
1104 2343 1176 2370 linea
1191 2343 1322 2378 cingitur,
1337 2347 1364 2369 et
1380 2341 1493 2368 Cidarim
1512 2341 1611 2367 lineam
1625 2340 1677 2366 im-

884 2390 959 2426 ponit
969 2397 1051 2425 super
1065 2394 1145 2425 caput
1159 2397 1247 2419 suum,
1267 2388 1358 2416 otnnia
1375 2388 1446 2415 linea
1456 2408 1463 2414 .
1477 2387 1584 2414 Cidaris
1602 2387 1678 2420 quod

883 2436 982 2463 dicitur
1007 2441 1118 2464 ornatus
1144 2436 1254 2470 quidam
1267 2440 1319 2467 est,
1344 2435 1390 2470 qui
1407 2434 1488 2468 capiti
1510 2433 1673 2468 superponi-

883 2487 938 2515 tur,
948 2489 1001 2516 quo
1015 2482 1100 2508 utitur
1109 2482 1229 2516 pontifex
1247 2481 1273 2508 in
1288 2480 1435 2508 oiferendis
1446 2479 1555 2510 hostiis,
1569 2478 1669 2505 velen-

882 2528 933 2555 tcri
963 2527 1134 2554 sacerdotes.
1151 2527 1204 2554 Sed
1222 2527 1407 2561 unusquisque
1431 2530 1553 2553 nostrum
1573 2528 1673 2551 ornare

899 2586 919 2602 ³·
936 2585 1017 2612 llehr.
1031 2592 1078 2613 vn.
1096 2583 1142 2611 27.
1170 2581 1194 2598 "
1207 2581 1358 2610 Psalmis}.
1420 2583 1442 2598 ³³
1460 2582 1548 2612 Levit.
1574 2589 1631 2614 xvi,
1644 2582 1659 2609 4

905 2621 926 2638 ³⁷
941 2621 1027 2648 Exod.
1044 2620 1133 2652 “,26
1148 2628 1155 2652 ;
1168 2619 1254 2646 Levit.
1276 2626 1333 2650 xu,
1346 2618 1374 2645 ι.

916 2703 974 2737 (48)
993 2703 1085 2730 Codex
1099 2702 1258 2735 Sangcrm.,
1281 2703 1445 2737 r__nostrum.
1463 2708 1475 2726 ι

917 2735 975 2773 (49)
995 2738 1062 2774 God.
1080 2738 1267 2774 Sangernt.,_c
1283 2735 1462 2774 dissoluta.__t_
1530 2770 1545 2774 __
1563 2770 1568 2774 _
1627 2769 1632 2774 _

890 2769 973 2837 Γ
993 2773 1094 2801 Omnes
1110 2769 1192 2805 Inss.,
1210 2780 1219 2797 ι
1244 2770 1353 2798 indicia.
1374 2779 1383 2796 ι
1403 2769 1483 2798 Libh.
1503 2770 1581 2805 editi,
1600 2778 1610 2796 ι
1626 2769 1669 2797 in-

881 2818 976 2838 Ilcul'l.
995 2817 1004 2834 ›
