1894 3058
245 95 298 122 515

965 100 1129 129 ORIGENIS

1813 99 1877 128 516

243 162 304 188 alia:
320 164 438 196 aguntur
449 159 648 189 solemnitates.
669 159 763 188 Primo
777 161 820 188 die
839 160 940 188 mensis
964 159 1033 188 Neo-
1048 163 1069 191 Α
1086 164 1237 188 morantem
1254 159 1324 186 intra
1339 158 1439 187 Sancta
1453 163 1624 193 sanctorum,
1639 163 1671 187 et
1687 158 1755 188 edici
1771 161 1797 188 in
1809 170 1877 188 sor-

245 208 334 234 menia
349 208 484 239 tubarum.
498 207 569 235 sicut
583 208 683 235 dicitur
703 208 730 235 in
746 207 854 234 Psalmo
870 206 893 223 “
909 213 917 233 :
932 217 940 232 ι
956 206 1031 233 Tuba

245 254 336 280 eanite
356 254 382 280 in
406 254 486 281 initio
510 255 612 282 mensis
632 254 713 281 tubae.
730 263 741 280 ι
762 253 872 281 Decima
901 261 967 280 vero
989 253 1032 280 die

246 299 351 334 Septimi
365 300 465 327 mensis
485 305 527 327 est
542 300 704 327 solemnitas
732 299 976 334 repropitiatiOnis.
1001 299 1030 326 In

246 345 297 373 hac
308 345 364 372 sola
379 345 422 373 die
431 346 549 380 pontifex
560 346 681 372 induitur
692 345 820 373 omnibus
833 345 1033 379 pontiﬁcalibus

245 392 422 425 indumentis,
439 397 503 420 tunc
517 392 639 419 induitur
650 392 898 419 manil‘estationem
922 397 950 419 et
962 392 1032 419 veri-

246 441 338 467 tatem.
355 440 420 464 tunc
444 437 597 472 ingreditur
619 437 652 464 ad
679 437 723 464 illa
746 436 958 469 inaccessibilia,
976 444 1030 471 quo

244 482 328 509 semel
345 486 372 509 m
389 489 461 510 anno
480 483 572 510 accedi
600 484 789 510 tantummodo
804 483 879 516 licet,
896 482 922 510 id
943 487 985 510 cst
1003 483 1029 510 in

244 526 345 554 Sancta
363 533 530 555 sanctorum.
565 528 656 556 Semel
684 529 755 556 enim
777 529 803 556 in
819 536 889 556 anno
912 528 1033 563 pontifex

245 573 371 607 populum
396 574 599 609 derelinquens,
623 575 780 608 ingreditur
796 575 829 602 ad
847 574 920 602 illum
945 575 1033 603 locum

245 618 290 645 ubi
306 623 347 646 est
363 620 625 654 repropiliatorinm,
640 625 666 648 et
680 628 763 655 super
782 621 1032 655 repropitialorinm

245 664 396 697 cherubim,
423 665 467 692 ubi
485 671 529 693 est
541 670 570 693 et
579 674 642 694 arca
665 667 830 699 testamenti,
850 671 879 694 et
895 667 981 694 altare
993 667 1033 694 in-

247 709 319 736 censi
334 710 401 743 (61),
417 718 472 744 quo
491 711 558 738 nulli
576 711 690 738 introire
711 711 751 738 fas
765 716 818 744 est,
837 712 889 739 nisi
914 711 1033 746 pontiﬁci

245 754 308 782 soli.
327 754 355 781 Si
369 762 435 789 ergo
452 756 627 784 considerem
655 763 749 783 verum
772 757 927 791 pontiﬁcem
944 765 1034 784 meum

248 800 388 828 Dominum
405 800 496 829 Jesum
513 802 662 834 Christum,
679 804 815 838 quomodo
828 804 855 830 in
872 811 956 831 carne
973 804 1035 839 qui-—

1083 211 1136 233 tem
1151 206 1266 234 Domini.

1118 252 1144 279 6.
1163 251 1238 285 Quod
1257 256 1347 279 autem
1366 250 1481 279 dicimus
1497 251 1531 279 de
1556 255 1643 284 sorte,
1659 259 1714 279 non
1735 252 1776 279 sic
1799 255 1879 280 accl-

1083 296 1137 330 piat
1150 297 1266 328 auditor,
1279 298 1356 332 quasi
1370 305 1430 325 sors
1443 297 1504 324 talis
1516 297 1605 331 aliqua
1621 297 1740 329 dicatur,
1751 305 1810 332 qua:
1835 299 1882 324 in-

1084 347 1124 369 ter
1137 342 1259 370 homines
1276 350 1357 375 casn,
1375 349 1402 370 et
1429 350 1482 370 non
1503 342 1606 377 judicio
1633 343 1676 377 agi
1699 343 1779 370 solet.
1806 344 1882 370 Sors

1085 388 1190 415 Domini
1216 390 1250 415 ita
1275 389 1433 424 accipienda
1455 394 1508 420 est,
1531 393 1659 422 tanquam
1688 389 1711 415 si
1734 389 1881 416 diceretur

1084 434 1180 460 electio
1201 434 1317 467 Domini,
1337 435 1377 461 vel
1395 442 1459 468 pars
1481 435 1605 466 Domini;
1630 438 1657 461 et
1681 441 1788 462 rursum
1813 443 1882 461 sors

1085 479 1142 513 ejus
1158 479 1203 513 qni
1224 479 1249 506 in
1272 487 1392 506 eremum
1412 480 1530 506 mittitur
1546 480 1705 515 accipienda
1724 485 1767 508 est
1791 481 1883 508 veluti

1084 533 1147 560 pars
1161 526 1204 552 illa
1219 533 1278 560 quae
1296 533 1345 560 pro
1362 526 1521 560 indignitate
1542 526 1584 553 sui
1602 533 1617 552 a
1638 525 1755 553 Domino
1770 528 1885 561 sperni—

1086 575 1129 597 tur
1146 576 1173 597 et
1199 571 1336 605 abjicitnr.
1365 571 1450 606 Magis
1468 573 1546 600 enim
1570 577 1597 600 et
1618 580 1711 600 sermo
1728 573 1787 607 ipse
1810 581 1886 607 apo-

1082 617 1212 651 .pompaei,
1225 617 1322 651 abjecti
1347 621 1374 644 et
1390 616 1499 645 refutati
1520 618 1731 652 signiﬁcantium
1743 619 1884 645 continet.

1086 662 1124 688 Ex
1150 670 1203 696 quo
1229 670 1374 696 possumus
1396 664 1478 691 etiam
1503 665 1567 691 illud
1600 665 1768 699 intelligere.
1799 665 1884 691 verbi

1084 709 1182 743 gratia,
1196 709 1319 736 ascendit
1332 710 1358 736 in
1374 716 1423 736 eor
1435 713 1512 737 tuum
1528 710 1598 737 maia
1615 709 1756 744 cogitatio,
1773 717 1886 737 concu-

1086 754 1217 788 piscentia
1233 754 1354 782 mulieris
1372 755 1479 788 alienae,
1500 760 1545 782 aut
1567 755 1663 782 vicina:
1681 755 1886 790 possessionis,

1087 801 1206 836 intelligo
1221 802 1314 828 statim
1328 801 1399 829 hanc
1419 809 1480 830 esse
1498 802 1530 830 de
1543 806 1619 830 sorte
1633 802 1813 836 apopompaai,
1832 802 1887 829 ab-

247 847 307 874 dem
324 848 438 882 positus,
460 856 508 883 per
522 853 608 876 totum
635 832 736 876 annum
764 853 824 876 erat
848 857 908 876 cum
925 832 1033 884 populo,
1050 832 1071 862 Β
1083 847 1141 882 jice
1154 832 1309 879 confestim,
1332 852 1358 875 et
1380 848 1483 883 expelle
1499 848 1532 875 de
1558 848 1639 876 corde
1650 832 1717 875 ἰιι-ο.
1733 832 1887 881 Quomodo

247 901 349 920 annum
366 893 451 926 illum,
469 894 502 921 de
517 901 570 929 quo
586 894 644 930 ipse
668 894 733 922 dicit
749 894 772 910 °°
786 903 793 922 :
811 904 821 920 ι
839 894 1036 929 Evangelizare

248 938 413 972 pauperibus
435 938 507 966 misit
520 945 574 971 me,
588 942 616 966 et
633 946 731 966 vocare
746 946 846 966 annum
870 938 974 966 Domini
992 947 1036 967 ac-

246 988 367 1018 ceptum,
384 987 412 1010 et
432 983 503 1011 diem
523 984 709 1015 remissionis,
730 994 739 1011 ι
763 984 876 1012 adverte
900 986 1035 1019 quomodo

248 1027 332 1055 semel
347 1028 374 1054 in
387 1036 458 1055 anno
474 1028 538 1060 isto,
559 1028 586 1055 in
609 1029 653 1056 die
666 1028 898 1064 repropitiationis
912 1030 995 1058 intrat
1009 1032 1035 1058 in

245 1074 348 1101 Sancta
362 1078 529 1107 sanctorum,
544 1074 595 1101 hoc
606 1079 658 1107 est,
671 1083 736 1102 cum
757 1075 867 1110 impleta
892 1077 1036 1112 dispensa-

249 1120 323 1147 tione
338 1123 464 1152 penetrat
476 1119 571 1151 caelos,
587 1124 615 1146 et
630 1120 715 1148 intrat
735 1121 769 1148 ad
785 1122 907 1155 Patrem,
926 1128 955 1149 ut
973 1131 1035 1150 eum

247 1164 393 1198 propitium
418 1164 536 1192 humano
562 1166 655 1199 generi
682 1166 774 1199 faciat,
803 1172 830 1194 et
864 1172 961 1195 exoret
984 1176 1036 1204 pro

247 1210 373 1237 omnibus
387 1211 559 1238 credentibus
578 1210 608 1237 in
628 1219 668 1239 se.
691 1212 766 1240 Hanc
783 1214 1034 1248 repropitiationem

247 1258 307 1289 ejus
332 1264 383 1290 qua
417 1257 573 1285 luminibus
604 1258 765 1293 repropitiat
789 1259 912 1291 Patrem,
944 1260 1036 1288 sciens

249 1301 368 1330 Joannes
388 1303 527 1337 apostolus
550 1303 617 1330 dicit
635 1304 656 1319 ⁶²
676 1313 684 1332 :
701 1314 711 1330 ι
729 1304 791 1332 Haec
816 1306 887 1338 tlico,
906 1306 990 1338 ﬁlioli,
1008 1312 1037 1334 ut

249 1357 303 1375 non
318 1356 470 1383 peccemus.
489 1350 567 1383 Quod
589 1354 618 1377 et
636 1349 659 1376 si
680 1350 894 1384 peccaverimus.
918 1352 1036 1380 advoca-

251 1398 307 1420 tum
337 1395 472 1422 habemus
503 1396 574 1430 apud
605 1394 728 1429 Patrem,
754 1395 848 1424 Jesum
876 1396 1037 1431 Christum,

247 1441 370 1470 gustum,
392 1443 419 1465 et
439 1438 497 1474 ipse
516 1445 558 1468 est
578 1442 766 1477 repropitiatio
785 1451 835 1479 pro
854 1446 972 1479 peccatis
992 1454 1042 1474 no-

248 1483 323 1531 stris.
344 1494 353 1510 ι
372 1485 426 1514 Sed
441 1491 469 1515 et
485 1487 585 1515 Paulus
604 1489 731 1518 similiter
749 1490 783 1518 de
806 1491 857 1519 bac
878 1493 1073 1531 repropitiasc

245 1530 323 1558 tione
334 1539 538 1568 commemorat,
555 1543 616 1563 cum
630 1537 696 1564 dicit
708 1538 742 1565 de
754 1538 863 1567 Christo
876 1540 898 1556 "
910 1550 916 1567 :
933 1550 941 1566 ‹
956 1540 1041 1574 Quem

248 1579 340 1614 posuit
360 1579 431 1607 Deus
454 1581 660 1616 propitiatorem
682 1584 737 1620 (62)
758 1585 785 1612 in
804 1587 937 1623 sanguine
957 1588 1042 1622 ipsius

247 1633 297 1660 per
314 1626 405 1655 ﬁdem.
425 1636 434 1652 ι
452 1627 536 1663 Igitur
552 1628 612 1656 dies
633 1631 832 1666 propitiationis
851 1638 943 1662 manet
962 1635 1041 1663 nobis

245 1681 388 1709 usquequo
399 1676 506 1703 occidat
515 1677 565 1708 sol.
581 1678 608 1705 id
621 1684 661 1706 cst
677 1688 816 1716 usquequo
828 1681 909 1709 ﬁnem
923 1683 1041 1712 mundus

243 1721 371 1755 accipiat.
391 1721 500 1750 Stamus
519 1724 591 1751 enim
611 1733 662 1753 nos
681 1735 731 1762 pro
750 1728 862 1761 foribus,
884 1730 1040 1764 operientcs

250 1767 406 1799 pontiﬁcem
436 1773 557 1795 nostrum
589 1776 803 1799 oonnnorantem
835 1772 906 1799 intra
936 1773 1037 1801 Sancta

249 1817 417 1845 sanctorum,
434 1813 459 1840 id
472 1818 515 1841 est
540 1816 609 1849 apud
625 1815 746 1849 Patrem,
758 1823 785 1844 et
807 1826 964 1846 exorantem
989 1827 1037 1851 pro

248 1860 366 1892 peccatis
378 1867 483 1893 eorum,
506 1861 551 1895 qui
577 1869 607 1888 se
636 1867 808 1897 exspectant,
831 1872 884 1891 non
910 1872 959 1899 pro
978 1873 1036 1892 otll-

248 1905 322 1932 nium
336 1906 455 1940 peccatis
471 1911 641 1934 exorantem.
663 1907 720 1934 Non
742 1908 816 1934 enim
835 1908 918 1944 240
940 1914 1036 1936 exorat

248 1959 296 1985 pro
311 1952 365 1985 liis,
379 1952 427 1986 qui
447 1952 472 1979 in
488 1958 589 1980 sortem
606 1953 717 1981 veniunt
728 1954 787 1989 ejus
804 1955 884 1988 hirci,
895 1957 940 1990 qni
956 1956 1037 1983 emil-

249 1996 315 2023 titur
329 1996 355 2023 in
369 1996 522 2029 desertum.
541 1997 593 2025 Pro
606 1997 658 2024 illis
671 2003 770 2025 exorat
781 2004 896 2032 tantum,
914 2000 959 2034 qui
973 2005 1038 2027 ιιιιιι

246 2048 308 2068 sors
322 2041 436 2072 Domini,
450 2043 495 2076 qui
505 2051 565 2070 eum
575 2051 624 2077 pro
634 2044 739 2072 foribus
751 2046 974 2080 exspectant,qni
985 2054 1036 2073 non

250 2087 379 2114 rec/edunt
395 2096 410 2113 a
428 2088 536 2122 templo.
564 2089 675 2123 jejuuiis
696 2095 723 2117 et
739 2090 908 2117 orationibus
938 2099 1037 2118 vacan-

249 2136 303 2158 tcs.
317 2132 358 2159 An
371 2137 398 2160 tu
415 2137 505 2167 putas,
521 2133 567 2167 qui
580 2134 623 2160 vix
639 2135 735 2162 diebus
746 2135 823 2163 lestis
843 2135 876 2162 ad
893 2136 1036 2163 ecclesiam

249 2178 336 2210 venis,
354 2185 404 2205 nec
419 2178 541 2205 intentus
563 2185 593 2206 es
618 2179 652 2206 ad
678 2181 812 2208 audienda
831 2183 912 2209 verba
934 2182 1038 2215 divina,

248 2231 299 2251 nec
314 2224 363 2251 das
379 2231 490 2258 operam
503 2224 537 2250 ad
558 2225 693 2258 implenda
709 2227 848 2258 mandata,
862 2229 934 2261 quod
947 2229 1037 2263 possit

248 2278 310 2297 sors
335 2269 441 2297 Domini
470 2271 564 2297 venire
584 2278 667 2305 super
687 2272 735 2299 te?
756 2272 889 2306 Optamus
905 2278 994 2302 tamen
1008 2280 1038 2301 ut

248 2317 291 2343 vel
310 2316 352 2344 liis
364 2316 465 2344 auditis
481 2325 592 2353 operam
614 2317 698 2349 detis,
711 2325 764 2344 non
777 2318 863 2345 solum
884 2318 911 2345 in
921 2320 1036 2347 ecclesia

247 2363 348 2390 audire
363 2363 443 2390 verba
462 2364 518 2394 Dei.
537 2364 583 2391 sed
595 2368 623 2391 et
642 2363 670 2390 in
692 2363 819 2391 dantibus
836 2365 935 2392 vestris
955 2373 1038 2392 exer-

246 2411 303 2437 ceri
330 2414 360 2437 et
379 2410 503 2438 meditari
525 2411 553 2438 in
569 2411 627 2445 lege
654 2410 759 2438 Domini
785 2410 829 2438 die
852 2419 886 2439 ne
907 2417 995 2444 nocte,
1009 2418 1039 2440 et

247 2456 285 2484 ibi
303 2456 375 2484 enim
389 2456 516 2484 Christus
525 2460 578 2488 est,
594 2460 621 2482 et
634 2455 735 2490 ubique
756 2456 837 2483 adest
852 2458 1039 2491 querentibus

246 2511 289 2531 se.
304 2503 449 2538 Propterea
468 2510 586 2537 namque
607 2502 754 2529 mandatur
769 2503 796 2529 in
813 2503 885 2537 lege,
903 2508 933 2530 ut
954 2503 1040 2531 medio

248 2553 341 2576 temur
361 2555 421 2575 eam
432 2554 496 2575 cum
510 2547 584 2574 imus
603 2547 629 2574 in
653 2547 705 2579 via,
730 2551 759 2573 et
784 2554 845 2575 cum
862 2548 987 2574 sedemus
1012 2548 1038 2574 in

246 2595 340 2626 domo,
355 2599 382 2621 et
397 2593 522 2628 iacemus
542 2593 569 2620 in
583 2592 678 2625 cubili,
707 2597 734 2619 et
759 2600 820 2619 cum
847 2593 1037 2628 exsurgimus;

245 2643 276 2666 et
296 2640 347 2666 hoc
362 2643 413 2670 est,
429 2645 494 2665 vere
507 2646 556 2672 pro
579 2637 682 2664 foribus
704 2641 864 2671 exspectare
882 2639 1036 2671 pontilicem

281 2684 308 2700 "
319 2683 473 2719 Paul-Lux,
489 2684 516 2711 ι.

246 2725 306 2751 xvr,
330 2719 374 2745 t2.

285 2762 341 2796 (6|)
367 2762 459 2789 Altare
484 2762 586 2789 incensi
619 2762 687 2789 solet
718 2761 855 2790 collocare
881 2762 909 2789 in
930 2761 1034 2790 Sancto

247 2801 415 2823 suuclormn.
429 2798 509 2830 Atqui
527 2797 624 2823 eratin
644 2802 749 2824 sancto.

286 2832 342 2865 (ὑὲ)
360 2831 449 2858 Codex
469 2831 622 2866 Sangcrm.,
636 2842 644 2857 ε
664 2832 893 2867 propitiatot‘iuui.
915 2841 926 2859 ι

1086 894 1206 928 abjieisi
1223 894 1250 921 Si
1263 894 1364 921 babeas
1388 899 1477 921 tecum
1498 894 1586 929 parati
1611 893 1730 921 hominis
1753 901 1883 926 manum,~

1087 941 1113 968 id
1126 946 1178 972 est,
1195 941 1217 968 si
1244 939 1326 968 lectio
1339 940 1429 968 divina
1443 941 1479 967 sit
1503 940 1529 966 in
1544 940 1669 968 manibus
1686 940 1753 972 tuis,
1765 945 1793 966 et
1808 947 1886 973 prse-

1087 991 1166 1022 cepta
1182 986 1231 1014 Dei
1256 991 1321 1013 ante
1343 986 1437 1014 oculos
1453 985 1616 1018 habeantur,
1639 991 1704 1014 tunc
1720 994 1786 1013 vere
1800 986 1883 1012 inve—

1089 1033 1172 1061 nieris
1185 1038 1295 1068 paratus
1308 1033 1340 1059 ad
1360 1031 1512 1066 abiicienda
1533 1037 1561 1060 et
1580 1032 1736 1067 repellenda
1753 1039 1798 1064 ea,
1820 1039 1887 1066 qua:

1088 1084 1152 1106 sunt
1181 1080 1263 1107 sortis
1292 1078 1396 1106 alienze.
1423 1079 1476 1106 Sed
1496 1083 1523 1106 et
1545 1079 1586 1106 ira
1608 1079 1630 1105 si
1644 1077 1771 1105 ascendit
1789 1078 1818 1104 in
1837 1085 1887 1104 cur

1085 1130 1175 1156 tuum,
1188 1126 1210 1152 si
1226 1125 1314 1157 zelus,
1326 1125 1348 1153 si
1366 1125 1479 1157 invidia,
1499 1126 1526 1153 si
1539 1125 1641 1152 malitia
1657 1124 1691 1152 ad
1704 1123 1887 1158 supplantam

1087 1172 1150 1198 dum
1166 1171 1289 1204 fratrem,
1306 1178 1421 1207 paratus
1435 1177 1494 1200 esto
1505 1178 1535 1199 ut
1547 1171 1661 1206 alijicias
1677 1178 1720 1203 ea,
1736 1175 1765 1198 et
1787 1170 1885 1204 expel-

1088 1215 1139 1247 las,
1159 1221 1188 1243 et
1211 1217 1322 1243 emittas
1347 1217 1374 1244 in
1393 1225 1525 1244 eremum.
1548 1217 1579 1244 Si
1609 1224 1673 1244 vero
1697 1216 1835 1243 ascendat
1859 1216 1885 1242 iu

1086 1267 1137 1287 cor
1162 1265 1235 1288 tnnm
1279 1262 1399 1297 cogitare
1420 1270 1481 1296 qua:
1499 1263 1546 1291 Dei
1572 1267 1645 1294 sunt,
1663 1262 1697 1289 de
1722 1262 1884 1289 miscricor-

1089 1306 1143 1338 dia,
1159 1307 1192 1334 de
1202 1306 1320 1340 iustitia.
1337 1309 1371 1336 de
1388 1308 1499 1342 pietate,
1516 1308 1550 1335 de
1570 1315 1648 1342 pace,
1670 1307 1728 1334 haec
1751 1308 1786 1334 de
1808 1312 1887 1334 sorte

1088 1358 1152 1379 sunt
1173 1353 1291 1386 Domini,
1312 1354 1369 1381 hanc
1387 1353 1538 1381 olferuntur
1562 1353 1595 1380 ad
1623 1353 1719 1386 altare,
1744 1353 1806 1380 liae
1820 1360 1886 1387 pon-

1088 1397 1155 1425 tifex
1179 1399 1312 1433 suscipit,
1335 1404 1365 1426 et
1386 1399 1412 1426 in
1441 1400 1483 1426 bis
1513 1398 1674 1426 reconciliat
1708 1398 1758 1426 tibi
1783 1397 1883 1424 Deum.

1089 1443 1234 1478 Propterea
1247 1452 1313 1479 ergo
1333 1449 1360 1472 et
1379 1445 1402 1472 is
1427 1445 1474 1480 qui
1505 1445 1579 1480 ejicit
1601 1452 1663 1471 eum
1686 1445 1712 1471 in
1735 1452 1793 1479 quo
1822 1452 1882 1472 sors

1090 1491 1320 1524 apopompuziest.
1343 1491 1395 1518 hoc
1411 1495 1452 1518 est
1469 1491 1554 1518 malas
1576 1490 1767 1525 cogitationes,
1793 1490 1882 1516 malas

1089 1534 1264 1570 cupiditates,
1277 1544 1330 1562 non
1345 1540 1386 1562 est
1399 1536 1480 1563 homo
1493 1537 1580 1571 piger,
1603 1544 1653 1563 nec
1665 1540 1823 1570 occupatus
1843 1544 1883 1562 nc-

1085 1581 1167 1614 gotiis
1200 1581 1386 1613 sumularibus,
1407 1582 1454 1609 sed
1476 1587 1587 1617 paratus
1607 1588 1659 1615 est,
1680 1587 1708 1609 et
1727 1587 1881 1617 promptus.

1086 1633 1119 1653 ac
1130 1626 1262 1660 vigilans;
1282 1627 1327 1662 qui
1343 1627 1451 1655 etiam~i
1462 1628 1622 1656 sordescere
1639 1629 1764 1655 videatur
1780 1635 1836 1662 pro
1848 1636 1878 1655 co

1086 1673 1158 1706 quod
1178 1672 1324 1706 contigerit
1352 1673 1533 1706 itumundum,
1561 1673 1662 1700 lavabit
1677 1674 1773 1701 statim
1790 1674 1878 1701 vesti-

1087 1724 1177 1746 menta
1193 1726 1255 1751 sua,
1270 1723 1298 1746 et
1309 1719 1361 1746 erit
1377 1719 1501 1747 mundus.
1517 1719 1593 1752 Quod
1612 1718 1766 1754 intelligere
1782 1727 1882 1753 possu-

1090 1773 1151 1792 mus
1162 1769 1295 1799 quantum
1317 1765 1350 1791 ad
1368 1772 1588 1799 unumquemque
1610 1771 1731 1792 nostrum
1751 1765 1882 1799 pertinet,

1087 1811 1236 1838 secundum
1252 1810 1382 1837 moralem
1398 1810 1499 1844 locum,
1515 1818 1576 1837 esse
1589 1810 1727 1837 hominem
1741 1817 1882 1844 paratum,

1088 1858 1220 1883 rationem
1236 1855 1320 1889 ipsam
1335 1863 1395 1889 quae
1415 1856 1487 1882 intra
1505 1863 1554 1883 nos
1572 1860 1624 1888 est,
1642 1863 1690 1890 per
1713 1863 1799 1890 quam
1827 1858 1882 1883 dis-

1087 1902 1174 1929 cretio
1188 1901 1267 1928 nobis
1282 1901 1345 1928 boni
1358 1901 1478 1936 malique
1492 1908 1544 1934 est,
1561 1910 1620 1936 qua:
1634 1902 1718 1929 etiam
1730 1902 1755 1929 si
1773 1904 1882 1930 videtur

1087 1947 1245 1974 sordescere
1265 1946 1329 1974 dum
1349 1947 1497 1980 discernit,
1518 1951 1544 1974 et
1567 1952 1715 1982 pertractat
1737 1948 1799 1982 ipsa
1825 1956 1881 1984 quae

1090 1993 1160 2019 mala
1174 1997 1251 2025 sunt;
1268 1998 1357 2020 tamen
1371 1994 1394 2020 si
1407 2002 1438 2020 ca
1456 1993 1578 2027 abjieiat,
1590 1999 1617 2021 et
1627 1994 1746 2028 expellat
1760 2001 1777 2021 a
1790 1997 1883 2027 corde,

1090 2046 1123 2066 ac
1148 2038 1244 2072 procul
1261 2038 1372 2072 ell‘nget,
1397 2043 1461 2065 tunc
1491 2038 1649 2067 melioribus
1667 2039 1882 2074 cogitationibus

1089 2084 1164 2110 velut
1186 2084 1328 2118 puriﬁcata
1347 2091 1379 2111 ac
1397 2084 1493 2116 diluta,
1515 2084 1615 2111 munda
1639 2084 1780 2111 videbitur
1800 2086 1883 2111 ratio-

1090 2131 1189 2157 nabilis
1203 2138 1291 2159 mens.
1310 2130 1363 2157 Nec
1377 2138 1445 2158 sane
1461 2131 1578 2162 mireris,
1596 2131 1666 2165 quod
1680 2131 1762 2158 etiam
1778 2132 1814 2159 ad
1828 2138 1884 2166 per-

1054 2179 1076 2207 D
1092 2186 1186 2205 sonam
1200 2178 1351 2206 Salvatoris
1363 2178 1497 2205 traximus
1514 2177 1587 2205 hunc
1603 2178 1651 2212 qui
1676 2177 1751 2212 elicit
1765 2179 1883 2209 hircum,

1091 2229 1118 2251 et
1132 2224 1245 2259 expellit
1258 2225 1284 2251 in
1298 2231 1433 2256 eremum,
1455 2224 1520 2258 quia
1548 2223 1654 2250 dicitur
1676 2223 1770 2250 iurare
1803 2223 1882 2251 vesti-

1090 2276 1180 2298 menta
1193 2278 1252 2302 sua,
1264 2275 1292 2297 et
1307 2270 1366 2297 ﬁeri
1390 2270 1516 2302 mundus,
1532 2274 1644 2304 propter
1662 2269 1727 2296 illud
1748 2270 1827 2304 quod
1849 2269 1883 2295 le-

1087 2317 1179 2352 gimus
1202 2317 1228 2344 in
1251 2316 1382 2350 propheta
1404 2315 1459 2343 dici
1487 2315 1520 2342 de
1550 2315 1676 2348 Domino,
1699 2315 1775 2342 sicut
1802 2322 1880 2349 supra

1088 2363 1226 2390 diximus:
1242 2371 1250 2388 ι
1271 2362 1303 2389 Ει
1326 2361 1380 2388 vidi
1402 2360 1493 2388 losum
1507 2361 1675 2389 sacerdotem
1692 2368 1826 2393 mag-mm
1845 2362 1882 2387 iu-

1090 2409 1184 2436 dutttm
1198 2409 1362 2436 vestimenta
1379 2409 1488 2436 sordida
1505 2408 1539 2434 ".
1558 2417 1568 2433 ι
1587 2407 1663 2440 Quod
1679 2406 1701 2433 si
1720 2406 1823 2441 utique
1838 2413 1882 2440 pm

1090 2455 1278 2488 assumptione
1308 2454 1401 2482 cannis
1429 2454 1483 2482 dici
1517 2455 1562 2489 pie
1587 2453 1770 2488 intelligitur,
1798 2454 1880 2480 etiam

1088 2499 1132 2527 hic
1153 2500 1179 2527 in
1194 2500 1317 2528 lavandis
1334 2500 1504 2528 restituentis
1528 2503 1618 2535 potest
1645 2505 1679 2526 ea
1700 2497 1792 2533 ﬁgura
1822 2505 1879 2525 scr-

1089 2547 1145 2573 vari
1160 2547 1228 2581 (63).

1123 2592 1151 2619 7.
1170 2592 1314 2621 Videamus
1338 2598 1401 2629 post
1421 2593 1480 2621 lucc
1505 2599 1564 2627 quae
1588 2597 1651 2619 sunt
1672 2599 1733 2626 qua:
1759 2590 1879 2626 pontifex

1090 2637 1173 2665 l'aeiat
1190 2647 1197 2665 :
1220 2647 1230 2664 ι
1248 2639 1279 2666 Et
1291 2644 1390 2671 sumet,
1402 2639 1492 2673 inquit
1505 2638 1538 2672 “,
1555 2638 1666 2673 plenum
1679 2636 1806 2664 batillum
1821 2642 1878 2663 car-

565 2684 587 2699 ⁶⁰
605 2683 658 2711 lsa.
670 2683 785 2716 ut,let
797 2682 826 2709 2.
864 2683 885 2698 ⁶¹
900 2682 997 2711 Hosti.
1012 2690 1030 2710 ll

1121 2706 1127 2713 .
1166 2685 1187 2700 ⁶²
1202 2684 1279 2712 Rom.
1290 2692 1332 2719 Ill,
1345 2685 1392 2712 25.
1430 2685 1453 2701 ⁸³
1463 2684 1547 2712 Zacb.
1567 2691 1608 2716 ill,
1624 2684 1635 2711 Ι
1648 2688 1678 2711 et
1691 2683 1718 2711 5.
1756 2682 1782 2699 “
1793 2682 1877 2711 Levit.

1124 2763 1181 2799 (6‘5)
1197 2763 1265 2792 Cod.
1279 2763 1435 2799 Sanga-nn,
1463 2773 1472 2789 ο
1500 2768 1588 2798 potest
1607 2763 1641 2790 ad
1658 2770 1720 2789 eum
1747 2763 1846 2798 ﬁgura.
1869 2770 1876 2785 ι

1088 2798 1180 2827 Codex
1194 2799 1320 2833 Cadom.,
1335 2798 1346 2825 ό
1361 2803 1450 2834 potest
1466 2799 1559 2827 cadent
1576 2798 1670 2834 ﬁgura.
1688 2807 1698 2823 ι
