1894 3058
66 89 106 117 Si?
613 84 646 113 IN
666 83 831 113 ιΕνιτιειῖς

899 85 1012 113 0.“le
1033 86 1078 114 IX.

1619 92 1668 120 518

71 148 167 178 bonibus
190 146 258 181 ign's
283 146 315 173 de
342 144 431 178 altari,
456 144 529 180 quod
557 149 600 172 est
623 150 719 173 contra
742 145 833 172 Domi-
846 147 868 176 Α
887 149 1014 176 tentaret,
1032 151 1121 171 nonne
1140 144 1257 177 diceres,
1278 144 1390 173 Peream
1412 147 1501 175 omnia
1522 156 1570 183 pro
1582 152 1670 179 salut»,

69 201 129 221 unm.
142 203 151 219 I
165 192 286 226 Legimus
295 196 324 218 et
336 191 363 218 in
378 190 458 223 Isaia,
471 190 535 225 quia
551 189 613 225 igne
631 196 762 226 purgatur
772 197 831 225 pro-

68 241 132 274 pheta
146 246 191 274 per
204 245 285 266 unum
297 245 330 264 ex
341 237 489 272 seraphim,
502 236 575 271 quod
590 237 703 264 missum
719 243 761 264 est
775 236 830 270 tM)

68 286 94 312 ad
110 293 175 317 eum,
197 291 257 311 cum
275 283 380 317 accepit
398 282 500 317 forcipe
520 283 667 310 carbonem
687 290 770 310 unum
797 290 831 310 ex

69 331 101 357 his
113 330 152 364 qui
169 334 244 356 erant
262 336 344 363 Super
368 328 463 359 altare,
490 332 518 355 et
540 328 654 363 contigit
675 328 744 356 labia
769 336 832 363 pro-

68 375 147 408 phetae,
162 378 188 400 et
201 373 267 401 dixit
280 373 301 389 ⁸⁵
315 382 320 399 :
339 381 350 398 ι
368 373 438 400 Ecce
450 372 549 400 abstuli
564 372 719 407 iniquitates
734 378 804 401 tuas.
819 383 828 400 ι

69 418 120 448 Mihi
135 419 254 447 videnlur
270 419 383 454 mystica
402 419 460 448 haec
473 426 544 453 esse,
571 424 598 447 et
624 421 675 448 hoc
699 420 830 452 indicare,

66 465 124 500 quod
149 465 293 499 unicuique
317 465 465 492 secundum
499 465 527 492 id
561 466 632 500 quod
664 469 776 500 peccat,
807 465 829 493 si

66 512 161 545 dignum
176 510 256 538 fuerit
274 511 412 545 puriﬁcari
427 518 501 543 eum,
525 511 676 538 inferantur
698 511 832 539 carbones

67 557 176 584 membris
188 556 256 591 ejus.
268 556 335 584 Nam
351 557 477 591 quoniam
490 557 556 584 dicit
576 557 706 592 propheta
723 557 767 584 hic
781 556 804 572 ⁶⁶
822 566 829 584 :

67 611 76 629 ι
91 603 215 631 lmmunda
234 602 305 630 labia
320 603 420 636 habeo,
438 604 463 630 in
487 603 576 630 medio
600 609 708 637 quoque
738 602 830 638 populi

65 648 184 676 immunda
206 648 277 676 labia
309 648 435 675 habentis
458 648 562 681 habito,
583 656 594 674 ι
617 647 719 676 idcirco
748 649 831 676 carbo

65 694 153 728 forcipe
182 697 336 728 assttlnptus
362 701 376 720 a
398 694 545 728 seraphin],
572 693 640 721 labia
667 694 726 728 eius
750 702 829 721 mun-

65 739 102 766 dat
120 739 282 775 (65),qnibus
298 738 364 767 solis
375 746 404 767 se
412 739 539 766 mundum
549 746 600 766 non
609 746 668 766 esse
677 739 829 773 profitetur.

68 783 100 810 Ex
114 791 162 818 quo
176 784 330 811 ostenditur
343 784 417 819 quod
432 790 519 818 usque
534 783 567 811 ad
583 783 698 811 verbum
710 787 830 810 tantum-

65 831 130 857 modo
140 835 274 865 peccatum
290 830 349 864 eius
371 830 549 862 inveniretur,
573 830 599 857 in
619 829 692 857 facto
710 837 775 857 vero
787 829 829 857 vel

63 884 131 911 opere
141 876 210 904 nullo
222 876 389 912 peccaverit;
407 875 528 911 alioquin
548 875 675 908 dixisset,
695 876 827 910 quoniam

64 922 213 950 immundum
239 929 339 957 corpus
365 921 469 953 habeo.
489 921 532 949 vel
556 921 710 949 immundos
735 921 828 949 oculos

64 967 146 1001 habeo,
164 968 185 995 si
206 972 347 1002 peccasset
376 967 404 994 in
439 966 659 1002 concupiscendo
684 967 781 999 aliena,
802 971 829 994 et

63 1013 332 1045 dixisset,immundas
344 1020 441 1040 manus
457 1012 554 1044 habeol
577 1013 599 1040 si
616 1019 663 1040 eas
686 1012 829 1047 polluisset

63 1059 172 1093 operibus
182 1059 291 1094 iniquis.
307 1058 384 1085 Nunc
397 1063 487 1086 autem
510 1059 640 1093 quoniam
658 1058 684 1085 in
701 1058 760 1085 solo
773 1058 830 1085 for-

64 1109 124 1133 tasse
137 1112 257 1133 sermone
271 1106 399 1134 conscius
420 1105 471 1133 sibi
498 1109 558 1133 erat
581 1105 674 1133 delicti
695 1105 778 1137 illius,
795 1105 829 1133 de

63 1159 107 1186 quo
115 1152 175 1179 dicit
188 1151 317 1179 Dominus
330 1151 352 1167 "
369 1160 375 1177 :
390 1160 400 1177 ι
415 1150 482 1184 Quia
496 1151 577 1178 etiam
595 1151 628 1178 de
643 1150 727 1178 verbo
742 1151 829 1178 otioso

63 1196 167 1224 reddetis
182 1197 314 1224 rationem
331 1197 357 1223 in
369 1195 527 1230 diejudicii,
545 1205 554 1222 ι
573 1203 622 1230 pro
635 1202 669 1223 eo
686 1196 757 1230 quod
775 1195 829 1223 dif-

62 1237 122 1269 ﬁcile
131 1247 174 1270 est
187 1243 269 1269 etiam
291 1240 418 1277 perfectis
439 1240 546 1275 culpam
572 1241 659 1268 vitare
682 1241 828 1274 sermonis,

63 1287 151 1315 idcirco
168 1287 306 1323 indigebat
333 1286 414 1314 etiam
432 1288 566 1322 propheta
590 1289 647 1314 sola
669 1286 830 1321 purgatione

61 1332 187 1361 labiorum.
200 1333 255 1361 Nos
272 1333 402 1368 autem,si
419 1332 512 1360 redeat.
524 1332 710 1367 unusquisque
721 1333 754 1359 ad
765 1339 830 1359 con-

62 1379 186 1406 scientiam
200 1387 291 1412 suatn,
307 1378 399 1406 nescio
413 1378 436 1405 si
459 1385 603 1413 possumus
618 1377 725 1412 aliquod
745 1385 831 1405 mem-

60 1425 126 1451 hrnm
138 1426 262 1459 corporis
277 1432 421 1457 excusare,
433 1423 503 1459 quod
515 1431 570 1450 non
585 1423 640 1458 igni
657 1423 786 1458 indigeat.
797 1423 830 1450 Et

61 1470 174 1504 propheta
187 1471 296 1505 quidem
305 1471 435 1505 quoniam
450 1469 484 1497 ab
492 1469 619 1496 omnibus
629 1470 747 1497 mundus
758 1473 827 1503 erat,

62 1516 149 1544 idcirco
176 1517 277 1544 meruit
291 1520 318 1543 ut
337 1523 408 1543 uitus
421 1516 455 1544 de
470 1515 606 1550 seraphin‘i
624 1515 782 1543 mitteretur
795 1515 829 1542 ad

61 1568 121 1595 eum,
133 1562 176 1597 qui
191 1562 250 1598 ejus
265 1562 322 1590 sola
340 1562 408 1589 labia
424 1565 566 1597 purgaret.
582 1559 637 1588 Nos
650 1568 716 1588 vero
733 1567 830 1588 vereor

60 1615 87 1634 ne
105 1608 186 1643 ignem
214 1617 269 1636 non
299 1608 428 1636 membris
460 1607 583 1643 singulis,
616 1607 664 1634 sed
691 1611 746 1634 toto
770 1614 832 1635 cor-

59 1661 114 1688 pore
128 1662 292 1683 mereamur.
316 1654 383 1682 Cum
405 1654 479 1682 enim
505 1653 650 1681 lasciviunt
680 1652 766 1685 oculi,
789 1652 831 1679 vel

60 1707 99 1733 per
120 1700 225 1728 illicitas
248 1699 503 1734 concupiscentias,
527 1698 569 1726 vel
600 1705 650 1733 per
676 1698 831 1733 spectacula

60 1746 126 1782 241,
139 1746 281 1778 diabolica,
297 1746 360 1780 quid
376 1745 449 1772 aliud
470 1745 521 1772 nisi
542 1744 631 1780 ignem
651 1743 702 1770 sibi
716 1750 830 1778 congre-

59 1793 129 1828 gant?
148 1793 214 1821 Cum
237 1799 320 1820 aures
345 1799 399 1818 non
421 1795 580 1817 avertuntur
593 1790 626 1817 ab
644 1789 735 1816 auditu
751 1796 831 1821 vano,

59 1847 85 1867 ac
97 1839 314 1875 derogationibus
327 1838 522 1873 proximorum,
538 1843 600 1863 cum
617 1842 714 1862 manus
727 1843 740 1861 a
758 1835 832 1862 caede

58 1894 221 1922 nequaquam,
237 1892 290 1913 nec
304 1892 319 1911 a
338 1883 440 1918 rapinis
453 1889 485 1909 ac
506 1879 751 1917 depraedationibus
766 1888 832 1907 con-

60 1933 174 1966 tinentur,
189 1941 251 1960 cum
274 1930 357 1966 pedes
380 1929 488 1956 veloces
508 1932 571 1955 sunt
591 1928 625 1954 ad
641 1925 831 1954 eifundendum

59 1980 213 2015 sanguinem,
225 1987 343 2014 cumque
355 1984 454 2012 corpus
473 1982 526 2003 non
541 1973 666 2005 Domino,
681 1972 727 2000 sed
746 1972 830 1999 forni-

59 2027 143 2054 cationi
159 2027 303 2058 tradimus,
317 2024 381 2060 quid
395 2023 466 2050 aliud
488 2022 538 2050 nisi
563 2025 648 2048 totum
665 2025 764 2053 corpus
779 2022 832 2044 tra-

58 2073 135 2101 dimus
150 2074 175 2101 in
191 2070 366 2108 gehennam?
389 2073 424 2098 At
448 2069 505 2096 bzec
531 2075 594 2095 cum
617 2066 753 2097 dicuntur,
769 2071 833 2091 con-

59 2118 157 2151 temptui
169 2118 316 2144 habentur.
329 2113 438 2148 Quare?
450 2113 512 2148 quia
525 2112 591 2139 fides
607 2112 693 2139 deest.
706 2109 831 2144 Alioquin

883 198 953 221 mea.
965 197 1014 217 nec
1026 190 1173 225 quidquam
1187 197 1333 224 remaneat,
1345 196 1447 220 tantum
1462 199 1490 220 ut
1500 201 1550 230 ego
1561 195 1648 222 vivam
1657 197 1670 223 ?

883 236 938 262 Hoc
950 243 1034 270 quare
1055 235 1180 263 faceres?
1199 236 1263 271 quia
1282 237 1344 265 inde
1367 245 1419 265 non
1440 239 1588 274 dubitares,
1606 241 1670 269 hinc

882 282 998 309 dubitas.
1025 281 1058 308 Et
1081 281 1142 309 ideo
1167 282 1238 309 bene
1265 282 1395 311 Dominus
1419 284 1485 312 dicit
1497 285 1540 313 “z
1559 295 1568 311 ι
1588 285 1670 315 Putas

883 326 992 354 veniens
1011 326 1096 354 Filius
1119 326 1247 358 hominis,
1266 327 1384 355 inveniet
1407 329 1487 356 fidem
1511 337 1592 365 super
1614 335 1669 358 ter-

883 373 959 400 ram?
976 381 985 398 ι
1003 372 1034 399 Et
1055 372 1118 407 quid
1139 379 1189 408 ego
1213 372 1274 400 dico
1300 373 1332 401 de
1347 376 1430 402 certis
1454 375 1669 411 indubitatisque

882 418 1029 453 periculis?
1045 418 1243 446 Tantummodo
1265 419 1286 446 si
1307 426 1388 446 causa
1406 420 1518 448 dicenda
1539 421 1575 448 sit
1599 422 1668 455 apud

879 465 996 501 judicem
1015 470 1167 497 terrenum,
1182 473 1242 500 quae
1262 466 1379 500 aliquem
1405 470 1503 493 metum
1515 467 1571 500 (66)
1583 475 1616 494 ex
1631 467 1668 494 le-

881 511 960 546 gibus
979 511 1081 538 habere
1103 511 1236 544 videatur,
1257 518 1346 539 nonne
1369 511 1495 539 omnibus
1514 513 1612 547 vigiliis
1626 521 1670 540 ex-

881 557 1006 588 cubatur,
1028 557 1161 584 advocato
1188 562 1301 590 patrono
1328 565 1440 584 munera
1468 564 1668 592 prmparantur,

881 602 987 630 etiamsi
1005 609 1104 636 anceps
1119 603 1271 637 periculum
1283 603 1328 635 sit,
1342 607 1389 630 aut
1400 603 1482 630 etiam
1499 604 1583 630 solius
1600 609 1670 632 notae

882 654 971 676 metus
988 648 1030 675 vel
1045 648 1137 675 damni
1154 649 1241 676 ratio?
1260 647 1314 676 Nos
1338 656 1423 683 quare
1442 656 1497 676 non
1523 648 1668 683 credimus,

881 695 952 730 quod
975 701 1070 722 omnes
1091 694 1240 722 astabimns
1253 703 1262 721 ι
1282 699 1345 722 ante
1367 695 1487 722 tribunal
1507 695 1622 729 Christi,
1640 701 1670 723 ut

882 745 1001 776 reportet
1013 740 1198 775 unusquisque
1214 741 1323 775 propria
1342 741 1464 775 corporis
1479 746 1558 776 prout
1574 742 1669 776 gessit,

882 788 939 816 sive
955 787 1026 815 bona
1037 787 1095 815 sive
1117 787 1186 814 maia
1203 787 1235 814 θ’.
1255 797 1265 813 ι
1287 786 1349 814 llaec
1369 787 1392 815 si
1416 787 1520 822 integre
1546 788 1671 815 credere-

882 841 953 866 mus,
970 838 1042 861 esset
1062 832 1138 860 nobis
1157 833 1306 860 secundum
1326 833 1398 868 quod
1416 833 1548 868 scriptum
1567 839 1607 861 est
1621 834 1644 849 ⁷⁸
1660 841 1669 860 :

883 887 893 905 ι
912 877 1074 914 Redemptio
1093 879 1190 906 animae
1208 878 1271 912 viri,
1287 878 1388 905 divitia:
1409 877 1480 912 ejus.
1497 888 1507 904 ι
1525 878 1578 906 Sed
1599 879 1670 905 unde

880 930 1027 958 possumus
1042 924 1110 957 llaec,
1125 923 1167 950 vel
1186 923 1298 955 sentire,
1313 922 1354 949 vel
1371 923 1492 954 credere,
1511 923 1551 950 vel
1571 923 1671 950 intelli-

881 976 954 1004 gere,
971 976 1032 996 cum
1051 976 1085 996 ne
1103 969 1136 996 ad
1156 968 1214 996 lucc
1230 968 1287 1002 ipsa
1315 968 1423 1004 quidem
1443 968 1575 995 audienda
1599 976 1669 996 con-

880 1015 1043 1043 veniamus‘.’
1053 1014 1119 1048 Quis
1134 1015 1205 1042 enim
1221 1018 1341 1041 vestrum
1359 1022 1420 1041 cum
1436 1015 1587 1042 recitantur
1598 1014 1671 1042 Scri-

880 1067 966 1096 pturze
986 1061 1088 1096 praebet
1103 1059 1244 1087 auditum?
1261 1059 1332 1087 Dcus
1355 1067 1402 1094 per
1421 1060 1580 1095 prophetam
1599 1067 1672 1087 com-

882 1107 1010 1140 minatur,
1025 1106 1172 1140 etquidem
1196 1105 1223 1132 in
1248 1105 1287 1132 ira
1312 1112 1407 1140 magna
1419 1105 1440 1120 "
1457 1113 1464 1133 :
1480 1114 1490 1131 ι
1509 1105 1541 1132 Et
1565 1105 1668 1132 mittam

881 1154 980 1181 famem
994 1160 1075 1187 super
1086 1157 1200 1185 terram,
1213 1159 1264 1179 non
1279 1151 1378 1179 famem
1392 1151 1480 1187 panis,
1495 1159 1583 1186 neque
1595 1147 1670 1179 sitiin

880 1206 968 1233 aquae,
981 1197 1029 1225 sed
1044 1196 1142 1223 famem
1165 1196 1291 1224 audiendi
1311 1195 1395 1223 verba
1420 1197 1477 1224 Dei.
1493 1205 1502 1222 ι
1520 1196 1574 1224 Sed
1598 1204 1671 1223 nunc

880 1244 978 1272 famem
992 1252 1043 1272 non
1055 1244 1128 1271 misit
1137 1243 1208 1271 Deus
1220 1250 1303 1278 super
1317 1242 1464 1270 Ecclesium
1478 1250 1566 1276 suam,
1580 1250 1671 1277 neque

880 1291 952 1319 sitim
977 1289 1011 1317 ad
1034 1289 1197 1317 audiendum
1221 1288 1334 1316 verbum
1355 1287 1413 1314 Dei.
1440 1286 1574 1315 Habemus
1595 1289 1669 1315 enim

880 1344 977 1372 panem
1006 1336 1097 1364 vivum
1121 1335 1166 1370 qui
1189 1334 1223 1362 de
1249 1334 1318 1362 caelo
1350 1333 1509 1367 descendit,
1538 1333 1673 1361 habemus

880 1389 978 1418 aquam
994 1381 1082 1409 vivam
1099 1381 1243 1408 salientem
1256 1379 1283 1406 in
1298 1379 1379 1406 vitam
1396 1384 1537 1406 aeternam.
1551 1378 1607 1406 Cur
1621 1386 1670 1406 nos

881 1428 954 1463 ipsos
980 1427 1152 1454 fecunditatis
1177 1431 1298 1460 tempore
1315 1425 1386 1451 inme
1408 1432 1536 1451 necamus
1556 1432 1587 1451 ac
1606 1424 1670 1451 siti!

843 1486 865 1515 ε
881 1473 968 1509 Pigra:
983 1478 1010 1501 et
1024 1473 1123 1500 desidis
1137 1472 1233 1498 animae
1246 1475 1299 1503 est,
1317 1470 1344 1497 in
1364 1470 1529 1498 abundantia
1546 1470 1669 1497 omnium

882 1519 1022 1554 penuriam
1038 1519 1103 1553 pati.
1119 1517 1176 1544 Non
1189 1517 1302 1544 audistis
1314 1523 1345 1544 ex
1362 1516 1461 1543 divinis
1477 1516 1626 1551 Scripturis
1634 1515 1672 1548 ",

881 1564 944 1600 quia
968 1567 1104 1591 certamen
1121 1566 1164 1589 est
1189 1561 1259 1588 inter
1281 1560 1405 1587 homines
1427 1559 1501 1586 carni
1526 1559 1673 1585 adversum

881 1610 1018 1646 spiritum,
1035 1613 1062 1636 et
1081 1607 1189 1643 spiritui
1210 1606 1340 1633 adversus
1359 1604 1491 1632 carnem?
1507 1604 1540 1631 Et
1563 1604 1675 1631 nescitis

882 1654 955 1690 quod
971 1654 993 1681 si
1009 1660 1120 1681 carnem
1137 1651 1222 1679 solam
1235 1650 1373 1683 nutriatis,
1389 1655 1418 1677 et
1432 1649 1518 1684 ipsam
1534 1648 1672 1684 frequenti

883 1700 994 1728 mollitie
1011 1707 1043 1727 ac
1056 1698 1114 1733 jugi
1126 1697 1284 1725 deliciarum
1300 1696 1374 1723 ﬂuxu
1387 1694 1513 1727 foveatis,
1529 1694 1675 1722 insolescet

882 1745 1036 1774 necessario
1047 1744 1191 1771 adversum
1208 1742 1346 1777 spiritum,
1360 1745 1387 1768 et
1402 1740 1499 1768 fortior
1511 1740 1556 1767 illo
1568 1739 1672 1767 eﬂicic-

884 1792 944 1819 tur?
956 1791 1032 1825 Quod
1046 1790 1068 1817 si
1086 1789 1142 1822 fiat,
1154 1796 1215 1816 eum
1233 1789 1291 1815 sine
1305 1788 1388 1815 dubio
1403 1787 1431 1814 in
1443 1786 1574 1813 ditionem
1593 1793 1673 1813 suam

884 1837 1032 1868 redactum,
1049 1835 1106 1862 suis
1129 1838 1208 1868 coget
1230 1832 1333 1867 legibus
1356 1839 1388 1859 ac
1406 1831 1479 1859 vitiis
1500 1830 1622 1858 obedire.
1642 1830 1674 1857 Si

882 1891 947 1911 vero
963 1882 996 1909 ad
1013 1880 1156 1909 ecclesiam
1174 1879 1330 1914 frequenter
1346 1877 1451 1909 venias,
1466 1884 1558 1903 aurem
1574 1875 1674 1903 litteris

883 1928 981 1956 divinis
996 1928 1152 1958 admoveas,
1171 1924 1388 1960 explanationem
1410 1923 1599 1949 mandatorum
1619 1928 1674 1948 cus-

883 1974 990 2002 lestium
1007 1973 1111 2008 capias,
1126 1973 1198 1999 sicut
1214 1970 1284 1998 cibis
1302 1973 1330 1997 et
1350 1968 1454 1996 deliciis
1477 1975 1554 2000 caro,
1565 1967 1601 1994 ita
1618 1966 1672 2001 spi-

884 2022 952 2049 ritus
968 2021 1057 2048 verbis
1073 2019 1172 2046 divinis
1192 2016 1363 2045 convalescet
1381 2023 1413 2042 ac
1431 2015 1565 2048 sensibus,
1580 2018 1607 2041 et
1625 2021 1670 2040 ro-

883 2067 988 2095 bustior
1002 2065 1126 2096 eil‘ectus,
1144 2071 1254 2091 carnem
1275 2062 1324 2089 sibi
1349 2067 1445 2095 parcre
1467 2064 1600 2094 coget,ac
1617 2059 1675 2086 suis

885 2110 991 2145 legibus
1014 2108 1138 2143 obsequi.
1162 2106 1334 2134 Nutrimenta
1359 2105 1443 2140 igitur
1467 2104 1579 2139 spiritus
1599 2108 1674 2137 sunt,

58 2162 76 2189 si
94 2149 136 2191 tibi
154 2163 234 2191 hodie
257 2162 405 2192 diceretur,
428 2160 491 2195 quia
513 2159 595 2194 judex
618 2156 709 2185 saeculi
727 2155 785 2182 vult
807 2160 833 2182 Ic
847 2155 871 2185 υ
885 2156 975 2183 divina
1000 2154 1090 2186 lectio,
1106 2153 1246 2181 orationes
1270 2151 1398 2183 assiduae,
1422 2157 1513 2178 sermo
1531 2149 1670 2177 doctrinm.

59 2209 166 2237 crastino
191 2210 284 2236 vivum
302 2213 428 2240 exurere,
443 2211 469 2233 et
483 2205 525 2233 his
539 2204 638 2232 auditis
655 2203 676 2231 si
696 2207 767 2230 esset
785 2201 832 2229 tibi

60 2256 127 2283 unius
150 2255 203 2283 diei
228 2254 346 2290 spatium
370 2253 496 2284 liberum,
512 2254 613 2285 quanta
630 2248 754 2276 faceres?
767 2255 835 2283 qno-

60 2302 128 2328 modo
140 2306 166 2329 et
180 2308 230 2336 per
244 2307 313 2335 quos
323 2299 490 2325 discurrens
499 2296 512 2323 ?
522 2303 602 2331 quam
616 2294 740 2326 humilis,
753 2300 834 2327 qnam

60 2345 141 2381 lugens
167 2352 195 2374 et
224 2344 351 2373 sordidus
379 2341 542 2371 oberrares?
566 2340 660 2367 Nonne
684 2339 837 2366 eli'underes

59 2400 153 2420 omnem
174 2392 321 2427 pecuniam
344 2395 418 2418 tuam
437 2389 465 2417 in
492 2395 550 2419 eos,
569 2393 683 2422 quorum
703 2386 836 2413 interces-

59 2439 124 2467 sione
148 2440 265 2467 evadere
294 2444 373 2472 posse
400 2441 426 2463 te
454 2433 597 2462 crederes?
628 2432 723 2460 Nonne
746 2431 836 2458 omnia

60 2491 110 2518 tlnze
127 2485 251 2520 possides
274 2481 487 2516 redemptionem
511 2479 615 2506 faceres
643 2477 740 2505 anima:
766 2475 839 2503 tum?

61 2529 124 2561 Quod
140 2530 161 2557 si
179 2531 265 2557 etiam
285 2527 383 2563 aliquis
413 2531 439 2554 te
466 2524 607 2553 retardare
630 2527 677 2550 aut
706 2521 838 2556 impedire

96 2579 115 2593 "
130 2578 179 2605 lsa.
194 2587 231 2612 vt,
250 2580 277 2606 7.
332 2578 355 2594 ⁵⁸
370 2577 435 2604 ibid.
452 2577 478 2604 5.
536 2576 557 2592 "
574 2574 670 2602 Matth.
685 2582 734 2608 xtt,
749 2574 795 2602 56.

62 2611 79 2625 ”
90 2612 178 2642 Amos.
192 2611 256 2646 vtu.
274 2614 316 2642 11.
354 2613 377 2629 ⁷¹
391 2612 480 2641 Calai.
491 2620 518 2640 ν.

91 2667 142 2703 (δι)
157 2667 238 2695 Libb.
261 2667 338 2698 editi,
354 2674 365 2691 ι
385 2666 430 2700 qui
456 2665 555 2692 missus
576 2667 628 2695 est,
654 2671 663 2686 ι
682 2662 729 2689 sed
758 2669 838 2694 uiss.,

65 2709 73 2726 ι
91 2702 155 2730 undd
171 2702 286 2730 missum
298 2706 348 2730 cst.
370 2709 380 2727 ι

101 2731 142 2772 ῧὸ)
154 2737 235 2768 Mss.,
255 2746 264 2763 ι
283 2740 391 2772 purgat.
406 2743 418 2761 ι
433 2733 507 2772 infra
523 2733 589 2762 libb.
604 2732 684 2772 editi,
703 2740 712 2757 I
731 2731 838 2772 inveni-

62 2767 139 2807 reiur,
157 2774 193 2799 ita
209 2767 374 2806 quod't'ac'to
398 2769 442 2798 vel
452 2776 544 2806 opere.
569 2777 578 2796 ι
603 2767 656 2797 Sed
676 2774 741 2796 mss.
767 2771 795 2794 ut
813 2767 840 2794 in

63 2812 146 2835 Malm
161 2811 251 2835 textu.

850 2572 874 2589 "
887 2571 955 2600 Luc.
970 2577 1049 2604 xvnt,
1067 2568 1094 2597 8.

888 2200 936 2228 llis
954 2199 1034 2227 alitur
1046 2199 1124 2232 cibis,
1143 2199 1185 2227 his
1199 2197 1375 2230 convalescit,
1388 2197 1430 2225 his
1445 2196 1533 2223 victor
1546 2195 1672 2223 edicitur.

887 2247 963 2280 Quod
979 2246 1043 2281 quia
1059 2253 1111 2273 non
1130 2244 1231 2277 facitis,
1250 2244 1333 2271 nolite
1358 2241 1489 2277 conqueri
1509 2241 1542 2269 de
1557 2241 1674 2268 infirmi-

890 2297 945 2320 tate
969 2291 1083 2324 carnis,‘
1093 2291 1178 2318 nolite
1205 2290 1297 2318 dicere
1317 2289 1382 2324 quia
1406 2288 1540 2319 volumus,
1557 2287 1605 2315 sed
1621 2295 1675 2314 non

889 2344 1045 2372 possumus,
1065 2336 1188 2363 volumus
1210 2334 1381 2362 continenter
1397 2333 1498 2365 vivere,
1519 2332 1566 2360 sed
1584 2331 1678 2359 carnis

891 2384 1038 2419 fragilitate
1051 2382 1211 2417 decipimur,
1225 2386 1252 2408 et
1268 2380 1458 2415 impugnamur
1471 2377 1590 2405 stimulis
1606 2376 1674 2411 ejus.

890 2430 929 2457 Tu
946 2430 996 2456 das
1009 2428 1135 2456 stimulos
1150 2427 1240 2454 carnis
1256 2430 1318 2459 tum,
1332 2430 1359 2452 tu
1376 2431 1436 2452 eam
1451 2423 1581 2451 adversus
1594 2422 1678 2457 spiri-

892 2480 948 2502 tum
967 2480 1041 2502 tuum
1061 2481 1165 2506 armas,
1179 2477 1207 2500 et
1219 2476 1356 2507 potentem
1371 2470 1452 2502 facis,
1463 2476 1524 2497 cum
1539 2475 1598 2495 eam
1614 2474 1678 2494 car-

891 2522 970 2549 nibus
997 2521 1096 2556 satias,_
1114 2520 1177 2547 vino
1205 2517 1288 2545 nimio
1314 2516 1447 2549 inupdas.
1469 2513 1542 2542 omni
1564 2511 1678 2540 mollitie

1148 2566 1170 2583 ⁸⁸
1186 2565 1207 2594 11
1222 2564 1284 2593 Cor.
1300 2573 1327 2597 v,
1345 2564 1386 2593 l0.
1442 2562 1465 2579 το
1480 2564 1560 2592 Prov.
1577 2570 1637 2597 xtn,
1654 2563 1684 2592 8.

927 2661 989 2698 (66)?
997 2661 1087 2689 Codex
1100 2660 1267 2698 ASangermq
1280 2658 1300 2683 ἰ
1318 2657 1364 2698 qui
1392 2656 1508 2691 aliquem
1520 2659 1679 2698 Vinctum;

893 2689 1029 2729 Et‘in'fra,
1045 2704 1055 2722 ι
1073 2689 1197 2723 ιιιινοειιῖἱ
1218 2689 1336 2727 patroni"
1352 2689 1475 2729 munera,
1491 2699 1501 2716 ›
1517 2690 1610 2724 sicque
1634 2689 1681 2715 alii

893 2724 1029 2765 mss..nbi'
1037 2731 1100 2760 libri
1115 2729 1181 2758 editi
1193 2724 1303 2760 habent,
1321 2735 1334 2752 ο
1350 2724 1481 2754 advocato
1495 2729 1609 2760 patrono
1620 2732 1681 2754 mn-

895 2774 971 2795 uera.
990 2775 1001 2794 ι
