1894 3058
251 97 302 124 Si!)

966 98 1126 127 ORIGENIS

1819 94 1868 123 520

243 160 345 196 palpas,
360 163 388 186 et
403 158 436 186 ad
449 158 591 186 illecebras
605 157 702 184 nutris.
720 156 759 183 An
775 155 885 183 nescitis
900 155 963 190 quia
977 163 1028 182 non
1045 158 1065 185 Α
1083 154 1207 182 Pontifex
1223 154 1304 188 igitur
1319 158 1414 182 noster
1431 152 1560 182 Dominus
1580 159 1608 181 et
1632 153 1758 182 Salvator
1782 156 1868 190 aperit

243 209 331 238 potest
348 204 489 231 aedilicium
512 203 581 230 istud
605 201 731 229 Ecclesim
746 209 777 228 ex
795 201 910 236 Ieprosis
930 200 1028 235 lapidi-

244 250 293 275 bus
310 248 446 275 construi?
460 247 527 275 Audi
550 247 613 281 quid
632 247 696 274 dicit
713 246 860 280 Apostolus
874 246 897 261 "
914 254 921 272 :
942 255 952 270 ι
971 246 1027 272 Μο-

242 297 332 322 dicnm
358 296 517 321 fermentum
545 298 626 320 totam
655 300 772 320 massam
793 292 953 326 corrumpit.
974 292 1028 318 Ex~

243 345 354 374 purgate
372 347 437 372 ergo
454 344 530 366 vetns
550 338 723 369 fermentum,
740 344 768 364 ut
790 338 850 365 sitis
868 345 936 365 nova
963 345 1029 365 cort-

242 387 355 420 spersio.
375 396 383 411 ι
401 385 453 412 Sed
471 386 503 412 ad
523 386 692 419 propositum
711 384 863 411 redeamus.

276 432 302 458 8.
322 441 331 456 ι
345 431 378 458 Et
404 431 530 466 accipiet,
555 430 685 464 inquit",
702 429 822 456 batillum
844 428 950 462 plenum
970 435 1029 454 car-

241 475 367 502 bonibus.
389 485 398 501 ι
416 475 472 501 Non
498 482 592 501 omnes
615 479 764 509 purgantur
789 481 821 500 eo
844 473 904 508 igne
926 473 971 507 qui
995 473 1029 500 de

241 521 320 548 altari
336 522 594 548 assumitur.Aaron
612 519 796 554 purgaturillo
812 520 884 554 igne,
898 524 925 546 et
936 519 1027 552 Isaias,

241 571 268 592 et
289 567 312 592 si
333 565 379 599 qui
401 569 465 592 sttnt
484 566 587 592 similes
604 565 665 591 illis.
682 564 732 591 Alii
750 571 814 591 vero
834 564 878 598 qui
896 571 948 590 non
966 568 1029 591 sunt

244 611 323 642 tales,
338 612 370 637 de
386 611 484 645 quibus
500 611 581 637 etiam
598 610 728 644 mcipsnni
745 614 880 644 computo,
897 609 950 636 alio
968 609 1029 644 igne

243 657 431 690 purgabuntur
454 654 521 691 (67).
545 655 637 681 Timeo
658 662 690 680 ne
712 654 756 681 illo
775 656 807 681 de
827 662 881 689 quo
897 656 1027 689 scriptum

240 707 283 728 est
296 701 338 727 7':
356 711 365 726 ι
384 701 492 728 Flnvius
506 701 576 735 ignis
599 701 725 727 currebat
753 706 815 728 ante
833 700 930 735 ipsum.
949 709 958 725 ι
977 701 1029 727 Isle

241 747 310 781 ignis
323 755 375 774 non
390 751 433 773 Enl
444 747 476 773 dc
491 746 581 773 altari.
595 746 645 779 Qui
662 746 694 773 de
713 746 790 772 altari
810 749 851 773 est
867 746 945 781 ignis,
959 746 1028 780 ignis

240 798 281 819 est
298 793 415 825 Domini;
429 792 474 826 qui
489 797 578 818 autem
593 797 669 818 extra
685 791 769 819 altare
783 796 834 822 est,
852 800 904 818 non
919 796 960 818 est
977 791 1026 818 Do-

241 838 319 870 mini,
334 839 380 865 sed
404 841 529 872 proprius
548 841 590 864 est
611 837 823 872 uniuscujusque
844 838 1026 871 peccantium,

240 885 273 911 de
288 891 340 918 quo
356 883 458 910 dicitur
469 882 492 898 ⁷⁸
508 890 515 909 :
535 891 546 908 ι
565 883 671 910 Vermis
688 890 782 909 eorum
808 890 860 909 nou
886 883 1027 916 morietur,

240 934 268 955 et
285 928 356 964 ignis
370 937 462 956 eorutn
480 936 534 955 non
549 929 748 963 cxstiuguetnr.
769 937 777 954 I
796 929 848 956 Iste
863 936 927 964 ergo
948 929 1027 964 ignis,

241 974 362 1009 ipsorum
383 980 425 1001 est
448 975 493 1009 qni
522 981 584 1001 eum
609 974 801 1006 accenderunt,
826 975 897 1002 sicut
917 980 945 1002 et
964 974 1027 1002 alibi

240 1019 370 1054 scriptum
395 1024 436 1047 est
448 1019 470 1035 ⁷⁷
485 1027 493 1046 :
507 1027 516 1044 ι
532 1018 676 1046 Ambulate
698 1018 724 1045 in
750 1018 813 1054 igne
837 1024 939 1050 Vestro,
955 1023 983 1046 et
1000 1018 1026 1046 in

239 1065 345 1092 (anima
362 1073 442 1100 quam
464 1064 626 1092 accendistis
642 1064 728 1091 vobis.
747 1074 756 1091 ι
774 1065 849 1091 Isaia:
863 1070 954 1092 autem
971 1071 1025 1092 non

238 1118 304 1138 tinus
321 1110 389 1144 ignis
407 1111 551 1145 apponitur
566 1111 600 1143 ⁷⁸,
617 1112 664 1138 sed
690 1110 761 1145 ignis
776 1110 882 1144 altaris,
909 1110 954 1145 qui
973 1110 1027 1137 cir-

239 1157 436 1192 cumpurgahat
453 1157 521 1184 lahia
542 1157 610 1193 ejus,
627 1161 653 1185 et
668 1157 733 1185 huic
751 1157 784 1184 de
794 1164 848 1191 quo
868 1157 967 1184 dicitur
980 1156 1002 1173 ⁷⁸
1018 1167 1024 1185 :

241 1212 249 1228 ι
271 1204 303 1230 fit
319 1209 409 1230 sumet
431 1203 555 1230 batillum
578 1202 687 1237 plcnutu
711 1203 874 1230 carbonibus
897 1202 968 1237 ignis
992 1202 1025 1230 de

238 1249 328 1282 altari,
349 1249 420 1283 quod
438 1254 478 1276 est
492 1253 586 1276 contra
603 1249 760 1280 Dominum,
779 1253 805 1275 et
824 1248 944 1283 implebit
965 1256 1024 1275 ma-

238 1302 289 1321 nus
317 1302 381 1322 snas
407 1294 518 1321 incenso
549 1294 757 1328 compositionis
785 1294 899 1321 minuto.
919 1303 929 1320 ι
948 1293 1025 1328 Quod

239 1339 347 1373 quidem
372 1339 480 1374 plenius
512 1339 642 1366 Dominus
672 1343 765 1366 noster
797 1338 872 1366 fecit.
903 1339 1024 1374 Implevit

237 1385 310 1411 enim
325 1391 419 1411 manus
434 1390 498 1410 suas
515 1382 630 1411 incenso
652 1383 766 1416 minuto,
780 1384 813 1410 de
825 1391 879 1418 quo
893 1383 1023 1418 scriptum

237 1435 276 1457 est
292 1429 336 1456 ⁹⁶;
353 1438 363 1455 ι
383 1429 519 1464 Dirigalnr
535 1429 623 1456 oratio
651 1436 711 1456 mea
736 1429 806 1456 sicut
828 1429 967 1456 incensum
996 1429 1022 1456 in

237 1479 382 1510 conspectu
399 1480 455 1502 tuo.
476 1484 485 1501 ι
509 1474 632 1509 Implevit
646 1481 711 1509 ergo
730 1481 826 1502 manus
845 1481 908 1502 suas
923 1476 1023 1502 Sanctis

237 1523 376 1557 operibus,
400 1529 461 1557 qua)
486 1529 535 1557 pro
560 1523 678 1548 humano
701 1528 798 1556 genere
822 1526 949 1555 operatus
971 1526 1022 1548 est.

237 1569 327 1603 Quare
339 1572 428 1595 autem
447 1567 652 1602 compositionis
667 1566 807 1594 incensum
826 1566 946 1594 dicitur!
960 1567 1023 1602 quia

236 1622 289 1642 non
309 1619 351 1642 est
369 1621 420 1641 una
435 1615 540 1648 species
564 1621 688 1649 operum,
703 1613 751 1640 sed
774 1620 807 1640 ex
820 1613 935 1648 justitia,
949 1618 976 1641 et
991 1621 1024 1642 ex

238 1659 348 1694 pietate,
368 1665 402 1686 ex
419 1659 595 1690 continentia,
615 1665 649 1685 ex
671 1659 826 1693 prudetttia,
843 1663 870 1686 ct
886 1666 919 1685 ex
935 1659 1024 1686 omni-

236 1707 286 1733 bus
306 1705 492 1739 hujuscemodi
510 1704 657 1731 virtutibus
673 1704 845 1738 componitur
878 1704 928 1731 hoc
951 1704 1023 1738 quod

236 1752 323 1787 placet
340 1752 394 1779 Deo
407 1751 474 1786 (68).
490 1750 574 1786 242
589 1751 642 1777 Sed
660 1755 687 1777 et
705 1751 835 1777 minutqu
852 1751 922 1784 quod
937 1751 1021 1784 addit,

236 1805 288 1824 non
305 1797 392 1824 Otiose
406 1797 593 1831 intelligimus.
612 1795 669 1823 Non
687 1795 758 1822 enim
778 1795 835 1822 vult
851 1802 912 1822 eum
928 1795 972 1829 qui
990 1796 1022 1822 ad

235 1840 428 1875 perfectionem
445 1840 541 1873 tendit,
564 1839 675 1867 verbum
693 1839 739 1866 Dei
754 1847 848 1867 crasse
865 1844 893 1866 et
908 1840 1023 1866 carnali-

235 1892 275 1913 ter
287 1887 448 1922 intelligere,
460 1886 508 1914 sed
520 1886 653 1913 minutum
667 1886 693 1912 in
709 1885 750 1913 his
761 1892 869 1912 sensum
881 1885 1022 1913 subtilem-

234 1939 286 1966 qne
306 1932 473 1967 perquirere,
491 1931 555 1958 utsi
568 1930 638 1958 forte
651 1930 744 1958 audiat
757 1929 888 1964 scriptum
903 1937 964 1957 esse
976 1929 997 1945 ⁸¹
1014 1938 1020 1955 :

236 1985 246 2001 ι
264 1975 320 2002 Νοιι
336 1976 478 2003 obturahis
501 1983 532 2003 os
557 1975 617 2003 bovi
637 1975 787 2006 trituranti,
803 1983 813 2000 ι
831 1974 876 2001 ille
895 1973 953 2001 lucc
969 1982 1021 2001 ltuit

235 2021 267 2048 de
285 2021 371 2047 bobus
389 2020 532 2055 intelligat,
549 2027 636 2055 neque
650 2019 721 2046 enim
746 2020 779 2046 de
795 2018 881 2046 bobus
903 2026 966 2045 cura
980 2024 1022 2046 est

236 2065 301 2097 Deo,
314 2066 360 2092 sed
379 2066 413 2092 de
427 2065 557 2100 apostolis
573 2066 635 2093 dici.
650 2064 743 2092 Sedet
757 2065 780 2091 si
801 2065 861 2098 quis
885 2065 919 2092 de
931 2065 1021 2099 provi—

234 2109 325 2137 dentia
341 2111 387 2137 Dei
406 2111 550 2142 rationem,
563 2119 622 2144 qua:
643 2115 683 2137 est
700 2109 879 2136 minutissima
896 2114 923 2137 et
934 2110 1021 2137 subti-

1080 208 1175 228 tuantts
1190 208 1265 234 snas,
1282 204 1310 227 et
1335 201 1473 235 suscipere
1492 201 1547 228 vult
1572 202 1606 227 ab
1632 208 1798 235 unoquoque
1819 210 1867 228 no-

1079 251 1163 273 strum
1190 247 1328 274 incensum
1353 246 1558 281 compositionis
1586 245 1729 277 minutum,
1759 253 1869 273 necesse

1079 296 1122 319 est
1145 299 1193 319 nos
1216 299 1339 326 qumrere
1365 292 1468 326 species
1493 291 1608 318 incensi.
1635 290 1768 318 Libanum
1793 291 1868 319 nobis

1079 338 1253 371 quaerendum
1269 341 1319 370 est,
1335 342 1363 363 et
1386 345 1437 364 non
1459 336 1647 371 qualecunque
1671 335 1806 368 Iibanum,
1823 338 1866 363 sed

1079 382 1238 410 dilucidum.
1253 381 1310 410 Non
1325 381 1381 409 vult
1395 389 1409 408 a
1426 386 1452 409 te
1474 381 1613 416 suscipere
1632 381 1755 415 pontifex
1769 381 1866 408 obscu-

1080 435 1139 455 rum
1153 427 1265 460 aliquid,
1282 432 1327 454 ant
1342 426 1493 458 sordidum,
1512 426 1659 453 dilucidum
1685 427 1795 461 quaerit.
1818 427 1866 453 Sed

1079 479 1106 500 et
1122 473 1266 509 galbanum
1282 481 1296 500 a
1315 478 1340 500 te
1354 474 1451 508 posuit,
1473 473 1551 508 cujus
1571 477 1668 500 natura
1686 477 1728 500 est
1746 476 1777 499 ut
1790 473 1866 499 vehe-

1080 519 1179 545 mentia
1198 518 1290 546 odoris
1313 518 1354 545 sui
1381 523 1523 553 serpentes
1547 519 1644 545 noxios
1662 518 1746 553 fuget.
1769 518 1865 550 Qumrit

1080 568 1170 590 autem
1185 571 1200 590 a
1222 569 1247 591 te
1259 568 1286 591 et
1302 569 1417 595 stacten,
1432 564 1519 591 colata
1543 565 1614 590 enim
1627 569 1653 590 ct
1668 563 1799 590 defzecata
1816 564 1868 589 vult

1079 615 1148 642 esse,
1164 608 1205 636 vel
1222 609 1302 636 terba
1324 613 1427 642 nostra,
1450 608 1492 636 vel
1516 617 1610 643 opera.
1632 608 1735 642 Quaarit
1751 613 1780 635 et
1801 616 1867 643 ony-

1079 654 1169 686 chem,
1185 662 1239 688 quo
1257 654 1331 681 velut
1345 659 1423 682 scuto
1440 655 1557 690 quodam
1578 655 1722 689 obtegatur
1738 655 1828 681 anima
1843 659 1868 680 et

1080 699 1159 727 illa'sa
1174 705 1333 736 permaneat
1346 700 1414 736 (το).
1432 701 1468 727 lla
1489 706 1516 728 et
1534 706 1559 728 te
1573 700 1629 727 vult
1643 705 1720 728 scuto
1734 700 1797 728 fidei
1812 708 1866 727 esse

1079 749 1243 780 protectum,
1259 753 1312 780 quo
1327 746 1418 773 omnia
1432 746 1523 781 jacula
1540 746 1649 780 maligni
1669 746 1755 781 ignita
1773 746 1867 772 restin-

1079 799 1156 826 guas.
1172 791 1234 819 llzec
1247 796 1336 820 tamen
1358 793 1447 819 omnia
1465 792 1522 819 vult
1538 800 1552 818 a
1571 796 1598 819 te
1609 799 1669 819 esse
1694 792 1843 826 composita
1858 799 1864 817 :

1081 837 1117 864 nil
1135 837 1327 869 incrdinatum,
1351 837 1418 864 nihil
1443 837 1613 872 inquietum,
1641 836 1707 864 nihil
1731 837 1865 866 indecens,

1080 883 1127 909 sed
1142 882 1193 909 hoc
1206 882 1272 915 vult,
1285 887 1314 909 ut
1328 883 1419 910 omnia
1441 887 1532 910 nostra
1553 882 1703 918 camposite
1715 887 1744 909 et
1759 882 1866 908 honeste

1079 929 1154 956 fiant.
1170 928 1230 956 Stat
1246 936 1312 964 ergo
1338 929 1419 956 etiam
1447 937 1518 956 nunc
1542 935 1622 956 verus
1641 928 1763 963 pontifex
1780 934 1866 955 noster

1078 974 1214 1008 Christus,
1229 979 1257 1002 et
1280 974 1376 1009 repleri
1398 975 1456 1002 vult
1475 982 1571 1002 manus
1590 983 1654 1002 suas
1669 975 1783 1002 incenso
1798 982 1862 1001 com-

1079 1020 1166 1054 posito
1181 1020 1303 1052 minuto;
1320 1025 1348 1047 ct
1369 1021 1404 1047 ab
1425 1028 1586 1056 unaquaque
1603 1020 1723 1048 Ecclesia
1743 1027 1804 1054 qua:
1819 1018 1865 1046 sub

1077 1066 1146 1093 cmlo
1175 1070 1234 1098 est,
1261 1066 1415 1095 considerat
1441 1067 1505 1100 quid
1525 1065 1660 1097 offeratur.
1690 1073 1775 1101 quam
1803 1066 1863 1092 inte-

1078 1118 1126 1146 gre
1143 1111 1282 1138 incensum
1306 1118 1383 1138 suum
1408 1111 1603 1146 diligenterque
1616 1116 1774 1145 componat,
1788 1119 1862 1146 quam

1077 1157 1212 1193 minutum
1238 1157 1264 1184 id
1282 1156 1376 1189 faciat,
1403 1157 1429 1184 id
1452 1162 1504 1189 est,
1526 1158 1663 1192 quomodo
1680 1159 1862 1192 unusquisque

1077 1207 1198 1230 nostrum
1216 1209 1298 1237 opera
1316 1210 1364 1230 sua
1380 1203 1498 1235 ordinet,
1516 1208 1543 1230 et
1562 1204 1696 1237 quomodo
1714 1210 1823 1230 sensum
1836 1211 1862 1229 ac

1075 1247 1161 1275 verba
1177 1247 1381 1282 Scripturarum
1397 1248 1512 1282 spiritali
1526 1248 1720 1283 explanatione
1731 1249 1860 1275 discutiat.

1076 1291 1131 1320 Nec
1138 1292 1294 1328 angelorum
1308 1293 1459 1320 ministeria
1470 1293 1503 1320 ad
1516 1293 1701 1328 hujuscemodi
1715 1293 1802 1321 oIIicia
1812 1292 1860 1326 (71)

1076 1337 1183 1365 desunt.
1205 1337 1297 1373 Augeli
1319 1338 1392 1365 enim
1418 1338 1464 1366 Dei
1490 1339 1638 1366 ascetidunt
1655 1343 1684 1366 et
1699 1340 1860 1367 descendunt

1076 1384 1108 1410 ad
1127 1383 1224 1410 Filium
1251 1383 1381 1415 hominis.
1404 1385 1574 1417 perquirunt,
1600 1389 1627 1412 et
1652 1385 1764 1412 curiose
1785 1388 1859 1420 agunt

1073 1429 1138 1463 quid
1165 1428 1191 1455 in
1213 1433 1328 1464 utroque
1350 1436 1472 1457 nostrum
1491 1428 1645 1462 inveniant,
1660 1431 1735 1465 quod
1755 1430 1858 1459 oderant

1036 1488 1058 1517 ε
1076 1475 1140 1502 Deo.
1157 1475 1253 1502 Vident
1265 1480 1292 1502 et
1304 1481 1508 1510 perscrutantnr
1519 1477 1735 1512 uniuscujusque
1746 1482 1856 1504 uestrum

1077 1525 1207 1554 mentem,
1223 1521 1245 1548 si
1260 1521 1360 1549 habeat
1374 1522 1476 1556 aliquid
1491 1522 1555 1555 tale,
1570 1523 1593 1550 si
1609 1527 1662 1549 tam
1677 1528 1803 1550 sanctum
1815 1522 1856 1549 ali-

1075 1566 1139 1600 quid
1159 1567 1271 1601 cogitet,
1292 1567 1362 1601 quod
1379 1567 1434 1594 D.o
1446 1572 1582 1594 mereatur
1598 1566 1701 1594 offerri.
1718 1567 1855 1597 Intuentur,

1071 1617 1102 1643 et
1116 1613 1289 1640 considerant
1307 1613 1328 1640 si
1344 1613 1405 1647 quis
1422 1619 1543 1640 nostrum
1558 1621 1591 1640 ex
1606 1613 1647 1640 his
1660 1621 1727 1648 qua:
1739 1614 1856 1640 dicuntur

1075 1657 1101 1684 in
1127 1657 1243 1685 ecclesia
1258 1658 1340 1685 corde
1356 1658 1554 1692 compungitnr,
1570 1662 1596 1684 et
1615 1659 1737 1685 animum
1755 1665 1855 1685 conver-

1075 1703 1107 1730 tit
1121 1703 1154 1730 ad
1174 1704 1372 1738 pt‘enitcntiatn,
1393 1704 1414 1730 si
1435 1704 1477 1730 his
1491 1705 1590 1731 auditis
1612 1705 1750 1739 corrigere
1766 1703 1855 1738 cogiLd

1074 1749 1132 1775 vias
1146 1756 1220 1782 suas,
1233 1753 1261 1776 et
1273 1748 1396 1776 oblivisci
1413 1749 1559 1783 praeterita,
1569 1756 1602 1776 ac
1621 1756 1776 1784 praparare
1788 1756 1815 1775 se
1827 1747 1853 1774 ad

1075 1792 1174 1825 futura,
1190 1793 1283 1821 saltem
1299 1795 1446 1820 secundum
1461 1793 1553 1820 Achab
1570 1793 1646 1820 illum
1661 1793 1852 1829 impiissimum,

1074 1838 1107 1865 de
1124 1845 1177 1873 quo
1201 1839 1265 1866 dicit
1289 1839 1420 1866 Dominus
1433 1839 1457 1854 "
1475 1847 1482 1866 :
1505 1847 1514 1864 ι
1532 1839 1625 1867 Vidisti
1644 1839 1778 1874 quomodo
1792 1846 1853 1866 com-

1075 1889 1203 1917 punctum
1217 1889 1258 1912 est
1272 1892 1319 1912 cor
1334 1884 1445 1912 Achab?
1465 1893 1474 1911 ι
1493 1884 1545 1912 Sed
1561 1885 1585 1912 in
1604 1885 1646 1912 liis
1657 1885 1784 1913 omnibus
1795 1883 1851 1920 quid

1074 1929 1108 1956 de
1126 1930 1178 1958 illis
1195 1931 1294 1962 dicam,
1309 1931 1354 1964 qui
1380 1938 1431 1958 nec
1455 1931 1570 1958 audiunt
1595 1931 1709 1959 auribus
1732 1933 1795 1963 hare,
1809 1938 1850 1957 nec

1074 1976 1156 2003 corde
1175 1976 1328 2011 recipiunt?
1348 1977 1411 2010 Qme
1433 1979 1457 2004 in
1477 1978 1530 2005 illis
1549 1978 1766 2012 compunctionis
1781 1976 1851 2012 spes?

1074 2029 1133 2055 quae
1155 2023 1342 2050 conversionis
1362 2023 1500 2058 suspicio;
1519 2031 1579 2058 qute
1604 2023 1799 2051 emendationis
1813 2029 1851 2048 ex-

1074 2067 1208 2101 spectatio
1221 2067 1299 2104 (72)?
1325 2069 1353 2096 Si
1373 2069 1446 2096 enim
1469 2075 1550 2096 etiam
1577 2070 1609 2096 de
1626 2069 1668 2097 his
1685 2069 1732 2104 qui
1750 2068 1850 2095 audiunt

1074 2113 1239 2145 dubitamus.
1254 2114 1319 2148 quid
1337 2117 1480 2149 speramus
1503 2116 1536 2142 de
1563 2115 1604 2142 his
1617 2115 1662 2150 qui
1682 2115 1789 2142 omnino
1803 2120 1846 2138 non

234 2154 348 2187 Iiss'nna,
364 2155 449 2190 possit
462 2163 607 2190 exponere,
627 2156 676 2182 iste
700 2156 803 2182 minuto
826 2156 938 2183 incenso
961 2163 1020 2183 ma-
1037 2159 1059 2187 [ι
1074 2159 1204 2186 audiunt?
1218 2160 1270 2187 sed
1286 2166 1394 2189 utamur
1408 2162 1498 2189 verbis
1514 2161 1618 2188 Domini
1634 2161 1667 2193 ⁸³,
1682 2166 1710 2188 et
1720 2161 1845 2188 dicainus:

235 2208 299 2226 ntun
316 2208 392 2227 suam
420 2200 523 2234 replere
547 2200 658 2227 dicitur.
673 2200 738 2234 Quis
760 2209 824 2235 ergo
844 2205 965 2227 nostrum
983 2201 1020 2228 ita

234 2251 373 2280 promptus
389 2251 430 2273 est
441 2252 468 2273 et
483 2252 604 2280 paratus,
619 2251 649 2273 ut
662 2247 816 2281 ingressut‘o
830 2247 948 2281 pontifici
963 2247 1019 2282 (69)

233 2293 260 2318 in
274 2291 372 2319 Sancta
394 2298 558 2324 sanctorum,
572 2293 709 2320 incensum
735 2293 939 2327 compositionis
951 2293 1018 2320 offe-

234 2343 275 2364 rat
292 2337 442 2364 minututn?
459 2336 575 2364 Necesse
586 2341 626 2364 est
638 2337 709 2364 enim
725 2345 774 2364 nos
787 2337 907 2372 singulos
919 2337 1019 2371 aliquid

232 2382 331 2410 offerre
349 2382 524 2410 tabernaculo
539 2383 596 2414 Dei,
611 2383 711 2417 aliquid
723 2383 803 2410 etiam
818 2382 1018 2417 pontificalibus

232 2428 407 2460 indmnentis,
425 2428 525 2462 aliquid
542 2436 604 2456 vero
618 2428 688 2463 quod
707 2435 755 2462 per
770 2427 906 2462 pontificis
923 2436 1018 2456 manus

231 2474 264 2500 ad
287 2474 374 2509 ipsum
401 2474 483 2501 Deum
506 2482 553 2510 per
576 2473 687 2502 odorem
708 2474 851 2502 suavitatis
875 2475 1016 2502 ascendat.

1075 2205 1125 2238 Qui
1143 2205 1242 2233 habent
1262 2214 1342 2234 aures
1364 2207 1490 2234 audiendi
1509 2207 1629 2239 audiant,
1647 2211 1674 2234 et
1690 2207 1734 2241 qui
1750 2205 1847 2232 audiunt

1074 2251 1162 2278 sciant
1177 2252 1305 2286 scriptum
1321 2261 1393 2286 esse,
1408 2255 1469 2288 quia
1487 2261 1546 2280 cum
1562 2260 1710 2281 conversus
1725 2252 1847 2286 ingemue-

1075 2297 1123 2328 ris,
1139 2301 1202 2324 tunc
1211 2299 1301 2326 salvus
1317 2300 1382 2332 eris,
1396 2305 1423 2327 et
1438 2300 1508 2328 scies
1522 2300 1566 2327 ubi
1581 2299 1675 2326 fueris.
1692 2298 1734 2330 Et,
1749 2297 1769 2324 si
1781 2296 1846 2322 dixe-

1073 2342 1112 2369 ris
1129 2347 1155 2369 tu
1169 2349 1280 2377 peccata
1298 2350 1343 2371 tua
1359 2346 1443 2380 prior,
1460 2353 1510 2381 ego
1527 2345 1670 2373 exaudiam
1691 2349 1716 2371 te
1732 2345 1845 2375 tanqulln

1073 2387 1200 2421 populum
1219 2395 1352 2418 sanetum.
1367 2391 1471 2419 Audisti
1487 2391 1621 2426 quomodo
1635 2390 1716 2417 etiam
1730 2389 1751 2415 si
1763 2393 1846 2422 percn-

1072 2437 1114 2458 tor
1134 2431 1217 2464 fuisti,
1240 2437 1343 2461 tantutn
1367 2435 1391 2462 si
1412 2443 1559 2463 conversus
1579 2442 1619 2466 es.
1647 2439 1674 2462 et
1696 2430 1814 2460 destitisti
1832 2437 1844 2454 1

1072 2482 1193 2512 peccato,
1206 2478 1262 2513 jam
1278 2485 1388 2509 sanctus
1410 2481 1572 2517 appellaris?
1586 2469 1658 2508 Nihil
1681 2486 1745 2514 ergo
1760 2477 1831 2509 despe

266 2565 288 2581 "
301 2565 381 2605 lgor.
394 2565 456 2605 v.6.
468 2566 494 2605 7_.
532 2565 554 2581 ⁷⁸
570 2564 781 2605 quit._xvt,_l2.
819 2566 842 2582 "
854 2565 1022 2605 ΛῡιιηΣ-ιξιιηιι

1083 2568 1299 2599 ⁷⁶Ιςτι.ι.χνι,24.
1337 2571 1360 2586 ⁷⁷
1372 2571 1422 2598 lsa.
1441 2579 1467 2605 1.,
1480 2572 1523 2600 II.
1560 2570 1583 2588 ⁷³
1599 2570 1650 2598 lsa.
1664 2578 1700 2598 τι.
1730 2569 1751 2585 ⁷⁸
1765 2565 1841 2595 Ῐ-ιθΥῘί·

232 2608 288 2633 xvr,
313 2602 356 2628 12.

267 2660 322 2696 (67)
337 2660 426 2696 podex
443 2661 598 2696 Sangerm.,
617 2670 625 2686 ι
646 2660 861 2696 ῃιιι-ειιιήιιιιιτ.)

269 2694 322 2729 (68)
338 2694 415 2735 Libb.
447 2694 521 2728 editi,
542 2705 551 2720 ι
576 2701 604 2722 ιιι
636 2694 668 2723 eo
693 2694 815 2730 placetur
839 2695 918 2722 Deus.
936 2705 945 2721 ι
961 2695 1013 2723 Sed

234 2737 299 2755 ηιςς.
314 2734 339 2754 Ili
359 2734 385 2755 in
399 2735 491 2757 IIOSII‘O
508 2736 592 2757 ῑειιιι.

268 2764 322 2797 (69)
337 2763 425 2790 Codex
452 2766 605 2800 Sangerm.,
630 2774 639 2791 ι
657 2765 785 2800 pontifici.
802 2774 813 2792 ι
832 2765 911 2792 Lihb.
933 2765 1014 2798 editi,

268 2799 403 2824 pontifice.
424 2808 432 2824 ι

236 2806 245 2823 ι
266 2804 403 2831 pontittcc.
424 2808 432 2824 ι

974 2858 1025 2866 Δ...»

395 2602 417 2617 ⁸⁰
433 2602 502 2628 νδηΙ.
517 2609 578 2632 ch,
594 2600 628 2629 2;
659 2601 680 2617 ⁸¹
699 2601 781 2628 ICor.
800 2608 838 2634 tx,
852 2601 879 2628 9.
916 2601 979 2629 "III
994 2603 1022 2629 Iit

1076 2605 1198 2636 xxt,29.
1226 2605 1249 2621 ⁸³
1269 2605 1362 2633 Matth.
1383 2614 1420 2634 xt.

1105 2663 1161 2698 (70)
1180 2663 1258 2696 Mss.,
1279 2672 1289 2690 ι
1311 2664 1446 2700 obtegitur
1465 2664 1565 2692 animal
1591 2672 1668 2691 suurn
1691 2668 1717 2691 et
1740 2661 1839 2690 illium“

1070 2704 1220 2732 permanet.
1238 2708 1248 2725 ι

1106 2733 1161 2768 (7t)
1176 2733 1250 2766 Mss.,
1271 2743 1281 2760 ι
1299 2734 1333 2761 ab
1348 2733 1530 2768 hujuscemodi
1543 2733 1647 2762 ciliciis.
1667 2742 1678 2759 ι

1107 2768 1162 2802 (72)
1179 2769 1253 2802 Μεεη
1271 2778 1280 2795 ι
1302 2770 1355 2797 via.
1374 2778 1383 2795 ι
