1894 3059
52 132 97 161 521
632 132 663 159 ΙΝ
684 131 839 160 LEVITICE

914 131 1031 160 0)"le
1053 131 1095 160 IX.

1626 136 1678 166 5-2)

51 192 160 219 randum
176 196 218 218 est
237 191 279 219 his
301 191 348 226 qui
366 197 583 226 compunguntur
598 196 625 219 ct
645 198 840 220 convertuntur
855 196 877 223 Α
891 192 977 219 obtuli
999 192 1032 219 ad
1048 192 1135 219 altare
1148 192 1206 221 Dei.
1223 192 1250 220 Si
1274 193 1383 228 diligam
1399 194 1499 222 fratres
1528 203 1602 223 meos
1619 217 1625 227 .
1643 198 1678 225 ita

51 237 81 263 ad
95 237 246 264 Dominum.
267 236 324 264 Non
339 238 409 264 enim
425 242 534 272 superat
554 238 701 265 bonitatem
718 238 764 266 Dei
783 247 838 265 ma-

51 283 104 310 litia
124 283 302 310 delictorum.
749 287 751 289 '

83 328 109 355 9.
119 328 282 363 Sumitergo
290 327 409 363 pontifex
422 328 542 356 batillum
556 328 663 364 plenum
675 330 840 357 carbonibus

50 373 119 407 ignis
135 374 168 400 de
183 374 272 406 altari,
287 374 357 408 quod
371 380 412 401 est
427 379 520 401 contra
535 374 689 407 Dominum,
704 380 731 402 et
747 375 839 410 implet

50 427 157 445 manum
174 427 250 445 suam
267 420 300 446 de
319 419 430 447 incenso
455 420 658 454 compositionis
683 421 797 453 minuto,
813 425 841 448 et

50 464 129 491 infert
156 465 182 491 in
209 464 336 492 interiora
361 465 515 492 velaminis.
543 466 726 501 intelligamus
752 467 840 501 primo

49 509 111 543 quid
122 510 247 547 designet
261 509 385 542 historia,
400 515 428 537 et
442 515 504 538 tunc
516 512 579 545 quid
595 519 692 540 sensus
710 513 840 547 spiritalis

49 554 146 582 habeat
176 556 354 590 requiremus.
382 557 483 590 Duplex
507 558 578 585 :edes
601 562 642 585 est
672 559 840 587 tabernaculi

50 600 196 627 testimonii
221 600 262 627 vel
290 601 380 635 templi
406 601 522 629 Domini.
550 601 639 629 Prima
663 607 714 634 est,
736 603 763 630 in
785 610 838 637 qua

49 645 135 674 altare
152 647 339 674 holocaustum
353 651 394 674 est
408 646 476 681 (73),
490 648 560 682 quod
572 648 712 683 perpetuis
731 648 839 683 ignibus

49 693 194 724 excitatur.
208 692 233 719 in
249 699 301 726 qua
315 693 372 719 ade
385 693 451 720 solis
471 692 533 722 licet
548 693 676 720 assistere
690 693 841 720 sacerdoti-

50 738 108 771 bus,
122 743 150 766 et
163 738 361 766 sacriﬁciorum
378 738 447 766 ritus
466 746 498 767 ac
517 739 666 768 ministeria
690 739 839 774 celebrare,

49 788 75 811 et
88 792 176 818 neque
195 784 307 818 Levitis,
321 793 408 820 neque
427 785 472 813 alii
489 785 616 821 cuiquam
632 785 688 821 (74)
708 791 839 822 praeterea

49 830 204 865 indulgetur
233 838 367 860 accessus.
395 831 518 859 Secunda
546 839 610 860 vero
634 831 706 859 :edcs
729 831 840 860 interior

892 242 919 263 ut
935 238 1054 264 animant
1074 245 1160 264 meam
1177 246 1275 273 ponam
1289 247 1338 274 pro
1350 239 1482 268 fratribus
1498 242 1576 274 meis,
1593 242 1615 269 si
1631 250 1679 276 pro

887 282 1008 317 justitia,
1028 290 1077 317 pro
1094 283 1210 310 veritate
1236 291 1319 318 usque
1338 284 1371 311 ad
1397 291 1510 313 tnortem
1527 291 1680 322 certavere,

892 328 1081 356 holocaustum
1106 329 1191 356 obtuli
1206 328 1238 356 ad
1254 329 1339 357 altare
1354 330 1411 357 Dei.
1427 331 1455 358 Si
1473 332 1594 359 membra
1620 341 1679 360 mea

891 375 925 402 ab
951 375 1025 402 omni
1051 375 1275 408 concupiscentia
1307 377 1399 404 carnis
1424 377 1642 411 mortiﬁcavcto,
1658 379 1679 405 si

891 420 1008 447 mundus
1024 419 1088 447 mihi
1105 421 1254 447 cruciﬁxus
1280 421 1325 453 sit,
1343 428 1371 449 et
1397 430 1447 458 ego
1474 424 1584 456 mundo,
1603 424 1680 451 holo-

891 470 1014 492 caustum
1027 465 1112 492 obtuli
1124 466 1157 493 ad
1170 466 1255 494 altare
1269 468 1326 501 Dei,
1341 472 1369 495 et
1380 468 1436 502 ipse
1450 476 1516 496 mea!
1529 469 1623 497 hostia:
1637 478 1678 497 sa-

890 512 986 539 cerdos
1000 512 1111 539 eﬁicior.
1127 511 1181 540 Hoc
1196 520 1262 548 ergo
1275 514 1354 540 modo
1368 514 1549 542 sacerdotium
1564 516 1680 550 geritur,

892 559 918 586 in
935 559 1020 593 prima
1037 559 1104 591 :ede,
1118 563 1145 586 et
1161 559 1256 587 hostiae
1270 559 1432 593 offeruntur,
1452 565 1478 588 et
1492 568 1524 587 ex
1550 561 1600 589 hac
1623 562 1682 589 aede

891 603 1072 632 sanctiﬁcatis
1096 605 1208 632 indutus
1235 606 1406 633 vestimentis
1426 606 1549 641 pontifex
1573 608 1682 642 proiici—

890 649 987 683 scitur,
1001 654 1028 676 et
1046 650 1201 686 ingreditur
1219 651 1245 678 in
1274 651 1404 678 interiora
1421 652 1565 680 velaminis
1579 673 1588 685 .
1610 653 1682 681 sicut

891 695 1018 730 superius
1038 695 1114 724 Pauli
1133 696 1216 724 verba
1228 697 1386 732 posuimus,
1404 698 1521 726 dicentis
1536 699 1577 725 “1
1596 708 1606 725 ι
1624 699 1681 727 Non

892 741 918 768 in
936 749 1016 768 manu
1030 740 1101 768 facta
1113 746 1218 775 sancta,
1232 742 1278 770 sed
1295 743 1323 770 in
1338 743 1427 778 ipsum
1440 743 1539 772 coelum
1554 750 1681 780 penetra-

892 787 941 818 vit,
958 787 1054 822 inquit,
1068 786 1157 820 Iesus,
1172 793 1199 814 et
1215 792 1328 823 apparet
1342 789 1425 816 vultui
1445 789 1489 817 Dei
1503 798 1552 824 pro
1565 791 1652 818 nobis.
1668 800 1679 819 ι

891 832 959 860 (Ζωιί
976 840 1041 868 ergo
1059 833 1146 866 locus,
1161 837 1188 860 ct
1202 834 1261 869 ipsa
1278 834 1324 862 Dei
1354 835 1432 862 sedes
1446 855 1453 868 ,
1481 843 1528 870 per
1542 836 1682 864 interioris

48 881 99 908 est,
116 876 176 905 solo
197 876 231 903 ab
248 877 298 904 hac
314 877 431 905 discreta
447 877 590 905 velamine.
612 878 686 905 intra
706 879 777 913 quod
793 886 838 905 ve-
856 872 878 900 Β
891 879 959 907 tedis
973 879 1086 914 ﬁguram
1112 883 1195 913 atque
1212 879 1358 915 imaginem
1376 881 1545 915 designatur.
1561 882 1614 910 Sed
1631 883 1682 909 mi-

49 923 152 955 lamen,
180 930 243 951 arca
268 924 424 952 testamenti
448 929 476 952 et
504 924 734 959 propitiatorium,
759 932 839 959 super

48 969 119 1004 quod
143 970 284 998 cherubim
309 972 361 998 duo
393 975 495 999 statuta
525 975 604 1004 sunt,
628 975 656 999 et
682 971 767 998 altare
795 971 837 997 iu-

48 1017 120 1044 censi
135 1016 194 1052 (75)
209 1017 371 1044 collocatum
390 1022 441 1044 est.
461 1016 489 1045 in
512 1018 583 1045 hanc
604 1017 687 1044 :edem
703 1017 786 1045 semel
810 1017 837 1044 in

49 1068 120 1088 anno
135 1061 241 1095 primus
257 1062 411 1097 quicunque
428 1067 487 1090 erat
507 1062 639 1098 pontifex,
652 1063 750 1090 oblatis
764 1063 838 1097 prius

50 1107 144 1135 hostiis
161 1109 373 1144 propitiationis,
389 1110 422 1137 de
437 1110 535 1144 quibus
552 1117 633 1144 supra
649 1111 837 1146 exposuimus,

50 1153 266 1188 ingrediebatur,
281 1155 382 1183 habens
405 1160 548 1191 utramque
563 1164 672 1184 manum
697 1157 836 1192 repletam,

49 1208 128 1228 unam
148 1201 244 1229 batillo
259 1200 418 1234 carbonum,
434 1207 461 1230 et
483 1202 562 1230 aliam
578 1203 779 1238 compositionis
795 1203 837 1230 in-

49 1252 139 1279 censo,
154 1251 185 1274 ut
198 1254 260 1275 cum
274 1247 369 1276 fuisset
380 1249 625 1283 ingressus,statim
643 1249 782 1283 supposito
797 1249 838 1277 in-

50 1299 129 1319 censo
146 1292 312 1320 carbonibus
322 1292 410 1321 fumus
421 1293 590 1326 ascenderet,
603 1298 741 1329 totamque
751 1295 838 1322 :edem

51 1338 182 1372 repleret.
207 1343 239 1365 ut
262 1344 402 1374 aspectum
428 1343 601 1371 sanctorum,
622 1345 700 1374 quem
734 1339 839 1375 ingres-

49 1391 94 1411 sus
111 1385 250 1419 pontiﬁcis
268 1384 444 1417 revelaverat.
461 1385 547 1413 nubes
562 1384 665 1412 velaret
681 1385 792 1412 incensi.
809 1383 839 1414 Si

51 1430 95 1457 tibi
121 1431 320 1458 sacrificiorum
346 1439 405 1459 mos
429 1431 516 1466 patuit
537 1433 676 1466 antiquus,
694 1430 758 1466 quid
782 1431 839 1458 haec

50 1477 131 1503 etiam
156 1477 306 1505 secundum
341 1477 472 1505 rationem
502 1477 645 1512 mysticam
672 1477 837 1509 contineant,

51 1522 130 1558 243
144 1524 300 1551 videamus.
317 1524 390 1552 Duas
409 1523 511 1551 audisti
534 1524 626 1552 aedes:
652 1530 734 1551 unam
761 1523 838 1558 quasi

51 1570 189 1597 visibilem
202 1574 230 1597 et
248 1574 385 1604 patentem
402 1570 602 1602 sacerdmibus,
618 1569 698 1597 aliam
715 1577 778 1597 vero
797 1570 839 1597 in-

51 1615 187 1643 visibilem
201 1634 209 1648 ,
227 1620 255 1643 et
271 1616 437 1644 inaccessam
449 1636 457 1648 ,
484 1620 599 1651 excepto
619 1615 677 1643 solo
700 1615 839 1650 pontiﬁce,

50 1662 139 1689 caeteri
158 1661 226 1690 foris
241 1666 313 1689 sunt.
329 1661 419 1689 Prima
436 1661 509 1690 mdes
523 1661 574 1689 ista
589 1666 656 1697 puto
671 1661 745 1696 quod
763 1661 841 1688 intel-

52 1707 95 1742 ligi
112 1708 201 1741 possit
215 1707 273 1735 hac
289 1708 317 1734 in
334 1715 388 1742 qua
409 1715 481 1735 nunc
495 1715 590 1735 sumus
607 1707 633 1735 in
651 1714 735 1734 carne
760 1706 840 1742 positi

50 1751 172 1781 Ecclesia
185 1773 193 1785 ,
213 1753 239 1780 in
255 1760 308 1788 qua
331 1753 490 1780 sacerdotes
520 1753 680 1780 ministrant
706 1752 738 1779 ad
756 1752 842 1780 altare

51 1798 286 1830 holocaustorum,
301 1805 434 1826 succenso
451 1797 495 1824 illo
510 1797 583 1833 igne,
601 1797 634 1824 de
652 1804 704 1832 quo
718 1797 786 1824 dixit
797 1796 842 1824 Je-

52 1851 96 1871 sus
110 1844 155 1871 3‘:
179 1854 190 1870 ι
206 1843 302 1880 ignem
318 1845 378 1872 veni
402 1844 511 1872 mittere
536 1844 563 1871 in
579 1849 680 1871 terram
694 1864 702 1876 ,
717 1849 743 1871 et
760 1851 840 1879 quam

53 1890 113 1918 volo
138 1895 169 1917 ut
185 1890 359 1918 accendatur.
378 1900 388 1916 ι
413 1890 447 1918 Ει
465 1890 527 1918 nolo
552 1891 660 1918 mireris
687 1890 758 1925 quod
785 1891 842 1917 lucc

54 1936 126 1963 mdes
153 1935 220 1963 solis
242 1935 431 1963 sacerdotibus
448 1939 552 1969 pateat.
566 1935 668 1963 Otnnes
683 1935 755 1962 enim
783 1935 843 1968 qui-

51 1987 159 2015 cunque
173 1985 311 2015 unguento
324 1980 395 2008 sacri
407 1980 566 2011 chrismatis
579 1980 690 2007 delibuti
707 1984 781 2013 sunt,
798 1987 843 2007 sa-

52 2027 180 2055 cerdotes
195 2026 285 2055 eii'ecti
306 2031 390 2059 sunt,
404 2027 475 2054 sicut
502 2031 530 2054 et
553 2026 649 2054 Petrus
675 2026 708 2054 ad
734 2033 842 2054 omnem

51 2073 115 2099 dicit
136 2072 288 2101 Ecclesiam
305 2072 328 2088 "
342 2080 350 2100 ε
370 2081 379 2098 ι
398 2071 452 2100 Vos
467 2077 558 2100 autem
575 2079 659 2107 genus
671 2072 799 2105 electum,
815 2076 843 2098 et

52 2119 144 2154 regale
157 2118 351 2154 sacerdotium,
366 2127 433 2154 gens
445 2124 550 2147 sancta.
568 2127 577 2145 ι
596 2118 666 2146 Estis
681 2125 747 2152 ergo
758 2125 843 2152 genus

51 2164 245 2197 sacerdotale,
275 2169 304 2192 et
319 2165 379 2192 ideo
408 2165 540 2193 acceditis
565 2164 598 2191 ad
618 2169 723 2193 sancta.
742 2163 796 2191 Sed
815 2168 843 2190 et

892 934 952 953 rum
967 931 1097 953 contuere
1111 926 1234 953 ordinem
1258 932 1504 954 sacramentorum.
1525 927 1682 964 Ingrediens

892 974 1013 1007 pontifex
1045 973 1071 1000 in
1097 972 1198 1000 Sancta
1221 977 1388 1007 sanctorum,
1411 974 1501 1008 ignem
1532 982 1626 1002 secum
1648 976 1682 1002 dc

891 1018 943 1046 hoc
969 1018 1047 1045 altari
1064 1022 1164 1053 portat,
1192 1024 1219 1046 et
1243 1019 1383 1047 incensum
1410 1020 1436 1047 in
1462 1021 1513 1047 hac
1532 1020 1592 1048 atde
1615 1029 1682 1048 8ης-

892 1064 966 1100 cipit.
987 1064 1040 1092 Sed
1055 1069 1082 1092 et
1102 1065 1263 1092 vestimenta
1283 1065 1380 1100 quibus
1395 1065 1504 1092 indutus
1517 1071 1569 1098 est,
1585 1067 1619 1094 de
1631 1067 1682 1094 hoc

893 1109 952 1138 loco
975 1110 1101 1145 sumpsit.
1128 1109 1247 1137 Putasne
1267 1110 1422 1145 dignabitur
1443 1110 1575 1138 Dominus
1604 1119 1682 1140 meus

891 1163 973 1183 verus
989 1156 1113 1191 pontifex
1130 1161 1157 1184 et
1176 1164 1191 1183 a
1211 1163 1254 1183 me
1270 1156 1410 1190 suscipere
1430 1161 1534 1191 partem
1562 1157 1681 1192 aliquam

893 1201 998 1229 incensi
1023 1202 1231 1237 compositionis
1247 1202 1346 1229 minuti
1371 1202 1443 1237 quod
1459 1210 1551 1230 secum
1577 1203 1684 1231 deferat

892 1247 925 1275 ad
939 1247 1064 1275 Patrem?
1078 1247 1197 1275 Putasne
1212 1247 1333 1275 inveniet
1347 1248 1373 1274 in
1387 1255 1431 1275 me
1443 1247 1545 1283 aliquid
1560 1248 1682 1284 igniculi,

891 1297 920 1320 et
936 1291 1125 1319 holocaustum
1153 1299 1244 1319 meum
1261 1292 1373 1324 ardens,
1392 1296 1422 1319 ut
1448 1292 1576 1327 dignetur
1598 1300 1632 1320 ex
1649 1300 1683 1320 co

891 1337 1019 1365 batillum
1031 1345 1111 1365 suum
1130 1337 1243 1373 implere
1262 1337 1439 1369 carbonibus.
1456 1342 1483 1365 et
1499 1338 1525 1365 in
1542 1338 1607 1373 ipsis
1627 1338 1684 1367 Deo

892 1383 966 1411 Patri
984 1383 1096 1411 odorem
1113 1383 1257 1411 suavitatis
1272 1383 1391 1411 offerre?
1415 1384 1515 1411 Beatus
1541 1390 1584 1412 est
1606 1386 1684 1421 cujus

893 1434 948 1458 tam
973 1431 1062 1464 vivos,
1077 1435 1186 1466 tamque
1206 1431 1468 1466 ignitosbolocausti
1486 1431 1527 1459 sui
1549 1432 1683 1460 carbones

893 1476 1038 1510 invenerit,
1053 1481 1085 1504 ut
1099 1484 1146 1504 eos
1161 1481 1238 1510 aptos
1249 1477 1353 1511 judicet
1367 1484 1436 1512 quos
1452 1477 1532 1504 altari
1551 1484 1684 1512 superpo-

894 1527 939 1550 nat
948 1523 1062 1551 incensi.
1075 1522 1208 1550 Beatusin
1221 1522 1299 1557 cujus
1312 1523 1395 1550 corde
1407 1522 1540 1550 invenerit
1553 1528 1608 1550 tam
1617 1523 1683 1550 sub.

893 1569 978 1601 tilem,
997 1574 1051 1596 tam
1070 1569 1205 1596 minutum
1222 1574 1332 1605 tamque
1345 1569 1495 1605 spiritalem
1515 1577 1637 1602 sensum,
1655 1575 1683 1598 et

892 1615 928 1644 ita
940 1616 1049 1644 diversa
1058 1615 1189 1643 virtutum
1200 1616 1334 1643 suavitate
1342 1615 1535 1650 compositum.
1553 1620 1583 1643 ut
1594 1615 1684 1650 reple-

892 1669 922 1690 re
936 1662 1063 1698 dignetur
1076 1669 1151 1689 exeo
1166 1669 1263 1689 manus
1276 1661 1467 1697 suas,Deoque
1481 1660 1556 1689 Patri
1570 1668 1682 1689 suavem

892 1709 1005 1735 odorem
1022 1707 1210 1742 intelligentia
1225 1708 1285 1743 ejus
1300 1707 1410 1735 oberre.
1427 1707 1463 1734 At
1478 1711 1574 1735 contra
1590 1707 1684 1736 infelix

893 1753 1079 1789 anima,cujus
1096 1753 1156 1782 fidei
1173 1754 1245 1788 ignis
1261 1753 1460 1788 exstinguitur,
1486 1758 1513 1780 et
1531 1753 1684 1788 refrigeseit

893 1798 1036 1825 cbaritatis
1051 1798 1147 1826 calor:
1177 1799 1210 1825 ad
1226 1805 1308 1832 quam
1337 1806 1398 1825 cum
1429 1798 1535 1825 venerit
1564 1798 1684 1825 cmlestis

894 1842 1017 1879 pontifex
1034 1848 1139 1875 noster,
1162 1851 1287 1878 qmcrens
1303 1843 1337 1870 ab
1353 1851 1384 1870 ea
1403 1843 1504 1877 ignitos
1517 1847 1545 1869 et
1560 1843 1686 1872 ardentes

893 1891 1027 1918 carbones
1049 1897 1130 1926 super
1142 1897 1210 1924 quos
1227 1890 1368 1917 incensum
1389 1888 1484 1916 oil'erat
1500 1889 1583 1920 Patri,
1603 1888 1680 1915 invo-

895 1937 936 1964 nit
950 1937 976 1964 in
993 1944 1024 1964 ea
1049 1936 1140 1964 aridos
1156 1936 1264 1963 cineres
1279 1940 1306 1962 et
1331 1934 1443 1969 frigidas
1471 1933 1588 1962 favillas.
1605 1934 1684 1961 Tales

897 1987 960 2011 sunt
975 1989 1072 2010 omnes
1093 1981 1139 2016 qui
1157 1981 1324 2009 subtrahunt
1339 1987 1368 2008 se
1385 1984 1413 2006 et
1440 1979 1518 2018 longe
1546 1979 1652 2006 iaciunt
1668 1987 1682 2006 ιι

893 2029 977 2056 verbo
994 2028 1039 2055 Dei
1053 2048 1061 2060 ,
1079 2035 1113 2054 ne
1136 2026 1277 2054 audientes
1302 2032 1442 2053 sermones
1457 2025 1563 2053 divinos
1586 2032 1684 2052 accen-

895 2074 995 2101 dantur
1006 2073 1039 2100 ad
1056 2073 1147 2103 tidem,
1161 2072 1330 2099 incalescant
1343 2071 1375 2098 ad
1389 2071 1564 2103 citaritatem,
1580 2071 1686 2105 ignisn-

896 2124 941 2146 tur
955 2119 987 2146 ad
1014 2117 1243 2145 miscricordiam.
1265 2116 1310 2144 Vis
1327 2117 1374 2144 tibi
1392 2117 1533 2143 ostendam
1548 2117 1686 2151 quomodo

895 2164 928 2191 de
946 2162 1038 2190 verbis
1060 2161 1179 2197 Spiritus
1205 2161 1292 2189 sancti
1312 2161 1382 2196 ignis
1402 2165 1493 2193 exeat,
1510 2166 1538 2188 et
1554 2162 1686 2188 accendat

52 2211 241 2245 unusquisque
250 2215 372 2239 nostrum
384 2211 466 2239 habet
479 2211 505 2238 in
517 2218 546 2238 se
555 2210 741 2239 holocaustum
751 2217 840 2241 suum,
859 2220 881 2248 ι)
895 2210 976 2237 corda
992 2209 1183 2236 credentium?
1205 2208 1274 2236 Audi
1287 2208 1421 2235 dicentem
1440 2207 1523 2234 David
1540 2207 1567 2234 in
1581 2207 1685 2241 psalmo

52 2262 78 2283 et
93 2258 248 2285 boloeausti
266 2258 309 2285 sui
326 2258 382 2292 ipse
397 2257 539 2285 succendit
563 2256 662 2289 altare,
689 2261 717 2283 ut
734 2263 842 2290 semper

52 2304 157 2331 ardeat.
174 2303 232 2338 Ego
250 2304 272 2331 si
301 2303 454 2331 renuntiem
478 2303 607 2331 omnibus
621 2309 681 2337 quae
693 2302 820 2336 possideo
833 2324 840 2336 ,

52 2355 77 2377 et
94 2351 191 2378 tollam
208 2358 317 2378 crucem
330 2358 429 2384 meam,
447 2355 475 2378 ct
486 2358 586 2386 sequar
596 2350 748 2383 Christum,
762 2349 839 2377 holo-

52 2402 179 2424 caustum
193 2396 278 2425 obtuli
293 2397 326 2424 ad
340 2396 428 2424 altare
440 2396 486 2424 Dei
501 2407 506 2424 ς
523 2401 571 2425 aut
585 2396 608 2423 si
627 2395 765 2423 tradidero
782 2403 844 2423 cor-

53 2450 102 2476 pus
119 2450 211 2470 memn
228 2448 258 2469 ut
275 2443 385 2471 ardeam
412 2443 516 2470 habens
532 2442 694 2470 charitatem
708 2461 716 2474 .
741 2445 769 2468 et
785 2439 843 2474 glo-

54 2488 121 2515 riam
150 2489 273 2524 martyrii
298 2497 471 2524 consequar,
493 2488 684 2516 holocaustum
707 2487 840 2521 meipsum

85 2546 107 2563 ⁸⁴
126 2547 194 2576 Lue.
218 2554 269 2581 xu,
293 2545 337 2575 i9.
376 2546 399 2563 "
415 2546 426 2574 Ι
445 2546 502 2574 Pet.
530 2553 560 2580 ιι,
583 2546 611 2574 9.
648 2545 671 2561 ⁶⁶
687 2542 878 2576 Hebr.tx,24.

87 2616 146 2650 (73)
161 2615 196 2652 In
206 2624 258 2652 qua
269 2615 353 2642 altare
368 2615 593 2652 holocaustarum,
609 2617 661 2652 etc_.
674 2610 734 2639 Jam
745 2610 837 2652 monui

54 2646 148 2678 hoinil.
161 2651 178 2678 9
192 2646 218 2678 in
234 2651 330 2682 Exod.,
346 2659 419 2678 num.
439 2652 466 2682 5,
483 2658 535 2677 non
549 2649 633 2686 fuisse
651 2648 676 2674 in
693 2651 787 2686 sancto
799 2646 839 2686 al.

55 2692 111 2713 tare
130 2687 360 2717 holocaustorum,
376 2692 405 2713 ut
423 2686 466 2713 itic
488 2690 563 2719 putat
585 2684 725 2718 Origenes,
741 2682 792 2721 sed.
813 2682 838 2708 in

54 2722 122 2782 εἶέίο
137 2721 309 2749 sacerdotum
329 2721 380 2748 sub
393 2721 448 2753 dio,
461 2721 495 2747 ad
517 2721 589 2755 quod
607 2725 733 2747 accessus
758 2720 840 2744 etiam

92 2757 167 2782 vitis.

87 2765 242 2831 ἷέῗῖὶιιιι).
265 2791 344 2825 editi,
363 2801 373 2818 ι
396 2791 476 2818 alicui
497 2797 626 2825 unquam.
645 2798 655 2815 ι
673 2788 747 2820 ttss..
769 2796 778 2813 ι
794 2786 841 2814 alii

57 2834 190 2862 cuiquam.
209 2838 219 2854 ι

214 2875 351 2905 ΡΑτιιοι..
365 2874 423 2904 Gn.
441 2873 512 2904 XII.

895 2255 952 2291 (76)
969 2255 991 2272 ⁸⁷
1006 2265 1033 2283 :r
1047 2255 1187 2290 Eloquium
1204 2254 1309 2283 Domini
1322 2255 1417 2290 ignivit
1426 2261 1497 2281 eam.
1518 2263 1528 2280 ι
1542 2253 1575 2281 Ει
1587 2253 1684 2281 iterant

897 2303 923 2329 in
938 2301 1088 2338 Evangelio
1103 2302 1235 2336 scriptum
1246 2305 1299 2333 est,
1312 2305 1457 2335 postquam
1472 2299 1603 2327 Dominus
1614 2299 1686 2326 loeuv

898 2352 941 2374 tus
960 2351 1002 2374 est
1016 2346 1050 2374 ad
1067 2346 1214 2382 Cleopham
1230 2354 1237 2372 :
1259 2354 1268 2371 ι
1286 2344 1385 2373 Nonne
1400 2352 1448 2373 cor
1465 2350 1588 2372 nestrutn
1602 2364 1611 2377 ,
1641 2344 1684 2371 in»

895 2392 955 2427 quit
979 2392 1012 2425 ⁸⁸,
1027 2397 1088 2420 erat
1104 2391 1202 2419 ardens
1216 2391 1287 2418 intra
1306 2398 1366 2424 nos,
1381 2398 1442 2417 cum
1462 2390 1584 2424 aperiret
1606 2389 1685 2417 nobis

896 2437 1074 2472 Scripturas?
1091 2446 1101 2462 ι
1122 2435 1164 2462 Tu
1181 2443 1245 2472 ergo
1270 2435 1340 2463 unde
1362 2435 1490 2462 ardebis?
1514 2433 1590 2461 Unde
1607 2433 1685 2460 inve.

894 2484 1004 2511 nientur
1020 2483 1047 2511 in
1065 2488 1090 2510 te
1105 2483 1237 2511 carbones
1254 2481 1334 2517 ignis,
1350 2481 1394 2516 qui
1421 2487 1561 2515 nunquam
1577 2478 1685 2507 Dontiui

916 2541 938 2558 "
950 2541 1022 2569 Psal.
1035 2549 1091 2574 eux,
1110 2539 1155 2568 ΔΟ.
1191 2541 1213 2557 ³⁸
1231 2540 1296 2567 Luc.
1316 2546 1389 2570 xxiv,
1409 2538 1454 2567 5|.

927 2610 984 2648 (7.37)
999 2610 1136 2648 Effultgre
1148 2609 1260 2648 incensi,
1270 2614 1324 2648 etc.
1343 2607 1408 2648 Vide
1424 2609 1511 2648 notas
1523 2603 1684 2648 aditum}

894 2642 989 2674 itoinii.
1007 2645 1024 2672 9
1041 2645 1067 2672 in
1082 2645 1213 2676 Exodum,
1232 2644 1276 2671 ubi
1294 2643 1392 2679 monui
1407 2642 1490 2679 altare
1506 2642 1619 2679 incensi.
1631 2646 1684 2678 non

896 2681 977 2709 fuisse
1002 2681 1028 2707 in
1049 2681 1148 2706 Sancto
1164 2674 1330 2710 sanctorum,
1346 2677 1393 2704 sed
1410 2676 1435 2703 in
1452 2680 1554 2710 sancto.
1574 2674 1685 2710 Origeui

895 2716 984 2744 fucum
1004 2716 1068 2743 fecit
1082 2722 1097 2741 a
1117 2722 1145 2741 se
1165 2714 1234 2740 male
1251 2708 1405 2740 intellectus
1419 2711 1493 2739 locus
1518 2709 1585 2738 iieb.
1604 2708 1683 2742 “,4.

895 2753 928 2780 de
943 2760 997 2785 quo
1013 2749 1168 2785 consulendi
1184 2749 1354 2785 interpretes.

932 2781 988 2823 (76)
1003 2785 1065 2814 Mss.
1083 2793 1093 2810 ι
1109 2784 1222 2820 psalmo.
1239 2781 1314 2811 )Lib.
1331 2783 1396 2810 editi
1412 2792 1420 2808 ι
1441 2781 1565 2817 psalmis.
1583 2788 1592 2805 ι

1489 2863 1526 2895 Π
