1894 3058
241 161 296 188 523

982 157 1140 186 ORIGENIS

1823 172 1872 198 Sit

240 218 336 252 iguiris
352 219 470 254 eloquio,
488 226 625 254 nunquam
645 219 734 246 verbis
749 219 868 254 Spiritus
885 219 971 245 sancti
989 219 1028 244 in-
1042 221 1064 248 Α
1082 219 1138 246 rius
1154 219 1381 251 tabernaculum,
1407 225 1434 247 et
1461 220 1592 248 cmlorum
1611 222 1717 249 excelsa
1735 229 1867 251 conscen-

238 263 409 291 ﬂatutnuris?
433 265 501 291 Audi
531 270 556 291 et
587 265 673 298 ipsutn
705 264 788 292 David
816 265 949 291 dicentem
979 264 1024 291 ’νε

239 317 250 335 1
271 310 413 337 Concaluit
429 319 478 337 cor
496 318 585 337 meutn
600 311 671 337 intra
691 317 745 342 me,
758 315 784 337 ct
806 310 831 337 in
847 310 1026 337 meditatione

237 363 296 382 mea
311 357 461 383 exardescit
480 357 560 391 ignis.
581 366 590 383 ι
609 356 687 384 Unde
701 361 727 383 tu
741 357 932 384 concalescis?
950 357 1025 385 Unde

237 400 307 434 ignis
322 402 494 435 accenditur,
508 402 553 436 qui
566 410 707 437 nunquam
726 402 752 429 in
770 403 870 430 divinis
885 403 1024 431 meditaris

235 448 369 483 eloquiis:
398 448 452 474 imo
479 447 552 482 quod
576 452 619 474 est
635 447 784 480 infelicius,
801 448 969 476 concalescis
997 449 1023 476 in

233 493 396 528 spectaculis
415 493 494 524 circi,
516 493 684 520 concalescis
711 493 737 520 in
754 500 888 528 equorum
903 499 1022 522 conten-

232 538 362 569 tionibus,
376 538 402 565 in
415 538 564 565 certamine
578 537 767 564 athletarum!
783 538 865 573 Atqui
884 539 934 566 iste
952 539 1022 574 ignis

232 591 284 611 non
303 588 346 610 est
370 584 403 610 de
421 583 500 610 altari
522 582 642 616 Domini,
669 583 716 610 sed
736 583 759 610 is
774 588 826 615 est,
846 584 892 618 qui
921 583 1022 612 dicitur

231 630 303 664 ignis
320 630 448 663 alienus;
465 634 492 656 et
508 629 607 656 audisti
623 629 704 664 paulo
719 629 846 665 superius
857 649 865 663 ,
883 630 946 665 quia
972 631 1020 666 qui

231 675 391 703 obtulerunt
404 675 521 702 alienum
536 675 625 710 iguent
639 677 702 701 ante
719 674 873 708 Dominum,
891 676 1019 704 exstincti

231 726 306 749 sunt.
321 721 494 748 Concalescis
514 725 541 747 et
557 728 617 747 cutn
638 725 663 747 te
682 720 824 756 repleverit
850 721 993 750 iracundia
1010 743 1018 756 ,

227 772 255 793 et
272 774 333 794 cum
353 771 378 794 te
391 765 601 793 inﬂammaverit
620 764 707 797 furor,
733 766 822 793 ureris
838 767 974 794 interdum
991 771 1018 794 et

227 821 319 840 antore
334 812 450 846 carnali,
464 820 495 839 ac
510 812 674 847 turpissima:
699 812 822 839 libidinis
834 811 948 847 jactaris
977 813 1018 840 in-

226 859 342 886 cendiis.
357 858 410 886 Sed
429 859 519 886 omnis
532 858 584 885 iste
599 858 670 893 ignis
687 858 792 886 alienus
809 863 850 886 est
866 864 894 886 et
907 864 1018 886 contra-

1078 264 1155 296 dere,
1167 264 1223 299 jam
1247 273 1300 292 nott
1331 266 1383 292 erit
1402 267 1493 297 homo,
1524 268 1570 294 sed
1588 268 1736 294 secundum
1757 269 1865 296 verbmn

1079 311 1164 345 ipsius
1188 312 1240 338 erit
1257 316 1385 346 tanquam
1411 312 1523 346 angelus
1543 313 1601 340 Dei.
1621 313 1673 340 Aut
1699 314 1773 341 forte
1787 315 1865 342 etiam

1079 353 1124 380 ille
1150 362 1232 389 super
1248 362 1309 381 eum
1326 363 1417 382 sermo
1432 356 1613 390 coutplchitnr
1636 365 1716 392 quem
1736 359 1795 392 ipse
1815 360 1865 386 Do-

1077 399 1165 426 minus
1179 400 1247 427 dixit
1263 400 1306 427 ":
1326 410 1334 426 ι
1351 401 1406 436 Ego
1422 402 1478 428 dixi
1493 411 1499 428 :
1516 402 1556 429 Dii
1568 403 1646 436 estis,
1657 408 1684 431 et
1697 404 1744 431 lilii
1763 405 1863 432 Excelsi

1075 451 1180 472 omnes.
1198 455 1208 471 ι
1240 445 1303 473 Sive
1331 454 1396 481 ergo
1414 447 1544 481 spiritalis
1561 447 1691 482 etl'ectus,
1719 457 1790 477 unus
1806 458 1863 477 cum

1075 489 1190 517 Domino
1217 491 1331 526 spiritus
1362 492 1427 526 ﬂat;
1445 493 1502 520 sive
1519 501 1567 528 pcr
1588 495 1797 523 resurrectionis
1811 496 1864 530 glu-

1073 535 1142 562 riam
1167 535 1194 563 in
1219 537 1379 571 angelorum
1404 538 1528 566 ordinem
1553 544 1685 574 transeat,
1711 545 1790 568 recte
1809 544 1860 574 jam

1073 590 1127 610 non
1139 583 1193 610 erit
1207 583 1306 616 homo;
1322 585 1369 611 sed
1385 585 1570 620 unusquisque
1587 586 1645 620 ipse
1669 587 1719 614 sibi
1733 587 1785 614 hoc
1796 595 1862 622 prae-

1071 633 1136 661 stat,
1152 632 1181 656 ut
1191 629 1234 655 vel
1247 630 1361 657 excedat
1374 630 1491 657 hominis
1504 631 1726 666 appellationem,
1737 633 1782 660 vel
1794 633 1859 660 intra

1071 674 1257 702 conditionem
1273 675 1352 709 hujus
1373 675 1496 702 vocabuli
1509 681 1664 704 censeatur.
1683 677 1712 704 Si
1728 678 1802 705 enim
1822 677 1860 705 fa-

1071 723 1130 746 ctus
1155 719 1236 746 homo
1262 719 1296 746 ab
1313 719 1389 747 initio
1417 726 1553 748 servasset
1580 721 1643 748 illud
1660 723 1735 757 quod
1752 723 1785 750 ad
1801 731 1858 750 eunt

1070 762 1212 798 Scriptura
1226 764 1350 792 dicit“:
1381 773 1391 790 ε
1417 764 1486 793 Ecce
1507 766 1584 800 posui
1610 771 1674 793 ante
1690 767 1786 794 oculos
1803 772 1858 794 tuos

1069 815 1184 837 mortem
1196 815 1223 838 et
1237 811 1329 844 vitam,
1343 811 1414 847 elige
1429 812 1477 839 tibi
1491 812 1590 846 vitam;
1605 823 1615 839 ι
1635 814 1657 841 si
1671 814 1723 841 hoc
1739 814 1856 848 fecisset,

1069 863 1206 890 nunquam
1223 856 1347 890 profecto
1375 857 1526 884 humanum
1548 865 1632 893 genus
1648 859 1772 887 mortalis
1796 868 1857 887 cou-

227 905 284 931 rius
300 904 364 936 Deo,
379 912 459 939 quem
476 904 521 939 qui
545 904 713 938 accenderit,
734 905 794 932 sine
821 905 902 933 dubio
919 905 1014 934 Nadab
1033 893 1054 922 Β
1069 900 1136 927 ditio
1153 901 1293 928 tenuisset.
1319 901 1372 929 Sed
1399 903 1527 937 quoniam
1555 903 1748 939 derelinquens
1765 905 1854 938 vitam,

226 953 254 975 et
266 948 352 975 Abiud
370 948 488 983 perferet
504 953 614 975 sortem.

261 993 307 1022 10.
322 994 369 1021 Ait
383 1002 448 1029 ergo
462 994 600 1029 eloquium
617 994 738 1021 divinum
755 995 778 1010 ⁹⁰
795 1003 801 1021 :
822 1004 830 1020 ι
848 995 881 1022 Et
896 995 1016 1031 imponet

225 1040 365 1068 incensum
393 1048 476 1075 super
503 1042 591 1076 ignem
617 1041 644 1068 in
668 1046 813 1076 conspectu
841 1042 961 1076 Domini,
988 1048 1015 1070 et

225 1087 332 1122 operiet
354 1086 445 1114 fumus
464 1086 567 1114 incensi
583 1086 640 1123 (77)
657 1088 876 1123 propitiatoritun
888 1089 958 1122 qttod
973 1093 1015 1116 est

223 1141 305 1168 super
321 1133 486 1164 testimonia,
500 1138 526 1160 et
539 1141 591 1160 nou
608 1135 784 1166 morietur,et
798 1140 887 1162 sutnet
900 1136 933 1162 de
950 1143 1014 1162 san-

221 1181 301 1215 guine
314 1179 401 1211 vituli,
415 1184 442 1206 et
459 1183 598 1214 resperget
614 1180 697 1214 digito
712 1188 763 1208 suo
779 1187 861 1215 super
878 1181 1010 1216 propitia-

220 1228 321 1254 toriutn
337 1231 432 1254 contra
450 1226 593 1253 orientem.
614 1235 623 1252 ι
644 1225 721 1253 Ritus
739 1226 854 1261 quidem
879 1228 949 1262 apud
964 1235 1012 1255 ve-

220 1277 294 1300 teres
324 1271 528 1306 propitiationis
554 1278 603 1305 pro
639 1270 805 1304 hominibus,
843 1272 888 1307 qui
930 1273 1012 1301 ﬁebat

220 1318 253 1345 ad
271 1317 367 1348 Deum.
382 1317 500 1352 qualiter
511 1316 699 1344 celebraretur
712 1317 843 1345 edocuit:
859 1318 906 1345 sed
922 1324 949 1346 ιιι
964 1320 1011 1354 qui

219 1365 253 1390 ad
270 1362 408 1390 Christum
419 1362 526 1394 venisti,
536 1361 691 1397 pontificem
710 1370 816 1396 verum,
826 1364 871 1398 qui
880 1365 1012 1400 sanguine

219 1416 269 1437 suo
293 1408 376 1437 Deum
393 1409 441 1436 tibi
455 1409 602 1444 propitium
622 1408 698 1442 fecit,
724 1414 752 1437 et
781 1411 969 1438 reconciliavit
985 1416 1010 1439 te

218 1455 306 1488 Patri,
331 1463 384 1484 non
410 1456 516 1483 hmreas
542 1455 568 1482 in
585 1456 718 1490 sanguine
732 1457 840 1489 carnis;
872 1457 919 1484 sed
935 1457 1009 1485 disce

218 1502 310 1536 potius
322 1503 481 1537 sanguinem
502 1501 593 1534 Verbi,
608 1507 636 1528 et
653 1502 716 1529 audi
731 1503 817 1538 ipsum
843 1503 890 1530 tibi
915 1503 1007 1531 dicen-

1068 951 1182 974 mortetn
1199 951 1308 974 secutus
1321 953 1373 980 est,
1388 948 1470 975 homo
1487 949 1574 976 factus
1585 955 1644 983 est;
1661 955 1689 976 et
1703 958 1758 978 non
1772 951 1852 978 solum

1067 991 1163 1024 honto,
1182 994 1228 1019 sed
1252 997 1280 1020 et
1296 997 1379 1025 terra,
1394 999 1503 1029 propter
1519 995 1590 1030 quod
1607 1001 1634 1023 et
1651 996 1676 1022 in
1701 1001 1800 1024 terrant
1817 1005 1854 1024 re-

1065 1038 1124 1066 dire
1141 1038 1242 1066 dicitur
1261 1039 1296 1066 ⁸⁸.
1314 1040 1434 1074 Requiro
1459 1046 1548 1068 tamen
1566 1049 1626 1076 qua:
1641 1044 1677 1070 sit
1695 1043 1748 1070 ista
1773 1051 1852 1074 mors,

1065 1091 1147 1118 quam
1159 1084 1225 1112 dicit
1239 1089 1301 1112 ante
1318 1094 1327 1111 ι
1341 1086 1434 1114 oculos
1452 1091 1511 1114 tuos
1523 1088 1610 1122 posui.
1627 1097 1636 1114 ι
1657 1088 1694 1115 De
1708 1090 1764 1116 vita
1783 1090 1850 1116 enim

1065 1136 1118 1156 non
1143 1130 1284 1157 dubitatur
1301 1131 1372 1165 quod
1393 1132 1567 1167 semetipsum
1594 1134 1696 1162 indicet
1713 1135 1794 1169 Deus,
1807 1136 1848 1170 qui

1064 1177 1131 1204 dicit
1146 1177 1188 1204 ἐς
1208 1187 1216 1203 ι
1235 1177 1291 1212 Ego
1303 1185 1362 1205 sum
1379 1179 1480 1207 veritas
1493 1185 1520 1207 et
1534 1180 1600 1208 vita.
1618 1190 1627 1206 ι
1652 1181 1719 1214 Quae
1735 1188 1776 1210 est
1789 1191 1848 1217 ergo

1063 1223 1113 1251 ista
1132 1231 1205 1250 mors
1225 1224 1286 1251 vitm
1301 1225 1437 1252 contraria
1452 1246 1460 1257 ,
1477 1234 1558 1261 quant
1580 1218 1670 1262 posuit
1693 1228 1766 1256 Deus
1789 1234 1847 1255 ante

1063 1269 1157 1297 oculos
1172 1270 1305 1297 nostros?
1331 1269 1368 1298 De
1383 1270 1431 1298 illo
1449 1271 1502 1299 dici
1524 1278 1605 1307 puto.
1623 1273 1656 1300 de
1675 1281 1732 1308 quo
1757 1273 1847 1301 Paulus

1061 1314 1129 1342 dicit
1141 1315 1183 1341 ":
1201 1323 1211 1340 ‹
1225 1314 1392 1343 Novissimus
1416 1317 1542 1345 inimicus
1563 1318 1722 1346 destruetur
1740 1327 1819 1346 mors.
1835 1328 1842 1344 I

1060 1360 1115 1388 Iste
1130 1366 1172 1388 est
1196 1368 1260 1396 ergo
1279 1360 1406 1390 inimicus
1427 1363 1560 1395 diabolus,
1574 1364 1620 1398 qui
1639 1364 1731 1399 primo
1743 1365 1844 1400 quidem

1060 1413 1123 1436 ante
1137 1408 1230 1436 oculos
1245 1410 1359 1445 positus,
1377 1409 1424 1437 sed
1446 1401 1611 1437 navissimus
1622 1411 1786 1439 destruetur.
1800 1411 1845 1438 Po-

1059 1455 1127 1483 situs
1144 1460 1234 1482 autem
1252 1455 1341 1483 fuerat.
1358 1461 1420 1482 ante
1431 1455 1524 1483 oculos
1535 1476 1542 1488 ,
1559 1463 1612 1484 non
1626 1461 1653 1483 ut
1670 1464 1841 1492 sequeremur

1058 1507 1132 1534 eum,
1144 1501 1192 1528 sed
1207 1505 1236 1528 ut
1247 1501 1404 1528 vitaremus.
1427 1500 1503 1528 Unde
1523 1505 1550 1528 et
1570 1501 1692 1529 arbitror
1707 1502 1778 1536 quod
1793 1503 1840 1536 ipsa

219 1553 273 1575 tem
294 1548 327 1580 ",
346 1548 409 1583 quia
430 1556 441 1573 ι
456 1548 499 1575 hic
517 1548 628 1582 Sanguis
645 1555 721 1575 nteus
737 1554 788 1580 est,
803 1548 848 1583 qui
865 1557 914 1582 pro
930 1549 990 1576 vobi

1059 1553 1108 1580 per
1124 1553 1153 1573 se
1165 1546 1256 1573 anima
1273 1546 1404 1579 humana,
1429 1553 1517 1582 neque
1541 1546 1674 1579 mortalis,
1695 1555 1782 1582 neque
1799 1548 1840 1574 im-

216 1594 371 1622 t-ﬂ‘uudetur
397 1596 425 1621 In
454 1594 644 1622 remissionem
671 1601 856 1629 peccatorum.
887 1605 896 1622 ι
925 1595 1007 1623 Nevit

216 1640 299 1677 244
314 1641 358 1674 qui
375 1641 512 1676 mysteriis
530 1641 648 1668 imbutus
666 1645 706 1668 est
723 1641 790 1676 (78),
807 1646 834 1669 et
851 1650 963 1669 carnem
979 1647 1007 1670 et

215 1687 375 1722 sanguinettt
389 1686 469 1714 Verbi
491 1687 547 1715 Dei.
565 1686 623 1714 Non
644 1695 711 1722 ergo
724 1688 901 1715 immorentur
917 1689 943 1715 itt
963 1689 1005 1716 his

214 1741 276 1768 qux:
290 1736 317 1760 et
332 1732 481 1760 scientibus
496 1738 560 1760 nota
575 1738 648 1766 sunt,
667 1738 694 1760 ct
710 1734 901 1768 ignorantibus
913 1739 1005 1769 patere

214 1786 266 1806 non
285 1784 410 1815 possunt.
427 1778 503 1812 Quod
519 1784 610 1806 autem
631 1785 728 1806 contra
751 1780 882 1807 orientem
898 1788 1005 1815 resper-

212 1827 262 1861 git.
279 1834 331 1853 tton
345 1826 433 1853 otiose
451 1825 580 1860 accipias.
607 1825 647 1852 Ab
663 1825 771 1853 oriente
784 1825 831 1852 tibi
847 1827 1004 1861 propitiatio

212 1872 297 1899 venit.
315 1871 378 1898 lude
392 1876 434 1898 cst.
447 1871 520 1898 euittt
537 1871 589 1902 vir,
603 1871 647 1898 cui
664 1870 761 1898 Oriens
774 1878 872 1898 nomen
888 1876 940 1903 est,
956 1871 1002 1906 qui

213 1919 346 1945 mediator
361 1918 448 1945 Deiiet
471 1917 610 1944 hominum
626 1915 714 1944 factus
729 1921 780 1944 est.
797 1915 925 1943 lnvitaris
936 1924 1002 1952 ergo

211 1973 258 1999 per
275 1967 337 1997 hoc,
351 1968 380 1990 ut
396 1964 428 1991 ad
441 1964 576 1991 orientem
588 1971 697 1998 semper
716 1963 849 1998 aspicias,
864 1962 936 1989 unde
951 1963 999 1989 tibi

209 2011 298 2038 uritur
314 2009 487 2045 suljustitiae,
500 2009 572 2036 unde
598 2016 707 2042 semper
731 2008 778 2035 tibi
797 2008 887 2034 iumen
913 2007 1002 2034 nasci-

211 2063 273 2085 tur:
290 2062 316 2084 ttt
335 2064 473 2090 nunquam
493 2056 519 2083 in
539 2054 662 2082 tenebris
679 2054 812 2086 ambules,
840 2061 927 2088 neqttc
943 2055 1001 2081 dies

209 2104 255 2131 ille
273 2102 438 2130 nevissimus
467 2107 492 2127 te
510 2101 537 2128 in
565 2100 687 2128 tenebris
716 2099 949 2135 comprehendat:
967 2106 1002 2126 ne

210 2149 258 2176 tibi
277 2149 435 2183 ignorantiae
450 2155 503 2174 nox
519 2151 545 2174 et
563 2146 650 2182 caligo
665 2147 803 2181 subrepat,
819 2146 868 2173 sed
885 2150 914 2172 ιιι
929 2152 1000 2172 sctu-

209 2202 257 2229 pcr
275 2195 301 2221 in
319 2193 440 2220 scientiae
455 2192 514 2220 luce
529 2192 658 2225 vers-eris,
689 2199 797 2226 semper
812 2191 915 2218 habeas
927 2191 998 2218 diem

1059 1592 1184 1620 mortalis
1199 1593 1250 1620 dici
1267 1597 1381 1628 potest;
1401 1593 1448 1620 sed
1475 1593 1496 1619 si
1520 1593 1667 1628 contigerit
1686 1594 1768 1621 vitam
1781 1614 1788 1625 ,
1809 1601 1836 1620 ex

1058 1640 1203 1674 participio
1220 1639 1279 1667 vita:
1291 1640 1344 1667 erit
1366 1639 1548 1672 immortalis;
1566 1640 1592 1667 in
1610 1641 1694 1667 vitam
1709 1641 1780 1667 ettim
1792 1647 1837 1666 ttou

1058 1686 1154 1713 incidit
1167 1694 1242 1714 tnors
1261 1695 1268 1719 ;
1296 1687 1318 1713 si
1345 1694 1409 1714 vero
1429 1691 1558 1713 avertens
1578 1694 1607 1714 se
1620 1694 1634 1713 a
1654 1687 1711 1714 vita
1738 1686 1837 1721 partici-

1056 1733 1131 1767 pium
1145 1735 1257 1760 traxerit
1274 1734 1380 1766 tttortis,
1398 1734 1455 1768 ipsa
1475 1741 1503 1760 se
1518 1732 1583 1760 facit
1607 1740 1668 1761 esse
1693 1733 1835 1760 mortalem.

1056 1779 1089 1806 Et
1102 1779 1162 1806 ideo
1175 1779 1305 1814 propheta
1320 1780 1385 1807 dicit
1398 1779 1421 1795 "
1435 1789 1441 1806 :
1461 1789 1469 1805 I
1487 1779 1585 1806 Anima
1595 1787 1657 1814 qua:
1669 1783 1774 1814 peccat,
1786 1779 1833 1812 ipsa

1056 1825 1209 1859 morietur;
1232 1835 1241 1851 ι
1261 1826 1383 1860 quamvis
1404 1831 1518 1853 tnortem
1544 1825 1603 1859 ejus
1622 1833 1676 1853 non
1699 1825 1734 1853 ad
1759 1826 1834 1852 inter-

1056 1870 1121 1898 itutn
1149 1872 1308 1899 substantia:
1331 1872 1490 1905 sentiamus,
1520 1873 1567 1900 sed
1591 1872 1643 1899 ltoe
1665 1872 1751 1906 ipsum
1772 1868 1833 1904 quod

1054 1916 1141 1944 aliena
1159 1921 1185 1944 et
1199 1917 1317 1945 extorris
1329 1918 1390 1945 sita
1405 1919 1470 1952 Deo,
1484 1919 1528 1953 qui
1545 1926 1607 1945 vera
1624 1918 1680 1945 vita
1704 1922 1754 1951 est,
1769 1922 1831 1943 mors

1053 1961 1078 1988 ei
1105 1969 1168 1989 esse
1191 1963 1325 1989 credenda
1348 1968 1400 1990 est.
1426 1963 1502 1990 Nulla
1527 1971 1591 1998 ergo
1618 1963 1785 1998 participatio
1807 1962 1831 1987 lit

1051 2007 1164 2041 iustitia:
1175 2015 1238 2034 cum
1251 2008 1404 2043 iniquitate,
1419 2009 1492 2036 nulla
1511 2009 1627 2036 societas
1642 2009 1712 2037 lucis
1725 2008 1755 2036 ad
1765 2013 1830 2035 tene-

1052 2053 1128 2084 bras,
1146 2053 1219 2080 nulla
1243 2056 1424 2082 consonantia
1443 2053 1554 2082 Christo
1572 2062 1633 2082 cum
1660 2054 1743 2082 Belial
1755 2054 1784 2080 ".
1802 2052 1826 2079 Si

1052 2098 1181 2133 elegimus
1198 2100 1296 2132 vitam,
1315 2107 1422 2135 semper
1440 2101 1577 2133 vivemus,
1596 2107 1671 2128 mors
1693 2099 1768 2128 nobis
1782 2105 1826 2125 non

1052 2145 1248 2178 dominabitur,
1271 2152 1299 2173 et
1319 2145 1499 2181 complebitur
1524 2147 1550 2173 in
1573 2146 1652 2174 nobis
1674 2153 1760 2174 sermo
1783 2146 1827 2171 Ιὶο·

1052 2192 1130 2223 tttini,
1147 2192 1193 2226 qui
1213 2192 1282 2219 dixit
1297 2193 1305 2207 ¹
1321 2200 1328 2218 ε
1350 2201 1359 2217 ι
1373 2191 1422 2225 Qui
1440 2192 1527 2219 credit
1543 2192 1569 2219 in
1588 2199 1640 2225 me,
1660 2193 1762 2220 etiamsi
1776 2197 1826 2218 mo-

210 2240 285 2272 lidei,
301 2246 410 2274 semper
423 2238 515 2265 lumen
536 2237 680 2265 cbaritatis
698 2241 725 2264 cl
742 2237 817 2271 pacis
842 2237 978 2264 obtinens.
1013 2239 1036 2266 D
1052 2238 1156 2270 riatur,
1189 2238 1270 2265 vivet.
1297 2247 1307 2263 ι
1330 2238 1467 2272 Eligamus
1487 2246 1553 2272 ergo
1583 2238 1686 2271 vitam,
1709 2238 1824 2272 eligamus

245 2287 288 2313 Η.
305 2285 385 2312 Addit
401 2289 461 2318 post
474 2284 531 2311 lnec
547 2283 689 2317 Scriptura
707 2282 729 2298 "
744 2291 750 2309 :
772 2291 781 2308 t
803 2282 836 2308 Et
852 2289 904 2309 non
931 2283 995 2316 erit,

209 2335 307 2370 inquit,
327 2334 407 2360 homo
421 2340 482 2360 cum
496 2330 664 2366 ingredietur
678 2328 797 2364 pontifex
825 2329 895 2355 intra
922 2329 996 2356 vela-

207 2389 269 2409 men
285 2380 400 2408 intcrius
415 2379 442 2406 itt
471 2376 677 2405 tabernaculum
703 2375 863 2403 testimonii.
884 2384 894 2400 ι
922 2375 995 2408 Quo-

208 2427 289 2454 modo
303 2433 355 2453 non
374 2426 426 2453 erit
449 2423 550 2452 homo?
565 2423 621 2457 Ego
635 2423 676 2450 sic
701 2421 807 2456 accipio
820 2442 827 2454 ,
857 2422 929 2456 quod
949 2422 995 2457 qui

206 2471 324 2508 potuerit
335 2470 412 2506 sequi
429 2469 582 2501 Christum,
597 2473 625 2496 et
639 2470 783 2503 penetrare
797 2473 858 2493 cum
877 2474 909 2493 eo
927 2466 995 2494 inte-

241 2545 264 2560 "
284 2543 355 2570 Psal.
388 2550 484 2574 xxxix,
515 2540 542 2567 3.
581 2539 779 2568 “Levit.xtn.
811 2539 853 2566 15.

903 2539 924 2554 ⁹¹
943 2538 1040 2567 Matth.
1062 2547 1134 2570 xxvr,
1155 2538 1200 2565 28.

1052 2283 1151 2314 lttccnt,
1174 2286 1205 2309 ut
1226 2283 1251 2309 in
1280 2282 1324 2309 die
1346 2283 1460 2310 honeste
1482 2282 1664 2316 ambulemus,
1691 2288 1719 2310 ut
1739 2287 1763 2309 et
1784 2287 1824 2308 nos

1051 2333 1194 2362 sequentes
1214 2327 1306 2355 Jesunt
1327 2329 1397 2354 intra
1421 2329 1544 2356 velamen
1568 2329 1734 2357 tabernaculi
1759 2329 1820 2354 intc-

1051 2374 1145 2407 rioris,
1163 2374 1219 2408 jam
1244 2381 1297 2401 non
1322 2373 1409 2401 simus
1429 2378 1458 2401 ut
1475 2374 1603 2402 homines
1626 2375 1763 2405 mortales,
1783 2371 1822 2399 sed

1050 2425 1080 2447 ut
1096 2420 1184 2456 angeli
1203 2419 1390 2453 immortales,
1412 2427 1473 2449 cum
1493 2420 1675 2447 novissimum
1696 2419 1820 2447 inimicum

1049 2467 1216 2495 destruxerit
1230 2471 1342 2493 mortem
1365 2466 1422 2500 ipse
1448 2465 1579 2493 Dominus
1605 2465 1684 2493 Jesus
1702 2464 1818 2492 ChristuS.

1254 2538 1276 2554 ”
1300 2536 1384 2564 Levit.
1409 2544 1465 2569 xvt,
1485 2537 1529 2564 17.
1567 2536 1590 2552 ’³
1605 2535 1677 2563 Psal.
1692 2539 1783 2569 Lxxxtt,
1796 2531 1817 2557 ti.

206 2580 229 2595 ”
250 2567 484 2608 De—u‘tjxxinS.’
510 2576 533 2592 ⁸⁵
551 2576 651 2603 ches.
680 2582 721 2606 Ill,
747 2575 788 2601 i‘J.
827 2575 850 2590 ἐ
864 2573 942 2601 Juan.
955 2582 1010 2609 xlv,
1034 2575 1061 2602 6.
1099 2567 1141 2600 ⁸⁷1
1155 2574 1218 2601 Cor.
1236 2581 1280 2606 xv,
1295 2572 1340 2600 26.
1378 2567 1514 2599 "Ezech.
1535 2578 1613 2604 xvttt,
1628 2571 1656 2598 4.
1693 2570 1714 2586 ”
1730 2568 1749 2595 ll
1764 2567 1817 2593 Gur-

207 2622 244 2646 ιι,
262 2614 305 2646 M,
325 2614 370 2640 15.
410 2612 509 2639 ‘Joan.
523 2619 562 2644 xt,
574 2610 620 2638 25.

240 2669 296 2705 (π)
316 2669 393 2705 Libh.
412 2668 476 2696 editi
488 2673 547 2703 post
568 2667 818 2705 cprqopitiatorinm
843 2676 853 2692 ι
877 2665 989 2698 addunt,

209 2714 218 2730 ι
232 2703 328 2731 contra
343 2704 477 2731 orientem
497 2713 506 2729 ι
524 2703 594 2737 quod
610 2703 689 2730 abest
703 2708 759 2728 tum
776 2710 790 2728 a
808 2710 886 2735 ntss.,
898 2707 953 2728 luttt
972 2709 988 2728 a

205 2743 334 2766 contextu
347 2738 440 2764 Grzeco
456 2737 633 2771 Septuaginta
653 2738 844 2772 interpretum.

241 2773 297 2808 (78)
318 2772 454 2808 Νοινιινᾳιιὶ
474 2772 603 2807 mysteriis
616 2771 791 2804 imbutusut,
813 2777 865 2808 etc.
880 2771 988 2798 Eucha-

205 2806 292 2835 ι·ὶυίἰώ
301 2807 457 2841 mysterium
474 2806 525 2833 nou
537 2808 663 2833 omnibus
677 2808 794 2841 patebat.
816 2806 878 2834 ldco
902 2813 986 2840 parce

205 2844 238 2870 de
251 2849 282 2869 eo
295 2841 421 2876 loquitur.
439 2841 503 2867 Seio
514 2842 639 2875 equidem
661 2850 675 2868 a
698 2841 835 2868 nonnullis
857 2841 987 2876 vapulare

198 2875 336 2905 Ἢιιίὶιιιιιιι
355 2877 432 2911 quasi
458 2875 636 2911 plurimorum
657 2877 782 2912 iecorum
808 2875 986 2912 interpolator

1046 2665 1128 2693 fuerit
1142 2665 1186 2691 ubi
1199 2663 1393 2699 mysteriorum
1411 2669 1469 2699 non
1484 2661 1708 2699 publicandorum
1726 2659 1814 2699 Mittit?

1043 2690 1267 2733 iiii-sediuiq'ua
1284 2699 1378 2725 istha-c
1395 2690 1549 2733 crimitiatio
1568 2697 1688 2733 abunde
1700 2690 1816 2733 reft'llil'q'f

1042 2729 1093 2764 vel
1115 2743 1148 2762 ex
1177 2729 1275 2761 celebri
1306 2734 1358 2760 hoc
1388 2732 1514 2767 Origenis
1547 2731 1628 2758 citato
1651 2729 1699 2757 sub
1721 2729 1813 2767 ιιιιιιιιιιξ

1043 2756 1091 2798 iiii.
1115 2756 1644 2806 Tcoﬁifceuiiiii',aiiidii'tiiisniiibs,
1656 2756 1687 2792 'ut
1707 2767 1740 2806 et
1748 2756 1812 2806 aut}:

1040 2806 1268 2841 philosopltosget
1298 2801 1412 2841 gentiles
1439 2802 1561 2841 quaedam
1584 2801 1760 2841 esse_xp=iatt¢
1781 2801 1798 2827 P-

1039 2835 1079 2873 ἓὶς
1095 2835 1158 2872 τούξ
1177 2839 1289 2871 πολλοὺς
1299 2835 1455 2873 Ἴφθάνονταξ
1468 2842 1494 2865 et
1510 2835 1671 2871 ὲσωτερικά.
