  <div class='ocr_page' id='page_1' title='image "/cluster/home/n/w/nwhite01/storage/ocr_20150623/12/njp.32101077772422/290.png"; bbox 0 0 1894 3059; ppageno 0'>
   <div class='ocr_carea' id='block_1_1' title="bbox 91 159 139 187">
    <p class='ocr_par' dir='ltr' id='par_1_1' title="bbox 91 159 139 187">
     <span class='ocr_line' id='line_1_1' title="bbox 91 159 139 187; baseline 0.021 -1"><span class='ocrx_word' id='word_1_1' title='bbox 91 159 139 187; x_wconf 70' lang='lat'><strong>825</strong></span> 
     </span>
    </p>
   </div>
   <div class='ocr_carea' id='block_1_2' title="bbox 676 159 1136 187">
    <p class='ocr_par' dir='ltr' id='par_1_2' title="bbox 676 159 1136 187">
     <span class='ocr_line' id='line_1_2' title="bbox 676 159 1136 187; baseline 0.002 -1"><span class='ocrx_word' id='word_1_2' title='bbox 676 159 710 186; x_wconf 85' lang='lat' dir='ltr'><strong>lN</strong></span> <span class='ocrx_word' id='word_1_3' title='bbox 731 159 919 187; x_wconf 73' lang='lat' dir='ltr'><strong>LEVITICUM</strong></span> <span class='ocrx_word' id='word_1_4' title='bbox 939 159 1082 187; x_wconf 81' lang='lat' dir='ltr'><strong>llOMILIA</strong></span> <span class='ocrx_word' id='word_1_5' title='bbox 1103 161 1136 187; x_wconf 71' lang='grc' dir='ltr'><strong>Χ.</strong></span> 
     </span>
    </p>
   </div>
   <div class='ocr_carea' id='block_1_3' title="bbox 1670 166 1722 197">
    <p class='ocr_par' dir='ltr' id='par_1_3' title="bbox 1670 166 1722 197">
     <span class='ocr_line' id='line_1_3' title="bbox 1670 166 1722 197; baseline 0.058 -3"><span class='ocrx_word' id='word_1_6' title='bbox 1670 166 1722 197; x_wconf 69' lang='lat'><strong>5‘26</strong></span> 
     </span>
    </p>
   </div>
   <div class='ocr_carea' id='block_1_4' title="bbox 90 219 1720 256">
    <p class='ocr_par' dir='ltr' id='par_1_4' title="bbox 90 219 1720 256">
     <span class='ocr_line' id='line_1_4' title="bbox 90 219 1720 256; baseline 0.002 -10"><span class='ocrx_word' id='word_1_7' title='bbox 90 220 187 254; x_wconf 86' lang='lat' dir='ltr'><strong>quiest</strong></span> <span class='ocrx_word' id='word_1_8' title='bbox 202 219 256 251; x_wconf 84' lang='lat' dir='ltr'><strong>via.</strong></span> <span class='ocrx_word' id='word_1_9' title='bbox 270 224 298 247; x_wconf 91' lang='lat' dir='ltr'><strong>et</strong></span> <span class='ocrx_word' id='word_1_10' title='bbox 312 220 424 253; x_wconf 85' lang='lat' dir='ltr'><strong>veritas,</strong></span> <span class='ocrx_word' id='word_1_11' title='bbox 440 224 466 247; x_wconf 92' lang='lat' dir='ltr'><strong>et</strong></span> <span class='ocrx_word' id='word_1_12' title='bbox 483 220 536 247; x_wconf 69' lang='lat' dir='ltr'><strong>vita</strong></span> <span class='ocrx_word' id='word_1_13' title='bbox 553 231 558 247; x_wconf 86' lang='lat'>:</span> <span class='ocrx_word' id='word_1_14' title='bbox 575 220 618 247; x_wconf 88' lang='lat' dir='ltr'><strong>cui</strong></span> <span class='ocrx_word' id='word_1_15' title='bbox 637 220 723 256; x_wconf 81' lang='lat' dir='ltr'><strong>gloria</strong></span> <span class='ocrx_word' id='word_1_16' title='bbox 742 226 769 248; x_wconf 85' lang='lat' dir='ltr'><strong>et</strong></span> <span class='ocrx_word' id='word_1_17' title='bbox 789 221 872 255; x_wconf 85' lang='lat' dir='ltr'><strong>impe-</strong></span> <span class='ocrx_word' id='word_1_18' title='bbox 893 225 915 254; x_wconf 73' lang='grc' dir='ltr'><strong>Α</strong></span> <span class='ocrx_word' id='word_1_19' title='bbox 931 220 1099 254; x_wconf 73' lang='lat' dir='ltr'><strong>dispensatio</strong></span> <span class='ocrx_word' id='word_1_20' title='bbox 1111 220 1279 255; x_wconf 75' lang='lat' dir='ltr'><strong>procuravil,</strong></span> <span class='ocrx_word' id='word_1_21' title='bbox 1303 225 1332 247; x_wconf 94' lang='lat' dir='ltr'><strong>ut</strong></span> <span class='ocrx_word' id='word_1_22' title='bbox 1356 225 1383 247; x_wconf 89' lang='lat' dir='ltr'><strong>et</strong></span> <span class='ocrx_word' id='word_1_23' title='bbox 1406 221 1503 248; x_wconf 86' lang='lat' dir='ltr'><strong>civitas</strong></span> <span class='ocrx_word' id='word_1_24' title='bbox 1525 221 1594 256; x_wconf 86' lang='lat' dir='ltr'><strong>ipsa,</strong></span> <span class='ocrx_word' id='word_1_25' title='bbox 1609 227 1636 248; x_wconf 89' lang='lat' dir='ltr'><strong>et</strong></span> <span class='ocrx_word' id='word_1_26' title='bbox 1651 227 1720 249; x_wconf 82' lang='lat' dir='ltr'><strong>tetu-</strong></span> 
     </span>
    </p>
   </div>
   <div class='ocr_carea' id='block_1_5' title="bbox 90 266 619 295">
    <p class='ocr_par' dir='ltr' id='par_1_5' title="bbox 90 266 619 295">
     <span class='ocr_line' id='line_1_5' title="bbox 90 266 619 295; baseline 0.002 -2"><span class='ocrx_word' id='word_1_27' title='bbox 90 266 156 293; x_wconf 88' lang='lat' dir='ltr'><strong>rium</strong></span> <span class='ocrx_word' id='word_1_28' title='bbox 169 266 197 292; x_wconf 95' lang='lat' dir='ltr'><strong>in</strong></span> <span class='ocrx_word' id='word_1_29' title='bbox 214 266 316 294; x_wconf 60' lang='lat' dir='ltr'><strong>secula</strong></span> <span class='ocrx_word' id='word_1_30' title='bbox 334 267 506 295; x_wconf 66' lang='lat' dir='ltr'><strong>saeculorum.</strong></span> <span class='ocrx_word' id='word_1_31' title='bbox 522 267 619 294; x_wconf 84' lang='lat' dir='ltr'><strong>Amen.</strong></span> 
     </span>
    </p>
   </div>
   <div class='ocr_carea' id='block_1_6' title="bbox 388 321 581 350">
    <p class='ocr_par' dir='ltr' id='par_1_6' title="bbox 388 321 581 350">
     <span class='ocr_line' id='line_1_6' title="bbox 388 321 581 350; baseline 0 -2"><span class='ocrx_word' id='word_1_32' title='bbox 388 321 524 349; x_wconf 80' lang='lat' dir='ltr'><strong>HOMILIA</strong></span> <span class='ocrx_word' id='word_1_33' title='bbox 547 322 581 350; x_wconf 81' lang='grc' dir='ltr'><strong>Χ.</strong></span> 
     </span>
    </p>
   </div>
   <div class='ocr_carea' id='block_1_7' title="bbox 87 365 876 403">
    <p class='ocr_par' dir='ltr' id='par_1_7' title="bbox 87 365 876 403">
     <span class='ocr_line' id='line_1_7' title="bbox 87 365 876 403; baseline 0.005 -10"><span class='ocrx_word' id='word_1_34' title='bbox 87 365 125 393; x_wconf 79' lang='lat' dir='ltr'><strong>De</strong></span> <span class='ocrx_word' id='word_1_35' title='bbox 134 367 241 401; x_wconf 80' lang='lat' dir='ltr'><strong>jejunio</strong></span> <span class='ocrx_word' id='word_1_36' title='bbox 257 369 328 402; x_wconf 83' lang='lat' dir='ltr'><strong>quod</strong></span> <span class='ocrx_word' id='word_1_37' title='bbox 340 369 367 395; x_wconf 86' lang='lat' dir='ltr'><strong>in</strong></span> <span class='ocrx_word' id='word_1_38' title='bbox 377 369 418 395; x_wconf 82' lang='lat' dir='ltr'><strong>die</strong></span> <span class='ocrx_word' id='word_1_39' title='bbox 432 369 626 403; x_wconf 73' lang='lat' dir='ltr'><strong>propitiationis</strong></span> <span class='ocrx_word' id='word_1_40' title='bbox 643 369 684 403; x_wconf 81' lang='lat' dir='ltr'><strong>ﬁt,</strong></span> <span class='ocrx_word' id='word_1_41' title='bbox 711 374 734 396; x_wconf 81' lang='lat' dir='ltr'><strong>et</strong></span> <span class='ocrx_word' id='word_1_42' title='bbox 748 370 780 397; x_wconf 86' lang='lat' dir='ltr'><strong>de</strong></span> <span class='ocrx_word' id='word_1_43' title='bbox 803 370 876 397; x_wconf 79' lang='lat' dir='ltr'><strong>hirco</strong></span> 
     </span>
    </p>
   </div>
   <div class='ocr_carea' id='block_1_8' title="bbox 262 404 678 437">
    <p class='ocr_par' dir='ltr' id='par_1_8' title="bbox 262 404 678 437">
     <span class='ocr_line' id='line_1_8' title="bbox 262 404 678 437; baseline 0.007 -8"><span class='ocrx_word' id='word_1_44' title='bbox 262 404 308 437; x_wconf 81' lang='lat' dir='ltr'><strong>qui</strong></span> <span class='ocrx_word' id='word_1_45' title='bbox 325 404 352 430; x_wconf 83' lang='lat' dir='ltr'><strong>in</strong></span> <span class='ocrx_word' id='word_1_46' title='bbox 366 412 480 430; x_wconf 86' lang='lat' dir='ltr'><strong>eremum</strong></span> <span class='ocrx_word' id='word_1_47' title='bbox 498 405 643 431; x_wconf 71' lang='lat' dir='ltr'><strong>dimittitur</strong></span> <span class='ocrx_word' id='word_1_48' title='bbox 658 405 678 432; x_wconf 84' lang='lat'><strong>&#39;.</strong></span> 
     </span>
    </p>
   </div>
   <div class='ocr_carea' id='block_1_9' title="bbox 121 448 875 485">
    <p class='ocr_par' dir='ltr' id='par_1_9' title="bbox 121 448 875 485">
     <span class='ocr_line' id='line_1_9' title="bbox 121 448 875 485; baseline 0.004 -10"><span class='ocrx_word' id='word_1_49' title='bbox 121 449 145 475; x_wconf 82' lang='grc' dir='ltr'><strong>Ι.</strong></span> <span class='ocrx_word' id='word_1_50' title='bbox 168 448 224 476; x_wconf 85' lang='lat' dir='ltr'><strong>Nos</strong></span> <span class='ocrx_word' id='word_1_51' title='bbox 244 449 364 484; x_wconf 79' lang='lat' dir='ltr'><strong>quidem.</strong></span> <span class='ocrx_word' id='word_1_52' title='bbox 390 449 435 485; x_wconf 85' lang='lat' dir='ltr'><strong>qui</strong></span> <span class='ocrx_word' id='word_1_53' title='bbox 449 450 482 477; x_wconf 91' lang='lat' dir='ltr'><strong>de</strong></span> <span class='ocrx_word' id='word_1_54' title='bbox 509 450 630 478; x_wconf 84' lang='lat' dir='ltr'><strong>Ecclesia</strong></span> <span class='ocrx_word' id='word_1_55' title='bbox 649 458 754 484; x_wconf 82' lang='lat' dir='ltr'><strong>sumus,</strong></span> <span class='ocrx_word' id='word_1_56' title='bbox 779 451 875 478; x_wconf 90' lang='lat' dir='ltr'><strong>nterito</strong></span> 
     </span>
    </p>
   </div>
   <div class='ocr_carea' id='block_1_10' title="bbox 85 494 876 533">
    <p class='ocr_par' dir='ltr' id='par_1_10' title="bbox 85 494 876 533">
     <span class='ocr_line' id='line_1_10' title="bbox 85 494 876 533; baseline 0.006 -12"><span class='ocrx_word' id='word_1_57' title='bbox 85 494 196 530; x_wconf 74' lang='lat' dir='ltr'><strong>Moysen</strong></span> <span class='ocrx_word' id='word_1_58' title='bbox 223 496 385 529; x_wconf 82' lang='lat' dir='ltr'><strong>recipimus,</strong></span> <span class='ocrx_word' id='word_1_59' title='bbox 409 500 437 522; x_wconf 91' lang='lat' dir='ltr'><strong>et</strong></span> <span class='ocrx_word' id='word_1_60' title='bbox 459 496 560 531; x_wconf 91' lang='lat' dir='ltr'><strong>scripta</strong></span> <span class='ocrx_word' id='word_1_61' title='bbox 582 497 642 531; x_wconf 83' lang='lat' dir='ltr'><strong>ejus</strong></span> <span class='ocrx_word' id='word_1_62' title='bbox 660 497 785 533; x_wconf 83' lang='lat' dir='ltr'><strong>legimus.</strong></span> <span class='ocrx_word' id='word_1_63' title='bbox 812 505 876 525; x_wconf 63' lang='lat' dir='ltr'><strong>senv</strong></span> 
     </span>
    </p>
   </div>
   <div class='ocr_carea' id='block_1_11' title="bbox 85 540 872 579">
    <p class='ocr_par' dir='ltr' id='par_1_11' title="bbox 85 540 872 579">
     <span class='ocr_line' id='line_1_11' title="bbox 85 540 872 579; baseline 0.006 -11"><span class='ocrx_word' id='word_1_64' title='bbox 85 541 185 568; x_wconf 88' lang='lat' dir='ltr'><strong>tieutes</strong></span> <span class='ocrx_word' id='word_1_65' title='bbox 200 540 233 568; x_wconf 89' lang='lat' dir='ltr'><strong>de</strong></span> <span class='ocrx_word' id='word_1_66' title='bbox 250 548 294 573; x_wconf 84' lang='lat' dir='ltr'><strong>eo,</strong></span> <span class='ocrx_word' id='word_1_67' title='bbox 308 542 378 575; x_wconf 90' lang='lat' dir='ltr'><strong>quod</strong></span> <span class='ocrx_word' id='word_1_68' title='bbox 392 542 522 576; x_wconf 79' lang='lat' dir='ltr'><strong>propheta</strong></span> <span class='ocrx_word' id='word_1_69' title='bbox 538 547 563 570; x_wconf 90' lang='lat' dir='ltr'><strong>et</strong></span> <span class='ocrx_word' id='word_1_70' title='bbox 590 543 644 570; x_wconf 91' lang='lat' dir='ltr'><strong>Deo</strong></span> <span class='ocrx_word' id='word_1_71' title='bbox 660 543 711 571; x_wconf 82' lang='lat' dir='ltr'><strong><em>sibi</em></strong></span> <span class='ocrx_word' id='word_1_72' title='bbox 725 545 872 579; x_wconf 85' lang='lat' dir='ltr'><strong>revelante,</strong></span> 
     </span>
    </p>
   </div>
   <div class='ocr_carea' id='block_1_12' title="bbox 85 586 874 625">
    <p class='ocr_par' dir='ltr' id='par_1_12' title="bbox 85 586 874 625">
     <span class='ocr_line' id='line_1_12' title="bbox 85 586 874 625; baseline 0.008 -12"><span class='ocrx_word' id='word_1_73' title='bbox 85 587 109 613; x_wconf 93' lang='lat' dir='ltr'><strong>in</strong></span> <span class='ocrx_word' id='word_1_74' title='bbox 124 586 266 622; x_wconf 84' lang='lat' dir='ltr'><strong>symbolis,</strong></span> <span class='ocrx_word' id='word_1_75' title='bbox 285 593 312 614; x_wconf 88' lang='lat' dir='ltr'><strong>et</strong></span> <span class='ocrx_word' id='word_1_76' title='bbox 328 587 431 623; x_wconf 84' lang='lat' dir='ltr'><strong>ﬁguris,</strong></span> <span class='ocrx_word' id='word_1_77' title='bbox 457 595 488 615; x_wconf 88' lang='lat' dir='ltr'><strong>ac</strong></span> <span class='ocrx_word' id='word_1_78' title='bbox 514 588 611 617; x_wconf 82' lang='lat' dir='ltr'><strong>formis</strong></span> <span class='ocrx_word' id='word_1_79' title='bbox 636 589 789 625; x_wconf 86' lang='lat' dir='ltr'><strong>allegoricis</strong></span> <span class='ocrx_word' id='word_1_80' title='bbox 808 599 874 619; x_wconf 90' lang='lat' dir='ltr'><strong>con-</strong></span> 
     </span>
    </p>
   </div>
   <div class='ocr_carea' id='block_1_13' title="bbox 83 632 873 672">
    <p class='ocr_par' dir='ltr' id='par_1_13' title="bbox 83 632 873 672">
     <span class='ocr_line' id='line_1_13' title="bbox 83 632 873 672; baseline 0.008 -12"><span class='ocrx_word' id='word_1_81' title='bbox 83 632 224 666; x_wconf 90' lang='lat' dir='ltr'><strong>scripserit</strong></span> <span class='ocrx_word' id='word_1_82' title='bbox 251 632 342 660; x_wconf 82' lang='lat' dir='ltr'><strong>futura</strong></span> <span class='ocrx_word' id='word_1_83' title='bbox 369 634 509 669; x_wconf 86' lang='lat' dir='ltr'><strong>mysteria,</strong></span> <span class='ocrx_word' id='word_1_84' title='bbox 537 643 598 669; x_wconf 59' lang='lat' dir='ltr'><strong>quas</strong></span> <span class='ocrx_word' id='word_1_85' title='bbox 626 635 652 664; x_wconf 90' lang='lat' dir='ltr'><strong>itt</strong></span> <span class='ocrx_word' id='word_1_86' title='bbox 679 642 800 672; x_wconf 88' lang='lat' dir='ltr'><strong>tempore</strong></span> <span class='ocrx_word' id='word_1_87' title='bbox 822 646 873 666; x_wconf 87' lang='lat' dir='ltr'><strong>suo</strong></span> 
     </span>
    </p>
   </div>
   <div class='ocr_carea' id='block_1_14' title="bbox 83 677 871 715">
    <p class='ocr_par' dir='ltr' id='par_1_14' title="bbox 83 677 871 715">
     <span class='ocr_line' id='line_1_14' title="bbox 83 677 871 715; baseline 0.011 -12"><span class='ocrx_word' id='word_1_88' title='bbox 83 677 212 705; x_wconf 85' lang='lat' dir='ltr'><strong>docemus</strong></span> <span class='ocrx_word' id='word_1_89' title='bbox 232 678 352 712; x_wconf 83' lang='lat' dir='ltr'><strong>impleta.</strong></span> <span class='ocrx_word' id='word_1_90' title='bbox 381 680 432 712; x_wconf 88' lang='lat' dir='ltr'><strong>Qui</strong></span> <span class='ocrx_word' id='word_1_91' title='bbox 459 688 525 708; x_wconf 86' lang='lat' dir='ltr'><strong>vero</strong></span> <span class='ocrx_word' id='word_1_92' title='bbox 552 681 685 715; x_wconf 85' lang='lat' dir='ltr'><strong>ejusmodi</strong></span> <span class='ocrx_word' id='word_1_93' title='bbox 705 683 732 710; x_wconf 91' lang='lat' dir='ltr'><strong>in</strong></span> <span class='ocrx_word' id='word_1_94' title='bbox 756 691 789 711; x_wconf 93' lang='lat' dir='ltr'><strong>eo</strong></span> <span class='ocrx_word' id='word_1_95' title='bbox 819 692 871 712; x_wconf 93' lang='lat' dir='ltr'><strong>non</strong></span> 
     </span>
    </p>
   </div>
   <div class='ocr_carea' id='block_1_15' title="bbox 83 723 870 762">
    <p class='ocr_par' dir='ltr' id='par_1_15' title="bbox 83 723 870 762">
     <span class='ocr_line' id='line_1_15' title="bbox 83 723 870 762; baseline 0.009 -12"><span class='ocrx_word' id='word_1_96' title='bbox 83 723 181 757; x_wconf 90' lang='lat' dir='ltr'><strong>recipit</strong></span> <span class='ocrx_word' id='word_1_97' title='bbox 206 731 327 756; x_wconf 81' lang='lat' dir='ltr'><strong>sensum,</strong></span> <span class='ocrx_word' id='word_1_98' title='bbox 356 725 414 752; x_wconf 88' lang='lat' dir='ltr'><strong>sive</strong></span> <span class='ocrx_word' id='word_1_99' title='bbox 437 725 593 753; x_wconf 74' lang='lat' dir='ltr'><strong>Jnda-orum</strong></span> <span class='ocrx_word' id='word_1_100' title='bbox 613 728 685 762; x_wconf 88' lang='lat' dir='ltr'><strong>quis,</strong></span> <span class='ocrx_word' id='word_1_101' title='bbox 707 729 765 756; x_wconf 83' lang='lat' dir='ltr'><strong>sive</strong></span> <span class='ocrx_word' id='word_1_102' title='bbox 789 730 870 757; x_wconf 89' lang='lat' dir='ltr'><strong>etiam</strong></span> 
     </span>
    </p>
   </div>
   <div class='ocr_carea' id='block_1_16' title="bbox 81 771 871 809">
    <p class='ocr_par' dir='ltr' id='par_1_16' title="bbox 81 771 871 809">
     <span class='ocr_line' id='line_1_16' title="bbox 81 771 871 809; baseline 0.013 -14"><span class='ocrx_word' id='word_1_103' title='bbox 81 774 239 797; x_wconf 87' lang='lat' dir='ltr'><strong>nostroruttt</strong></span> <span class='ocrx_word' id='word_1_104' title='bbox 255 775 307 804; x_wconf 86' lang='lat' dir='ltr'><strong>est,</strong></span> <span class='ocrx_word' id='word_1_105' title='bbox 330 771 353 799; x_wconf 89' lang='lat' dir='ltr'><strong>is</strong></span> <span class='ocrx_word' id='word_1_106' title='bbox 369 779 402 798; x_wconf 87' lang='lat' dir='ltr'><strong>ne</strong></span> <span class='ocrx_word' id='word_1_107' title='bbox 416 773 574 807; x_wconf 74' lang='lat' dir='ltr'><strong>prophetam</strong></span> <span class='ocrx_word' id='word_1_108' title='bbox 591 775 698 809; x_wconf 84' lang='lat' dir='ltr'><strong>quidem</strong></span> <span class='ocrx_word' id='word_1_109' title='bbox 712 783 773 803; x_wconf 91' lang='lat' dir='ltr'><strong>eum</strong></span> <span class='ocrx_word' id='word_1_110' title='bbox 788 777 871 805; x_wconf 85' lang='lat' dir='ltr'><strong>fuisse</strong></span> 
     </span>
    </p>
   </div>
   <div class='ocr_carea' id='block_1_17' title="bbox 81 817 868 858">
    <p class='ocr_par' dir='ltr' id='par_1_17' title="bbox 81 817 868 858">
     <span class='ocr_line' id='line_1_17' title="bbox 81 817 868 858; baseline 0.01 -15"><span class='ocrx_word' id='word_1_111' title='bbox 81 817 178 845; x_wconf 87' lang='lat' dir='ltr'><strong>docere</strong></span> <span class='ocrx_word' id='word_1_112' title='bbox 190 822 278 852; x_wconf 89' lang='lat' dir='ltr'><strong>potest</strong></span> <span class='ocrx_word' id='word_1_113' title='bbox 291 827 297 845; x_wconf 88' lang='lat'>:</span> <span class='ocrx_word' id='word_1_114' title='bbox 310 819 446 852; x_wconf 89' lang='lat' dir='ltr'><strong>quomodo</strong></span> <span class='ocrx_word' id='word_1_115' title='bbox 460 821 533 847; x_wconf 87' lang='lat' dir='ltr'><strong>ettim</strong></span> <span class='ocrx_word' id='word_1_116' title='bbox 549 822 710 856; x_wconf 78' lang='lat' dir='ltr'><strong>prophetam</strong></span> <span class='ocrx_word' id='word_1_117' title='bbox 730 823 868 858; x_wconf 86' lang='lat' dir='ltr'><strong>probabit,</strong></span> 
     </span>
    </p>
   </div>
   <div class='ocr_carea' id='block_1_18' title="bbox 79 864 868 901">
    <p class='ocr_par' dir='ltr' id='par_1_18' title="bbox 79 864 868 901">
     <span class='ocr_line' id='line_1_18' title="bbox 79 864 868 901; baseline 0.009 -11"><span class='ocrx_word' id='word_1_118' title='bbox 79 864 155 898; x_wconf 83' lang='lat' dir='ltr'><strong>cujus</strong></span> <span class='ocrx_word' id='word_1_119' title='bbox 166 864 271 892; x_wconf 86' lang='lat' dir='ltr'><strong>litteras</strong></span> <span class='ocrx_word' id='word_1_120' title='bbox 284 872 388 893; x_wconf 81' lang='lat' dir='ltr'><strong>asserat</strong></span> <span class='ocrx_word' id='word_1_121' title='bbox 404 873 464 893; x_wconf 87' lang='lat' dir='ltr'><strong>esse</strong></span> <span class='ocrx_word' id='word_1_122' title='bbox 474 874 648 901; x_wconf 86' lang='lat' dir='ltr'><strong>communes,</strong></span> <span class='ocrx_word' id='word_1_123' title='bbox 666 869 751 896; x_wconf 89' lang='lat' dir='ltr'><strong>futuri</strong></span> <span class='ocrx_word' id='word_1_124' title='bbox 767 870 868 898; x_wconf 85' lang='lat' dir='ltr'><strong>nullius</strong></span> 
     </span>
    </p>
   </div>
   <div class='ocr_carea' id='block_1_19' title="bbox 933 265 1720 302">
    <p class='ocr_par' dir='ltr' id='par_1_19' title="bbox 933 265 1720 302">
     <span class='ocr_line' id='line_1_19' title="bbox 933 265 1720 302; baseline 0.006 -11"><span class='ocrx_word' id='word_1_125' title='bbox 933 265 1014 300; x_wconf 83' lang='lat' dir='ltr'><strong>plum,</strong></span> <span class='ocrx_word' id='word_1_126' title='bbox 1029 271 1055 293; x_wconf 91' lang='lat' dir='ltr'><strong>et</strong></span> <span class='ocrx_word' id='word_1_127' title='bbox 1071 267 1160 293; x_wconf 89' lang='lat' dir='ltr'><strong>omnia</strong></span> <span class='ocrx_word' id='word_1_128' title='bbox 1183 266 1227 293; x_wconf 87' lang='lat' dir='ltr'><strong>illa</strong></span> <span class='ocrx_word' id='word_1_129' title='bbox 1247 266 1349 300; x_wconf 86' lang='lat' dir='ltr'><strong>pariter</strong></span> <span class='ocrx_word' id='word_1_130' title='bbox 1365 266 1610 294; x_wconf 85' lang='lat' dir='ltr'><strong>subverterentur:</strong></span> <span class='ocrx_word' id='word_1_131' title='bbox 1624 269 1720 302; x_wconf 90' lang='lat' dir='ltr'><strong>nequi</strong></span> 
     </span>
    </p>
   </div>
   <div class='ocr_carea' id='block_1_20' title="bbox 933 311 1721 346">
    <p class='ocr_par' dir='ltr' id='par_1_20' title="bbox 933 311 1721 346">
     <span class='ocr_line' id='line_1_20' title="bbox 933 311 1721 346; baseline 0.003 -8"><span class='ocrx_word' id='word_1_132' title='bbox 933 311 1003 338; x_wconf 83' lang='lat' dir='ltr'><strong>forte</strong></span> <span class='ocrx_word' id='word_1_133' title='bbox 1019 312 1108 339; x_wconf 86' lang='lat' dir='ltr'><strong>adhuc</strong></span> <span class='ocrx_word' id='word_1_134' title='bbox 1123 311 1252 346; x_wconf 85' lang='lat' dir='ltr'><strong>parvulus</strong></span> <span class='ocrx_word' id='word_1_135' title='bbox 1278 316 1306 338; x_wconf 89' lang='lat' dir='ltr'><strong>et</strong></span> <span class='ocrx_word' id='word_1_136' title='bbox 1326 312 1430 339; x_wconf 88' lang='lat' dir='ltr'><strong>lacteus</strong></span> <span class='ocrx_word' id='word_1_137' title='bbox 1455 312 1480 339; x_wconf 94' lang='lat' dir='ltr'><strong>in</strong></span> <span class='ocrx_word' id='word_1_138' title='bbox 1503 312 1556 340; x_wconf 87' lang='lat' dir='ltr'><strong>ﬁde</strong></span> <span class='ocrx_word' id='word_1_139' title='bbox 1575 313 1598 340; x_wconf 86' lang='lat' dir='ltr'><strong>si</strong></span> <span class='ocrx_word' id='word_1_140' title='bbox 1616 313 1721 342; x_wconf 82' lang='lat' dir='ltr'><strong>videret</strong></span> 
     </span>
    </p>
   </div>
   <div class='ocr_carea' id='block_1_21' title="bbox 932 357 1723 389">
    <p class='ocr_par' dir='ltr' id='par_1_21' title="bbox 932 357 1723 389">
     <span class='ocr_line' id='line_1_21' title="bbox 932 357 1723 389; baseline 0.003 -6"><span class='ocrx_word' id='word_1_141' title='bbox 932 357 976 384; x_wconf 88' lang='lat' dir='ltr'><strong>illa</strong></span> <span class='ocrx_word' id='word_1_142' title='bbox 1004 362 1142 389; x_wconf 86' lang='lat' dir='ltr'><strong>constare,</strong></span> <span class='ocrx_word' id='word_1_143' title='bbox 1159 357 1221 384; x_wconf 89' lang='lat' dir='ltr'><strong>dum</strong></span> <span class='ocrx_word' id='word_1_144' title='bbox 1237 357 1434 385; x_wconf 84' lang='lat' dir='ltr'><strong>sacriﬁciorum</strong></span> <span class='ocrx_word' id='word_1_145' title='bbox 1451 357 1543 389; x_wconf 84' lang='lat' dir='ltr'><strong>ritum,</strong></span> <span class='ocrx_word' id='word_1_146' title='bbox 1562 358 1625 386; x_wconf 94' lang='lat' dir='ltr'><strong>dum</strong></span> <span class='ocrx_word' id='word_1_147' title='bbox 1641 358 1723 386; x_wconf 69' lang='lat' dir='ltr'><strong>mini—</strong></span> 
     </span>
    </p>
   </div>
   <div class='ocr_carea' id='block_1_22' title="bbox 930 403 1720 439">
    <p class='ocr_par' dir='ltr' id='par_1_22' title="bbox 930 403 1720 439">
     <span class='ocr_line' id='line_1_22' title="bbox 930 403 1720 439; baseline 0.001 -8"><span class='ocrx_word' id='word_1_148' title='bbox 930 404 1075 431; x_wconf 78' lang='lat' dir='ltr'><strong>SIeriorutn</strong></span> <span class='ocrx_word' id='word_1_149' title='bbox 1101 404 1225 431; x_wconf 88' lang='lat' dir='ltr'><strong>ordinem</strong></span> <span class='ocrx_word' id='word_1_150' title='bbox 1247 404 1381 432; x_wconf 88' lang='lat' dir='ltr'><strong>attonitus</strong></span> <span class='ocrx_word' id='word_1_151' title='bbox 1400 408 1530 439; x_wconf 84' lang='lat' dir='ltr'><strong>stuperet,</strong></span> <span class='ocrx_word' id='word_1_152' title='bbox 1557 403 1615 439; x_wconf 83' lang='lat' dir='ltr'><strong>ipso</strong></span> <span class='ocrx_word' id='word_1_153' title='bbox 1629 405 1720 432; x_wconf 77' lang='lat' dir='ltr'><strong>diver-</strong></span> 
     </span>
    </p>
   </div>
   <div class='ocr_carea' id='block_1_23' title="bbox 929 450 1719 485">
    <p class='ocr_par' dir='ltr' id='par_1_23' title="bbox 929 450 1719 485">
     <span class='ocr_line' id='line_1_23' title="bbox 929 450 1719 485; baseline 0.001 -8"><span class='ocrx_word' id='word_1_154' title='bbox 929 456 1023 477; x_wconf 84' lang='lat' dir='ltr'><strong>sarum</strong></span> <span class='ocrx_word' id='word_1_155' title='bbox 1043 450 1191 478; x_wconf 85' lang='lat' dir='ltr'><strong>formarum</strong></span> <span class='ocrx_word' id='word_1_156' title='bbox 1205 455 1348 483; x_wconf 85' lang='lat' dir='ltr'><strong>raperetur</strong></span> <span class='ocrx_word' id='word_1_157' title='bbox 1370 450 1481 478; x_wconf 89' lang='lat' dir='ltr'><strong>intuitu.</strong></span> <span class='ocrx_word' id='word_1_158' title='bbox 1499 450 1553 478; x_wconf 88' lang='lat' dir='ltr'><strong>Sed</strong></span> <span class='ocrx_word' id='word_1_159' title='bbox 1573 451 1719 485; x_wconf 68' lang='lat' dir='ltr'><strong>providens</strong></span> 
     </span>
    </p>
   </div>
   <div class='ocr_carea' id='block_1_24' title="bbox 929 495 1719 532">
    <p class='ocr_par' dir='ltr' id='par_1_24' title="bbox 929 495 1719 532">
     <span class='ocr_line' id='line_1_24' title="bbox 929 495 1719 532; baseline 0.005 -10"><span class='ocrx_word' id='word_1_160' title='bbox 929 495 1000 523; x_wconf 89' lang='lat' dir='ltr'><strong>Deus</strong></span> <span class='ocrx_word' id='word_1_161' title='bbox 1018 495 1170 523; x_wconf 89' lang='lat' dir='ltr'><strong>inﬁrmitati</strong></span> <span class='ocrx_word' id='word_1_162' title='bbox 1189 501 1301 527; x_wconf 55' lang='lat' dir='ltr'><strong>nostra,</strong></span> <span class='ocrx_word' id='word_1_163' title='bbox 1317 501 1344 524; x_wconf 91' lang='lat' dir='ltr'><strong>et</strong></span> <span class='ocrx_word' id='word_1_164' title='bbox 1364 496 1458 524; x_wconf 87' lang='lat' dir='ltr'><strong>volens</strong></span> <span class='ocrx_word' id='word_1_165' title='bbox 1475 497 1650 532; x_wconf 87' lang='lat' dir='ltr'><strong>multiplicari</strong></span> <span class='ocrx_word' id='word_1_166' title='bbox 1670 497 1719 525; x_wconf 85' lang='lat' dir='ltr'><strong>Ec-</strong></span> 
     </span>
    </p>
   </div>
   <div class='ocr_carea' id='block_1_25' title="bbox 928 540 1720 579">
    <p class='ocr_par' dir='ltr' id='par_1_25' title="bbox 928 540 1720 579">
     <span class='ocr_line' id='line_1_25' title="bbox 928 540 1720 579; baseline 0.006 -12"><span class='ocrx_word' id='word_1_167' title='bbox 928 540 1037 568; x_wconf 85' lang='lat' dir='ltr'><strong>clesiam</strong></span> <span class='ocrx_word' id='word_1_168' title='bbox 1055 549 1130 569; x_wconf 88' lang='lat' dir='ltr'><strong>suant</strong></span> <span class='ocrx_word' id='word_1_169' title='bbox 1143 562 1150 574; x_wconf 92' lang='lat'><strong>,</strong></span> <span class='ocrx_word' id='word_1_170' title='bbox 1165 542 1256 569; x_wconf 84' lang='lat' dir='ltr'><strong>omnia</strong></span> <span class='ocrx_word' id='word_1_171' title='bbox 1280 542 1325 572; x_wconf 90' lang='lat' dir='ltr'><strong>illa</strong></span> <span class='ocrx_word' id='word_1_172' title='bbox 1348 543 1470 570; x_wconf 90' lang='lat' dir='ltr'><strong>subverti</strong></span> <span class='ocrx_word' id='word_1_173' title='bbox 1485 543 1551 571; x_wconf 86' lang='lat' dir='ltr'><strong>fecit</strong></span> <span class='ocrx_word' id='word_1_174' title='bbox 1564 548 1592 571; x_wconf 90' lang='lat' dir='ltr'><strong>et</strong></span> <span class='ocrx_word' id='word_1_175' title='bbox 1609 544 1720 579; x_wconf 83' lang='lat' dir='ltr'><strong>penitus</strong></span> 
     </span>
    </p>
   </div>
   <div class='ocr_carea' id='block_1_26' title="bbox 927 586 1718 620">
    <p class='ocr_par' dir='ltr' id='par_1_26' title="bbox 927 586 1718 620">
     <span class='ocr_line' id='line_1_26' title="bbox 927 586 1718 620; baseline 0.006 -7"><span class='ocrx_word' id='word_1_176' title='bbox 927 586 1041 620; x_wconf 80' lang='lat' dir='ltr'><strong>auferri,</strong></span> <span class='ocrx_word' id='word_1_177' title='bbox 1049 592 1079 614; x_wconf 90' lang='lat' dir='ltr'><strong>ut</strong></span> <span class='ocrx_word' id='word_1_178' title='bbox 1089 587 1149 614; x_wconf 87' lang='lat' dir='ltr'><strong>sine</strong></span> <span class='ocrx_word' id='word_1_179' title='bbox 1164 587 1218 614; x_wconf 90' lang='lat' dir='ltr'><strong>ulla</strong></span> <span class='ocrx_word' id='word_1_180' title='bbox 1234 588 1408 616; x_wconf 88' lang='lat' dir='ltr'><strong>cunctatione</strong></span> <span class='ocrx_word' id='word_1_181' title='bbox 1421 588 1473 616; x_wconf 91' lang='lat' dir='ltr'><strong>illis</strong></span> <span class='ocrx_word' id='word_1_182' title='bbox 1481 590 1651 618; x_wconf 77' lang='lat' dir='ltr'><strong>cessantibus</strong></span> <span class='ocrx_word' id='word_1_183' title='bbox 1660 591 1718 619; x_wconf 64' lang='lat' dir='ltr'><strong>hac</strong></span> 
     </span>
    </p>
   </div>
   <div class='ocr_carea' id='block_1_27' title="bbox 927 633 1717 673">
    <p class='ocr_par' dir='ltr' id='par_1_27' title="bbox 927 633 1717 673">
     <span class='ocr_line' id='line_1_27' title="bbox 927 633 1717 673; baseline 0.008 -14"><span class='ocrx_word' id='word_1_184' title='bbox 927 640 990 660; x_wconf 80' lang='lat' dir='ltr'><strong>vera</strong></span> <span class='ocrx_word' id='word_1_185' title='bbox 1016 640 1076 660; x_wconf 89' lang='lat' dir='ltr'><strong>esse</strong></span> <span class='ocrx_word' id='word_1_186' title='bbox 1089 653 1098 667; x_wconf 92' lang='lat'><strong>,</strong></span> <span class='ocrx_word' id='word_1_187' title='bbox 1124 641 1174 669; x_wconf 88' lang='lat' dir='ltr'><strong>pro</strong></span> <span class='ocrx_word' id='word_1_188' title='bbox 1192 633 1291 668; x_wconf 87' lang='lat' dir='ltr'><strong>quibus</strong></span> <span class='ocrx_word' id='word_1_189' title='bbox 1311 635 1337 662; x_wconf 92' lang='lat' dir='ltr'><strong>in</strong></span> <span class='ocrx_word' id='word_1_190' title='bbox 1355 634 1409 662; x_wconf 90' lang='lat' dir='ltr'><strong>illis</strong></span> <span class='ocrx_word' id='word_1_191' title='bbox 1425 641 1503 672; x_wconf 86' lang='lat' dir='ltr'><strong>typus</strong></span> <span class='ocrx_word' id='word_1_192' title='bbox 1530 642 1717 673; x_wconf 63' lang='lat' dir='ltr'><strong>praeessent,</strong></span> 
     </span>
    </p>
   </div>
   <div class='ocr_carea' id='block_1_28' title="bbox 927 679 1110 708">
    <p class='ocr_par' dir='ltr' id='par_1_28' title="bbox 927 679 1110 708">
     <span class='ocr_line' id='line_1_28' title="bbox 927 679 1110 708; baseline 0.016 -3"><span class='ocrx_word' id='word_1_193' title='bbox 927 679 1110 708; x_wconf 85' lang='lat' dir='ltr'><strong>crederemus.</strong></span> 
     </span>
    </p>
   </div>
   <div class='ocr_carea' id='block_1_29' title="bbox 960 723 1716 764">
    <p class='ocr_par' dir='ltr' id='par_1_29' title="bbox 960 723 1716 764">
     <span class='ocr_line' id='line_1_29' title="bbox 960 723 1716 764; baseline 0.009 -13"><span class='ocrx_word' id='word_1_194' title='bbox 960 723 988 752; x_wconf 78' lang='lat'><strong>2.</strong></span> <span class='ocrx_word' id='word_1_195' title='bbox 1006 723 1084 752; x_wconf 87' lang='lat' dir='ltr'><strong>Unde</strong></span> <span class='ocrx_word' id='word_1_196' title='bbox 1099 731 1127 752; x_wconf 86' lang='lat' dir='ltr'><strong>et</strong></span> <span class='ocrx_word' id='word_1_197' title='bbox 1139 733 1213 754; x_wconf 92' lang='lat' dir='ltr'><strong>nunc</strong></span> <span class='ocrx_word' id='word_1_198' title='bbox 1225 726 1339 754; x_wconf 90' lang='lat' dir='ltr'><strong>dicenda</strong></span> <span class='ocrx_word' id='word_1_199' title='bbox 1357 726 1435 755; x_wconf 91' lang='lat' dir='ltr'><strong>nobis</strong></span> <span class='ocrx_word' id='word_1_200' title='bbox 1452 732 1515 755; x_wconf 90' lang='lat' dir='ltr'><strong>sunt</strong></span> <span class='ocrx_word' id='word_1_201' title='bbox 1529 728 1620 764; x_wconf 90' lang='lat' dir='ltr'><strong>aliqua</strong></span> <span class='ocrx_word' id='word_1_202' title='bbox 1635 730 1716 759; x_wconf 86' lang='lat' dir='ltr'><strong>etiam</strong></span> 
     </span>
    </p>
   </div>
   <div class='ocr_carea' id='block_1_30' title="bbox 926 769 1716 810">
    <p class='ocr_par' dir='ltr' id='par_1_30' title="bbox 926 769 1716 810">
     <span class='ocr_line' id='line_1_30' title="bbox 926 769 1716 810; baseline 0.008 -15"><span class='ocrx_word' id='word_1_203' title='bbox 926 769 959 795; x_wconf 88' lang='lat' dir='ltr'><strong>ad</strong></span> <span class='ocrx_word' id='word_1_204' title='bbox 975 777 1032 801; x_wconf 78' lang='lat' dir='ltr'><strong>eos.</strong></span> <span class='ocrx_word' id='word_1_205' title='bbox 1045 770 1094 804; x_wconf 92' lang='lat' dir='ltr'><strong>&#39;qui</strong></span> <span class='ocrx_word' id='word_1_206' title='bbox 1114 775 1208 805; x_wconf 80' lang='lat' dir='ltr'><strong>putaui</strong></span> <span class='ocrx_word' id='word_1_207' title='bbox 1226 779 1276 806; x_wconf 93' lang='lat' dir='ltr'><strong>pro</strong></span> <span class='ocrx_word' id='word_1_208' title='bbox 1291 773 1420 799; x_wconf 88' lang='lat' dir='ltr'><strong>mandato</strong></span> <span class='ocrx_word' id='word_1_209' title='bbox 1442 772 1509 807; x_wconf 78' lang='lat' dir='ltr'><strong>legis</strong></span> <span class='ocrx_word' id='word_1_210' title='bbox 1534 772 1586 800; x_wconf 89' lang='lat' dir='ltr'><strong>sibi</strong></span> <span class='ocrx_word' id='word_1_211' title='bbox 1606 782 1716 810; x_wconf 87' lang='lat' dir='ltr'><strong>quoque</strong></span> 
     </span>
    </p>
   </div>
   <div class='ocr_carea' id='block_1_31' title="bbox 923 813 1714 853">
    <p class='ocr_par' dir='ltr' id='par_1_31' title="bbox 923 813 1714 853">
     <span class='ocr_line' id='line_1_31' title="bbox 923 813 1714 853; baseline 0.006 -12"><span class='ocrx_word' id='word_1_212' title='bbox 923 813 1077 842; x_wconf 64' lang='lat' dir='ltr'><strong>Iudaeorum</strong></span> <span class='ocrx_word' id='word_1_213' title='bbox 1089 816 1221 851; x_wconf 86' lang='lat' dir='ltr'><strong>jejunium</strong></span> <span class='ocrx_word' id='word_1_214' title='bbox 1236 817 1426 852; x_wconf 89' lang='lat' dir='ltr'><strong>jejunandum,</strong></span> <span class='ocrx_word' id='word_1_215' title='bbox 1441 823 1469 846; x_wconf 88' lang='lat' dir='ltr'><strong>et</strong></span> <span class='ocrx_word' id='word_1_216' title='bbox 1487 819 1575 853; x_wconf 91' lang='lat' dir='ltr'><strong>primo</strong></span> <span class='ocrx_word' id='word_1_217' title='bbox 1593 820 1714 848; x_wconf 89' lang='lat' dir='ltr'><strong>omnimu</strong></span> 
     </span>
    </p>
   </div>
   <div class='ocr_carea' id='block_1_32' title="bbox 925 861 1713 900">
    <p class='ocr_par' dir='ltr' id='par_1_32' title="bbox 925 861 1713 900">
     <span class='ocr_line' id='line_1_32' title="bbox 925 861 1713 900; baseline 0.009 -13"><span class='ocrx_word' id='word_1_218' title='bbox 925 861 1098 889; x_wconf 88' lang='lat' dir='ltr'><strong>serm0uibus</strong></span> <span class='ocrx_word' id='word_1_219' title='bbox 1115 867 1177 889; x_wconf 88' lang='lat' dir='ltr'><strong>utar</strong></span> <span class='ocrx_word' id='word_1_220' title='bbox 1202 862 1279 890; x_wconf 83' lang='lat' dir='ltr'><strong>Pauli</strong></span> <span class='ocrx_word' id='word_1_221' title='bbox 1296 863 1413 891; x_wconf 90' lang='lat' dir='ltr'><strong>dicentis</strong></span> <span class='ocrx_word' id='word_1_222' title='bbox 1431 873 1437 891; x_wconf 88' lang='lat'>:</span> <span class='ocrx_word' id='word_1_223' title='bbox 1453 864 1515 899; x_wconf 91' lang='lat' dir='ltr'><strong>quia</strong></span> <span class='ocrx_word' id='word_1_224' title='bbox 1534 865 1555 892; x_wconf 91' lang='lat' dir='ltr'><strong>si</strong></span> <span class='ocrx_word' id='word_1_225' title='bbox 1580 865 1641 900; x_wconf 87' lang='lat' dir='ltr'><strong>quis</strong></span> <span class='ocrx_word' id='word_1_226' title='bbox 1657 866 1713 894; x_wconf 64' lang='lat' dir='ltr'><strong>vult</strong></span> 
     </span>
    </p>
   </div>
   <div class='ocr_carea' id='block_1_33' title="bbox 78 906 850 948">
    <p class='ocr_par' dir='ltr' id='par_1_33' title="bbox 78 910 845 948">
     <span class='ocr_line' id='line_1_33' title="bbox 78 910 845 948; baseline 0.007 -11"><span class='ocrx_word' id='word_1_227' title='bbox 78 910 215 944; x_wconf 83' lang='lat' dir='ltr'><strong>conscias,</strong></span> <span class='ocrx_word' id='word_1_228' title='bbox 234 919 283 939; x_wconf 90' lang='lat' dir='ltr'><strong>nec</strong></span> <span class='ocrx_word' id='word_1_229' title='bbox 294 912 393 939; x_wconf 90' lang='lat' dir='ltr'><strong>occulti</strong></span> <span class='ocrx_word' id='word_1_230' title='bbox 411 913 513 948; x_wconf 86' lang='lat' dir='ltr'><strong>aliquid</strong></span> <span class='ocrx_word' id='word_1_231' title='bbox 529 915 651 948; x_wconf 79' lang='lat' dir='ltr'><strong>mysterii</strong></span> <span class='ocrx_word' id='word_1_232' title='bbox 674 916 845 944; x_wconf 88' lang='lat' dir='ltr'><strong>continentes</strong></span> 
     </span>
    </p>
   </div>
   <div class='ocr_carea' id='block_1_34' title="bbox 941 906 1710 948">
    <p class='ocr_par' dir='ltr' id='par_1_34' title="bbox 943 907 1710 947">
     <span class='ocr_line' id='line_1_34' title="bbox 943 907 1710 947; baseline 0.008 -15"><span class='ocrx_word' id='word_1_233' title='bbox 943 914 1005 933; x_wconf 90' lang='lat' dir='ltr'><strong>num</strong></span> <span class='ocrx_word' id='word_1_234' title='bbox 1024 907 1124 941; x_wconf 89' lang='lat' dir='ltr'><strong>aliquid</strong></span> <span class='ocrx_word' id='word_1_235' title='bbox 1140 907 1280 936; x_wconf 87' lang='lat' dir='ltr'><strong>custodire</strong></span> <span class='ocrx_word' id='word_1_236' title='bbox 1305 908 1338 936; x_wconf 91' lang='lat' dir='ltr'><strong>de</strong></span> <span class='ocrx_word' id='word_1_237' title='bbox 1363 909 1600 938; x_wconf 81' lang='lat' dir='ltr'><strong>observationibus</strong></span> <span class='ocrx_word' id='word_1_238' title='bbox 1632 911 1710 947; x_wconf 78' lang='lat' dir='ltr'><strong>legis,</strong></span> 
     </span>
    </p>
   </div>
   <div class='ocr_carea' id='block_1_35' title="bbox 83 955 870 996">
    <p class='ocr_par' dir='ltr' id='par_1_35' title="bbox 83 955 870 996">
     <span class='ocr_line' id='line_1_35' title="bbox 83 955 870 996; baseline 0.009 -14"><span class='ocrx_word' id='word_1_239' title='bbox 83 955 160 984; x_wconf 81' lang='lat' dir='ltr'><strong>liene</strong></span> <span class='ocrx_word' id='word_1_240' title='bbox 185 956 279 991; x_wconf 87' lang='lat' dir='ltr'><strong>itaque</strong></span> <span class='ocrx_word' id='word_1_241' title='bbox 299 958 345 993; x_wconf 89' lang='lat' dir='ltr'><strong>qui</strong></span> <span class='ocrx_word' id='word_1_242' title='bbox 365 958 401 985; x_wconf 88' lang='lat' dir='ltr'><strong>ita</strong></span> <span class='ocrx_word' id='word_1_243' title='bbox 423 959 516 992; x_wconf 86' lang='lat' dir='ltr'><strong>senlit,</strong></span> <span class='ocrx_word' id='word_1_244' title='bbox 540 959 672 995; x_wconf 84' lang='lat' dir='ltr'><strong>legentem</strong></span> <span class='ocrx_word' id='word_1_245' title='bbox 699 961 757 989; x_wconf 82' lang='lat' dir='ltr'><strong>haec</strong></span> <span class='ocrx_word' id='word_1_246' title='bbox 779 963 870 996; x_wconf 80' lang='lat' dir='ltr'><strong>arguit</strong></span> 
     </span>
    </p>
   </div>
   <div class='ocr_carea' id='block_1_36' title="bbox 78 1002 863 1043">
    <p class='ocr_par' dir='ltr' id='par_1_36' title="bbox 78 1002 863 1043">
     <span class='ocr_line' id='line_1_36' title="bbox 78 1002 863 1043; baseline 0.009 -15"><span class='ocrx_word' id='word_1_247' title='bbox 78 1008 169 1029; x_wconf 77' lang='lat' dir='ltr'><strong>sermo</strong></span> <span class='ocrx_word' id='word_1_248' title='bbox 195 1002 314 1035; x_wconf 88' lang='lat' dir='ltr'><strong>divinus,</strong></span> <span class='ocrx_word' id='word_1_249' title='bbox 340 1008 369 1031; x_wconf 88' lang='lat' dir='ltr'><strong>et</strong></span> <span class='ocrx_word' id='word_1_250' title='bbox 393 1004 485 1031; x_wconf 76' lang='lat' dir='ltr'><strong>dieit’</strong></span> <span class='ocrx_word' id='word_1_251' title='bbox 511 1013 519 1032; x_wconf 74' lang='grc' dir='ltr'><em>ε</em></span> <span class='ocrx_word' id='word_1_252' title='bbox 550 1015 560 1031; x_wconf 73' lang='grc' dir='ltr'><strong>ε</strong></span> <span class='ocrx_word' id='word_1_253' title='bbox 591 1005 707 1033; x_wconf 88' lang='lat' dir='ltr'><strong>Putasne</strong></span> <span class='ocrx_word' id='word_1_254' title='bbox 733 1007 863 1043; x_wconf 81' lang='lat' dir='ltr'><strong>intelligis</strong></span> 
     </span>
    </p>
   </div>
   <div class='ocr_carea' id='block_1_37' title="bbox 77 1045 870 1090">
    <p class='ocr_par' dir='ltr' id='par_1_37' title="bbox 77 1045 870 1090">
     <span class='ocr_line' id='line_1_37' title="bbox 77 1045 870 1090; baseline 0.009 -16"><span class='ocrx_word' id='word_1_255' title='bbox 77 1055 135 1082; x_wconf 69' lang='lat' dir='ltr'><strong>qua:</strong></span> <span class='ocrx_word' id='word_1_256' title='bbox 158 1048 226 1083; x_wconf 76' lang='lat' dir='ltr'><strong>legis</strong></span> <span class='ocrx_word' id='word_1_257' title='bbox 239 1045 251 1075; x_wconf 60' lang='grc' dir='ltr'><strong>ἲ</strong></span> <span class='ocrx_word' id='word_1_258' title='bbox 265 1059 274 1075; x_wconf 75' lang='grc' dir='ltr'><strong>ι</strong></span> <span class='ocrx_word' id='word_1_259' title='bbox 292 1049 339 1077; x_wconf 87' lang='lat' dir='ltr'><strong>Est</strong></span> <span class='ocrx_word' id='word_1_260' title='bbox 360 1057 427 1085; x_wconf 85' lang='lat' dir='ltr'><strong>ergo</strong></span> <span class='ocrx_word' id='word_1_261' title='bbox 452 1051 508 1084; x_wconf 87' lang='lat' dir='ltr'><strong>lex,</strong></span> <span class='ocrx_word' id='word_1_262' title='bbox 532 1057 560 1079; x_wconf 92' lang='lat' dir='ltr'><strong>et</strong></span> <span class='ocrx_word' id='word_1_263' title='bbox 581 1052 672 1079; x_wconf 85' lang='lat' dir='ltr'><strong>omnia</strong></span> <span class='ocrx_word' id='word_1_264' title='bbox 685 1061 744 1088; x_wconf 71' lang='lat' dir='ltr'><strong>qua:</strong></span> <span class='ocrx_word' id='word_1_265' title='bbox 766 1054 793 1082; x_wconf 87' lang='lat' dir='ltr'><strong>in</strong></span> <span class='ocrx_word' id='word_1_266' title='bbox 812 1054 870 1090; x_wconf 82' lang='lat' dir='ltr'><strong>lege</strong></span> 
     </span>
    </p>
   </div>
   <div class='ocr_carea' id='block_1_38' title="bbox 75 1096 867 1135">
    <p class='ocr_par' dir='ltr' id='par_1_38' title="bbox 75 1096 867 1135">
     <span class='ocr_line' id='line_1_38' title="bbox 75 1096 867 1135; baseline 0.009 -14"><span class='ocrx_word' id='word_1_267' title='bbox 75 1100 148 1127; x_wconf 85' lang='lat' dir='ltr'><strong>sunt,</strong></span> <span class='ocrx_word' id='word_1_268' title='bbox 172 1097 323 1122; x_wconf 87' lang='lat' dir='ltr'><strong>secundum</strong></span> <span class='ocrx_word' id='word_1_269' title='bbox 350 1096 470 1131; x_wconf 80' lang='lat' dir='ltr'><strong>Apostoli</strong></span> <span class='ocrx_word' id='word_1_270' title='bbox 497 1098 660 1125; x_wconf 86' lang='lat' dir='ltr'><strong>sententiam</strong></span> <span class='ocrx_word' id='word_1_271' title='bbox 688 1099 699 1115; x_wconf 75' lang='grc'><strong><em>⁵</em></strong></span> <span class='ocrx_word' id='word_1_272' title='bbox 721 1107 807 1135; x_wconf 87' lang='lat' dir='ltr'><strong>usque</strong></span> <span class='ocrx_word' id='word_1_273' title='bbox 834 1101 867 1128; x_wconf 88' lang='lat' dir='ltr'><strong>ad</strong></span> 
     </span>
    </p>
   </div>
   <div class='ocr_carea' id='block_1_39' title="bbox 75 1142 867 1181">
    <p class='ocr_par' dir='ltr' id='par_1_39' title="bbox 75 1142 867 1181">
     <span class='ocr_line' id='line_1_39' title="bbox 75 1142 867 1181; baseline 0.01 -15"><span class='ocrx_word' id='word_1_274' title='bbox 75 1145 181 1175; x_wconf 88' lang='lat' dir='ltr'><strong>tempus</strong></span> <span class='ocrx_word' id='word_1_275' title='bbox 208 1142 387 1170; x_wconf 75' lang='lat' dir='ltr'><strong>correctionis</strong></span> <span class='ocrx_word' id='word_1_276' title='bbox 409 1143 545 1178; x_wconf 85' lang='lat' dir='ltr'><strong>imposita,</strong></span> <span class='ocrx_word' id='word_1_277' title='bbox 572 1149 600 1171; x_wconf 91' lang='lat' dir='ltr'><strong>et</strong></span> <span class='ocrx_word' id='word_1_278' title='bbox 620 1144 691 1172; x_wconf 89' lang='lat' dir='ltr'><strong>sicut</strong></span> <span class='ocrx_word' id='word_1_279' title='bbox 715 1146 742 1173; x_wconf 92' lang='lat' dir='ltr'><strong>hi</strong></span> <span class='ocrx_word' id='word_1_280' title='bbox 767 1146 867 1181; x_wconf 89' lang='lat' dir='ltr'><strong>quibus</strong></span> 
     </span>
    </p>
   </div>
   <div class='ocr_carea' id='block_1_40' title="bbox 75 1186 865 1226">
    <p class='ocr_par' dir='ltr' id='par_1_40' title="bbox 75 1186 865 1226">
     <span class='ocr_line' id='line_1_40' title="bbox 75 1186 865 1226; baseline 0.009 -13"><span class='ocrx_word' id='word_1_281' title='bbox 75 1186 221 1214; x_wconf 88' lang='lat' dir='ltr'><strong>artiﬁcium</strong></span> <span class='ocrx_word' id='word_1_282' title='bbox 230 1192 272 1214; x_wconf 88' lang='lat' dir='ltr'><strong>est</strong></span> <span class='ocrx_word' id='word_1_283' title='bbox 283 1188 359 1222; x_wconf 89' lang='lat' dir='ltr'><strong>signa</strong></span> <span class='ocrx_word' id='word_1_284' title='bbox 369 1196 403 1216; x_wconf 83' lang='lat' dir='ltr'><strong>ex</strong></span> <span class='ocrx_word' id='word_1_285' title='bbox 412 1196 466 1216; x_wconf 69' lang='lat' dir='ltr'><strong>tere</strong></span> <span class='ocrx_word' id='word_1_286' title='bbox 476 1189 577 1222; x_wconf 76' lang='lat' dir='ltr'><strong>facere,</strong></span> <span class='ocrx_word' id='word_1_287' title='bbox 588 1194 615 1218; x_wconf 90' lang='lat' dir='ltr'><strong>et</strong></span> <span class='ocrx_word' id='word_1_288' title='bbox 624 1195 728 1218; x_wconf 84' lang='lat' dir='ltr'><strong>statuas</strong></span> <span class='ocrx_word' id='word_1_289' title='bbox 742 1191 865 1226; x_wconf 85' lang='lat' dir='ltr'><strong>fundere,</strong></span> 
     </span>
    </p>
   </div>
   <div class='ocr_carea' id='block_1_41' title="bbox 74 1235 866 1273">
    <p class='ocr_par' dir='ltr' id='par_1_41' title="bbox 74 1235 866 1273">
     <span class='ocr_line' id='line_1_41' title="bbox 74 1235 866 1273; baseline 0.008 -13"><span class='ocrx_word' id='word_1_290' title='bbox 74 1238 223 1268; x_wconf 86' lang='lat' dir='ltr'><strong>antequam</strong></span> <span class='ocrx_word' id='word_1_291' title='bbox 254 1241 352 1261; x_wconf 76' lang='lat' dir='ltr'><strong>verum</strong></span> <span class='ocrx_word' id='word_1_292' title='bbox 368 1242 435 1269; x_wconf 81' lang='lat' dir='ltr'><strong>opus</strong></span> <span class='ocrx_word' id='word_1_293' title='bbox 447 1235 508 1262; x_wconf 64' lang='lat' dir='ltr'><strong>reris</strong></span> <span class='ocrx_word' id='word_1_294' title='bbox 518 1236 675 1271; x_wconf 84' lang='lat' dir='ltr'><strong>producant,</strong></span> <span class='ocrx_word' id='word_1_295' title='bbox 688 1243 734 1265; x_wconf 91' lang='lat' dir='ltr'><strong>aut</strong></span> <span class='ocrx_word' id='word_1_296' title='bbox 748 1239 866 1273; x_wconf 77' lang='lat' dir='ltr'><strong>argenti,</strong></span> 
     </span>
    </p>
   </div>
   <div class='ocr_carea' id='block_1_42' title="bbox 76 1279 865 1315">
    <p class='ocr_par' dir='ltr' id='par_1_42' title="bbox 76 1279 865 1315">
     <span class='ocr_line' id='line_1_42' title="bbox 76 1279 865 1315; baseline 0.01 -10"><span class='ocrx_word' id='word_1_297' title='bbox 76 1279 116 1305; x_wconf 86' lang='lat' dir='ltr'><strong>vel</strong></span> <span class='ocrx_word' id='word_1_298' title='bbox 141 1279 215 1311; x_wconf 86' lang='lat' dir='ltr'><strong>auri,</strong></span> <span class='ocrx_word' id='word_1_299' title='bbox 241 1280 399 1315; x_wconf 89' lang='lat' dir='ltr'><strong>ﬁgmentum</strong></span> <span class='ocrx_word' id='word_1_300' title='bbox 428 1281 503 1315; x_wconf 90' lang='lat' dir='ltr'><strong>prius</strong></span> <span class='ocrx_word' id='word_1_301' title='bbox 528 1281 578 1309; x_wconf 92' lang='lat' dir='ltr'><strong>lnti</strong></span> <span class='ocrx_word' id='word_1_302' title='bbox 599 1282 632 1310; x_wconf 89' lang='lat' dir='ltr'><strong>ad</strong></span> <span class='ocrx_word' id='word_1_303' title='bbox 662 1283 865 1313; x_wconf 82' lang='lat' dir='ltr'><strong>similitudinem</strong></span> 
     </span>
    </p>
   </div>
   <div class='ocr_carea' id='block_1_43' title="bbox 72 1324 864 1365">
    <p class='ocr_par' dir='ltr' id='par_1_43' title="bbox 72 1324 864 1365">
     <span class='ocr_line' id='line_1_43' title="bbox 72 1324 864 1365; baseline 0.009 -14"><span class='ocrx_word' id='word_1_304' title='bbox 72 1324 170 1352; x_wconf 72' lang='lat' dir='ltr'><strong>futurae</strong></span> <span class='ocrx_word' id='word_1_305' title='bbox 196 1325 323 1360; x_wconf 86' lang='lat' dir='ltr'><strong>imaginis</strong></span> <span class='ocrx_word' id='word_1_306' title='bbox 347 1325 464 1354; x_wconf 83' lang='lat' dir='ltr'><strong>formant</strong></span> <span class='ocrx_word' id='word_1_307' title='bbox 487 1326 545 1364; x_wconf 82' lang='lat'><strong>(79)</strong></span> <span class='ocrx_word' id='word_1_308' title='bbox 570 1335 578 1355; x_wconf 91' lang='lat'><strong>:</strong></span> <span class='ocrx_word' id='word_1_309' title='bbox 601 1329 674 1363; x_wconf 89' lang='lat' dir='ltr'><strong>quod</strong></span> <span class='ocrx_word' id='word_1_310' title='bbox 705 1329 864 1365; x_wconf 90' lang='lat' dir='ltr'><strong>ﬁgmentum</strong></span> 
     </span>
    </p>
   </div>
   <div class='ocr_carea' id='block_1_44' title="bbox 72 1371 864 1410">
    <p class='ocr_par' dir='ltr' id='par_1_44' title="bbox 72 1371 864 1410">
     <span class='ocr_line' id='line_1_44' title="bbox 72 1371 864 1410; baseline 0.008 -13"><span class='ocrx_word' id='word_1_311' title='bbox 72 1371 258 1398; x_wconf 81' lang='lat' dir='ltr'><strong>necessarium</strong></span> <span class='ocrx_word' id='word_1_312' title='bbox 275 1371 384 1406; x_wconf 86' lang='lat' dir='ltr'><strong>quidem</strong></span> <span class='ocrx_word' id='word_1_313' title='bbox 408 1376 459 1405; x_wconf 88' lang='lat' dir='ltr'><strong>est,</strong></span> <span class='ocrx_word' id='word_1_314' title='bbox 478 1372 526 1399; x_wconf 87' lang='lat' dir='ltr'><strong>sed</strong></span> <span class='ocrx_word' id='word_1_315' title='bbox 551 1380 693 1408; x_wconf 87' lang='lat' dir='ltr'><strong>usquequo</strong></span> <span class='ocrx_word' id='word_1_316' title='bbox 713 1382 780 1410; x_wconf 91' lang='lat' dir='ltr'><strong>opus</strong></span> <span class='ocrx_word' id='word_1_317' title='bbox 791 1376 864 1410; x_wconf 90' lang='lat' dir='ltr'><strong>quod</strong></span> 
     </span>
    </p>
   </div>
   <div class='ocr_carea' id='block_1_45' title="bbox 70 1416 862 1451">
    <p class='ocr_par' dir='ltr' id='par_1_45' title="bbox 70 1416 862 1451">
     <span class='ocr_line' id='line_1_45' title="bbox 70 1416 862 1451; baseline 0.009 -9"><span class='ocrx_word' id='word_1_318' title='bbox 70 1416 222 1450; x_wconf 86' lang='lat' dir='ltr'><strong>principale</strong></span> <span class='ocrx_word' id='word_1_319' title='bbox 233 1420 284 1448; x_wconf 85' lang='lat' dir='ltr'><strong>est,</strong></span> <span class='ocrx_word' id='word_1_320' title='bbox 297 1417 455 1451; x_wconf 80' lang='lat' dir='ltr'><strong>expleatur:</strong></span> <span class='ocrx_word' id='word_1_321' title='bbox 466 1425 528 1445; x_wconf 87' lang='lat' dir='ltr'><strong>cutn</strong></span> <span class='ocrx_word' id='word_1_322' title='bbox 539 1423 630 1447; x_wconf 86' lang='lat' dir='ltr'><strong>autem</strong></span> <span class='ocrx_word' id='word_1_323' title='bbox 642 1420 725 1448; x_wconf 87' lang='lat' dir='ltr'><strong>fuerit</strong></span> <span class='ocrx_word' id='word_1_324' title='bbox 735 1420 862 1449; x_wconf 69' lang='lat' dir='ltr'><strong>effectum</strong></span> 
     </span>
    </p>
   </div>
   <div class='ocr_carea' id='block_1_46' title="bbox 70 1463 864 1500">
    <p class='ocr_par' dir='ltr' id='par_1_46' title="bbox 70 1463 864 1500">
     <span class='ocr_line' id='line_1_46' title="bbox 70 1463 864 1500; baseline 0.008 -10"><span class='ocrx_word' id='word_1_325' title='bbox 70 1471 137 1497; x_wconf 88' lang='lat' dir='ltr'><strong>opus</strong></span> <span class='ocrx_word' id='word_1_326' title='bbox 151 1463 217 1491; x_wconf 89' lang='lat' dir='ltr'><strong>illud</strong></span> <span class='ocrx_word' id='word_1_327' title='bbox 235 1469 346 1499; x_wconf 84' lang='lat' dir='ltr'><strong>propter</strong></span> <span class='ocrx_word' id='word_1_328' title='bbox 361 1466 432 1499; x_wconf 91' lang='lat' dir='ltr'><strong>quod</strong></span> <span class='ocrx_word' id='word_1_329' title='bbox 460 1465 616 1500; x_wconf 81' lang='lat' dir='ltr'><strong>ﬁgmentum</strong></span> <span class='ocrx_word' id='word_1_330' title='bbox 633 1466 681 1494; x_wconf 89' lang='lat' dir='ltr'><strong>luti</strong></span> <span class='ocrx_word' id='word_1_331' title='bbox 701 1467 789 1495; x_wconf 87' lang='lat' dir='ltr'><strong>fuerat</strong></span> <span class='ocrx_word' id='word_1_332' title='bbox 807 1468 864 1496; x_wconf 84' lang='lat' dir='ltr'><strong>for-</strong></span> 
     </span>
    </p>
   </div>
   <div class='ocr_carea' id='block_1_47' title="bbox 71 1508 862 1547">
    <p class='ocr_par' dir='ltr' id='par_1_47' title="bbox 71 1508 862 1547">
     <span class='ocr_line' id='line_1_47' title="bbox 71 1508 862 1547; baseline 0.008 -13"><span class='ocrx_word' id='word_1_333' title='bbox 71 1514 187 1542; x_wconf 87' lang='lat' dir='ltr'><strong>tuatunt,</strong></span> <span class='ocrx_word' id='word_1_334' title='bbox 205 1517 270 1536; x_wconf 82' lang='lat' dir='ltr'><strong>usus</strong></span> <span class='ocrx_word' id='word_1_335' title='bbox 281 1508 338 1543; x_wconf 80' lang='lat' dir='ltr'><strong>ejus</strong></span> <span class='ocrx_word' id='word_1_336' title='bbox 349 1509 419 1537; x_wconf 91' lang='lat' dir='ltr'><strong>ultra</strong></span> <span class='ocrx_word' id='word_1_337' title='bbox 437 1518 490 1537; x_wconf 92' lang='lat' dir='ltr'><strong>nou</strong></span> <span class='ocrx_word' id='word_1_338' title='bbox 510 1513 640 1545; x_wconf 61' lang='lat' dir='ltr'><strong>qnmritur</strong></span> <span class='ocrx_word' id='word_1_339' title='bbox 659 1521 664 1538; x_wconf 96' lang='lat'><strong>:</strong></span> <span class='ocrx_word' id='word_1_340' title='bbox 687 1512 739 1539; x_wconf 85' lang='lat' dir='ltr'><strong>tale</strong></span> <span class='ocrx_word' id='word_1_341' title='bbox 759 1513 862 1547; x_wconf 88' lang='lat' dir='ltr'><strong>aliquid</strong></span> 
     </span>
    </p>
   </div>
   <div class='ocr_carea' id='block_1_48' title="bbox 70 1556 896 1604">
    <p class='ocr_par' dir='ltr' id='par_1_48' title="bbox 70 1556 896 1604">
     <span class='ocr_line' id='line_1_48' title="bbox 70 1556 896 1604; baseline 0.005 -22"><span class='ocrx_word' id='word_1_342' title='bbox 70 1556 191 1590; x_wconf 86' lang='lat' dir='ltr'><strong>intellige</strong></span> <span class='ocrx_word' id='word_1_343' title='bbox 204 1556 288 1582; x_wconf 82' lang='lat' dir='ltr'><strong>etiam</strong></span> <span class='ocrx_word' id='word_1_344' title='bbox 306 1556 331 1583; x_wconf 92' lang='lat' dir='ltr'><strong>in</strong></span> <span class='ocrx_word' id='word_1_345' title='bbox 350 1556 401 1589; x_wconf 85' lang='lat' dir='ltr'><strong>his,</strong></span> <span class='ocrx_word' id='word_1_346' title='bbox 416 1564 477 1591; x_wconf 68' lang='lat' dir='ltr'><strong>qua:</strong></span> <span class='ocrx_word' id='word_1_347' title='bbox 499 1557 526 1584; x_wconf 89' lang='lat' dir='ltr'><strong>itt</strong></span> <span class='ocrx_word' id='word_1_348' title='bbox 546 1562 608 1593; x_wconf 83' lang='lat' dir='ltr'><strong>typo</strong></span> <span class='ocrx_word' id='word_1_349' title='bbox 626 1562 654 1585; x_wconf 88' lang='lat' dir='ltr'><strong>et</strong></span> <span class='ocrx_word' id='word_1_350' title='bbox 672 1558 758 1593; x_wconf 88' lang='lat' dir='ltr'><strong>ﬁgura</strong></span> <span class='ocrx_word' id='word_1_351' title='bbox 787 1559 863 1586; x_wconf 91' lang='lat' dir='ltr'><strong>futu-</strong></span> <span class='ocrx_word' id='word_1_352' title='bbox 875 1576 896 1604; x_wconf 63' lang='grc' dir='ltr'>ο</span> 
     </span>
    </p>
   </div>
   <div class='ocr_carea' id='block_1_49' title="bbox 73 1601 859 1640">
    <p class='ocr_par' dir='ltr' id='par_1_49' title="bbox 73 1601 859 1640">
     <span class='ocr_line' id='line_1_49' title="bbox 73 1601 859 1640; baseline 0.005 -12"><span class='ocrx_word' id='word_1_353' title='bbox 73 1610 163 1629; x_wconf 85' lang='lat' dir='ltr'><strong>rerum</strong></span> <span class='ocrx_word' id='word_1_354' title='bbox 185 1603 211 1628; x_wconf 89' lang='lat' dir='ltr'><strong>itt</strong></span> <span class='ocrx_word' id='word_1_355' title='bbox 229 1601 289 1637; x_wconf 87' lang='lat' dir='ltr'><strong>lege</strong></span> <span class='ocrx_word' id='word_1_356' title='bbox 310 1606 337 1629; x_wconf 91' lang='lat' dir='ltr'><strong>et</strong></span> <span class='ocrx_word' id='word_1_357' title='bbox 356 1602 507 1637; x_wconf 84' lang='lat' dir='ltr'><strong>prophetis,</strong></span> <span class='ocrx_word' id='word_1_358' title='bbox 532 1603 574 1631; x_wconf 81' lang='lat' dir='ltr'><strong>vel</strong></span> <span class='ocrx_word' id='word_1_359' title='bbox 593 1604 705 1639; x_wconf 85' lang='lat' dir='ltr'><strong>scripta,</strong></span> <span class='ocrx_word' id='word_1_360' title='bbox 726 1604 768 1632; x_wconf 90' lang='lat' dir='ltr'><strong>vel</strong></span> <span class='ocrx_word' id='word_1_361' title='bbox 786 1610 859 1640; x_wconf 84' lang='lat' dir='ltr'><strong>gesta</strong></span> 
     </span>
    </p>
   </div>
   <div class='ocr_carea' id='block_1_50' title="bbox 70 1648 860 1684">
    <p class='ocr_par' dir='ltr' id='par_1_50' title="bbox 70 1648 860 1684">
     <span class='ocr_line' id='line_1_50' title="bbox 70 1648 860 1684; baseline 0.006 -11"><span class='ocrx_word' id='word_1_362' title='bbox 70 1653 139 1676; x_wconf 88' lang='lat' dir='ltr'><strong>sunt.</strong></span> <span class='ocrx_word' id='word_1_363' title='bbox 155 1648 240 1675; x_wconf 81' lang='lat' dir='ltr'><strong>Venit</strong></span> <span class='ocrx_word' id='word_1_364' title='bbox 257 1648 330 1675; x_wconf 86' lang='lat' dir='ltr'><strong>enim</strong></span> <span class='ocrx_word' id='word_1_365' title='bbox 348 1648 405 1683; x_wconf 86' lang='lat' dir='ltr'><strong>ipse</strong></span> <span class='ocrx_word' id='word_1_366' title='bbox 417 1650 516 1677; x_wconf 85' lang='lat' dir='ltr'><strong>artifex</strong></span> <span class='ocrx_word' id='word_1_367' title='bbox 536 1655 563 1677; x_wconf 90' lang='lat' dir='ltr'><strong>et</strong></span> <span class='ocrx_word' id='word_1_368' title='bbox 577 1655 672 1677; x_wconf 88' lang='lat' dir='ltr'><strong>auctor</strong></span> <span class='ocrx_word' id='word_1_369' title='bbox 685 1651 817 1684; x_wconf 85' lang='lat' dir='ltr'><strong>omnium,</strong></span> <span class='ocrx_word' id='word_1_370' title='bbox 832 1655 860 1679; x_wconf 90' lang='lat' dir='ltr'><strong>et</strong></span> 
     </span>
    </p>
   </div>
   <div class='ocr_carea' id='block_1_51' title="bbox 70 1693 858 1731">
    <p class='ocr_par' dir='ltr' id='par_1_51' title="bbox 70 1693 858 1731">
     <span class='ocr_line' id='line_1_51' title="bbox 70 1693 858 1731; baseline 0.005 -11"><span class='ocrx_word' id='word_1_371' title='bbox 70 1693 152 1727; x_wconf 76' lang='lat' dir='ltr'><strong>legem</strong></span> <span class='ocrx_word' id='word_1_372' title='bbox 168 1701 230 1728; x_wconf 72' lang='lat' dir='ltr'><strong>qua:</strong></span> <span class='ocrx_word' id='word_1_373' title='bbox 245 1694 369 1722; x_wconf 88' lang='lat' dir='ltr'><strong>umbram</strong></span> <span class='ocrx_word' id='word_1_374' title='bbox 388 1695 675 1723; x_wconf 82' lang='lat' dir='ltr'><strong>habebatfuturorunt</strong></span> <span class='ocrx_word' id='word_1_375' title='bbox 690 1695 821 1724; x_wconf 90' lang='lat' dir='ltr'><strong>bonorum</strong></span> <span class='ocrx_word' id='word_1_376' title='bbox 835 1697 858 1731; x_wconf 84' lang='grc'>⁵,</span> 
     </span>
    </p>
   </div>
   <div class='ocr_carea' id='block_1_52' title="bbox 70 1738 859 1777">
    <p class='ocr_par' dir='ltr' id='par_1_52' title="bbox 70 1738 859 1777">
     <span class='ocr_line' id='line_1_52' title="bbox 70 1738 859 1777; baseline 0.009 -13"><span class='ocrx_word' id='word_1_377' title='bbox 70 1738 210 1766; x_wconf 79' lang='lat' dir='ltr'><strong>transtulit</strong></span> <span class='ocrx_word' id='word_1_378' title='bbox 228 1741 262 1766; x_wconf 87' lang='lat' dir='ltr'><strong>ad</strong></span> <span class='ocrx_word' id='word_1_379' title='bbox 279 1740 364 1774; x_wconf 91' lang='lat' dir='ltr'><strong>ipsam</strong></span> <span class='ocrx_word' id='word_1_380' title='bbox 383 1741 528 1777; x_wconf 79' lang='lat' dir='ltr'><strong>imaginem</strong></span> <span class='ocrx_word' id='word_1_381' title='bbox 547 1749 649 1769; x_wconf 88' lang='lat' dir='ltr'><strong>rerum.</strong></span> <span class='ocrx_word' id='word_1_382' title='bbox 663 1742 717 1769; x_wconf 79' lang='lat' dir='ltr'><strong>Sed</strong></span> <span class='ocrx_word' id='word_1_383' title='bbox 735 1750 769 1769; x_wconf 90' lang='lat' dir='ltr'><strong>ne</strong></span> <span class='ocrx_word' id='word_1_384' title='bbox 787 1742 859 1772; x_wconf 85' lang='lat' dir='ltr'><strong>forte</strong></span> 
     </span>
    </p>
   </div>
   <div class='ocr_carea' id='block_1_53' title="bbox 68 1783 856 1822">
    <p class='ocr_par' dir='ltr' id='par_1_53' title="bbox 68 1783 856 1822">
     <span class='ocr_line' id='line_1_53' title="bbox 68 1783 856 1822; baseline 0.009 -13"><span class='ocrx_word' id='word_1_385' title='bbox 68 1783 173 1811; x_wconf 83' lang='lat' dir='ltr'><strong>diﬁicite</strong></span> <span class='ocrx_word' id='word_1_386' title='bbox 191 1785 239 1812; x_wconf 89' lang='lat' dir='ltr'><strong>tibi</strong></span> <span class='ocrx_word' id='word_1_387' title='bbox 256 1786 366 1820; x_wconf 85' lang='lat' dir='ltr'><strong>probari</strong></span> <span class='ocrx_word' id='word_1_388' title='bbox 385 1793 464 1821; x_wconf 87' lang='lat' dir='ltr'><strong>posse</strong></span> <span class='ocrx_word' id='word_1_389' title='bbox 486 1794 546 1822; x_wconf 73' lang='lat' dir='ltr'><strong>quae</strong></span> <span class='ocrx_word' id='word_1_390' title='bbox 566 1786 684 1815; x_wconf 88' lang='lat' dir='ltr'><strong>dicimus</strong></span> <span class='ocrx_word' id='word_1_391' title='bbox 703 1787 856 1822; x_wconf 87' lang='lat' dir='ltr'><strong>videantur,</strong></span> 
     </span>
    </p>
   </div>
   <div class='ocr_carea' id='block_1_54' title="bbox 69 1830 857 1866">
    <p class='ocr_par' dir='ltr' id='par_1_54' title="bbox 69 1830 857 1866">
     <span class='ocr_line' id='line_1_54' title="bbox 69 1830 857 1866; baseline 0.009 -12"><span class='ocrx_word' id='word_1_392' title='bbox 69 1836 236 1864; x_wconf 84' lang='lat' dir='ltr'><strong>recognosce</strong></span> <span class='ocrx_word' id='word_1_393' title='bbox 249 1837 300 1865; x_wconf 88' lang='lat' dir='ltr'><strong>per</strong></span> <span class='ocrx_word' id='word_1_394' title='bbox 310 1830 429 1865; x_wconf 81' lang='lat' dir='ltr'><strong>singula.</strong></span> <span class='ocrx_word' id='word_1_395' title='bbox 443 1831 508 1859; x_wconf 87' lang='lat' dir='ltr'><strong>Erat</strong></span> <span class='ocrx_word' id='word_1_396' title='bbox 523 1832 598 1866; x_wconf 88' lang='lat' dir='ltr'><strong>prius</strong></span> <span class='ocrx_word' id='word_1_397' title='bbox 619 1831 770 1860; x_wconf 84' lang='lat' dir='ltr'><strong>Jerusalem</strong></span> <span class='ocrx_word' id='word_1_398' title='bbox 793 1834 857 1862; x_wconf 86' lang='lat' dir='ltr'><strong>urbs</strong></span> 
     </span>
    </p>
   </div>
   <div class='ocr_carea' id='block_1_55' title="bbox 67 1874 855 1912">
    <p class='ocr_par' dir='ltr' id='par_1_55' title="bbox 67 1874 855 1912">
     <span class='ocr_line' id='line_1_55' title="bbox 67 1874 855 1912; baseline 0.009 -12"><span class='ocrx_word' id='word_1_399' title='bbox 67 1874 110 1900; x_wconf 83' lang='lat' dir='ltr'><strong>illa</strong></span> <span class='ocrx_word' id='word_1_400' title='bbox 137 1882 236 1910; x_wconf 87' lang='lat' dir='ltr'><strong>magna</strong></span> <span class='ocrx_word' id='word_1_401' title='bbox 268 1876 376 1910; x_wconf 83' lang='lat' dir='ltr'><strong>regalis,</strong></span> <span class='ocrx_word' id='word_1_402' title='bbox 414 1878 459 1904; x_wconf 94' lang='lat' dir='ltr'><strong>ubi</strong></span> <span class='ocrx_word' id='word_1_403' title='bbox 485 1877 614 1912; x_wconf 88' lang='lat' dir='ltr'><strong>templum</strong></span> <span class='ocrx_word' id='word_1_404' title='bbox 642 1878 855 1907; x_wconf 82' lang='lat' dir='ltr'><strong>famosissimum</strong></span> 
     </span>
    </p>
   </div>
   <div class='ocr_carea' id='block_1_56' title="bbox 65 1919 856 1959">
    <p class='ocr_par' dir='ltr' id='par_1_56' title="bbox 65 1919 856 1959">
     <span class='ocr_line' id='line_1_56' title="bbox 65 1919 856 1959; baseline 0.006 -12"><span class='ocrx_word' id='word_1_405' title='bbox 65 1919 143 1956; x_wconf 63' lang='grc'><strong>245</strong></span> <span class='ocrx_word' id='word_1_406' title='bbox 159 1921 214 1948; x_wconf 90' lang='lat' dir='ltr'><strong>Deo</strong></span> <span class='ocrx_word' id='word_1_407' title='bbox 231 1920 320 1949; x_wconf 82' lang='lat' dir='ltr'><strong>fuerat</strong></span> <span class='ocrx_word' id='word_1_408' title='bbox 338 1928 517 1950; x_wconf 82' lang='lat' dir='ltr'><strong>exstructum.</strong></span> <span class='ocrx_word' id='word_1_409' title='bbox 535 1923 718 1959; x_wconf 85' lang='lat' dir='ltr'><strong>Posteaquam</strong></span> <span class='ocrx_word' id='word_1_410' title='bbox 729 1932 795 1952; x_wconf 89' lang='lat' dir='ltr'><strong>vero</strong></span> <span class='ocrx_word' id='word_1_411' title='bbox 808 1933 856 1953; x_wconf 87' lang='lat' dir='ltr'><strong>ve-</strong></span> 
     </span>
    </p>
   </div>
   <div class='ocr_carea' id='block_1_57' title="bbox 64 1967 855 2004">
    <p class='ocr_par' dir='ltr' id='par_1_57' title="bbox 64 1967 855 2004">
     <span class='ocr_line' id='line_1_57' title="bbox 64 1967 855 2004; baseline 0.009 -12"><span class='ocrx_word' id='word_1_412' title='bbox 64 1967 100 1993; x_wconf 77' lang='lat' dir='ltr'><strong>nit</strong></span> <span class='ocrx_word' id='word_1_413' title='bbox 117 1967 173 1999; x_wconf 79' lang='lat' dir='ltr'><strong>Ille,</strong></span> <span class='ocrx_word' id='word_1_414' title='bbox 189 1967 235 2001; x_wconf 92' lang='lat' dir='ltr'><strong>qui</strong></span> <span class='ocrx_word' id='word_1_415' title='bbox 259 1971 320 1994; x_wconf 92' lang='lat' dir='ltr'><strong>erat</strong></span> <span class='ocrx_word' id='word_1_416' title='bbox 342 1975 435 1995; x_wconf 86' lang='lat' dir='ltr'><strong>verum</strong></span> <span class='ocrx_word' id='word_1_417' title='bbox 458 1969 586 2003; x_wconf 88' lang='lat' dir='ltr'><strong>templum</strong></span> <span class='ocrx_word' id='word_1_418' title='bbox 613 1969 672 2004; x_wconf 88' lang='lat' dir='ltr'><strong>Dei,</strong></span> <span class='ocrx_word' id='word_1_419' title='bbox 697 1975 725 1997; x_wconf 90' lang='lat' dir='ltr'><strong>et</strong></span> <span class='ocrx_word' id='word_1_420' title='bbox 749 1971 855 2000; x_wconf 89' lang='lat' dir='ltr'><strong>dicebat</strong></span> 
     </span>
    </p>
   </div>
   <div class='ocr_carea' id='block_1_58' title="bbox 64 2013 851 2051">
    <p class='ocr_par' dir='ltr' id='par_1_58' title="bbox 64 2013 851 2051">
     <span class='ocr_line' id='line_1_58' title="bbox 64 2013 851 2051; baseline 0.006 -12"><span class='ocrx_word' id='word_1_421' title='bbox 64 2013 93 2039; x_wconf 91' lang='lat' dir='ltr'><strong>de</strong></span> <span class='ocrx_word' id='word_1_422' title='bbox 108 2013 213 2046; x_wconf 87' lang='lat' dir='ltr'><strong>templo</strong></span> <span class='ocrx_word' id='word_1_423' title='bbox 226 2014 350 2048; x_wconf 80' lang='lat' dir='ltr'><strong>carperis</strong></span> <span class='ocrx_word' id='word_1_424' title='bbox 361 2014 404 2041; x_wconf 80' lang='lat' dir='ltr'><strong>sui</strong></span> <span class='ocrx_word' id='word_1_425' title='bbox 422 2022 429 2041; x_wconf 88' lang='lat'><strong>:</strong></span> <span class='ocrx_word' id='word_1_426' title='bbox 447 2023 456 2040; x_wconf 76' lang='grc' dir='ltr'><strong>ι</strong></span> <span class='ocrx_word' id='word_1_427' title='bbox 474 2013 576 2042; x_wconf 86' lang='lat' dir='ltr'><strong>Solvite</strong></span> <span class='ocrx_word' id='word_1_428' title='bbox 589 2015 717 2050; x_wconf 82' lang='lat' dir='ltr'><strong>templum</strong></span> <span class='ocrx_word' id='word_1_429' title='bbox 731 2016 781 2044; x_wconf 90' lang='lat' dir='ltr'><strong>hoc</strong></span> <span class='ocrx_word' id='word_1_430' title='bbox 792 2017 802 2032; x_wconf 75' lang='lat'><em>&quot;</em></span> <span class='ocrx_word' id='word_1_431' title='bbox 817 2037 825 2051; x_wconf 83' lang='lat'><strong>,</strong></span> <span class='ocrx_word' id='word_1_432' title='bbox 842 2025 851 2044; x_wconf 78' lang='grc' dir='ltr'><strong>ι</strong></span> 
     </span>
    </p>
   </div>
   <div class='ocr_carea' id='block_1_59' title="bbox 62 2059 853 2099">
    <p class='ocr_par' dir='ltr' id='par_1_59' title="bbox 62 2059 853 2099">
     <span class='ocr_line' id='line_1_59' title="bbox 62 2059 853 2099; baseline 0.009 -14"><span class='ocrx_word' id='word_1_433' title='bbox 62 2063 87 2085; x_wconf 88' lang='lat' dir='ltr'><strong>et</strong></span> <span class='ocrx_word' id='word_1_434' title='bbox 109 2060 174 2093; x_wconf 83' lang='lat' dir='ltr'><strong>quia</strong></span> <span class='ocrx_word' id='word_1_435' title='bbox 192 2059 313 2086; x_wconf 67' lang='lat' dir='ltr'><strong>caelestis</strong></span> <span class='ocrx_word' id='word_1_436' title='bbox 334 2059 485 2087; x_wconf 83' lang='lat' dir='ltr'><strong>Jerusalem</strong></span> <span class='ocrx_word' id='word_1_437' title='bbox 513 2062 596 2096; x_wconf 61' lang='lat' dir='ltr'><strong>coepit</strong></span> <span class='ocrx_word' id='word_1_438' title='bbox 617 2063 724 2097; x_wconf 86' lang='lat' dir='ltr'><strong>aperire</strong></span> <span class='ocrx_word' id='word_1_439' title='bbox 745 2069 853 2099; x_wconf 60' lang='lat' dir='ltr'><strong>tnyste»</strong></span> 
     </span>
    </p>
   </div>
   <div class='ocr_carea' id='block_1_60' title="bbox 63 2104 851 2144">
    <p class='ocr_par' dir='ltr' id='par_1_60' title="bbox 63 2104 851 2144">
     <span class='ocr_line' id='line_1_60' title="bbox 63 2104 851 2144; baseline 0.009 -14"><span class='ocrx_word' id='word_1_440' title='bbox 63 2104 98 2130; x_wconf 85' lang='lat' dir='ltr'><strong>ria</strong></span> <span class='ocrx_word' id='word_1_441' title='bbox 115 2105 234 2137; x_wconf 78' lang='lat' dir='ltr'><strong>:,deleta</strong></span> <span class='ocrx_word' id='word_1_442' title='bbox 252 2111 293 2132; x_wconf 76' lang='lat' dir='ltr'><strong>est</strong></span> <span class='ocrx_word' id='word_1_443' title='bbox 310 2105 355 2132; x_wconf 92' lang='lat' dir='ltr'><strong>illa</strong></span> <span class='ocrx_word' id='word_1_444' title='bbox 373 2111 493 2138; x_wconf 88' lang='lat' dir='ltr'><strong>terrena,</strong></span> <span class='ocrx_word' id='word_1_445' title='bbox 511 2107 556 2134; x_wconf 85' lang='lat' dir='ltr'><strong>ubi</strong></span> <span class='ocrx_word' id='word_1_446' title='bbox 573 2107 695 2136; x_wconf 72' lang='lat' dir='ltr'><strong>cmlestis</strong></span> <span class='ocrx_word' id='word_1_447' title='bbox 705 2110 829 2144; x_wconf 88' lang='lat' dir='ltr'><strong>apparuit</strong></span> <span class='ocrx_word' id='word_1_448' title='bbox 844 2119 851 2137; x_wconf 91' lang='lat'>:</span> 
     </span>
    </p>
   </div>
   <div class='ocr_carea' id='block_1_61' title="bbox 61 2148 850 2188">
    <p class='ocr_par' dir='ltr' id='par_1_61' title="bbox 61 2148 850 2188">
     <span class='ocr_line' id='line_1_61' title="bbox 61 2148 850 2188; baseline 0.01 -15"><span class='ocrx_word' id='word_1_449' title='bbox 61 2148 85 2174; x_wconf 86' lang='lat' dir='ltr'><strong>iu</strong></span> <span class='ocrx_word' id='word_1_450' title='bbox 99 2148 204 2183; x_wconf 88' lang='lat' dir='ltr'><strong>templo</strong></span> <span class='ocrx_word' id='word_1_451' title='bbox 227 2148 273 2176; x_wconf 88' lang='lat' dir='ltr'><strong>illo</strong></span> <span class='ocrx_word' id='word_1_452' title='bbox 298 2157 352 2176; x_wconf 87' lang='lat' dir='ltr'><strong>non</strong></span> <span class='ocrx_word' id='word_1_453' title='bbox 371 2149 502 2176; x_wconf 79' lang='lat' dir='ltr'><strong>remansit</strong></span> <span class='ocrx_word' id='word_1_454' title='bbox 527 2150 595 2185; x_wconf 89' lang='lat' dir='ltr'><strong>lapis</strong></span> <span class='ocrx_word' id='word_1_455' title='bbox 618 2159 701 2186; x_wconf 80' lang='lat' dir='ltr'><strong>super</strong></span> <span class='ocrx_word' id='word_1_456' title='bbox 725 2153 850 2188; x_wconf 84' lang='lat' dir='ltr'><strong>lapidem,</strong></span> 
     </span>
    </p>
   </div>
   <div class='ocr_carea' id='block_1_62' title="bbox 62 2197 849 2232">
    <p class='ocr_par' dir='ltr' id='par_1_62' title="bbox 62 2197 849 2232">
     <span class='ocr_line' id='line_1_62' title="bbox 62 2197 849 2232; baseline 0.006 -9"><span class='ocrx_word' id='word_1_457' title='bbox 62 2205 90 2223; x_wconf 80' lang='lat' dir='ltr'><strong>ex</strong></span> <span class='ocrx_word' id='word_1_458' title='bbox 105 2204 162 2232; x_wconf 92' lang='lat' dir='ltr'><strong>quo</strong></span> <span class='ocrx_word' id='word_1_459' title='bbox 174 2204 270 2224; x_wconf 77' lang='lat' dir='ltr'><strong>verum</strong></span> <span class='ocrx_word' id='word_1_460' title='bbox 290 2197 418 2232; x_wconf 84' lang='lat' dir='ltr'><strong>templum</strong></span> <span class='ocrx_word' id='word_1_461' title='bbox 435 2199 482 2226; x_wconf 85' lang='lat' dir='ltr'><strong>Dei</strong></span> <span class='ocrx_word' id='word_1_462' title='bbox 505 2199 578 2226; x_wconf 75' lang='lat' dir='ltr'><strong>facta</strong></span> <span class='ocrx_word' id='word_1_463' title='bbox 602 2203 643 2227; x_wconf 89' lang='lat' dir='ltr'><strong>est</strong></span> <span class='ocrx_word' id='word_1_464' title='bbox 658 2207 724 2227; x_wconf 87' lang='lat' dir='ltr'><strong>caro</strong></span> <span class='ocrx_word' id='word_1_465' title='bbox 738 2200 849 2228; x_wconf 87' lang='lat' dir='ltr'><strong>Christi.</strong></span> 
     </span>
    </p>
   </div>
   <div class='ocr_carea' id='block_1_63' title="bbox 925 952 1713 992">
    <p class='ocr_par' dir='ltr' id='par_1_63' title="bbox 925 952 1713 992">
     <span class='ocr_line' id='line_1_63' title="bbox 925 952 1713 992; baseline 0.009 -14"><span class='ocrx_word' id='word_1_466' title='bbox 925 960 934 976; x_wconf 76' lang='grc' dir='ltr'><strong>ι</strong></span> <span class='ocrx_word' id='word_1_467' title='bbox 949 952 1085 980; x_wconf 84' lang='lat' dir='ltr'><strong>obnoxius</strong></span> <span class='ocrx_word' id='word_1_468' title='bbox 1109 958 1151 980; x_wconf 89' lang='lat' dir='ltr'><strong>est</strong></span> <span class='ocrx_word' id='word_1_469' title='bbox 1178 954 1314 982; x_wconf 68' lang='lat' dir='ltr'><strong>universae</strong></span> <span class='ocrx_word' id='word_1_470' title='bbox 1341 955 1408 990; x_wconf 80' lang='lat' dir='ltr'><strong>legis</strong></span> <span class='ocrx_word' id='word_1_471' title='bbox 1434 955 1566 984; x_wconf 67' lang='lat' dir='ltr'><strong>facienda:</strong></span> <span class='ocrx_word' id='word_1_472' title='bbox 1587 956 1608 984; x_wconf 84' lang='grc'><strong>⁷.</strong></span> <span class='ocrx_word' id='word_1_473' title='bbox 1628 967 1638 983; x_wconf 74' lang='grc' dir='ltr'><strong>ι</strong></span> <span class='ocrx_word' id='word_1_474' title='bbox 1660 958 1713 992; x_wconf 82' lang='lat' dir='ltr'><strong>Qui</strong></span> 
     </span>
    </p>
   </div>
   <div class='ocr_carea' id='block_1_64' title="bbox 921 998 1713 1033">
    <p class='ocr_par' dir='ltr' id='par_1_64' title="bbox 921 998 1713 1033">
     <span class='ocr_line' id='line_1_64' title="bbox 921 998 1713 1033; baseline 0.009 -9"><span class='ocrx_word' id='word_1_475' title='bbox 921 1004 986 1033; x_wconf 83' lang='lat' dir='ltr'><strong>ergo</strong></span> <span class='ocrx_word' id='word_1_476' title='bbox 1000 998 1128 1026; x_wconf 84' lang='lat' dir='ltr'><strong>observat</strong></span> <span class='ocrx_word' id='word_1_477' title='bbox 1146 999 1196 1026; x_wconf 83' lang='lat' dir='ltr'><strong>ista</strong></span> <span class='ocrx_word' id='word_1_478' title='bbox 1211 999 1330 1033; x_wconf 87' lang='lat' dir='ltr'><strong>jejuuia,</strong></span> <span class='ocrx_word' id='word_1_479' title='bbox 1355 1001 1486 1029; x_wconf 86' lang='lat' dir='ltr'><strong>ascendat</strong></span> <span class='ocrx_word' id='word_1_480' title='bbox 1499 1006 1526 1028; x_wconf 86' lang='lat' dir='ltr'><strong>et</strong></span> <span class='ocrx_word' id='word_1_481' title='bbox 1541 1006 1582 1030; x_wconf 88' lang='lat' dir='ltr'><strong>ter</strong></span> <span class='ocrx_word' id='word_1_482' title='bbox 1596 1002 1622 1030; x_wconf 91' lang='lat' dir='ltr'><strong>in</strong></span> <span class='ocrx_word' id='word_1_483' title='bbox 1641 1011 1713 1032; x_wconf 87' lang='lat' dir='ltr'><strong>anno</strong></span> 
     </span>
    </p>
   </div>
   <div class='ocr_carea' id='block_1_65' title="bbox 921 1043 1712 1084">
    <p class='ocr_par' dir='ltr' id='par_1_65' title="bbox 921 1043 1712 1084">
     <span class='ocr_line' id='line_1_65' title="bbox 921 1043 1712 1084; baseline 0.01 -14"><span class='ocrx_word' id='word_1_484' title='bbox 921 1044 948 1070; x_wconf 92' lang='lat' dir='ltr'><strong>in</strong></span> <span class='ocrx_word' id='word_1_485' title='bbox 969 1043 1121 1072; x_wconf 80' lang='lat' dir='ltr'><strong>Jerusalem</strong></span> <span class='ocrx_word' id='word_1_486' title='bbox 1134 1065 1141 1078; x_wconf 95' lang='lat'><strong>,</strong></span> <span class='ocrx_word' id='word_1_487' title='bbox 1168 1051 1197 1072; x_wconf 90' lang='lat' dir='ltr'><strong>ut</strong></span> <span class='ocrx_word' id='word_1_488' title='bbox 1219 1049 1348 1081; x_wconf 86' lang='lat' dir='ltr'><strong>appareat</strong></span> <span class='ocrx_word' id='word_1_489' title='bbox 1364 1052 1426 1075; x_wconf 89' lang='lat' dir='ltr'><strong>ante</strong></span> <span class='ocrx_word' id='word_1_490' title='bbox 1442 1047 1570 1083; x_wconf 89' lang='lat' dir='ltr'><strong>templum</strong></span> <span class='ocrx_word' id='word_1_491' title='bbox 1593 1049 1712 1084; x_wconf 90' lang='lat' dir='ltr'><strong>Domini,</strong></span> 
     </span>
    </p>
   </div>
   <div class='ocr_carea' id='block_1_66' title="bbox 921 1090 1712 1132">
    <p class='ocr_par' dir='ltr' id='par_1_66' title="bbox 921 1090 1712 1132">
     <span class='ocr_line' id='line_1_66' title="bbox 921 1090 1712 1132; baseline 0.01 -16"><span class='ocrx_word' id='word_1_492' title='bbox 921 1094 950 1116; x_wconf 90' lang='lat' dir='ltr'><strong>ut</strong></span> <span class='ocrx_word' id='word_1_493' title='bbox 968 1090 1066 1118; x_wconf 85' lang='lat' dir='ltr'><strong>efferat</strong></span> <span class='ocrx_word' id='word_1_494' title='bbox 1081 1098 1110 1118; x_wconf 89' lang='lat' dir='ltr'><strong>se</strong></span> <span class='ocrx_word' id='word_1_495' title='bbox 1121 1092 1272 1124; x_wconf 85' lang='lat' dir='ltr'><strong>sacerdoti;</strong></span> <span class='ocrx_word' id='word_1_496' title='bbox 1288 1093 1408 1127; x_wconf 89' lang='lat' dir='ltr'><strong>requirat</strong></span> <span class='ocrx_word' id='word_1_497' title='bbox 1424 1093 1511 1122; x_wconf 90' lang='lat' dir='ltr'><strong>altare</strong></span> <span class='ocrx_word' id='word_1_498' title='bbox 1523 1095 1596 1130; x_wconf 90' lang='lat' dir='ltr'><strong>quod</strong></span> <span class='ocrx_word' id='word_1_499' title='bbox 1611 1096 1636 1124; x_wconf 93' lang='lat' dir='ltr'><strong>in</strong></span> <span class='ocrx_word' id='word_1_500' title='bbox 1653 1097 1712 1132; x_wconf 86' lang='lat' dir='ltr'><strong>pul-</strong></span> 
     </span>
    </p>
   </div>
   <div class='ocr_carea' id='block_1_67' title="bbox 920 1137 1709 1170">
    <p class='ocr_par' dir='ltr' id='par_1_67' title="bbox 920 1137 1709 1170">
     <span class='ocr_line' id='line_1_67' title="bbox 920 1137 1709 1170; baseline 0.011 -11"><span class='ocrx_word' id='word_1_501' title='bbox 920 1142 1011 1163; x_wconf 81' lang='lat' dir='ltr'><strong>verem</strong></span> <span class='ocrx_word' id='word_1_502' title='bbox 1036 1143 1142 1163; x_wconf 74' lang='lat' dir='ltr'><strong>versum</strong></span> <span class='ocrx_word' id='word_1_503' title='bbox 1170 1141 1232 1170; x_wconf 86' lang='lat' dir='ltr'><strong>est,</strong></span> <span class='ocrx_word' id='word_1_504' title='bbox 1260 1137 1358 1165; x_wconf 74' lang='lat' dir='ltr'><strong>oﬁerat</strong></span> <span class='ocrx_word' id='word_1_505' title='bbox 1382 1137 1486 1166; x_wconf 87' lang='lat' dir='ltr'><strong>hostias</strong></span> <span class='ocrx_word' id='word_1_506' title='bbox 1509 1139 1584 1167; x_wconf 93' lang='lat' dir='ltr'><strong>nullo</strong></span> <span class='ocrx_word' id='word_1_507' title='bbox 1602 1147 1709 1168; x_wconf 80' lang='lat' dir='ltr'><strong>astante</strong></span> 
     </span>
    </p>
   </div>
   <div class='ocr_carea' id='block_1_68' title="bbox 918 1181 1707 1222">
    <p class='ocr_par' dir='ltr' id='par_1_68' title="bbox 918 1181 1707 1222">
     <span class='ocr_line' id='line_1_68' title="bbox 918 1181 1707 1222; baseline 0.009 -14"><span class='ocrx_word' id='word_1_508' title='bbox 918 1182 1056 1216; x_wconf 85' lang='lat' dir='ltr'><strong>pontiﬁce.</strong></span> <span class='ocrx_word' id='word_1_509' title='bbox 1080 1181 1219 1218; x_wconf 90' lang='lat' dir='ltr'><strong>Scriptum</strong></span> <span class='ocrx_word' id='word_1_510' title='bbox 1235 1187 1276 1210; x_wconf 92' lang='lat' dir='ltr'><strong>est</strong></span> <span class='ocrx_word' id='word_1_511' title='bbox 1295 1183 1367 1210; x_wconf 89' lang='lat' dir='ltr'><strong>enint</strong></span> <span class='ocrx_word' id='word_1_512' title='bbox 1380 1183 1407 1218; x_wconf 83' lang='lat'><strong>&#39;,</strong></span> <span class='ocrx_word' id='word_1_513' title='bbox 1429 1188 1458 1211; x_wconf 91' lang='lat' dir='ltr'><strong>ut</strong></span> <span class='ocrx_word' id='word_1_514' title='bbox 1472 1185 1540 1213; x_wconf 90' lang='lat' dir='ltr'><strong>duos</strong></span> <span class='ocrx_word' id='word_1_515' title='bbox 1555 1186 1646 1215; x_wconf 84' lang='lat' dir='ltr'><strong>hircos</strong></span> <span class='ocrx_word' id='word_1_516' title='bbox 1668 1188 1707 1222; x_wconf 78' lang='lat' dir='ltr'><strong>jn-</strong></span> 
     </span>
    </p>
   </div>
   <div class='ocr_carea' id='block_1_69' title="bbox 915 1226 1708 1267">
    <p class='ocr_par' dir='ltr' id='par_1_69' title="bbox 915 1226 1708 1267">
     <span class='ocr_line' id='line_1_69' title="bbox 915 1226 1708 1267; baseline 0.011 -15"><span class='ocrx_word' id='word_1_517' title='bbox 915 1226 1018 1260; x_wconf 83' lang='lat' dir='ltr'><strong>junans</strong></span> <span class='ocrx_word' id='word_1_518' title='bbox 1030 1227 1146 1261; x_wconf 87' lang='lat' dir='ltr'><strong>populus</strong></span> <span class='ocrx_word' id='word_1_519' title='bbox 1162 1227 1259 1255; x_wconf 83' lang='lat' dir='ltr'><strong>oﬂ&#39;erat</strong></span> <span class='ocrx_word' id='word_1_520' title='bbox 1278 1228 1455 1262; x_wconf 87' lang='lat' dir='ltr'><strong>sacriﬁcium,</strong></span> <span class='ocrx_word' id='word_1_521' title='bbox 1474 1238 1556 1265; x_wconf 89' lang='lat' dir='ltr'><strong>super</strong></span> <span class='ocrx_word' id='word_1_522' title='bbox 1568 1239 1636 1267; x_wconf 89' lang='lat' dir='ltr'><strong>quos</strong></span> <span class='ocrx_word' id='word_1_523' title='bbox 1647 1241 1708 1261; x_wconf 84' lang='lat' dir='ltr'><strong>sor-</strong></span> 
     </span>
    </p>
   </div>
   <div class='ocr_carea' id='block_1_70' title="bbox 919 1273 1708 1314">
    <p class='ocr_par' dir='ltr' id='par_1_70' title="bbox 919 1273 1708 1314">
     <span class='ocr_line' id='line_1_70' title="bbox 919 1273 1708 1314; baseline 0.01 -14"><span class='ocrx_word' id='word_1_524' title='bbox 919 1277 958 1300; x_wconf 86' lang='lat' dir='ltr'><strong>tes</strong></span> <span class='ocrx_word' id='word_1_525' title='bbox 970 1273 1041 1300; x_wconf 83' lang='lat' dir='ltr'><strong>milti</strong></span> <span class='ocrx_word' id='word_1_526' title='bbox 1059 1273 1186 1306; x_wconf 87' lang='lat' dir='ltr'><strong>debeant,</strong></span> <span class='ocrx_word' id='word_1_527' title='bbox 1204 1279 1233 1302; x_wconf 90' lang='lat' dir='ltr'><strong>ut</strong></span> <span class='ocrx_word' id='word_1_528' title='bbox 1246 1282 1315 1302; x_wconf 87' lang='lat' dir='ltr'><strong>unus</strong></span> <span class='ocrx_word' id='word_1_529' title='bbox 1334 1281 1366 1302; x_wconf 88' lang='lat' dir='ltr'><strong>ex</strong></span> <span class='ocrx_word' id='word_1_530' title='bbox 1382 1275 1425 1303; x_wconf 87' lang='lat' dir='ltr'><strong>his</strong></span> <span class='ocrx_word' id='word_1_531' title='bbox 1445 1275 1491 1304; x_wconf 88' lang='lat' dir='ltr'><strong>ﬁat</strong></span> <span class='ocrx_word' id='word_1_532' title='bbox 1513 1277 1620 1306; x_wconf 88' lang='lat' dir='ltr'><strong>Domini</strong></span> <span class='ocrx_word' id='word_1_533' title='bbox 1637 1287 1708 1314; x_wconf 82' lang='lat' dir='ltr'><strong>sors.</strong></span> 
     </span>
    </p>
   </div>
   <div class='ocr_carea' id='block_1_71' title="bbox 917 1318 1708 1360">
    <p class='ocr_par' dir='ltr' id='par_1_71' title="bbox 917 1318 1708 1360">
     <span class='ocr_line' id='line_1_71' title="bbox 917 1318 1708 1360; baseline 0.011 -15"><span class='ocrx_word' id='word_1_534' title='bbox 917 1323 943 1346; x_wconf 88' lang='lat' dir='ltr'><strong>et</strong></span> <span class='ocrx_word' id='word_1_535' title='bbox 955 1318 1046 1346; x_wconf 86' lang='lat' dir='ltr'><strong>hostia</strong></span> <span class='ocrx_word' id='word_1_536' title='bbox 1061 1319 1176 1347; x_wconf 91' lang='lat' dir='ltr'><strong>Domino</strong></span> <span class='ocrx_word' id='word_1_537' title='bbox 1190 1318 1337 1354; x_wconf 80' lang='lat' dir='ltr'><strong>offeratur;</strong></span> <span class='ocrx_word' id='word_1_538' title='bbox 1360 1321 1475 1350; x_wconf 86' lang='lat' dir='ltr'><strong>alterius</strong></span> <span class='ocrx_word' id='word_1_539' title='bbox 1489 1330 1554 1351; x_wconf 84' lang='lat' dir='ltr'><strong>vero</strong></span> <span class='ocrx_word' id='word_1_540' title='bbox 1575 1332 1635 1353; x_wconf 85' lang='lat' dir='ltr'><strong>sers</strong></span> <span class='ocrx_word' id='word_1_541' title='bbox 1650 1326 1708 1360; x_wconf 82' lang='lat' dir='ltr'><strong>llat,</strong></span> 
     </span>
    </p>
   </div>
   <div class='ocr_carea' id='block_1_72' title="bbox 917 1365 1707 1404">
    <p class='ocr_par' dir='ltr' id='par_1_72' title="bbox 917 1365 1707 1404">
     <span class='ocr_line' id='line_1_72' title="bbox 917 1365 1707 1404; baseline 0.013 -13"><span class='ocrx_word' id='word_1_542' title='bbox 917 1369 947 1392; x_wconf 90' lang='lat' dir='ltr'><strong>ut</strong></span> <span class='ocrx_word' id='word_1_543' title='bbox 964 1365 1117 1393; x_wconf 90' lang='lat' dir='ltr'><strong>dimittatur</strong></span> <span class='ocrx_word' id='word_1_544' title='bbox 1139 1366 1166 1393; x_wconf 88' lang='lat' dir='ltr'><strong>in</strong></span> <span class='ocrx_word' id='word_1_545' title='bbox 1191 1373 1312 1394; x_wconf 88' lang='lat' dir='ltr'><strong>eremuut</strong></span> <span class='ocrx_word' id='word_1_546' title='bbox 1338 1367 1416 1395; x_wconf 84' lang='lat' dir='ltr'><strong>vivus</strong></span> <span class='ocrx_word' id='word_1_547' title='bbox 1429 1389 1437 1402; x_wconf 85' lang='lat'><strong>,</strong></span> <span class='ocrx_word' id='word_1_548' title='bbox 1456 1369 1502 1404; x_wconf 91' lang='lat' dir='ltr'><strong>qui</strong></span> <span class='ocrx_word' id='word_1_549' title='bbox 1518 1374 1546 1397; x_wconf 86' lang='lat' dir='ltr'><strong>et</strong></span> <span class='ocrx_word' id='word_1_550' title='bbox 1562 1369 1662 1399; x_wconf 73' lang='lat' dir='ltr'><strong>habent</strong></span> <span class='ocrx_word' id='word_1_551' title='bbox 1680 1372 1707 1400; x_wconf 93' lang='lat' dir='ltr'><strong>ln</strong></span> 
     </span>
    </p>
   </div>
   <div class='ocr_carea' id='block_1_73' title="bbox 916 1412 1708 1453">
    <p class='ocr_par' dir='ltr' id='par_1_73' title="bbox 916 1412 1708 1453">
     <span class='ocr_line' id='line_1_73' title="bbox 916 1412 1708 1453; baseline 0.01 -15"><span class='ocrx_word' id='word_1_552' title='bbox 916 1419 946 1439; x_wconf 85' lang='lat' dir='ltr'><strong>se</strong></span> <span class='ocrx_word' id='word_1_553' title='bbox 969 1416 1081 1446; x_wconf 86' lang='lat' dir='ltr'><strong>peccata</strong></span> <span class='ocrx_word' id='word_1_554' title='bbox 1107 1412 1211 1447; x_wconf 88' lang='lat' dir='ltr'><strong>populi.</strong></span> <span class='ocrx_word' id='word_1_555' title='bbox 1241 1412 1303 1440; x_wconf 68' lang='lat' dir='ltr'><strong>llaec</strong></span> <span class='ocrx_word' id='word_1_556' title='bbox 1325 1414 1374 1442; x_wconf 85' lang='lat' dir='ltr'><strong>tibi</strong></span> <span class='ocrx_word' id='word_1_557' title='bbox 1397 1415 1489 1443; x_wconf 85' lang='lat' dir='ltr'><strong>omnia</strong></span> <span class='ocrx_word' id='word_1_558' title='bbox 1507 1423 1708 1453; x_wconf 84' lang='lat' dir='ltr'><strong>consequenter</strong></span> 
     </span>
    </p>
   </div>
   <div class='ocr_carea' id='block_1_74' title="bbox 915 1457 1706 1498">
    <p class='ocr_par' dir='ltr' id='par_1_74' title="bbox 915 1457 1706 1498">
     <span class='ocr_line' id='line_1_74' title="bbox 915 1457 1706 1498; baseline 0.011 -15"><span class='ocrx_word' id='word_1_559' title='bbox 915 1457 1048 1492; x_wconf 88' lang='lat' dir='ltr'><strong>explenda</strong></span> <span class='ocrx_word' id='word_1_560' title='bbox 1063 1462 1136 1492; x_wconf 84' lang='lat' dir='ltr'><strong>sunt,</strong></span> <span class='ocrx_word' id='word_1_561' title='bbox 1155 1458 1199 1493; x_wconf 90' lang='lat' dir='ltr'><strong>qui</strong></span> <span class='ocrx_word' id='word_1_562' title='bbox 1223 1459 1264 1486; x_wconf 90' lang='lat' dir='ltr'><strong>vis</strong></span> <span class='ocrx_word' id='word_1_563' title='bbox 1279 1460 1429 1488; x_wconf 87' lang='lat' dir='ltr'><strong>secundum</strong></span> <span class='ocrx_word' id='word_1_564' title='bbox 1452 1467 1617 1497; x_wconf 73' lang='lat' dir='ltr'><strong>praeceptum</strong></span> <span class='ocrx_word' id='word_1_565' title='bbox 1640 1464 1706 1498; x_wconf 58' lang='lat' dir='ltr'><strong>legis</strong></span> 
     </span>
    </p>
   </div>
   <div class='ocr_carea' id='block_1_75' title="bbox 915 1503 1705 1546">
    <p class='ocr_par' dir='ltr' id='par_1_75' title="bbox 915 1503 1705 1546">
     <span class='ocr_line' id='line_1_75' title="bbox 915 1503 1705 1546; baseline 0.011 -17"><span class='ocrx_word' id='word_1_566' title='bbox 915 1504 1060 1531; x_wconf 84' lang='lat' dir='ltr'><strong>observare</strong></span> <span class='ocrx_word' id='word_1_567' title='bbox 1083 1503 1215 1538; x_wconf 88' lang='lat' dir='ltr'><strong>jejunium</strong></span> <span class='ocrx_word' id='word_1_568' title='bbox 1241 1513 1248 1532; x_wconf 87' lang='lat'><strong>:</strong></span> <span class='ocrx_word' id='word_1_569' title='bbox 1272 1505 1305 1533; x_wconf 90' lang='lat' dir='ltr'><strong>de</strong></span> <span class='ocrx_word' id='word_1_570' title='bbox 1321 1506 1420 1540; x_wconf 81' lang='lat' dir='ltr'><strong>quibus</strong></span> <span class='ocrx_word' id='word_1_571' title='bbox 1444 1515 1460 1535; x_wconf 86' lang='lat' dir='ltr'><strong>a</strong></span> <span class='ocrx_word' id='word_1_572' title='bbox 1478 1508 1555 1537; x_wconf 91' lang='lat' dir='ltr'><strong>nobis</strong></span> <span class='ocrx_word' id='word_1_573' title='bbox 1575 1511 1683 1546; x_wconf 85' lang='lat' dir='ltr'><strong>quidem</strong></span> <span class='ocrx_word' id='word_1_574' title='bbox 1698 1532 1705 1544; x_wconf 84' lang='lat'><strong>,</strong></span> 
     </span>
    </p>
   </div>
   <div class='ocr_carea' id='block_1_76' title="bbox 914 1550 1704 1588">
    <p class='ocr_par' dir='ltr' id='par_1_76' title="bbox 914 1550 1704 1588">
     <span class='ocr_line' id='line_1_76' title="bbox 914 1550 1704 1588; baseline 0.011 -13"><span class='ocrx_word' id='word_1_575' title='bbox 914 1554 996 1584; x_wconf 89' lang='lat' dir='ltr'><strong>prout</strong></span> <span class='ocrx_word' id='word_1_576' title='bbox 1016 1550 1167 1584; x_wconf 88' lang='lat' dir='ltr'><strong>potuimus,</strong></span> <span class='ocrx_word' id='word_1_577' title='bbox 1195 1551 1329 1587; x_wconf 89' lang='lat' dir='ltr'><strong>superiori</strong></span> <span class='ocrx_word' id='word_1_578' title='bbox 1355 1552 1540 1588; x_wconf 86' lang='lat' dir='ltr'><strong>disputatione</strong></span> <span class='ocrx_word' id='word_1_579' title='bbox 1557 1555 1704 1584; x_wconf 87' lang='lat' dir='ltr'><strong>dissertum</strong></span> 
     </span>
    </p>
   </div>
   <div class='ocr_carea' id='block_1_77' title="bbox 914 1595 1705 1634">
    <p class='ocr_par' dir='ltr' id='par_1_77' title="bbox 914 1595 1705 1634">
     <span class='ocr_line' id='line_1_77' title="bbox 914 1595 1705 1634; baseline 0.011 -12"><span class='ocrx_word' id='word_1_580' title='bbox 914 1600 964 1623; x_wconf 83' lang='lat' dir='ltr'><strong>est.</strong></span> <span class='ocrx_word' id='word_1_581' title='bbox 982 1595 1084 1624; x_wconf 87' lang='lat' dir='ltr'><strong>Tamen</strong></span> <span class='ocrx_word' id='word_1_582' title='bbox 1105 1597 1234 1631; x_wconf 88' lang='lat' dir='ltr'><strong>queuiam</strong></span> <span class='ocrx_word' id='word_1_583' title='bbox 1255 1597 1331 1627; x_wconf 83' lang='lat' dir='ltr'><strong>dives</strong></span> <span class='ocrx_word' id='word_1_584' title='bbox 1346 1603 1388 1626; x_wconf 91' lang='lat' dir='ltr'><strong>est</strong></span> <span class='ocrx_word' id='word_1_585' title='bbox 1415 1607 1507 1629; x_wconf 87' lang='lat' dir='ltr'><strong>sermo</strong></span> <span class='ocrx_word' id='word_1_586' title='bbox 1529 1602 1589 1634; x_wconf 87' lang='lat' dir='ltr'><strong>Dei,</strong></span> <span class='ocrx_word' id='word_1_587' title='bbox 1608 1607 1635 1630; x_wconf 89' lang='lat' dir='ltr'><strong>et</strong></span> <span class='ocrx_word' id='word_1_588' title='bbox 1661 1610 1705 1631; x_wconf 79' lang='lat' dir='ltr'><strong>se-</strong></span> 
     </span>
    </p>
   </div>
   <div class='ocr_carea' id='block_1_78' title="bbox 912 1642 1703 1683">
    <p class='ocr_par' dir='ltr' id='par_1_78' title="bbox 912 1642 1703 1683">
     <span class='ocr_line' id='line_1_78' title="bbox 912 1642 1703 1683; baseline 0.011 -15"><span class='ocrx_word' id='word_1_589' title='bbox 912 1642 1029 1669; x_wconf 87' lang='lat' dir='ltr'><strong>cunduut</strong></span> <span class='ocrx_word' id='word_1_590' title='bbox 1056 1643 1220 1670; x_wconf 88' lang='lat' dir='ltr'><strong>sententiam</strong></span> <span class='ocrx_word' id='word_1_591' title='bbox 1250 1643 1407 1672; x_wconf 81' lang='lat' dir='ltr'><strong>Salomonis</strong></span> <span class='ocrx_word' id='word_1_592' title='bbox 1425 1645 1437 1662; x_wconf 78' lang='grc'><strong>⁹</strong></span> <span class='ocrx_word' id='word_1_593' title='bbox 1456 1653 1509 1674; x_wconf 92' lang='lat' dir='ltr'><strong>non</strong></span> <span class='ocrx_word' id='word_1_594' title='bbox 1533 1647 1703 1683; x_wconf 84' lang='lat' dir='ltr'><strong>simpliciter,</strong></span> 
     </span>
    </p>
   </div>
   <div class='ocr_carea' id='block_1_79' title="bbox 911 1688 1704 1725">
    <p class='ocr_par' dir='ltr' id='par_1_79' title="bbox 911 1688 1704 1725">
     <span class='ocr_line' id='line_1_79' title="bbox 911 1688 1704 1725; baseline 0.01 -10"><span class='ocrx_word' id='word_1_595' title='bbox 911 1688 959 1715; x_wconf 89' lang='lat' dir='ltr'><strong>sed</strong></span> <span class='ocrx_word' id='word_1_596' title='bbox 971 1693 998 1716; x_wconf 92' lang='lat' dir='ltr'><strong>et</strong></span> <span class='ocrx_word' id='word_1_597' title='bbox 1014 1688 1157 1724; x_wconf 90' lang='lat' dir='ltr'><strong>dupliciter</strong></span> <span class='ocrx_word' id='word_1_598' title='bbox 1167 1693 1194 1717; x_wconf 89' lang='lat' dir='ltr'><strong>et</strong></span> <span class='ocrx_word' id='word_1_599' title='bbox 1210 1689 1355 1725; x_wconf 88' lang='lat' dir='ltr'><strong>tripliciter</strong></span> <span class='ocrx_word' id='word_1_600' title='bbox 1367 1692 1563 1722; x_wconf 88' lang='lat' dir='ltr'><strong>deseribeudus</strong></span> <span class='ocrx_word' id='word_1_601' title='bbox 1576 1693 1603 1722; x_wconf 87' lang='lat' dir='ltr'><strong>in</strong></span> <span class='ocrx_word' id='word_1_602' title='bbox 1621 1695 1704 1724; x_wconf 85' lang='lat' dir='ltr'><strong>corde</strong></span> 
     </span>
    </p>
   </div>
   <div class='ocr_carea' id='block_1_80' title="bbox 910 1736 1702 1776">
    <p class='ocr_par' dir='ltr' id='par_1_80' title="bbox 910 1736 1702 1776">
     <span class='ocr_line' id='line_1_80' title="bbox 910 1736 1702 1776; baseline 0.008 -14"><span class='ocrx_word' id='word_1_603' title='bbox 910 1739 962 1769; x_wconf 84' lang='lat' dir='ltr'><strong>est,</strong></span> <span class='ocrx_word' id='word_1_604' title='bbox 981 1739 1118 1763; x_wconf 88' lang='lat' dir='ltr'><strong>tentemus</strong></span> <span class='ocrx_word' id='word_1_605' title='bbox 1134 1736 1214 1765; x_wconf 87' lang='lat' dir='ltr'><strong>etiam</strong></span> <span class='ocrx_word' id='word_1_606' title='bbox 1230 1745 1303 1764; x_wconf 91' lang='lat' dir='ltr'><strong>nunc</strong></span> <span class='ocrx_word' id='word_1_607' title='bbox 1317 1737 1418 1765; x_wconf 86' lang='lat' dir='ltr'><strong>addere</strong></span> <span class='ocrx_word' id='word_1_608' title='bbox 1435 1738 1525 1775; x_wconf 85' lang='lat' dir='ltr'><strong>aliqua</strong></span> <span class='ocrx_word' id='word_1_609' title='bbox 1539 1740 1572 1769; x_wconf 85' lang='lat' dir='ltr'><strong>ad</strong></span> <span class='ocrx_word' id='word_1_610' title='bbox 1585 1748 1627 1774; x_wconf 81' lang='lat' dir='ltr'><strong>ea,</strong></span> <span class='ocrx_word' id='word_1_611' title='bbox 1642 1749 1702 1776; x_wconf 67' lang='lat' dir='ltr'><strong>qum</strong></span> 
     </span>
    </p>
   </div>
   <div class='ocr_carea' id='block_1_81' title="bbox 910 1781 1704 1822">
    <p class='ocr_par' dir='ltr' id='par_1_81' title="bbox 910 1781 1704 1822">
     <span class='ocr_line' id='line_1_81' title="bbox 910 1781 1704 1822; baseline 0.011 -15"><span class='ocrx_word' id='word_1_612' title='bbox 910 1781 1010 1808; x_wconf 89' lang='lat' dir='ltr'><strong>dudutn</strong></span> <span class='ocrx_word' id='word_1_613' title='bbox 1027 1789 1076 1817; x_wconf 91' lang='lat' dir='ltr'><strong>pro</strong></span> <span class='ocrx_word' id='word_1_614' title='bbox 1090 1782 1195 1810; x_wconf 91' lang='lat' dir='ltr'><strong>viribus</strong></span> <span class='ocrx_word' id='word_1_615' title='bbox 1214 1783 1286 1811; x_wconf 88' lang='lat' dir='ltr'><strong>dicta</strong></span> <span class='ocrx_word' id='word_1_616' title='bbox 1302 1789 1375 1820; x_wconf 83' lang='lat' dir='ltr'><strong>sunt,</strong></span> <span class='ocrx_word' id='word_1_617' title='bbox 1396 1789 1425 1814; x_wconf 89' lang='lat' dir='ltr'><strong>ut</strong></span> <span class='ocrx_word' id='word_1_618' title='bbox 1447 1787 1624 1815; x_wconf 85' lang='lat' dir='ltr'><strong>ostendamus</strong></span> <span class='ocrx_word' id='word_1_619' title='bbox 1638 1796 1704 1822; x_wconf 74' lang='lat' dir='ltr'><strong>quo-</strong></span> 
     </span>
    </p>
   </div>
   <div class='ocr_carea' id='block_1_82' title="bbox 909 1827 1701 1864">
    <p class='ocr_par' dir='ltr' id='par_1_82' title="bbox 909 1827 1701 1864">
     <span class='ocr_line' id='line_1_82' title="bbox 909 1827 1701 1864; baseline 0.01 -10"><span class='ocrx_word' id='word_1_620' title='bbox 909 1829 989 1854; x_wconf 89' lang='lat' dir='ltr'><strong>modo</strong></span> <span class='ocrx_word' id='word_1_621' title='bbox 1003 1827 1029 1856; x_wconf 90' lang='lat' dir='ltr'><strong>itt</strong></span> <span class='ocrx_word' id='word_1_622' title='bbox 1045 1833 1109 1864; x_wconf 86' lang='lat' dir='ltr'><strong>typo</strong></span> <span class='ocrx_word' id='word_1_623' title='bbox 1125 1828 1281 1857; x_wconf 86' lang='lat' dir='ltr'><strong>futurorum</strong></span> <span class='ocrx_word' id='word_1_624' title='bbox 1294 1831 1375 1859; x_wconf 86' lang='lat' dir='ltr'><strong>etiam</strong></span> <span class='ocrx_word' id='word_1_625' title='bbox 1388 1831 1433 1860; x_wconf 87' lang='lat' dir='ltr'><strong>hic</strong></span> <span class='ocrx_word' id='word_1_626' title='bbox 1449 1840 1517 1861; x_wconf 88' lang='lat' dir='ltr'><strong>unus</strong></span> <span class='ocrx_word' id='word_1_627' title='bbox 1532 1833 1624 1862; x_wconf 88' lang='lat' dir='ltr'><strong>hircus</strong></span> <span class='ocrx_word' id='word_1_628' title='bbox 1647 1834 1701 1862; x_wconf 80' lang='lat' dir='ltr'><strong>Do-</strong></span> 
     </span>
    </p>
   </div>
   <div class='ocr_carea' id='block_1_83' title="bbox 909 1873 1700 1910">
    <p class='ocr_par' dir='ltr' id='par_1_83' title="bbox 909 1873 1700 1910">
     <span class='ocr_line' id='line_1_83' title="bbox 909 1873 1700 1910; baseline 0.009 -11"><span class='ocrx_word' id='word_1_629' title='bbox 909 1873 983 1900; x_wconf 92' lang='lat' dir='ltr'><strong>mino</strong></span> <span class='ocrx_word' id='word_1_630' title='bbox 996 1873 1103 1901; x_wconf 90' lang='lat' dir='ltr'><strong>oblatus</strong></span> <span class='ocrx_word' id='word_1_631' title='bbox 1118 1878 1159 1902; x_wconf 91' lang='lat' dir='ltr'><strong>est</strong></span> <span class='ocrx_word' id='word_1_632' title='bbox 1184 1874 1282 1906; x_wconf 84' lang='lat' dir='ltr'><strong>hostia,</strong></span> <span class='ocrx_word' id='word_1_633' title='bbox 1310 1881 1337 1904; x_wconf 89' lang='lat' dir='ltr'><strong>et</strong></span> <span class='ocrx_word' id='word_1_634' title='bbox 1364 1877 1433 1904; x_wconf 88' lang='lat' dir='ltr'><strong>alius</strong></span> <span class='ocrx_word' id='word_1_635' title='bbox 1455 1877 1533 1905; x_wconf 87' lang='lat' dir='ltr'><strong>vivus</strong></span> <span class='ocrx_word' id='word_1_636' title='bbox 1558 1879 1700 1910; x_wconf 81' lang='lat' dir='ltr'><strong>dimissus,</strong></span> 
     </span>
    </p>
   </div>
   <div class='ocr_carea' id='block_1_84' title="bbox 908 1918 1700 1955">
    <p class='ocr_par' dir='ltr' id='par_1_84' title="bbox 908 1918 1700 1955">
     <span class='ocr_line' id='line_1_84' title="bbox 908 1918 1700 1955; baseline 0.01 -10"><span class='ocrx_word' id='word_1_637' title='bbox 908 1918 978 1946; x_wconf 81' lang='lat' dir='ltr'><strong>Audi</strong></span> <span class='ocrx_word' id='word_1_638' title='bbox 994 1919 1019 1946; x_wconf 95' lang='lat' dir='ltr'><strong>in</strong></span> <span class='ocrx_word' id='word_1_639' title='bbox 1041 1920 1198 1955; x_wconf 83' lang='lat' dir='ltr'><strong>Evangeliis</strong></span> <span class='ocrx_word' id='word_1_640' title='bbox 1214 1920 1328 1948; x_wconf 88' lang='lat' dir='ltr'><strong>Pilalntu</strong></span> <span class='ocrx_word' id='word_1_641' title='bbox 1345 1922 1479 1950; x_wconf 87' lang='lat' dir='ltr'><strong>dicentem</strong></span> <span class='ocrx_word' id='word_1_642' title='bbox 1495 1924 1527 1951; x_wconf 85' lang='lat' dir='ltr'><strong>ad</strong></span> <span class='ocrx_word' id='word_1_643' title='bbox 1543 1926 1700 1954; x_wconf 82' lang='lat' dir='ltr'><strong>sacerdotes</strong></span> 
     </span>
    </p>
   </div>
   <div class='ocr_carea' id='block_1_85' title="bbox 907 1965 1701 2003">
    <p class='ocr_par' dir='ltr' id='par_1_85' title="bbox 907 1965 1701 2003">
     <span class='ocr_line' id='line_1_85' title="bbox 907 1965 1701 2003; baseline 0.011 -12"><span class='ocrx_word' id='word_1_644' title='bbox 907 1969 934 1992; x_wconf 89' lang='lat' dir='ltr'><strong>et</strong></span> <span class='ocrx_word' id='word_1_645' title='bbox 948 1965 1077 2002; x_wconf 89' lang='lat' dir='ltr'><strong>populum</strong></span> <span class='ocrx_word' id='word_1_646' title='bbox 1092 1965 1248 1997; x_wconf 68' lang='lat' dir='ltr'><strong>Inda-orum</strong></span> <span class='ocrx_word' id='word_1_647' title='bbox 1268 1967 1289 1982; x_wconf 83' lang='lat'><strong>“&#39;</strong></span> <span class='ocrx_word' id='word_1_648' title='bbox 1303 1975 1310 1994; x_wconf 91' lang='lat'><strong>:</strong></span> <span class='ocrx_word' id='word_1_649' title='bbox 1329 1977 1338 1993; x_wconf 72' lang='grc' dir='ltr'><strong>ι</strong></span> <span class='ocrx_word' id='word_1_650' title='bbox 1356 1967 1440 2003; x_wconf 82' lang='lat' dir='ltr'><strong>Quem</strong></span> <span class='ocrx_word' id='word_1_651' title='bbox 1454 1969 1535 1998; x_wconf 87' lang='lat' dir='ltr'><strong>vultis</strong></span> <span class='ocrx_word' id='word_1_652' title='bbox 1549 1971 1581 1998; x_wconf 91' lang='lat' dir='ltr'><strong>de</strong></span> <span class='ocrx_word' id='word_1_653' title='bbox 1595 1971 1701 2001; x_wconf 76' lang='lat' dir='ltr'><strong>duobus</strong></span> 
     </span>
    </p>
   </div>
   <div class='ocr_carea' id='block_1_86' title="bbox 906 2011 1698 2050">
    <p class='ocr_par' dir='ltr' id='par_1_86' title="bbox 906 2011 1698 2050">
     <span class='ocr_line' id='line_1_86' title="bbox 906 2011 1698 2050; baseline 0.008 -13"><span class='ocrx_word' id='word_1_654' title='bbox 906 2011 1042 2038; x_wconf 88' lang='lat' dir='ltr'><strong>dimittam</strong></span> <span class='ocrx_word' id='word_1_655' title='bbox 1069 2013 1167 2045; x_wconf 89' lang='lat' dir='ltr'><strong>vobis,</strong></span> <span class='ocrx_word' id='word_1_656' title='bbox 1198 2012 1290 2041; x_wconf 80' lang='lat' dir='ltr'><strong>Jesuut</strong></span> <span class='ocrx_word' id='word_1_657' title='bbox 1320 2015 1364 2049; x_wconf 93' lang='lat' dir='ltr'><strong>qui</strong></span> <span class='ocrx_word' id='word_1_658' title='bbox 1392 2014 1493 2044; x_wconf 89' lang='lat' dir='ltr'><strong>dicitur</strong></span> <span class='ocrx_word' id='word_1_659' title='bbox 1507 2015 1644 2050; x_wconf 80' lang='lat' dir='ltr'><strong>Christus,</strong></span> <span class='ocrx_word' id='word_1_660' title='bbox 1665 2026 1698 2046; x_wconf 85' lang='lat' dir='ltr'><strong>an</strong></span> 
     </span>
    </p>
   </div>
   <div class='ocr_carea' id='block_1_87' title="bbox 905 2056 1699 2098">
    <p class='ocr_par' dir='ltr' id='par_1_87' title="bbox 905 2056 1699 2098">
     <span class='ocr_line' id='line_1_87' title="bbox 905 2056 1699 2098; baseline 0.006 -12"><span class='ocrx_word' id='word_1_661' title='bbox 905 2056 1079 2086; x_wconf 83' lang='lat' dir='ltr'><strong>Barabbant?</strong></span> <span class='ocrx_word' id='word_1_662' title='bbox 1094 2068 1103 2085; x_wconf 84' lang='lat' dir='ltr'><strong>t</strong></span> <span class='ocrx_word' id='word_1_663' title='bbox 1122 2058 1200 2086; x_wconf 83' lang='lat' dir='ltr'><strong>Tunc</strong></span> <span class='ocrx_word' id='word_1_664' title='bbox 1217 2059 1346 2088; x_wconf 84' lang='lat' dir='ltr'><strong>clamavit</strong></span> <span class='ocrx_word' id='word_1_665' title='bbox 1359 2060 1449 2087; x_wconf 91' lang='lat' dir='ltr'><strong>omnis</strong></span> <span class='ocrx_word' id='word_1_666' title='bbox 1463 2062 1589 2098; x_wconf 88' lang='lat' dir='ltr'><strong>populus,</strong></span> <span class='ocrx_word' id='word_1_667' title='bbox 1605 2067 1634 2090; x_wconf 92' lang='lat' dir='ltr'><strong>ut</strong></span> <span class='ocrx_word' id='word_1_668' title='bbox 1648 2063 1699 2090; x_wconf 66' lang='lat' dir='ltr'><strong>Ba&lt;</strong></span> 
     </span>
    </p>
   </div>
   <div class='ocr_carea' id='block_1_88' title="bbox 906 2104 1697 2137">
    <p class='ocr_par' dir='ltr' id='par_1_88' title="bbox 906 2104 1697 2137">
     <span class='ocr_line' id='line_1_88' title="bbox 906 2104 1697 2137; baseline 0.009 -7"><span class='ocrx_word' id='word_1_669' title='bbox 906 2104 1016 2131; x_wconf 82' lang='lat' dir='ltr'><strong>rabbam</strong></span> <span class='ocrx_word' id='word_1_670' title='bbox 1047 2105 1217 2137; x_wconf 82' lang='lat' dir='ltr'><strong>dimitteret,</strong></span> <span class='ocrx_word' id='word_1_671' title='bbox 1243 2105 1335 2133; x_wconf 88' lang='lat' dir='ltr'><strong>.lesnm</strong></span> <span class='ocrx_word' id='word_1_672' title='bbox 1366 2114 1430 2134; x_wconf 87' lang='lat' dir='ltr'><strong>vero</strong></span> <span class='ocrx_word' id='word_1_673' title='bbox 1454 2109 1535 2135; x_wconf 82' lang='lat' dir='ltr'><strong>marti</strong></span> <span class='ocrx_word' id='word_1_674' title='bbox 1566 2109 1697 2137; x_wconf 85' lang='lat' dir='ltr'><strong>traderet.</strong></span> 
     </span>
    </p>
   </div>
   <div class='ocr_carea' id='block_1_89' title="bbox 905 2150 1697 2188">
    <p class='ocr_par' dir='ltr' id='par_1_89' title="bbox 905 2150 1697 2188">
     <span class='ocr_line' id='line_1_89' title="bbox 905 2150 1697 2188; baseline 0.008 -12"><span class='ocrx_word' id='word_1_675' title='bbox 905 2151 974 2180; x_wconf 82' lang='lat' dir='ltr'><strong>Ecce</strong></span> <span class='ocrx_word' id='word_1_676' title='bbox 992 2150 1076 2180; x_wconf 87' lang='lat' dir='ltr'><strong>habes</strong></span> <span class='ocrx_word' id='word_1_677' title='bbox 1096 2151 1202 2178; x_wconf 88' lang='lat' dir='ltr'><strong>hircum</strong></span> <span class='ocrx_word' id='word_1_678' title='bbox 1224 2152 1270 2188; x_wconf 91' lang='lat' dir='ltr'><strong>qui</strong></span> <span class='ocrx_word' id='word_1_679' title='bbox 1297 2153 1425 2183; x_wconf 85' lang='lat' dir='ltr'><strong>dimissus</strong></span> <span class='ocrx_word' id='word_1_680' title='bbox 1440 2158 1482 2181; x_wconf 90' lang='lat' dir='ltr'><strong>est</strong></span> <span class='ocrx_word' id='word_1_681' title='bbox 1498 2155 1576 2183; x_wconf 86' lang='lat' dir='ltr'><strong>vivus</strong></span> <span class='ocrx_word' id='word_1_682' title='bbox 1591 2155 1617 2183; x_wconf 86' lang='lat' dir='ltr'><strong>in</strong></span> <span class='ocrx_word' id='word_1_683' title='bbox 1635 2164 1697 2183; x_wconf 84' lang='lat' dir='ltr'><strong>ere-</strong></span> 
     </span>
    </p>
   </div>
   <div class='ocr_carea' id='block_1_90' title="bbox 905 2197 1696 2232">
    <p class='ocr_par' dir='ltr' id='par_1_90' title="bbox 905 2197 1696 2232">
     <span class='ocr_line' id='line_1_90' title="bbox 905 2197 1696 2232; baseline 0.008 -10"><span class='ocrx_word' id='word_1_684' title='bbox 905 2205 996 2229; x_wconf 90' lang='lat' dir='ltr'><strong>mum,</strong></span> <span class='ocrx_word' id='word_1_685' title='bbox 1012 2202 1123 2231; x_wconf 74' lang='lat' dir='ltr'><strong>peccata</strong></span> <span class='ocrx_word' id='word_1_686' title='bbox 1145 2204 1236 2224; x_wconf 81' lang='lat' dir='ltr'><strong>serum</strong></span> <span class='ocrx_word' id='word_1_687' title='bbox 1258 2197 1347 2232; x_wconf 89' lang='lat' dir='ltr'><strong>populi</strong></span> <span class='ocrx_word' id='word_1_688' title='bbox 1374 2198 1482 2232; x_wconf 84' lang='lat' dir='ltr'><strong>ferens,</strong></span> <span class='ocrx_word' id='word_1_689' title='bbox 1509 2199 1655 2228; x_wconf 88' lang='lat' dir='ltr'><strong>clamantis</strong></span> <span class='ocrx_word' id='word_1_690' title='bbox 1669 2206 1696 2229; x_wconf 83' lang='lat' dir='ltr'><strong>et</strong></span> 
     </span>
    </p>
   </div>
   <div class='ocr_carea' id='block_1_91' title="bbox 61 2241 850 2281">
    <p class='ocr_par' dir='ltr' id='par_1_91' title="bbox 61 2241 850 2280">
     <span class='ocr_line' id='line_1_91' title="bbox 61 2241 850 2280; baseline 0.005 -11"><span class='ocrx_word' id='word_1_691' title='bbox 61 2241 124 2270; x_wconf 81' lang='lat' dir='ltr'><strong>Erat</strong></span> <span class='ocrx_word' id='word_1_692' title='bbox 146 2244 225 2278; x_wconf 76' lang='lat' dir='ltr'><strong>prius</strong></span> <span class='ocrx_word' id='word_1_693' title='bbox 245 2244 365 2278; x_wconf 82' lang='lat' dir='ltr'><strong>pontifex</strong></span> <span class='ocrx_word' id='word_1_694' title='bbox 395 2245 528 2280; x_wconf 85' lang='lat' dir='ltr'><strong>sanguine</strong></span> <span class='ocrx_word' id='word_1_695' title='bbox 554 2250 693 2273; x_wconf 87' lang='lat' dir='ltr'><strong>taurorum</strong></span> <span class='ocrx_word' id='word_1_696' title='bbox 713 2251 740 2273; x_wconf 89' lang='lat' dir='ltr'><strong>et</strong></span> <span class='ocrx_word' id='word_1_697' title='bbox 763 2247 850 2274; x_wconf 89' lang='lat' dir='ltr'><strong>hirco-</strong></span> 
     </span>
    </p>
   </div>
   <div class='ocr_carea' id='block_1_92' title="bbox 941 2241 1695 2281">
    <p class='ocr_par' dir='ltr' id='par_1_92' title="bbox 941 2242 1695 2281">
     <span class='ocr_line' id='line_1_92' title="bbox 941 2242 1695 2281; baseline 0.008 -13"><span class='ocrx_word' id='word_1_698' title='bbox 941 2243 1020 2268; x_wconf 84' lang='lat' dir='ltr'><strong>:eulis</strong></span> <span class='ocrx_word' id='word_1_699' title='bbox 1039 2242 1057 2257; x_wconf 88' lang='lat'>”</span> <span class='ocrx_word' id='word_1_700' title='bbox 1074 2250 1081 2268; x_wconf 89' lang='lat'><strong><em>:</em></strong></span> <span class='ocrx_word' id='word_1_701' title='bbox 1101 2251 1109 2267; x_wconf 76' lang='lat' dir='ltr'>l</span> <span class='ocrx_word' id='word_1_702' title='bbox 1127 2242 1279 2277; x_wconf 74' lang='lat' dir='ltr'><strong>Crueiﬁge,</strong></span> <span class='ocrx_word' id='word_1_703' title='bbox 1297 2243 1439 2279; x_wconf 79' lang='lat' dir='ltr'><strong>cruciﬁge.</strong></span> <span class='ocrx_word' id='word_1_704' title='bbox 1456 2254 1466 2270; x_wconf 85' lang='grc'><em>›</em></span> <span class='ocrx_word' id='word_1_705' title='bbox 1494 2245 1545 2273; x_wconf 81' lang='lat' dir='ltr'><strong>Isle</strong></span> <span class='ocrx_word' id='word_1_706' title='bbox 1571 2251 1613 2274; x_wconf 89' lang='lat' dir='ltr'><strong>est</strong></span> <span class='ocrx_word' id='word_1_707' title='bbox 1630 2254 1695 2281; x_wconf 82' lang='lat' dir='ltr'><strong>ergo</strong></span> 
     </span>
    </p>
   </div>
   <div class='ocr_carea' id='block_1_93' title="bbox 61 2289 850 2326">
    <p class='ocr_par' dir='ltr' id='par_1_93' title="bbox 61 2289 850 2326">
     <span class='ocr_line' id='line_1_93' title="bbox 61 2289 850 2326; baseline 0.006 -11"><span class='ocrx_word' id='word_1_708' title='bbox 61 2297 115 2316; x_wconf 88' lang='lat' dir='ltr'><strong>rum</strong></span> <span class='ocrx_word' id='word_1_709' title='bbox 144 2289 297 2322; x_wconf 85' lang='lat' dir='ltr'><strong>puriﬁcans</strong></span> <span class='ocrx_word' id='word_1_710' title='bbox 318 2290 445 2324; x_wconf 86' lang='lat' dir='ltr'><strong>populum</strong></span> <span class='ocrx_word' id='word_1_711' title='bbox 464 2300 471 2318; x_wconf 83' lang='lat'><strong>:</strong></span> <span class='ocrx_word' id='word_1_712' title='bbox 487 2292 534 2319; x_wconf 88' lang='lat' dir='ltr'><strong>sed</strong></span> <span class='ocrx_word' id='word_1_713' title='bbox 549 2299 582 2318; x_wconf 80' lang='lat' dir='ltr'><strong>ex</strong></span> <span class='ocrx_word' id='word_1_714' title='bbox 601 2299 655 2326; x_wconf 91' lang='lat' dir='ltr'><strong>quo</strong></span> <span class='ocrx_word' id='word_1_715' title='bbox 674 2292 748 2319; x_wconf 88' lang='lat' dir='ltr'><strong>venit</strong></span> <span class='ocrx_word' id='word_1_716' title='bbox 771 2300 850 2320; x_wconf 75' lang='lat' dir='ltr'><strong>verus</strong></span> 
     </span>
    </p>
   </div>
   <div class='ocr_carea' id='block_1_94' title="bbox 60 2334 847 2370">
    <p class='ocr_par' dir='ltr' id='par_1_94' title="bbox 60 2334 847 2370">
     <span class='ocr_line' id='line_1_94' title="bbox 60 2334 847 2370; baseline 0.005 -9"><span class='ocrx_word' id='word_1_717' title='bbox 60 2334 190 2369; x_wconf 75' lang='lat' dir='ltr'><strong>pontifex,</strong></span> <span class='ocrx_word' id='word_1_718' title='bbox 210 2335 256 2370; x_wconf 87' lang='lat' dir='ltr'><strong>qui</strong></span> <span class='ocrx_word' id='word_1_719' title='bbox 279 2336 411 2370; x_wconf 84' lang='lat' dir='ltr'><strong>sanguine</strong></span> <span class='ocrx_word' id='word_1_720' title='bbox 425 2343 474 2363; x_wconf 89' lang='lat' dir='ltr'><strong>suo</strong></span> <span class='ocrx_word' id='word_1_721' title='bbox 488 2337 674 2364; x_wconf 87' lang='lat' dir='ltr'><strong>sanctiﬁcaret</strong></span> <span class='ocrx_word' id='word_1_722' title='bbox 693 2338 847 2370; x_wconf 86' lang='lat' dir='ltr'><strong>credentes,</strong></span> 
     </span>
    </p>
   </div>
   <div class='ocr_carea' id='block_1_95' title="bbox 60 2381 847 2417">
    <p class='ocr_par' dir='ltr' id='par_1_95' title="bbox 60 2381 847 2417">
     <span class='ocr_line' id='line_1_95' title="bbox 60 2381 847 2417; baseline 0.006 -11"><span class='ocrx_word' id='word_1_723' title='bbox 60 2389 190 2416; x_wconf 85' lang='lat' dir='ltr'><strong>nusquam</strong></span> <span class='ocrx_word' id='word_1_724' title='bbox 213 2386 253 2408; x_wconf 87' lang='lat' dir='ltr'><strong>est</strong></span> <span class='ocrx_word' id='word_1_725' title='bbox 271 2381 314 2408; x_wconf 92' lang='lat' dir='ltr'><strong>ille</strong></span> <span class='ocrx_word' id='word_1_726' title='bbox 331 2382 453 2416; x_wconf 76' lang='lat' dir='ltr'><strong>pontifex</strong></span> <span class='ocrx_word' id='word_1_727' title='bbox 478 2383 564 2417; x_wconf 90' lang='lat' dir='ltr'><strong>prior,</strong></span> <span class='ocrx_word' id='word_1_728' title='bbox 586 2391 636 2411; x_wconf 90' lang='lat' dir='ltr'><strong>nec</strong></span> <span class='ocrx_word' id='word_1_729' title='bbox 654 2383 725 2410; x_wconf 90' lang='lat' dir='ltr'><strong>ullus</strong></span> <span class='ocrx_word' id='word_1_730' title='bbox 739 2385 764 2411; x_wconf 90' lang='lat' dir='ltr'><strong>ei</strong></span> <span class='ocrx_word' id='word_1_731' title='bbox 782 2384 847 2411; x_wconf 87' lang='lat' dir='ltr'><strong>reli—</strong></span> 
     </span>
    </p>
   </div>
   <div class='ocr_carea' id='block_1_96' title="bbox 59 2428 848 2464">
    <p class='ocr_par' dir='ltr' id='par_1_96' title="bbox 59 2428 848 2464">
     <span class='ocr_line' id='line_1_96' title="bbox 59 2428 848 2464; baseline 0.004 -10"><span class='ocrx_word' id='word_1_732' title='bbox 59 2431 114 2455; x_wconf 81' lang='lat' dir='ltr'><strong>ctus</strong></span> <span class='ocrx_word' id='word_1_733' title='bbox 129 2433 172 2454; x_wconf 81' lang='lat' dir='ltr'><strong>est</strong></span> <span class='ocrx_word' id='word_1_734' title='bbox 189 2428 276 2454; x_wconf 89' lang='lat' dir='ltr'><strong>locus.</strong></span> <span class='ocrx_word' id='word_1_735' title='bbox 292 2428 385 2456; x_wconf 79' lang='lat' dir='ltr'><strong>Altare</strong></span> <span class='ocrx_word' id='word_1_736' title='bbox 405 2428 456 2456; x_wconf 80' lang='lat' dir='ltr'><strong>fuit</strong></span> <span class='ocrx_word' id='word_1_737' title='bbox 476 2429 564 2464; x_wconf 86' lang='lat' dir='ltr'><strong>prius,</strong></span> <span class='ocrx_word' id='word_1_738' title='bbox 581 2434 608 2456; x_wconf 89' lang='lat' dir='ltr'><strong>et</strong></span> <span class='ocrx_word' id='word_1_739' title='bbox 623 2430 756 2457; x_wconf 88' lang='lat' dir='ltr'><strong>sacrilicia</strong></span> <span class='ocrx_word' id='word_1_740' title='bbox 777 2430 848 2457; x_wconf 70' lang='lat' dir='ltr'><strong>eele~</strong></span> 
     </span>
    </p>
   </div>
   <div class='ocr_carea' id='block_1_97' title="bbox 58 2473 845 2510">
    <p class='ocr_par' dir='ltr' id='par_1_97' title="bbox 58 2473 845 2510">
     <span class='ocr_line' id='line_1_97' title="bbox 58 2473 845 2510; baseline 0.004 -11"><span class='ocrx_word' id='word_1_741' title='bbox 58 2473 206 2500; x_wconf 80' lang='lat' dir='ltr'><strong>hrabautur</strong></span> <span class='ocrx_word' id='word_1_742' title='bbox 221 2482 228 2500; x_wconf 91' lang='lat'>:</span> <span class='ocrx_word' id='word_1_743' title='bbox 244 2474 290 2500; x_wconf 91' lang='lat' dir='ltr'><strong>sed</strong></span> <span class='ocrx_word' id='word_1_744' title='bbox 309 2478 337 2500; x_wconf 89' lang='lat' dir='ltr'><strong>ut</strong></span> <span class='ocrx_word' id='word_1_745' title='bbox 360 2474 436 2501; x_wconf 89' lang='lat' dir='ltr'><strong>venit</strong></span> <span class='ocrx_word' id='word_1_746' title='bbox 455 2481 535 2502; x_wconf 87' lang='lat' dir='ltr'><strong>verus</strong></span> <span class='ocrx_word' id='word_1_747' title='bbox 549 2475 644 2510; x_wconf 84' lang='lat' dir='ltr'><strong>Agnus</strong></span> <span class='ocrx_word' id='word_1_748' title='bbox 661 2475 707 2509; x_wconf 91' lang='lat' dir='ltr'><strong>qui</strong></span> <span class='ocrx_word' id='word_1_749' title='bbox 726 2476 845 2510; x_wconf 89' lang='lat' dir='ltr'><strong>seipsum</strong></span> 
     </span>
    </p>
   </div>
   <div class='ocr_carea' id='block_1_98' title="bbox 58 2519 845 2556">
    <p class='ocr_par' dir='ltr' id='par_1_98' title="bbox 58 2519 845 2556">
     <span class='ocr_line' id='line_1_98' title="bbox 58 2519 845 2556; baseline 0.004 -10"><span class='ocrx_word' id='word_1_750' title='bbox 58 2519 172 2546; x_wconf 88' lang='lat' dir='ltr'><strong>hostiam</strong></span> <span class='ocrx_word' id='word_1_751' title='bbox 192 2519 292 2546; x_wconf 85' lang='lat' dir='ltr'><strong>obtulit</strong></span> <span class='ocrx_word' id='word_1_752' title='bbox 308 2519 375 2552; x_wconf 88' lang='lat' dir='ltr'><strong>Deo,</strong></span> <span class='ocrx_word' id='word_1_753' title='bbox 395 2526 493 2549; x_wconf 84' lang='lat' dir='ltr'><strong>cuncta</strong></span> <span class='ocrx_word' id='word_1_754' title='bbox 512 2521 555 2548; x_wconf 90' lang='lat' dir='ltr'><strong>illa</strong></span> <span class='ocrx_word' id='word_1_755' title='bbox 572 2521 645 2548; x_wconf 82' lang='lat' dir='ltr'><strong>velut</strong></span> <span class='ocrx_word' id='word_1_756' title='bbox 660 2529 709 2556; x_wconf 89' lang='lat' dir='ltr'><strong>pro</strong></span> <span class='ocrx_word' id='word_1_757' title='bbox 725 2526 845 2556; x_wconf 87' lang='lat' dir='ltr'><strong>tempore</strong></span> 
     </span>
    </p>
   </div>
   <div class='ocr_carea' id='block_1_99' title="bbox 57 2566 845 2603">
    <p class='ocr_par' dir='ltr' id='par_1_99' title="bbox 57 2566 845 2603">
     <span class='ocr_line' id='line_1_99' title="bbox 57 2566 845 2603; baseline 0.004 -10"><span class='ocrx_word' id='word_1_758' title='bbox 57 2567 141 2598; x_wconf 81' lang='lat' dir='ltr'><strong>posita</strong></span> <span class='ocrx_word' id='word_1_759' title='bbox 154 2570 343 2594; x_wconf 87' lang='lat' dir='ltr'><strong>cessaverunt.</strong></span> <span class='ocrx_word' id='word_1_760' title='bbox 361 2566 418 2594; x_wconf 86' lang='lat' dir='ltr'><strong>Non</strong></span> <span class='ocrx_word' id='word_1_761' title='bbox 437 2568 485 2595; x_wconf 89' lang='lat' dir='ltr'><strong>tibi</strong></span> <span class='ocrx_word' id='word_1_762' title='bbox 504 2576 569 2603; x_wconf 88' lang='lat' dir='ltr'><strong>ergo</strong></span> <span class='ocrx_word' id='word_1_763' title='bbox 583 2568 690 2596; x_wconf 91' lang='lat' dir='ltr'><strong>videtur</strong></span> <span class='ocrx_word' id='word_1_764' title='bbox 704 2569 776 2603; x_wconf 86' lang='lat' dir='ltr'><strong>quod</strong></span> <span class='ocrx_word' id='word_1_765' title='bbox 802 2576 845 2597; x_wconf 87' lang='lat' dir='ltr'><strong>se-</strong></span> 
     </span>
    </p>
   </div>
   <div class='ocr_carea' id='block_1_100' title="bbox 56 2614 844 2650">
    <p class='ocr_par' dir='ltr' id='par_1_100' title="bbox 56 2614 844 2650">
     <span class='ocr_line' id='line_1_100' title="bbox 56 2614 844 2650; baseline 0.005 -12"><span class='ocrx_word' id='word_1_766' title='bbox 56 2614 170 2641; x_wconf 78' lang='lat' dir='ltr'><strong>cundum</strong></span> <span class='ocrx_word' id='word_1_767' title='bbox 188 2614 301 2648; x_wconf 76' lang='lat' dir='ltr'><strong>ﬁguram</strong></span> <span class='ocrx_word' id='word_1_768' title='bbox 320 2622 400 2648; x_wconf 83' lang='lat' dir='ltr'><strong>quant</strong></span> <span class='ocrx_word' id='word_1_769' title='bbox 417 2623 497 2650; x_wconf 88' lang='lat' dir='ltr'><strong>supra</strong></span> <span class='ocrx_word' id='word_1_770' title='bbox 515 2615 667 2650; x_wconf 83' lang='lat' dir='ltr'><strong>posuimus,</strong></span> <span class='ocrx_word' id='word_1_771' title='bbox 692 2616 775 2642; x_wconf 88' lang='lat' dir='ltr'><strong>veluti</strong></span> <span class='ocrx_word' id='word_1_772' title='bbox 789 2615 844 2643; x_wconf 85' lang='lat' dir='ltr'><strong>for-</strong></span> 
     </span>
    </p>
   </div>
   <div class='ocr_carea' id='block_1_101' title="bbox 55 2658 843 2695">
    <p class='ocr_par' dir='ltr' id='par_1_101' title="bbox 55 2658 843 2695">
     <span class='ocr_line' id='line_1_101' title="bbox 55 2658 843 2695; baseline 0.004 -11"><span class='ocrx_word' id='word_1_773' title='bbox 55 2666 100 2685; x_wconf 70' lang='lat' dir='ltr'><strong>ma:</strong></span> <span class='ocrx_word' id='word_1_774' title='bbox 118 2658 222 2686; x_wconf 82' lang='lat' dir='ltr'><strong>fuerint</strong></span> <span class='ocrx_word' id='word_1_775' title='bbox 235 2659 358 2694; x_wconf 65' lang='lat' dir='ltr'><strong>qumdam</strong></span> <span class='ocrx_word' id='word_1_776' title='bbox 374 2667 388 2686; x_wconf 88' lang='lat' dir='ltr'><strong>e</strong></span> <span class='ocrx_word' id='word_1_777' title='bbox 402 2659 459 2686; x_wconf 89' lang='lat' dir='ltr'><strong>luto</strong></span> <span class='ocrx_word' id='word_1_778' title='bbox 474 2660 554 2691; x_wconf 59' lang='lat' dir='ltr'><strong>ﬁcta,</strong></span> <span class='ocrx_word' id='word_1_779' title='bbox 578 2668 627 2695; x_wconf 90' lang='lat' dir='ltr'><strong>per</strong></span> <span class='ocrx_word' id='word_1_780' title='bbox 639 2668 707 2695; x_wconf 90' lang='lat' dir='ltr'><strong>quas</strong></span> <span class='ocrx_word' id='word_1_781' title='bbox 719 2660 843 2688; x_wconf 89' lang='lat' dir='ltr'><strong>veritatis</strong></span> 
     </span>
    </p>
   </div>
   <div class='ocr_carea' id='block_1_102' title="bbox 54 2701 842 2740">
    <p class='ocr_par' dir='ltr' id='par_1_102' title="bbox 54 2701 842 2740">
     <span class='ocr_line' id='line_1_102' title="bbox 54 2701 842 2740; baseline 0.001 -9"><span class='ocrx_word' id='word_1_782' title='bbox 54 2705 274 2739; x_wconf 78' lang='lat' dir='ltr'><strong>cxprimcrentur</strong></span> <span class='ocrx_word' id='word_1_783' title='bbox 289 2704 441 2739; x_wconf 87' lang='lat' dir='ltr'><strong>imagines?</strong></span> <span class='ocrx_word' id='word_1_784' title='bbox 461 2704 604 2740; x_wconf 87' lang='lat' dir='ltr'><strong>Propterea</strong></span> <span class='ocrx_word' id='word_1_785' title='bbox 620 2705 737 2740; x_wconf 88' lang='lat' dir='ltr'><strong>denique</strong></span> <span class='ocrx_word' id='word_1_786' title='bbox 752 2701 842 2732; x_wconf 85' lang='lat' dir='ltr'><strong>divina</strong></span> 
     </span>
    </p>
   </div>
   <div class='ocr_carea' id='block_1_103' title="bbox 85 2751 269 2778">
    <p class='ocr_par' dir='ltr' id='par_1_103' title="bbox 85 2751 269 2778">
     <span class='ocr_line' id='line_1_103' title="bbox 85 2751 269 2778; baseline -0.005 -1"><span class='ocrx_word' id='word_1_787' title='bbox 85 2751 96 2766; x_wconf 79' lang='grc'><strong><em>²</em></strong></span> <span class='ocrx_word' id='word_1_788' title='bbox 111 2751 200 2778; x_wconf 87' lang='lat' dir='ltr'><strong>Levit.</strong></span> <span class='ocrx_word' id='word_1_789' title='bbox 215 2759 269 2778; x_wconf 83' lang='lat' dir='ltr'><strong>xvt.</strong></span> 
     </span>
    </p>
   </div>
   <div class='ocr_carea' id='block_1_104' title="bbox 54 2784 833 2821">
    <p class='ocr_par' dir='ltr' id='par_1_104' title="bbox 54 2784 833 2821">
     <span class='ocr_line' id='line_1_104' title="bbox 54 2784 833 2821; baseline 0.004 -8"><span class='ocrx_word' id='word_1_790' title='bbox 54 2784 63 2800; x_wconf 88' lang='lat'><strong>’</strong></span> <span class='ocrx_word' id='word_1_791' title='bbox 78 2785 156 2814; x_wconf 81' lang='lat' dir='ltr'><strong>Prov.</strong></span> <span class='ocrx_word' id='word_1_792' title='bbox 174 2795 215 2814; x_wconf 87' lang='lat' dir='ltr'><strong>Ill.</strong></span> <span class='ocrx_word' id='word_1_793' title='bbox 257 2787 278 2802; x_wconf 84' lang='lat'><strong>&#39;°</strong></span> <span class='ocrx_word' id='word_1_794' title='bbox 293 2786 387 2814; x_wconf 85' lang='lat' dir='ltr'><strong>Matth.</strong></span> <span class='ocrx_word' id='word_1_795' title='bbox 404 2796 487 2821; x_wconf 73' lang='lat' dir='ltr'><strong>xxvtt,</strong></span> <span class='ocrx_word' id='word_1_796' title='bbox 506 2789 549 2815; x_wconf 77' lang='grc'><strong>17.</strong></span> <span class='ocrx_word' id='word_1_797' title='bbox 589 2788 608 2803; x_wconf 82' lang='grc'>¹¹</span> <span class='ocrx_word' id='word_1_798' title='bbox 625 2788 690 2816; x_wconf 85' lang='lat' dir='ltr'><strong>Luc.</strong></span> <span class='ocrx_word' id='word_1_799' title='bbox 710 2797 776 2821; x_wconf 80' lang='lat' dir='ltr'><strong>xxtt.</strong></span> <span class='ocrx_word' id='word_1_800' title='bbox 788 2789 833 2816; x_wconf 70' lang='grc'><strong>21.</strong></span> 
     </span>
    </p>
   </div>
   <div class='ocr_carea' id='block_1_105' title="bbox 87 2834 840 2872">
    <p class='ocr_par' dir='ltr' id='par_1_105' title="bbox 87 2834 840 2872">
     <span class='ocr_line' id='line_1_105' title="bbox 87 2834 840 2872; baseline 0.005 -13"><span class='ocrx_word' id='word_1_801' title='bbox 87 2834 142 2868; x_wconf 79' lang='grc' dir='ltr'><strong>(ἷ9)</strong></span> <span class='ocrx_word' id='word_1_802' title='bbox 159 2835 237 2862; x_wconf 86' lang='lat' dir='ltr'><strong>Libb.</strong></span> <span class='ocrx_word' id='word_1_803' title='bbox 250 2835 328 2863; x_wconf 87' lang='lat' dir='ltr'><strong>editi.</strong></span> <span class='ocrx_word' id='word_1_804' title='bbox 348 2845 357 2861; x_wconf 78' lang='grc' dir='ltr'><strong>Ι</strong></span> <span class='ocrx_word' id='word_1_805' title='bbox 375 2836 508 2863; x_wconf 84' lang='lat' dir='ltr'><strong>formant:</strong></span> <span class='ocrx_word' id='word_1_806' title='bbox 525 2845 575 2864; x_wconf 91' lang='lat' dir='ltr'><strong>non</strong></span> <span class='ocrx_word' id='word_1_807' title='bbox 592 2837 664 2871; x_wconf 89' lang='lat' dir='ltr'><strong>quod</strong></span> <span class='ocrx_word' id='word_1_808' title='bbox 681 2837 840 2872; x_wconf 83' lang='lat' dir='ltr'><strong>ﬁgmentum</strong></span> 
     </span>
    </p>
   </div>
   <div class='ocr_carea' id='block_1_106' title="bbox 57 2871 841 2911">
    <p class='ocr_par' dir='ltr' id='par_1_106' title="bbox 57 2871 841 2911">
     <span class='ocr_line' id='line_1_106' title="bbox 57 2871 841 2911; baseline 0.004 -16"><span class='ocrx_word' id='word_1_809' title='bbox 57 2871 235 2898; x_wconf 74' lang='lat' dir='ltr'><strong>necessarium</strong></span> <span class='ocrx_word' id='word_1_810' title='bbox 250 2872 296 2905; x_wconf 86' lang='lat' dir='ltr'><strong>sit,</strong></span> <span class='ocrx_word' id='word_1_811' title='bbox 313 2871 359 2899; x_wconf 86' lang='lat' dir='ltr'><strong>sed</strong></span> <span class='ocrx_word' id='word_1_812' title='bbox 374 2879 526 2911; x_wconf 77' lang='lat' dir='ltr'><strong>usqueqno,</strong></span> <span class='ocrx_word' id='word_1_813' title='bbox 543 2882 551 2898; x_wconf 77' lang='grc' dir='ltr'><strong>ι</strong></span> <span class='ocrx_word' id='word_1_814' title='bbox 567 2878 619 2900; x_wconf 85' lang='lat' dir='ltr'><strong>etc.</strong></span> <span class='ocrx_word' id='word_1_815' title='bbox 638 2872 690 2899; x_wconf 88' lang='lat' dir='ltr'><strong>Sed</strong></span> <span class='ocrx_word' id='word_1_816' title='bbox 706 2871 788 2900; x_wconf 41' lang='lat' dir='ltr'><strong>&#39;ntss.</strong></span> <span class='ocrx_word' id='word_1_817' title='bbox 811 2877 841 2899; x_wconf 93' lang='lat' dir='ltr'><strong>nt</strong></span> 
     </span>
    </p>
   </div>
   <div class='ocr_carea' id='block_1_107' title="bbox 309 2751 929 2786">
    <p class='ocr_par' dir='ltr' id='par_1_107' title="bbox 309 2751 929 2786">
     <span class='ocr_line' id='line_1_107' title="bbox 309 2751 929 2786; baseline 0.002 -8"><span class='ocrx_word' id='word_1_818' title='bbox 309 2751 319 2767; x_wconf 81' lang='grc'><strong><em>³</em></strong></span> <span class='ocrx_word' id='word_1_819' title='bbox 331 2751 392 2778; x_wconf 81' lang='lat' dir='ltr'><strong>Act.</strong></span> <span class='ocrx_word' id='word_1_820' title='bbox 407 2760 466 2784; x_wconf 76' lang='lat' dir='ltr'><strong>vut,</strong></span> <span class='ocrx_word' id='word_1_821' title='bbox 483 2753 527 2780; x_wconf 83' lang='lat'><strong>30.</strong></span> <span class='ocrx_word' id='word_1_822' title='bbox 566 2753 576 2769; x_wconf 74' lang='grc'><strong>⁸</strong></span> <span class='ocrx_word' id='word_1_823' title='bbox 593 2752 660 2780; x_wconf 86' lang='lat' dir='ltr'><strong>Heb.</strong></span> <span class='ocrx_word' id='word_1_824' title='bbox 675 2761 712 2780; x_wconf 71' lang='grc' dir='ltr'>ιιι.</span> <span class='ocrx_word' id='word_1_825' title='bbox 750 2753 762 2768; x_wconf 83' lang='grc'>³</span> <span class='ocrx_word' id='word_1_826' title='bbox 778 2752 844 2781; x_wconf 86' lang='lat' dir='ltr'><strong>Hel).</strong></span> <span class='ocrx_word' id='word_1_827' title='bbox 861 2761 888 2786; x_wconf 89' lang='lat' dir='ltr'><strong>x,</strong></span> <span class='ocrx_word' id='word_1_828' title='bbox 905 2753 929 2779; x_wconf 85' lang='lat' dir='ltr'><strong>i.</strong></span> 
     </span>
    </p>
   </div>
   <div class='ocr_carea' id='block_1_108' title="bbox 903 2287 1694 2321">
    <p class='ocr_par' dir='ltr' id='par_1_108' title="bbox 903 2287 1694 2321">
     <span class='ocr_line' id='line_1_108' title="bbox 903 2287 1694 2321; baseline 0.009 -7"><span class='ocrx_word' id='word_1_829' title='bbox 903 2287 998 2315; x_wconf 85' lang='lat' dir='ltr'><strong>hircus</strong></span> <span class='ocrx_word' id='word_1_830' title='bbox 1014 2288 1091 2316; x_wconf 83' lang='lat' dir='ltr'><strong>vivus</strong></span> <span class='ocrx_word' id='word_1_831' title='bbox 1107 2288 1236 2316; x_wconf 85' lang='lat' dir='ltr'><strong>dimissus</strong></span> <span class='ocrx_word' id='word_1_832' title='bbox 1251 2289 1277 2316; x_wconf 92' lang='lat' dir='ltr'><strong>in</strong></span> <span class='ocrx_word' id='word_1_833' title='bbox 1294 2296 1416 2317; x_wconf 85' lang='lat' dir='ltr'><strong>eremum</strong></span> <span class='ocrx_word' id='word_1_834' title='bbox 1442 2299 1449 2317; x_wconf 89' lang='lat'><strong>:</strong></span> <span class='ocrx_word' id='word_1_835' title='bbox 1470 2297 1496 2318; x_wconf 90' lang='lat' dir='ltr'><strong>et</strong></span> <span class='ocrx_word' id='word_1_836' title='bbox 1513 2292 1557 2319; x_wconf 91' lang='lat' dir='ltr'><strong>ille</strong></span> <span class='ocrx_word' id='word_1_837' title='bbox 1575 2298 1615 2320; x_wconf 91' lang='lat' dir='ltr'><strong>est</strong></span> <span class='ocrx_word' id='word_1_838' title='bbox 1641 2294 1694 2321; x_wconf 66' lang='grc'><strong>1111·-</strong></span> 
     </span>
    </p>
   </div>
   <div class='ocr_carea' id='block_1_109' title="bbox 902 2334 1691 2376">
    <p class='ocr_par' dir='ltr' id='par_1_109' title="bbox 902 2334 1691 2376">
     <span class='ocr_line' id='line_1_109' title="bbox 902 2334 1691 2376; baseline 0.008 -16"><span class='ocrx_word' id='word_1_839' title='bbox 902 2341 962 2367; x_wconf 84' lang='lat' dir='ltr'><strong>cus,</strong></span> <span class='ocrx_word' id='word_1_840' title='bbox 976 2334 1020 2369; x_wconf 89' lang='lat' dir='ltr'><strong>qui</strong></span> <span class='ocrx_word' id='word_1_841' title='bbox 1039 2334 1152 2362; x_wconf 90' lang='lat' dir='ltr'><strong>Domino</strong></span> <span class='ocrx_word' id='word_1_842' title='bbox 1165 2335 1273 2364; x_wconf 87' lang='lat' dir='ltr'><strong>oblatus</strong></span> <span class='ocrx_word' id='word_1_843' title='bbox 1285 2340 1327 2363; x_wconf 82' lang='lat' dir='ltr'><strong>est</strong></span> <span class='ocrx_word' id='word_1_844' title='bbox 1343 2336 1429 2364; x_wconf 88' lang='lat' dir='ltr'><strong>hostia</strong></span> <span class='ocrx_word' id='word_1_845' title='bbox 1442 2338 1475 2364; x_wconf 91' lang='lat' dir='ltr'><strong>ad</strong></span> <span class='ocrx_word' id='word_1_846' title='bbox 1489 2338 1691 2376; x_wconf 85' lang='lat' dir='ltr'><strong>reprnpitiauda</strong></span> 
     </span>
    </p>
   </div>
   <div class='ocr_carea' id='block_1_110' title="bbox 890 2373 1693 2416">
    <p class='ocr_par' dir='ltr' id='par_1_110' title="bbox 890 2373 1693 2416">
     <span class='ocr_line' id='line_1_110' title="bbox 890 2373 1693 2416; baseline 0.005 -9"><span class='ocrx_word' id='word_1_847' title='bbox 890 2373 1026 2415; x_wconf 77' lang='lat' dir='ltr'><strong>peccata,</strong></span> <span class='ocrx_word' id='word_1_848' title='bbox 1044 2385 1070 2407; x_wconf 86' lang='lat' dir='ltr'><strong>et</strong></span> <span class='ocrx_word' id='word_1_849' title='bbox 1087 2388 1179 2408; x_wconf 83' lang='lat' dir='ltr'><strong>veram</strong></span> <span class='ocrx_word' id='word_1_850' title='bbox 1194 2380 1414 2416; x_wconf 85' lang='lat' dir='ltr'><strong>propitiationem</strong></span> <span class='ocrx_word' id='word_1_851' title='bbox 1433 2382 1458 2409; x_wconf 93' lang='lat' dir='ltr'><strong>in</strong></span> <span class='ocrx_word' id='word_1_852' title='bbox 1473 2390 1502 2410; x_wconf 90' lang='lat' dir='ltr'><strong>se</strong></span> <span class='ocrx_word' id='word_1_853' title='bbox 1518 2373 1693 2412; x_wconf 81' lang='lat' dir='ltr'><strong>credentibus</strong></span> 
     </span>
    </p>
   </div>
   <div class='ocr_carea' id='block_1_111' title="bbox 900 2426 1691 2464">
    <p class='ocr_par' dir='ltr' id='par_1_111' title="bbox 900 2426 1691 2464">
     <span class='ocr_line' id='line_1_111' title="bbox 900 2426 1691 2464; baseline 0.008 -12"><span class='ocrx_word' id='word_1_854' title='bbox 900 2426 1006 2461; x_wconf 86' lang='lat' dir='ltr'><strong>populis</strong></span> <span class='ocrx_word' id='word_1_855' title='bbox 1024 2427 1099 2454; x_wconf 88' lang='lat' dir='ltr'><strong>fecit.</strong></span> <span class='ocrx_word' id='word_1_856' title='bbox 1117 2426 1192 2463; x_wconf 84' lang='lat' dir='ltr'><strong>Quod</strong></span> <span class='ocrx_word' id='word_1_857' title='bbox 1208 2427 1230 2454; x_wconf 89' lang='lat' dir='ltr'><strong>si</strong></span> <span class='ocrx_word' id='word_1_858' title='bbox 1246 2431 1274 2454; x_wconf 89' lang='lat' dir='ltr'><strong>et</strong></span> <span class='ocrx_word' id='word_1_859' title='bbox 1288 2427 1340 2458; x_wconf 88' lang='lat' dir='ltr'><strong>hoc</strong></span> <span class='ocrx_word' id='word_1_860' title='bbox 1357 2429 1490 2463; x_wconf 83' lang='lat' dir='ltr'><strong>requiras,</strong></span> <span class='ocrx_word' id='word_1_861' title='bbox 1510 2430 1570 2464; x_wconf 87' lang='lat' dir='ltr'><strong>quis</strong></span> <span class='ocrx_word' id='word_1_862' title='bbox 1592 2430 1627 2457; x_wconf 87' lang='lat' dir='ltr'><strong>sit</strong></span> <span class='ocrx_word' id='word_1_863' title='bbox 1645 2430 1691 2464; x_wconf 85' lang='lat' dir='ltr'><strong>qui</strong></span> 
     </span>
    </p>
   </div>
   <div class='ocr_carea' id='block_1_112' title="bbox 901 2472 1691 2509">
    <p class='ocr_par' dir='ltr' id='par_1_112' title="bbox 901 2472 1691 2509">
     <span class='ocr_line' id='line_1_112' title="bbox 901 2472 1691 2509; baseline 0.004 -11"><span class='ocrx_word' id='word_1_864' title='bbox 901 2472 971 2500; x_wconf 91' lang='lat' dir='ltr'><strong>hunc</strong></span> <span class='ocrx_word' id='word_1_865' title='bbox 988 2473 1093 2499; x_wconf 90' lang='lat' dir='ltr'><strong>hircum</strong></span> <span class='ocrx_word' id='word_1_866' title='bbox 1118 2473 1244 2507; x_wconf 81' lang='lat' dir='ltr'><strong>perduxit</strong></span> <span class='ocrx_word' id='word_1_867' title='bbox 1260 2473 1315 2509; x_wconf 90' lang='lat'>(80)</span> <span class='ocrx_word' id='word_1_868' title='bbox 1333 2474 1358 2500; x_wconf 96' lang='lat' dir='ltr'><strong>in</strong></span> <span class='ocrx_word' id='word_1_869' title='bbox 1373 2481 1505 2508; x_wconf 92' lang='lat' dir='ltr'><strong>eremum,</strong></span> <span class='ocrx_word' id='word_1_870' title='bbox 1518 2479 1547 2501; x_wconf 93' lang='lat' dir='ltr'><strong>ut</strong></span> <span class='ocrx_word' id='word_1_871' title='bbox 1561 2475 1691 2508; x_wconf 88' lang='lat' dir='ltr'><strong>probetur</strong></span> 
     </span>
    </p>
   </div>
   <div class='ocr_carea' id='block_1_113' title="bbox 900 2518 1689 2553">
    <p class='ocr_par' dir='ltr' id='par_1_113' title="bbox 900 2518 1689 2553">
     <span class='ocr_line' id='line_1_113' title="bbox 900 2518 1689 2553; baseline 0.003 -8"><span class='ocrx_word' id='word_1_872' title='bbox 900 2518 926 2545; x_wconf 93' lang='lat' dir='ltr'><strong>in</strong></span> <span class='ocrx_word' id='word_1_873' title='bbox 945 2526 977 2545; x_wconf 91' lang='lat' dir='ltr'><strong>eo</strong></span> <span class='ocrx_word' id='word_1_874' title='bbox 998 2519 1078 2545; x_wconf 89' lang='lat' dir='ltr'><strong>etiant</strong></span> <span class='ocrx_word' id='word_1_875' title='bbox 1101 2521 1172 2553; x_wconf 86' lang='lat' dir='ltr'><strong>quod</strong></span> <span class='ocrx_word' id='word_1_876' title='bbox 1201 2519 1270 2546; x_wconf 89' lang='lat' dir='ltr'><strong>lotus</strong></span> <span class='ocrx_word' id='word_1_877' title='bbox 1294 2519 1329 2546; x_wconf 91' lang='lat' dir='ltr'><strong>sit</strong></span> <span class='ocrx_word' id='word_1_878' title='bbox 1361 2524 1388 2546; x_wconf 92' lang='lat' dir='ltr'><strong>et</strong></span> <span class='ocrx_word' id='word_1_879' title='bbox 1414 2521 1529 2546; x_wconf 90' lang='lat' dir='ltr'><strong>mundus</strong></span> <span class='ocrx_word' id='word_1_880' title='bbox 1555 2519 1666 2547; x_wconf 82' lang='lat' dir='ltr'><strong>eﬁ&#39;eetus</strong></span> <span class='ocrx_word' id='word_1_881' title='bbox 1681 2540 1689 2552; x_wconf 91' lang='lat'><strong>,</strong></span> 
     </span>
    </p>
   </div>
   <div class='ocr_carea' id='block_1_114' title="bbox 897 2564 1688 2605">
    <p class='ocr_par' dir='ltr' id='par_1_114' title="bbox 897 2564 1688 2605">
     <span class='ocr_line' id='line_1_114' title="bbox 897 2564 1688 2605; baseline 0.001 -13"><span class='ocrx_word' id='word_1_882' title='bbox 897 2569 988 2605; x_wconf 85' lang='lat' dir='ltr'><strong>potest</strong></span> <span class='ocrx_word' id='word_1_883' title='bbox 1017 2565 1122 2592; x_wconf 80' lang='lat' dir='ltr'><strong>Pilatus</strong></span> <span class='ocrx_word' id='word_1_884' title='bbox 1150 2565 1208 2599; x_wconf 88' lang='lat' dir='ltr'><strong>ipse</strong></span> <span class='ocrx_word' id='word_1_885' title='bbox 1234 2566 1320 2601; x_wconf 88' lang='lat' dir='ltr'><strong>accipi</strong></span> <span class='ocrx_word' id='word_1_886' title='bbox 1344 2565 1425 2592; x_wconf 91' lang='lat' dir='ltr'><strong>homo</strong></span> <span class='ocrx_word' id='word_1_887' title='bbox 1455 2571 1575 2600; x_wconf 88' lang='lat' dir='ltr'><strong>paratus.</strong></span> <span class='ocrx_word' id='word_1_888' title='bbox 1599 2564 1688 2593; x_wconf 81' lang='lat' dir='ltr'><strong>Judex</strong></span> 
     </span>
    </p>
   </div>
   <div class='ocr_carea' id='block_1_115' title="bbox 896 2612 1686 2649">
    <p class='ocr_par' dir='ltr' id='par_1_115' title="bbox 896 2612 1686 2649">
     <span class='ocr_line' id='line_1_115' title="bbox 896 2612 1686 2649; baseline -0.003 -9"><span class='ocrx_word' id='word_1_889' title='bbox 896 2615 996 2649; x_wconf 85' lang='lat' dir='ltr'><strong>quippe</strong></span> <span class='ocrx_word' id='word_1_890' title='bbox 1012 2614 1100 2649; x_wconf 88' lang='lat' dir='ltr'><strong>gentis</strong></span> <span class='ocrx_word' id='word_1_891' title='bbox 1118 2613 1201 2648; x_wconf 86' lang='lat' dir='ltr'><strong>ipsius</strong></span> <span class='ocrx_word' id='word_1_892' title='bbox 1222 2617 1296 2644; x_wconf 82' lang='lat' dir='ltr'><strong>erat,</strong></span> <span class='ocrx_word' id='word_1_893' title='bbox 1320 2613 1365 2648; x_wconf 89' lang='lat' dir='ltr'><strong>qui</strong></span> <span class='ocrx_word' id='word_1_894' title='bbox 1385 2619 1446 2638; x_wconf 89' lang='lat' dir='ltr'><strong>cutn</strong></span> <span class='ocrx_word' id='word_1_895' title='bbox 1462 2619 1510 2647; x_wconf 90' lang='lat' dir='ltr'><strong>per</strong></span> <span class='ocrx_word' id='word_1_896' title='bbox 1523 2612 1686 2639; x_wconf 88' lang='lat' dir='ltr'><strong>sententiam</strong></span> 
     </span>
    </p>
   </div>
   <div class='ocr_carea' id='block_1_116' title="bbox 896 2656 1687 2691">
    <p class='ocr_par' dir='ltr' id='par_1_116' title="bbox 896 2656 1687 2691">
     <span class='ocr_line' id='line_1_116' title="bbox 896 2656 1687 2691; baseline -0.003 -5"><span class='ocrx_word' id='word_1_897' title='bbox 896 2667 973 2687; x_wconf 85' lang='lat' dir='ltr'><strong>suam</strong></span> <span class='ocrx_word' id='word_1_898' title='bbox 990 2659 1081 2686; x_wconf 88' lang='lat' dir='ltr'><strong>emisit</strong></span> <span class='ocrx_word' id='word_1_899' title='bbox 1098 2659 1124 2686; x_wconf 93' lang='lat' dir='ltr'><strong>in</strong></span> <span class='ocrx_word' id='word_1_900' title='bbox 1142 2665 1276 2685; x_wconf 87' lang='lat' dir='ltr'><strong>eretnntu.</strong></span> <span class='ocrx_word' id='word_1_901' title='bbox 1300 2656 1368 2683; x_wconf 79' lang='lat' dir='ltr'><strong>Audi</strong></span> <span class='ocrx_word' id='word_1_902' title='bbox 1386 2661 1475 2684; x_wconf 83' lang='lat' dir='ltr'><strong>autem</strong></span> <span class='ocrx_word' id='word_1_903' title='bbox 1494 2658 1630 2691; x_wconf 89' lang='lat' dir='ltr'><strong>quomodo</strong></span> <span class='ocrx_word' id='word_1_904' title='bbox 1647 2656 1687 2685; x_wconf 88' lang='lat' dir='ltr'><strong>lo-</strong></span> 
     </span>
    </p>
   </div>
   <div class='ocr_carea' id='block_1_117' title="bbox 895 2701 1684 2737">
    <p class='ocr_par' dir='ltr' id='par_1_117' title="bbox 895 2701 1684 2737">
     <span class='ocr_line' id='line_1_117' title="bbox 895 2701 1684 2737; baseline -0.004 -6"><span class='ocrx_word' id='word_1_905' title='bbox 895 2709 939 2732; x_wconf 88' lang='lat' dir='ltr'><strong>tus</strong></span> <span class='ocrx_word' id='word_1_906' title='bbox 954 2705 988 2731; x_wconf 87' lang='lat' dir='ltr'><strong>sit</strong></span> <span class='ocrx_word' id='word_1_907' title='bbox 1009 2708 1035 2731; x_wconf 88' lang='lat' dir='ltr'><strong>et</strong></span> <span class='ocrx_word' id='word_1_908' title='bbox 1052 2703 1167 2730; x_wconf 90' lang='lat' dir='ltr'><strong>numdus</strong></span> <span class='ocrx_word' id='word_1_909' title='bbox 1189 2702 1313 2730; x_wconf 83' lang='lat' dir='ltr'><strong>eﬁeetus.</strong></span> <span class='ocrx_word' id='word_1_910' title='bbox 1336 2702 1402 2729; x_wconf 92' lang='lat' dir='ltr'><strong>Cum</strong></span> <span class='ocrx_word' id='word_1_911' title='bbox 1420 2702 1452 2729; x_wconf 90' lang='lat' dir='ltr'><strong>ad</strong></span> <span class='ocrx_word' id='word_1_912' title='bbox 1469 2701 1595 2737; x_wconf 91' lang='lat' dir='ltr'><strong>populum</strong></span> <span class='ocrx_word' id='word_1_913' title='bbox 1610 2703 1684 2729; x_wconf 81' lang='lat' dir='ltr'><strong>dice-</strong></span> 
     </span>
    </p>
   </div>
   <div class='ocr_carea' id='block_1_118' title="bbox 969 2748 1682 2783">
    <p class='ocr_par' dir='ltr' id='par_1_118' title="bbox 969 2748 1682 2783">
     <span class='ocr_line' id='line_1_118' title="bbox 969 2748 1682 2783; baseline -0.003 -5"><span class='ocrx_word' id='word_1_914' title='bbox 969 2752 979 2767; x_wconf 75' lang='lat'><em>‘</em></span> <span class='ocrx_word' id='word_1_915' title='bbox 991 2751 1070 2778; x_wconf 84' lang='lat' dir='ltr'><strong>Joan.</strong></span> <span class='ocrx_word' id='word_1_916' title='bbox 1089 2758 1120 2783; x_wconf 91' lang='lat' dir='ltr'><strong>tt,</strong></span> <span class='ocrx_word' id='word_1_917' title='bbox 1139 2750 1182 2777; x_wconf 71' lang='lat'><strong>19.</strong></span> <span class='ocrx_word' id='word_1_918' title='bbox 1232 2750 1242 2765; x_wconf 77' lang='grc' dir='ltr'><strong><em>τ</em></strong></span> <span class='ocrx_word' id='word_1_919' title='bbox 1257 2749 1317 2777; x_wconf 90' lang='lat' dir='ltr'><strong>Gal.</strong></span> <span class='ocrx_word' id='word_1_920' title='bbox 1331 2757 1356 2781; x_wconf 80' lang='grc' dir='ltr'><strong>ν,</strong></span> <span class='ocrx_word' id='word_1_921' title='bbox 1371 2750 1398 2778; x_wconf 79' lang='grc'><strong>5,</strong></span> <span class='ocrx_word' id='word_1_922' title='bbox 1450 2749 1460 2764; x_wconf 78' lang='grc'><strong><em>⁸</em></strong></span> <span class='ocrx_word' id='word_1_923' title='bbox 1474 2748 1563 2777; x_wconf 81' lang='lat' dir='ltr'><strong>Levii.</strong></span> <span class='ocrx_word' id='word_1_924' title='bbox 1583 2757 1639 2782; x_wconf 85' lang='lat' dir='ltr'><strong>xvt,</strong></span> <span class='ocrx_word' id='word_1_925' title='bbox 1656 2749 1682 2776; x_wconf 81' lang='grc'><strong>3.</strong></span> 
     </span>
    </p>
   </div>
   <div class='ocr_carea' id='block_1_119' title="bbox 896 2840 1678 2905">
    <p class='ocr_par' dir='ltr' id='par_1_119' title="bbox 896 2840 1678 2905">
     <span class='ocr_line' id='line_1_119' title="bbox 896 2840 1678 2905; baseline -0.005 -8"><span class='ocrx_word' id='word_1_926' title='bbox 896 2840 1257 2905; x_wconf 41' lang='lat' dir='ltr'><strong>inigﬁrﬁsﬁfttuperdnxit.</strong></span> <span class='ocrx_word' id='word_1_927' title='bbox 1273 2875 1282 2892; x_wconf 75' lang='grc' dir='ltr'><strong>ι</strong></span> <span class='ocrx_word' id='word_1_928' title='bbox 1301 2867 1381 2897; x_wconf 88' lang='lat' dir='ltr'><strong>Libb.</strong></span> <span class='ocrx_word' id='word_1_929' title='bbox 1399 2867 1477 2902; x_wconf 74' lang='lat' dir='ltr'><strong>editi,</strong></span> <span class='ocrx_word' id='word_1_930' title='bbox 1495 2866 1678 2904; x_wconf 61' lang='lat' dir='ltr'><strong>cproduxitn</strong></span> 
     </span>
    </p>
   </div>
  </div>
