1894 3059
229 166 280 192 5ι7

229 228 268 249 rct
282 222 322 249 ”:

229 269 376 296 Christus!
389 278 399 294 ›
412 273 438 295 et
454 269 630 295 acclamasset
644 268 732 295 otunis
745 269 866 302 populus,
877 270 971 296 dit-cus
981 271 1013 298 '3:

229 327 239 342 ι
258 317 286 343 Si
301 316 374 343 hunc
389 313 514 346 dimittis,
531 322 583 342 ιιοιι
606 323 636 341 es
649 315 753 342 amicus
766 315 903 348 Ctesaris;
924 325 932 341 ι
953 321 1016 344 tunc

227 363 368 398 popOSt-it,
390 362 487 396 inquit,
510 361 622 392 Pilatus,
649 369 757 396 aquam,
775 366 803 389 et
825 362 891 389 lavit
920 371 1016 390 manus

225 419 288 437 suas
302 416 394 436 coram
411 409 520 444 populo,
533 407 659 436 dicens“
678 416 685 434 :
705 417 714 433 ι
733 408 846 436 Mundus
862 416 912 443 ego
927 417 985 436 sum
1001 417 1015 436 a

225 456 358 490 sanguine
373 455 432 489 ejus
445 475 452 484 .
477 462 524 481 vos
547 454 682 482 videritis.
703 464 712 479 )
730 454 776 482 Sic
796 461 862 489 ergo
883 454 1016 481 videbitur

225 501 289 528 lotis
310 500 438 528 inanibus
461 500 518 527 suis
536 501 652 529 mundus
671 499 792 527 elIectus.
808 499 904 527 Nostra
923 500 1014 535 igitur,

224 549 250 575 id
270 551 312 574 est
338 546 384 582 qui
401 554 454 574 non
470 547 573 575 umbra:
598 551 625 573 et
647 546 795 580 exemplari
812 546 955 579 servimus,
969 546 1015 573 sed

224 593 346 624 veritati,
363 593 421 620 hmc
440 599 481 620 est
507 592 709 627 propitiationis
737 592 806 623 dies,
830 592 858 618 iu
884 600 935 626 qua
952 592 1014 619 data

224 645 267 666 est
294 639 373 665 nobis
402 638 526 665 remissio
551 642 721 671 peceatornm
736 657 742 669 ,
763 644 824 663 cum
848 636 946 671 past-ha
965 645 1015 664 no-

224 692 312 713 strum
329 684 484 712 immolatus
495 689 537 712 est
552 684 676 710 Christus
690 684 722 710 ".
739 683 880 716 Quomodo
896 691 958 718 ergo
971 690 1017 709 co-

224 730 298 764 gnita
326 729 442 756 veritate
464 729 650 757 convertimur
676 729 773 755 iterttm
799 728 832 754 ad
860 728 966 755 inlirtna
990 732 1017 755 et

223 784 308 810 egena
324 775 457 802 elementa
479 774 558 809 hujus
585 774 690 806 mutuli,
715 773 813 807 quibus
829 781 923 800 rursus
938 782 951 799 a
968 781 1015 800 ca-

224 823 279 856 pite
294 821 398 849 servire
415 821 508 852 vultis,
527 820 586 847 dies
600 820 788 851 observantes,
809 824 836 846 ct
854 826 971 850 menses,
989 823 1016 846 et

225 874 359 903 tempora,
384 874 410 894 et
427 874 513 894 annos
524 866 535 893 ‘i
548 866 617 893 Audi
631 866 768 901 quomodo
783 867 863 892 etiam
884 866 1014 900 propheta

226 915 380 950 huiusmodi
395 913 528 949 jejunium
546 913 650 950 respuit
664 932 670 944 ,
688 916 715 939 et
733 911 798 939 dicit
810 911 832 926 ¹⁶
845 920 852 938 :
867 920 876 936 ‹
892 911 949 938 Νοιι
965 912 1015 938 hoc

221 961 355 996 jejunium
374 959 455 995 elegi,
472 958 539 986 dicit
558 958 689 985 Dominus
701 978 708 990 ,
734 964 821 991 ueqtte
838 957 907 984 diem
924 962 953 984 ut
969 957 1016 983 Ιιιι-

225 1007 312 1034 miliet
333 1007 415 1034 homo
438 1005 555 1032 animam
575 1011 663 1031 suam.
677 1012 686 1029 ι
718 1002 757 1029 Tu
785 1003 808 1030 si
831 1003 871 1029 vis
891 1002 1015 1037 jejuuare

223 1054 373 1081 secundum
396 1051 533 1079 Christum
555 1055 581 1077 et
605 1049 749 1076 bumiliare
775 1049 894 1075 animam
920 1054 1012 1082 tuam,

223 1107 304 1126 omne
320 1097 366 1124 tibi
387 1102 493 1131 tempus
507 1099 598 1131 aptum
616 1099 658 1122 est
671 1093 727 1129 (81)
745 1094 829 1121 totius
860 1094 941 1126 anni;
960 1093 1015 1120 imo

224 1145 309 1172 totius
330 1144 390 1171 vita:
412 1148 464 1170 tua:
481 1142 539 1170 dies
563 1141 662 1169 habeto
684 1141 716 1167 ad
736 1140 931 1168 humiliandam
950 1140 1014 1166 ani-

223 1200 294 1219 mam
312 1197 396 1222 tuatn,
415 1190 437 1217 si
455 1195 545 1216 tamen
564 1187 682 1215 didicisti
705 1195 719 1213 a
737 1187 851 1214 Domino
870 1186 1015 1214 Salvatore

223 1243 327 1270 nostro,
349 1237 411 1272 quia
428 1236 503 1265 mitis
518 1240 559 1262 est
575 1240 602 1262 et
615 1234 725 1261 humilis
741 1234 825 1260 corde
848 1234 880 1260 ¹⁷.
900 1233 1014 1266 Quando

223 1291 289 1319 ergo
304 1291 357 1310 non
373 1286 415 1310 est
434 1282 483 1309 tibi
500 1281 699 1308 ltuniiliatienis
719 1279 790 1311 dies,
813 1280 859 1314 qui
874 1278 1014 1306 Christum

223 1330 359 1365 sequeris,
379 1329 424 1364 qui
439 1333 480 1355 est
497 1327 607 1354 humilis
620 1327 721 1360 corde,
737 1331 763 1353 et
782 1326 943 1354 humilitatis
958 1333 1016 1352 uta-

224 1375 331 1411 gister?
347 1375 386 1402 Tn
405 1375 497 1409 itaque
509 1374 531 1400 si
546 1373 587 1400 vis
604 1372 740 1407 jejunare,
753 1372 847 1408 jejuna
864 1372 1014 1400 secundum

224 1426 388 1457 praeceptum
411 1420 562 1456 Evangelii,
579 1424 606 1447 ct
620 1420 734 1447 observa
754 1420 779 1446 iu
795 1418 906 1455 jejuniis
928 1426 1015 1446 evan-

223 1468 324 1504 gelicas
339 1468 422 1502 leges,
438 1466 578 1502 inquibus
601 1466 653 1493 hoc
675 1465 754 1493 modo
777 1465 904 1493 Salvator
925 1466 960 1493 de
974 1465 1014 1500 je-

223 1513 306 1548 juniis
321 1513 431 1541 mandat
446 1512 467 1529 "
484 1521 491 1539 :
508 1521 517 1538 t
538 1512 576 1540 Tu
592 1516 682 1540 autem
705 1512 727 1539 si
742 1512 860 1546 jejunus,
880 1519 951 1548 ungc
967 1519 1013 1539 ca-

949 163 1110 191 OﬂlGENlS
1799 166 1841 195 59.8

344 232 353 247 ι
373 223 460 249 Vultis
479 222 614 248 dimittam
629 222 707 248 vobis
730 221 834 253 ,Ιυςιιιιιν
849 223 894 258 qui
914 224 1013 251 dicitur
1029 226 1051 255 Α
1066 225 1141 252 adire
1158 225 1311 260 pontiﬁcem
1328 230 1404 252 tuutn
1425 225 1575 258 Christum,
1591 233 1638 261 qut
1650 226 1741 261 utique
1757 234 1803 253 non
1817 229 1840 256 in

1068 270 1149 298 terris
1167 271 1347 306 requirendus
1366 276 1419 302 est.
1439 271 1486 299 sed
1502 273 1528 298 in
1543 271 1638 304 catlis,
1661 276 1688 298 et
1702 279 1750 306 per
1765 272 1839 306 ipsum

1066 317 1148 344 debes
1163 316 1262 344 oﬂ'erre
1274 317 1390 347 hostiam
1404 317 1469 344 Deo.
1484 316 1530 344 Vis
1544 317 1592 344 tibi
1608 317 1695 344 adhuc
1713 319 1839 345 ostendam

1065 362 1146 396 quale
1171 366 1196 390 te
1227 367 1335 397 oportet
1369 362 1494 397 jejunare
1520 361 1676 396 jejunium?
1700 361 1790 396 Jejuua
1811 363 1840 390 ab

1066 409 1138 436 omni
1156 414 1278 442 peccato,
1303 410 1405 437 tutllum
1420 409 1511 436 cibum
1526 416 1618 436 sumas
1632 407 1751 440 malitia,
1765 407 1840 435 nullas

1066 454 1159 489 capias
1186 455 1279 488 epulas
1303 455 1460 490 voluptatis,
1485 455 1558 483 nullo
1574 455 1637 482 vino
1655 454 1767 481 luxuriat
1784 461 1840 481 con-

1067 501 1196 528 calescas.
1213 500 1308 536 Jejuna
1331 510 1345 529 ιι
1373 502 1451 529 tualis
1477 503 1595 535 actibus,
1620 501 1725 529 abstine
1745 508 1758 527 a
1773 500 1840 529 malis

1067 546 1249 579 sermonibus,
1276 547 1385 574 contine
1405 553 1431 574 te
1450 554 1465 574 a
1490 546 1701 582 cogitationibus
1717 546 1839 581 pessimis.

1068 590 1126 618 Noli
1145 592 1302 627 contingere
1323 600 1406 627 panes
1430 591 1544 620 furtivos
1562 599 1696 627 perversa:
1712 592 1838 620 doctrinm.

1067 636 1125 664 Non
1144 639 1322 672 concupiscas
1348 637 1460 666 fallaces
1481 638 1658 673 philosophia:
1684 638 1778 670 cibos,
1800 639 1839 672 qui

1068 688 1093 710 te
1107 691 1121 710 ιι
1139 684 1254 711 veritate
1269 684 1411 712 seducunt.
1436 684 1503 712 Tale
1527 684 1660 723 jejunium
1681 685 1737 712 Deo
1753 684 1838 719 piaret.

1067 729 1211 756 Abstinere
1225 737 1289 757 vero
1302 737 1316 758 a
1330 730 1411 762 oihis,
1429 738 1498 764 quos
1520 731 1590 758 Deus
1606 731 1711 758 creavit
1723 750 1731 763 ,
1745 730 1776 757 ad
1788 738 1840 764 per-

1042 812 1047 817 .
1066 773 1224 809 cipientlum
1244 782 1308 802 cum
1329 776 1479 810 gratiarum
1493 776 1598 803 actione
1612 775 1746 808 ﬁdelibus.
1760 781 1784 803 et
1798 776 1841 802 hoc

1067 820 1159 848 facere
1176 828 1237 849 cum
1258 821 1300 848 his
1323 822 1370 855 qui
1386 820 1525 849 Christum
1543 823 1750 856 crucilixerunt,
1771 830 1839 850 accc.

1067 871 1141 899 ptnm
1160 873 1220 892 esse
1234 873 1287 893 non
1301 871 1390 901 potest
1404 867 1470 895 Deo.
1485 867 1616 903 lndignati
1632 874 1696 895 sunt
1711 868 1839 903 aliquando

1065 916 1091 937 et
1105 911 1232 939 Pharisaei
1257 912 1382 945 Domino,
1407 921 1458 940 cur
1481 921 1536 941 non
1557 914 1712 949 jejunarent
1726 913 1839 948 discipuli

1064 958 1135 992 ejus.
1149 958 1255 991 Quibus
1278 959 1322 986 ille
1340 960 1496 995 respondit,
1518 961 1582 996 quia
1606 968 1661 988 non
1679 967 1789 996 possunt
1800 961 1840 989 lilii

1065 1005 1156 1038 sponsi
1172 1004 1299 1039 jejunare
1319 1007 1439 1041 quand-iu
1461 1014 1522 1034 cum
1540 1007 1606 1042 ipsis
1625 1013 1668 1035 est
1691 1007 1837 1043 sponsus".

1066 1050 1106 1078 llli
1132 1058 1198 1086 ergo
1217 1051 1342 1086 jejuuent
1359 1053 1406 1087 qul
1431 1053 1607 1088 perdiderunt
1627 1052 1775 1088 sponsum,
1799 1060 1841 1081 nos

1066 1097 1196 1125 habentes
1207 1097 1348 1125 nobiSeum
1360 1105 1488 1134 sponsum
1498 1098 1624 1133 jejunare
1634 1107 1687 1127 non
1699 1106 1838 1134 possumus.

1066 1142 1121 1170 Nec
1135 1144 1187 1171 hoc
1203 1148 1294 1172 tamen
1312 1144 1374 1172 ideo
1387 1134 1513 1178 dicimus,
1533 1149 1563 1172 ut
1588 1145 1760 1173 abstinentia:
1772 1145 1840 1173 Chri-

1065 1189 1164 1216 stianze
1183 1189 1259 1217 frena
1276 1190 1410 1218 laxemus.
1438 1190 1576 1218 llahemus
1592 1191 1662 1218 enim
1680 1191 1840 1226 quadragesi-

1066 1245 1117 1264 ma:
1139 1237 1197 1264 dies
1219 1236 1333 1271 jejuniis
1361 1242 1546 1266 consecratos.
1569 1235 1708 1265 Habemus
1730 1243 1839 1273 quartam

1065 1287 1092 1310 et
1104 1288 1208 1310 sextam
1223 1283 1381 1317 septimanae
1404 1283 1472 1316 dies,
1498 1282 1599 1318 quibus
1612 1283 1770 1312 solemnlter
1782 1283 1840 1318 jeju-

1065 1336 1165 1356 namus
1177 1327 1244 1364 (83).
1261 1328 1309 1358 Est
1320 1334 1395 1357 certe
1408 1329 1522 1358 libertas
1535 1331 1696 1360 Christiano
1711 1340 1759 1367 per
1771 1338 1839 1359 omne

1067 1377 1174 1408 tempus
1188 1373 1342 1408 jejunandi,
1370 1383 1423 1402 non
1441 1376 1624 1404 observantia:
1647 1378 1839 1413 superstitione.

1066 1418 1113 1446 sed
1136 1419 1238 1446 virtute
1257 1421 1445 1448 continentiae.
1465 1420 1532 1448 Nam
1556 1424 1695 1458 quomodo
1718 1423 1785 1459 apud
1801 1430 1839 1450 eos

1065 1465 1177 1493 castitas
1201 1466 1356 1501 incorrupta
1369 1472 1504 1499 servatur,
1521 1467 1572 1495 nisi
1589 1469 1753 1497 arctioribus
1766 1469 1840 1497 comi-

1067 1511 1168 1539 uentiae
1189 1511 1254 1539 fulta
1279 1511 1429 1540 subsidiis?
1448 1512 1589 1547 Quomodo
1613 1514 1764 1550 Scripturis
1787 1522 1838 1549 ope-

225 1565 271 1595 put
287 1565 372 1592 tuum,
385 1564 411 1586 et
423 1558 521 1586 faciem
543 1562 619 1586 tuam
641 1558 710 1586 lava.
725 1568 736 1585 ›
758 1558 836 1592 Quod
853 1558 875 1585 si
898 1558 1014 1593 requiris
1028 1562 1050 1593 c
1068 1564 1125 1584 ram
1150 1557 1274 1584 dabunt?
1293 1557 1433 1592 Quomodo
1453 1559 1574 1587 scientia:
1594 1565 1621 1587 et
1636 1561 1777 1596 sapientiae
1793 1566 1840 1588 stu-

224 1605 360 1641 quomodo
375 1605 450 1633 laves
471 1605 567 1633 lacicm
584 1608 658 1633 tuam
672 1625 680 1637 ,
697 1604 798 1632 Paulus
814 1604 954 1639 apostolus
968 1605 1015 1632 do-

228 1657 272 1680 cet
289 1653 310 1668 "
324 1651 551 1687 quemadmodum
575 1660 585 1677 ι
602 1651 721 1678 revelata
745 1651 814 1679 facie
829 1651 942 1686 gloriam
959 1651 1015 1678 Do-

225 1698 291 1727 mini
310 1698 514 1733 coutempleris,
529 1698 562 1724 ad
577 1697 700 1725 eamdem
722 1697 866 1732 imaginem
883 1696 1016 1725 formatus

225 1753 240 1772 a
254 1745 341 1781 gloria
364 1745 390 1771 in
407 1744 532 1780 gloriam,
555 1748 684 1779 tanquam
705 1752 719 1771 ιι
739 1743 847 1771 Domini
868 1744 982 1778 spiritu.
1003 1753 1012 1770 ι

227 1791 302 1826 Unge
315 1792 396 1818 etiam
412 1795 493 1826 caput
510 1795 596 1823 tuum,
621 1790 668 1818 sed
683 1790 797 1818 observa
819 1797 852 1817 ne
868 1790 927 1817 oleo
952 1798 1015 1825 pec-

224 1838 278 1865 cati
295 1847 302 1865 :
318 1837 401 1873 246
413 1846 422 1863 ι
437 1836 530 1864 Oleum
545 1837 617 1864 enim
634 1836 785 1871 peccatoris
799 1844 851 1863 non
868 1836 1015 1871 impluguet

225 1889 305 1919 caput
321 1889 395 1911 tuum
406 1884 429 1899 “
444 1882 511 1919 (82).
532 1893 540 1910 ι
565 1884 618 1911 Sed
636 1891 707 1918 tinge
727 1887 809 1919 caput
821 1883 880 1911 oleo
895 1882 1015 1910 exsulta~

225 1930 317 1962 tionis,
341 1930 400 1957 oleo
416 1929 527 1960 laetitiae,
546 1929 607 1957 oleo
624 1929 818 1958 misericordia:
831 1949 838 1961 ,
863 1929 901 1956 ita
920 1933 949 1954 ut
972 1935 1015 1955 se-

224 1978 344 2004 cundum
358 1976 514 2003 mandatum
528 1976 668 2010 sapientia:
682 1994 690 2008 ,
708 1974 894 2002 misericordia
907 1979 934 2002 et
947 1974 1014 2003 ﬁdes

223 2026 278 2051 'non
294 2023 421 2050 deserant
436 2026 472 2048 te.
487 2021 634 2056 Propterea
649 2019 723 2047 enim
746 2025 773 2047 et
788 2019 934 2055 Apostolus
944 2039 953 2053 ,
968 2026 1016 2047 vo-

225 2070 284 2098 lens
307 2069 468 2097 abstrahere
487 2075 537 2096 nos
557 2068 591 2094 ab
607 2068 649 2095 his
664 2067 817 2094 visibilihus
831 2071 857 2094 et
877 2067 994 2094 terrenis
1005 2086 1014 2099 ,

225 2122 253 2145 et
268 2116 373 2150 erigere
388 2114 496 2142 animos
520 2121 670 2149 sensusque
689 2118 798 2141 nostros
813 2114 847 2140 ad
869 2114 991 2141 coelestia
1006 2133 1014 2147 ,

224 2164 325 2191 clamat
339 2168 367 2190 et
383 2161 449 2188 dicit
463 2161 485 2176 ¹¹
500 2169 506 2187 :
521 2170 530 2188 t
551 2159 579 2188 Si
600 2160 790 2188 resurrexistis
805 2168 866 2187 cum
891 2160 1013 2193 Christo,

226 2217 286 2244 qua!
299 2215 407 2236 sursum
424 2212 487 2234 sunt
501 2207 626 2242 quaerite,
644 2214 697 2235 non
711 2215 771 2242 quae
785 2215 867 2243 super
882 2212 1011 2235 terramJ

227 2256 323 2283 Nonne
338 2258 432 2289 aperte
450 2254 498 2281 tibi
515 2253 602 2283 dicit:
617 2253 677 2281 Noli
693 2262 817 2289 quaerere
832 2255 858 2282 in
872 2254 953 2282 terris
967 2254 1014 2283 1e-

228 2302 353 2333 rttSalem,
370 2307 418 2328 nec
431 2300 617 2329 observantius
641 2300 720 2334 legis,
745 2308 794 2328 nec
814 2300 946 2336 jejunium
966 2300 1014 2328 Ju-

225 2347 357 2380 dteormn,
370 2346 416 2374 sed
429 2345 561 2381 jejunium
573 2345 673 2373 Christi
683 2345 694 2372 ?
705 2345 836 2380 chttnans
844 2347 917 2373 cnim
930 2346 1013 2381 dphes

263 2397 285 2412 “
304 2395 388 2422 Marc.
405 2402 451 2427 xv,
463 2393 490 2422 9.
531 2394 551 2409 ¹⁸
563 2393 641 2421 Joau.
654 2401 712 2426 xu.
728 2393 772 2421 19..

226 2431 271 2459 29.
311 2431 332 2447 ¹⁸
345 2430 441 2457 Matth.
464 2437 500 2462 VI,
515 2430 559 2457 17.

225 2467 291 2496 Cor.
311 2475 337 2499 v,
354 2466 397 2494 l7.

263 2515 320 2551 (8i)
330 2515 428 2551 Codex
443 2513 597 2549 Sangerm.,
617 2517 774 2551 ι-ιξιιςειιιιιιιΔ
784 2516 834 2539 est.
850 2520 860 2536 I

263 2547 320 2585 ('82)
328 2550 418 2582 Mss.,t
429 2547 604 2584 caputtuum.
612 2547 1013 2585 il.ibh.etliti,tcaputmeum»

262 2583 320 2621 (83)
350 2583 483 2612 "abemus
496 2589 620 2621 quartam
635 2590 658 2611 ιι
676 2583 943 2621 εεπιΠηηιῌδεριὺῃαηιε
959 2583 1015 2608 dies

226 2618 320 2657 quibus
347 2618 507 2657 soleutuitcr:
528 2620 695 2657 jejunamus.
723 2618 950 2657 Antiquissimum
972 2621 1013 2643 est

229 2652 369 2690 utriusque
400 2656 452 2683 dici
467 2652 599 2690 jejunium
614 2675 621 2685 ,
642 2655 742 2689 quippe
756 2653 827 2688 quod
842 2652 1013 2690 peritlde__ac

228 2687 476 2726 quadragt-siutule'
489 2687 657 2725 prttzcipitur'
668 2687 774 2726 canone
791 2687 921 2726 _apostol.
952 2687 982 2713 6|
1001 2707 1008 2718 ,

228 2723 372 2754 Constitui.
389 2723 500 2757 apostol‘.
520 2725 566 2752 tib.
582 2733 607 2757 ν,
624 2733 683 2759 cap.
701 2723 734 2750 15
747 2728 774 2750 ct
789 2723 836 2754 2i,
855 2727 882 2759 et
898 2730 912 2759 ιι
931 2730 1011 2759 pseu-

229 2761 382 2796 do-Ignatio
398 2761 505 2796 epistol.
527 2761 559 2796 ad
584 2757 773 2796 l’ltilipp.cap.
790 2759 837 2796 11's;
855 2758 891 2784 De
903 2757 955 2796 _h_oc
968 2757 1008 2791 je-

227 2793 303 2831 junio
318 2793 480 2822 tuentidnem
496 2795 559 2831 facit
573 2803 625 2821 non
636 2793 689 2821 uno
699 2793 730 2831 iu
744 2794 804 2831 loco
816 2793 1012 2831 'l‘ertultiauus,

229 2828 256 2858 et
272 2831 404 2858 stationes
422 2830 474 2857 illis
490 2830 555 2864 ipsis
570 2830 665 2856 diebus
680 2829 749 2856 obiri
774 2828 951 2864 consuevisse
977 2829 1013 2854 si-

228 2865 341 2898 gniﬁcat
359 2874 365 2892 :
383 2871 412 2892 ut
427 2865 453 2892 in
470 2862 517 2892 lib.
542 2864 579 2891 De
598 2864 709 2898 jejuniil
727 2869 820 2891 contra
847 2862 1012 2898 Psychicos:

234 2897 303 2928 iCur
309 2900 471 2928 stationibus
483 2897 608 2934 quartam
614 2897 641 2926 et
648 2903 751 2927 sextam
763 2897 871 2927 sabbati
879 2897 1012 2930 dicamus,

813 2394 835 2410 “
848 2394 943 2422 Matth.
959 2395 1102 2426 xxvuﬂl.
1146 2394 1167 2409 "
1181 2392 1189 2419 I
1203 2392 1267 2418 (lor.
1283 2398 1307 2419 ν,
1328 2389 1354 2416 7.

598 2429 619 2445 ¹⁹
635 2429 654 2456 ll
669 2430 732 2457 Cor.
759 2435 800 2461 ιιι,
820 2427 863 2457 18.
901 2430 925 2446 ’θ
941 2429 1011 2458 Psal.
1027 2438 1102 2460 cxu.
1115 2429 1141 2456 5.

1066 1603 1190 1630 debuut?
1204 1602 1299 1631 Nonne
1314 1612 1362 1639 per
1383 1605 1584 1634 cominentiam
1603 1607 1710 1634 ventris
1720 1612 1748 1634 et
1763 1610 1839 1642 guttu-

1066 1650 1123 1677 ris?
1135 1649 1277 1683 Quomodo
1291 1650 1352 1686 quis
1365 1651 1484 1686 seipsum
1498 1656 1603 1681 castrat
1618 1657 1732 1688 propter
1743 1659 1839 1687 regnum

1065 1696 1209 1728 castorum,
1231 1697 1282 1723 nisi
1308 1696 1435 1724 ciborum
1460 1697 1628 1725 alliuentiam
1650 1703 1778 1731 resecet,
1796 1697 1839 1725 nisi

1066 1743 1233 1770 abstinentia
1262 1747 1353 1770 utatur
1371 1743 1593 1772 ministralllmc
1611 1752 1678 1780 ergo
1697 1743 1840 1773 Christianis

1064 1790 1204 1825 jejunaudi
1217 1790 1306 1817 oratio
1321 1795 1373 1818 est.
1389 1789 1442 1818 Sed
1456 1795 1499 1818 est
1513 1795 1541 1819 et
1551 1791 1604 1818 alia
1613 1791 1706 1820 adhuc
1718 1791 1838 1825 religiosa.

1065 1835 1143 1871 cujus
1159 1835 1220 1862 laus
1234 1835 1416 1870 quorumdam
1434 1835 1619 1871 apostolorum
1644 1836 1745 1864 litteris
1758 1834 1840 1871 pradi-

1067 1887 1155 1910 catur.
1164 1882 1395 1910 luvenimusenim
1405 1882 1432 1910 in
1443 1882 1558 1917 quodam
1568 1882 1660 1910 libello
1669 1882 1738 1918 (83')
1746 1882 1776 1909 ab
1787 1888 1838 1915 apo-

1068 1928 1145 1956 stolis
1159 1929 1261 1956 dictum
1275 1937 1283 1956 ε
1299 1938 1308 1955 t
1326 1928 1424 1956 Beatus
1439 1933 1482 1956 est
1495 1929 1542 1963 qui
1557 1928 1639 1956 etiam
1647 1929 1751 1964 jejunat
1761 1934 1839 1963 proco

1068 1980 1097 2002 ut
1111 1975 1167 2002 alat
1183 1982 1360 2010 pauperem.»
1379 1975 1463 2009 llujus
1475 1973 1610 2010 jejunium
1625 1975 1705 2003 valde
1715 1979 1837 2008 acceptum

1066 2025 1108 2048 est
1126 2021 1197 2057 apud
1221 2021 1325 2054 Deum,
1354 2025 1382 2048 et
1406 2027 1502 2048 revera
1531 2020 1612 2056 digne
1635 2021 1715 2050 satis.
1732 2019 1838 2049 imitatur

1066 2067 1138 2095 enim
1157 2067 1242 2098 illum,
1255 2066 1302 2102 qui
1317 2066 1436 2093 animam
1453 2073 1530 2093 suam
1551 2066 1643 2101 posuit
1657 2074 1708 2101 pro
1724 2064 1838 2093 fratribus

1068 2112 1135 2141 suis.
1156 2111 1226 2146 Quid
1251 2118 1317 2147 ergo
1341 2111 1480 2138 veteribus
1498 2111 1596 2145 pannis
1612 2119 1685 2139 nova
1701 2111 1837 2138 iudumcnla

1067 2158 1232 2187 miscemus?
1253 2157 1322 2191 Quid
1341 2157 1368 2185 in
1393 2162 1468 2185 utres
1490 2162 1595 2185 veteres
1611 2158 1744 2186 mittimus
1760 2156 1837 2182 vinum

1068 2204 1189 2232 novum?
1207 2214 1217 2229 ι
1236 2204 1334 2231 Vetera
1351 2203 1533 2235 transierunt,
1547 2210 1613 2231 ecce
1626 2203 1700 2231 facta
1717 2206 1777 2231 sunt
1790 2208 1838 2228 oui-

1069 2251 1113 2278 nia
1130 2257 1198 2277 nova
1214 2249 1254 2282 ⁸³,
1272 2259 1282 2275 ι
1313 2256 1361 2284 per
1383 2248 1522 2277 Christum
1545 2247 1696 2283 ,Dominum
1721 2252 1837 2276 nostrum.

1068 2297 1111 2325 cui
1126 2301 1168 2324 est
1193 2296 1279 2332 gloria
1305 2300 1333 2323 et
1352 2295 1496 2330 imperiqu
1517 2294 1545 2322 in
1565 2293 1666 2322 saecula
1683 2293 1837 2322 saeculorum.

1065 2347 1163 2373 Amen.

1675 2389 1696 2404 "
1705 2386 1793 2414 Matth.
1807 2391 1837 2413 lt.

1412 2389 1433 2405 “
1451 2388 1500 2417 lsa.
1515 2397 1590 2418 LVIII.
1607 2388 1634 2416 5.
1675 2388 1793 2414 "Matth.
1807 2391 1837 2413 lt.

1419 2425 1442 2445 l,
1493 2425 1516 2440 1³
1531 2424 1625 2445 ΜιιιιΙι.
1646 2431 1673 2445 ις
1702 2423 1743 2445 l5.
1790 2418 1838 2445 "ll

1191 2428 1213 2445 ἰ
1230 2425 1333 2454 Coloss.
1363 2433 1405 2458 nl,
1419 2425 1444 2452 Ι.
1493 2425 1516 2440 ²¹
1529 2424 1625 2451 Matth.
1646 2431 1685 2457 ix,
1702 2423 1743 2450 15.

1071 2515 1098 2538 ct
1111 2510 1223 2546 jejuniis
1237 2507 1434 2546 parasccveut?
1449 2517 1458 2534 ι
1477 2507 1585 2546 Ει-οειρτ
1602 2506 1638 2534 2:
1658 2515 1668 2532 ε
1685 2506 1730 2533 Sic
1744 2508 1771 2543 e_t
1784 2509 1839 2546 apo:

1070 2542 1154 2574 stultis
1168 2542 1340 2577 observasse,
1366 2543 1468 2570 nullum
1488 2543 1561 2568 aliud
1577 2542 1746 2576 imponeutes
1756 2542 1838 2577 jugtuu

1069 2587 1226 2613 certorum,
1251 2584 1278 2607 et
1300 2574 1338 2606 in'
1353 2584 1498 2606 comtnune
1516 2574 1641 2604 omnibus
1665 2574 1837 2613 obeundarqu

1064 2611 1230 2650 jejuniorum
1242 2624 1248 2642 :
1258 2615 1373 2650 proinde
1381 2621 1431 2640 nec
1439 2613 1597 2650 stationum,
1606 2619 1666 2646 qua:
1679 2616 1705 2638 et
1718 2611 1837 2650 ipsas."th

1066 2643 1179 2686 quidem
1188 2651 1246 2678 dies
1258 2643 1390 2681 habeant,
1403 2654 1507 2683 quartae
1523 2643 1597 2686 regis
1610 2643 1636 2686 et
1651 2643 1758 2686 sextust
1772 2643 1838 2686 Ejus:

1066 2680 1126 2714 dein
1145 2685 1240 2720 jejunii
1268 2680 1437 2720 meutioﬁrest
1461 2684 1532 2718 apud
1549 2683 1728 2720 Epipltattiu-m
1752 2680 1834 2706 haeres-

1063 2716 1231 2755 ικχνξιιίιιιι,
1245 2721 1271 2752 6,
1284 2726 1310 2748 et
1325 2721 1349 2746 in
1363 2716 1533 2754 Expositione
1545 2716 1607 2752 ﬁdei
1617 2716 1760 2755 catholicae,
1772 2719 1834 2755 nunt:

1064 2749 1117 2789 '22;
1137 2749 1200 2784 item
1226 2749 1296 2791 apud
1316 2756 1383 2783 alios
1405 2749 1504 2790 passim
1531 2749 1636 2781 veteres
1662 2756 1716 2779 tam
1740 2749 1835 2778 Gmw‘

1067 2800 1150 2828 quam
1165 2791 1287 2818 Latinos.

1101 2827 1170 2863 (85‘)
1183 2827 1356 2863 Apocrypbo.

1101 2854 1433 2898 (‘84)'Co'dexr's'angertn:,
1452 2869 1464 2898 ι
1480 2859 1596 2898 Domini.
1610 2867 1620 2885 ι
1637 2858 1671 2886 Ει
1685 2855 1762 2893 paulo
1774 2854 1834 2888 1³0³³⁹

1069 2907 1078 2925 ι
1101 2895 1198 2933 quidve
1212 2895 1386 2932 designetviu
1406 2895 1584 2931 Seripturis.»
