  <div class='ocr_page' id='page_1' title='image "/cluster/home/n/w/nwhite01/storage/ocr_20150623/12/njp.32101077772422/292.png"; bbox 0 0 1894 3059; ppageno 0'>
   <div class='ocr_carea' id='block_1_1' title="bbox 72 99 126 128">
    <p class='ocr_par' dir='ltr' id='par_1_1' title="bbox 72 99 126 128">
     <span class='ocr_line' id='line_1_1' title="bbox 72 99 126 128; baseline -0.019 0"><span class='ocrx_word' id='word_1_1' title='bbox 72 99 126 128; x_wconf 74' lang='lat'><strong>5‘19</strong></span> 
     </span>
    </p>
   </div>
   <div class='ocr_carea' id='block_1_2' title="bbox 369 155 574 185">
    <p class='ocr_par' dir='ltr' id='par_1_2' title="bbox 369 155 574 185">
     <span class='ocr_line' id='line_1_2' title="bbox 369 155 574 185; baseline -0.005 -1"><span class='ocrx_word' id='word_1_2' title='bbox 369 156 509 185; x_wconf 84' lang='lat' dir='ltr'><strong>liOMILlA</strong></span> <span class='ocrx_word' id='word_1_3' title='bbox 531 155 574 184; x_wconf 76' lang='lat' dir='ltr'><strong>XI.</strong></span> 
     </span>
    </p>
   </div>
   <div class='ocr_carea' id='block_1_3' title="bbox 71 209 866 245">
    <p class='ocr_par' dir='ltr' id='par_1_3' title="bbox 71 209 866 245">
     <span class='ocr_line' id='line_1_3' title="bbox 71 209 866 245; baseline -0.003 -7"><span class='ocrx_word' id='word_1_4' title='bbox 71 212 107 239; x_wconf 86' lang='lat' dir='ltr'><strong>De</strong></span> <span class='ocrx_word' id='word_1_5' title='bbox 127 218 157 238; x_wconf 86' lang='lat' dir='ltr'><strong>eo</strong></span> <span class='ocrx_word' id='word_1_6' title='bbox 176 211 247 245; x_wconf 83' lang='lat' dir='ltr'><strong>quod</strong></span> <span class='ocrx_word' id='word_1_7' title='bbox 265 210 393 244; x_wconf 77' lang='lat' dir='ltr'><strong>scriptum</strong></span> <span class='ocrx_word' id='word_1_8' title='bbox 413 214 449 237; x_wconf 70' lang='lat' dir='ltr'><strong>est</strong></span> <span class='ocrx_word' id='word_1_9' title='bbox 469 219 478 237; x_wconf 91' lang='lat'><em>:</em></span> <span class='ocrx_word' id='word_1_10' title='bbox 501 219 510 236; x_wconf 77' lang='grc' dir='ltr'><strong>ι</strong></span> <span class='ocrx_word' id='word_1_11' title='bbox 533 209 625 237; x_wconf 78' lang='lat' dir='ltr'><strong>Sancti</strong></span> <span class='ocrx_word' id='word_1_12' title='bbox 643 214 738 242; x_wconf 74' lang='lat' dir='ltr'><strong>estote,</strong></span> <span class='ocrx_word' id='word_1_13' title='bbox 759 209 823 245; x_wconf 73' lang='lat' dir='ltr'><strong>quia</strong></span> <span class='ocrx_word' id='word_1_14' title='bbox 840 211 866 237; x_wconf 75' lang='lat' dir='ltr'><strong>et</strong></span> 
     </span>
    </p>
   </div>
   <div class='ocr_carea' id='block_1_4' title="bbox 150 245 781 281">
    <p class='ocr_par' dir='ltr' id='par_1_4' title="bbox 150 245 781 281">
     <span class='ocr_line' id='line_1_4' title="bbox 150 245 781 281; baseline -0.003 -8"><span class='ocrx_word' id='word_1_15' title='bbox 150 254 197 281; x_wconf 81' lang='lat' dir='ltr'><strong>ego</strong></span> <span class='ocrx_word' id='word_1_16' title='bbox 216 251 325 273; x_wconf 75' lang='lat' dir='ltr'><strong>sanctus</strong></span> <span class='ocrx_word' id='word_1_17' title='bbox 342 254 401 272; x_wconf 75' lang='lat' dir='ltr'><strong>sum</strong></span> <span class='ocrx_word' id='word_1_18' title='bbox 419 245 546 272; x_wconf 76' lang='lat' dir='ltr'><strong>Dominus</strong></span> <span class='ocrx_word' id='word_1_19' title='bbox 567 245 636 272; x_wconf 78' lang='lat' dir='ltr'><strong>Deus</strong></span> <span class='ocrx_word' id='word_1_20' title='bbox 653 249 746 272; x_wconf 70' lang='lat' dir='ltr'><strong>vester.</strong></span> <span class='ocrx_word' id='word_1_21' title='bbox 771 254 781 270; x_wconf 79' lang='grc' dir='ltr'><strong>ι</strong></span> 
     </span>
    </p>
   </div>
   <div class='ocr_carea' id='block_1_5' title="bbox 108 301 865 337">
    <p class='ocr_par' dir='ltr' id='par_1_5' title="bbox 108 301 865 337">
     <span class='ocr_line' id='line_1_5' title="bbox 108 301 865 337; baseline -0.003 -6"><span class='ocrx_word' id='word_1_22' title='bbox 108 304 137 331; x_wconf 81' lang='lat' dir='ltr'><strong>l.</strong></span> <span class='ocrx_word' id='word_1_23' title='bbox 156 302 250 337; x_wconf 81' lang='lat' dir='ltr'><strong>Nuper</strong></span> <span class='ocrx_word' id='word_1_24' title='bbox 266 302 291 329; x_wconf 94' lang='lat' dir='ltr'><strong>in</strong></span> <span class='ocrx_word' id='word_1_25' title='bbox 308 302 420 330; x_wconf 79' lang='lat' dir='ltr'><strong>auribus</strong></span> <span class='ocrx_word' id='word_1_26' title='bbox 437 301 565 329; x_wconf 77' lang='lat' dir='ltr'><strong>Ecclesiae</strong></span> <span class='ocrx_word' id='word_1_27' title='bbox 579 302 708 329; x_wconf 84' lang='lat' dir='ltr'><strong>recitatos</strong></span> <span class='ocrx_word' id='word_1_28' title='bbox 720 306 762 330; x_wconf 89' lang='lat' dir='ltr'><strong>est</strong></span> <span class='ocrx_word' id='word_1_29' title='bbox 775 309 865 330; x_wconf 83' lang='lat' dir='ltr'><strong>sermo</strong></span> 
     </span>
    </p>
   </div>
   <div class='ocr_carea' id='block_1_6' title="bbox 73 347 866 385">
    <p class='ocr_par' dir='ltr' id='par_1_6' title="bbox 73 347 866 385">
     <span class='ocr_line' id='line_1_6' title="bbox 73 347 866 385; baseline -0.003 -8"><span class='ocrx_word' id='word_1_30' title='bbox 73 348 122 377; x_wconf 91' lang='lat' dir='ltr'><strong>Dei</strong></span> <span class='ocrx_word' id='word_1_31' title='bbox 146 348 215 385; x_wconf 68' lang='lat'><strong>(84),</strong></span> <span class='ocrx_word' id='word_1_32' title='bbox 239 348 334 376; x_wconf 91' lang='lat' dir='ltr'><strong>dicens</strong></span> <span class='ocrx_word' id='word_1_33' title='bbox 349 348 373 364; x_wconf 75' lang='lat'>“</span> <span class='ocrx_word' id='word_1_34' title='bbox 394 357 400 375; x_wconf 90' lang='lat'><strong>:</strong></span> <span class='ocrx_word' id='word_1_35' title='bbox 426 357 437 375; x_wconf 74' lang='grc' dir='ltr'><strong>ι</strong></span> <span class='ocrx_word' id='word_1_36' title='bbox 456 347 548 376; x_wconf 85' lang='lat' dir='ltr'><strong>Estote</strong></span> <span class='ocrx_word' id='word_1_37' title='bbox 572 347 662 375; x_wconf 78' lang='lat' dir='ltr'><strong>sancti</strong></span> <span class='ocrx_word' id='word_1_38' title='bbox 684 348 747 382; x_wconf 85' lang='lat' dir='ltr'><strong>quia</strong></span> <span class='ocrx_word' id='word_1_39' title='bbox 765 352 793 375; x_wconf 89' lang='lat' dir='ltr'><strong>et</strong></span> <span class='ocrx_word' id='word_1_40' title='bbox 815 354 866 383; x_wconf 81' lang='lat' dir='ltr'><strong>ego</strong></span> 
     </span>
    </p>
   </div>
   <div class='ocr_carea' id='block_1_7' title="bbox 73 393 866 422">
    <p class='ocr_par' dir='ltr' id='par_1_7' title="bbox 73 393 866 422">
     <span class='ocr_line' id='line_1_7' title="bbox 73 393 866 422; baseline 0.001 -1"><span class='ocrx_word' id='word_1_41' title='bbox 73 399 191 422; x_wconf 83' lang='lat' dir='ltr'><strong>sanctus</strong></span> <span class='ocrx_word' id='word_1_42' title='bbox 211 401 272 422; x_wconf 89' lang='lat' dir='ltr'><strong>sum</strong></span> <span class='ocrx_word' id='word_1_43' title='bbox 299 393 430 422; x_wconf 77' lang='lat' dir='ltr'><strong>Dominus</strong></span> <span class='ocrx_word' id='word_1_44' title='bbox 447 393 518 421; x_wconf 83' lang='lat' dir='ltr'><strong>Deus</strong></span> <span class='ocrx_word' id='word_1_45' title='bbox 532 398 633 421; x_wconf 91' lang='lat' dir='ltr'><strong>vester.</strong></span> <span class='ocrx_word' id='word_1_46' title='bbox 654 402 663 419; x_wconf 75' lang='grc' dir='ltr'><strong>ι</strong></span> <span class='ocrx_word' id='word_1_47' title='bbox 680 394 781 421; x_wconf 86' lang='lat' dir='ltr'><strong>Nomen</strong></span> <span class='ocrx_word' id='word_1_48' title='bbox 813 394 866 422; x_wconf 89' lang='lat' dir='ltr'><strong>hoc</strong></span> 
     </span>
    </p>
   </div>
   <div class='ocr_carea' id='block_1_8' title="bbox 75 434 865 475">
    <p class='ocr_par' dir='ltr' id='par_1_8' title="bbox 75 434 865 475">
     <span class='ocr_line' id='line_1_8' title="bbox 75 434 865 475; baseline 0.001 -8"><span class='ocrx_word' id='word_1_49' title='bbox 75 450 85 467; x_wconf 78' lang='grc' dir='ltr'><strong>ι</strong></span> <span class='ocrx_word' id='word_1_50' title='bbox 108 445 232 473; x_wconf 84' lang='lat' dir='ltr'><strong>sanctus,</strong></span> <span class='ocrx_word' id='word_1_51' title='bbox 253 449 262 466; x_wconf 76' lang='grc' dir='ltr'><strong>ι</strong></span> <span class='ocrx_word' id='word_1_52' title='bbox 290 440 355 475; x_wconf 87' lang='lat' dir='ltr'><strong>quid</strong></span> <span class='ocrx_word' id='word_1_53' title='bbox 376 440 427 467; x_wconf 87' lang='lat' dir='ltr'><strong>sibi</strong></span> <span class='ocrx_word' id='word_1_54' title='bbox 449 439 525 472; x_wconf 86' lang='lat' dir='ltr'><strong>velit,</strong></span> <span class='ocrx_word' id='word_1_55' title='bbox 549 439 648 473; x_wconf 82' lang='lat' dir='ltr'><strong>quidve</strong></span> <span class='ocrx_word' id='word_1_56' title='bbox 675 438 812 474; x_wconf 79' lang='lat' dir='ltr'><strong>signiﬁcet</strong></span> <span class='ocrx_word' id='word_1_57' title='bbox 837 434 865 468; x_wconf 80' lang='lat' dir='ltr'><strong>in</strong></span> 
     </span>
    </p>
   </div>
   <div class='ocr_carea' id='block_1_9' title="bbox 73 485 867 520">
    <p class='ocr_par' dir='ltr' id='par_1_9' title="bbox 73 485 867 520">
     <span class='ocr_line' id='line_1_9' title="bbox 73 485 867 520; baseline 0.001 -7"><span class='ocrx_word' id='word_1_58' title='bbox 73 486 230 520; x_wconf 85' lang='lat' dir='ltr'><strong>Scripturis</strong></span> <span class='ocrx_word' id='word_1_59' title='bbox 246 486 359 516; x_wconf 82' lang='lat' dir='ltr'><strong>divinis.</strong></span> <span class='ocrx_word' id='word_1_60' title='bbox 373 485 529 520; x_wconf 86' lang='lat' dir='ltr'><strong>diligentius</strong></span> <span class='ocrx_word' id='word_1_61' title='bbox 556 485 748 519; x_wconf 84' lang='lat' dir='ltr'><strong>requirendum</strong></span> <span class='ocrx_word' id='word_1_62' title='bbox 769 490 821 517; x_wconf 86' lang='lat' dir='ltr'><strong>est,</strong></span> <span class='ocrx_word' id='word_1_63' title='bbox 838 491 867 514; x_wconf 87' lang='lat' dir='ltr'><strong>ut</strong></span> 
     </span>
    </p>
   </div>
   <div class='ocr_carea' id='block_1_10' title="bbox 73 531 866 567">
    <p class='ocr_par' dir='ltr' id='par_1_10' title="bbox 73 531 866 567">
     <span class='ocr_line' id='line_1_10' title="bbox 73 531 866 567; baseline 0 -8"><span class='ocrx_word' id='word_1_64' title='bbox 73 540 139 559; x_wconf 87' lang='lat' dir='ltr'><strong>cum</strong></span> <span class='ocrx_word' id='word_1_65' title='bbox 157 533 212 559; x_wconf 82' lang='lat' dir='ltr'><strong>vim</strong></span> <span class='ocrx_word' id='word_1_66' title='bbox 227 532 302 560; x_wconf 83' lang='lat' dir='ltr'><strong>verbi</strong></span> <span class='ocrx_word' id='word_1_67' title='bbox 319 532 506 565; x_wconf 78' lang='lat' dir='ltr'><strong>didicerimus,</strong></span> <span class='ocrx_word' id='word_1_68' title='bbox 528 531 610 559; x_wconf 90' lang='lat' dir='ltr'><strong>etiatn</strong></span> <span class='ocrx_word' id='word_1_69' title='bbox 624 538 691 566; x_wconf 89' lang='lat' dir='ltr'><strong>opus</strong></span> <span class='ocrx_word' id='word_1_70' title='bbox 705 531 763 565; x_wconf 85' lang='lat' dir='ltr'><strong>ejus</strong></span> <span class='ocrx_word' id='word_1_71' title='bbox 778 532 866 567; x_wconf 84' lang='lat' dir='ltr'><strong>possi-</strong></span> 
     </span>
    </p>
   </div>
   <div class='ocr_carea' id='block_1_11' title="bbox 74 576 868 613">
    <p class='ocr_par' dir='ltr' id='par_1_11' title="bbox 74 576 868 613">
     <span class='ocr_line' id='line_1_11' title="bbox 74 576 868 613; baseline 0.003 -9"><span class='ocrx_word' id='word_1_72' title='bbox 74 585 138 606; x_wconf 88' lang='lat' dir='ltr'><strong>ntus</strong></span> <span class='ocrx_word' id='word_1_73' title='bbox 152 578 277 613; x_wconf 84' lang='lat' dir='ltr'><strong>implere.</strong></span> <span class='ocrx_word' id='word_1_74' title='bbox 292 577 494 612; x_wconf 84' lang='lat' dir='ltr'><strong>Congregemus</strong></span> <span class='ocrx_word' id='word_1_75' title='bbox 509 583 575 612; x_wconf 83' lang='lat' dir='ltr'><strong>ergo</strong></span> <span class='ocrx_word' id='word_1_76' title='bbox 601 576 634 604; x_wconf 88' lang='lat' dir='ltr'><strong>de</strong></span> <span class='ocrx_word' id='word_1_77' title='bbox 655 577 806 612; x_wconf 86' lang='lat' dir='ltr'><strong>Scripturis</strong></span> <span class='ocrx_word' id='word_1_78' title='bbox 826 578 868 606; x_wconf 87' lang='lat' dir='ltr'><strong>di-</strong></span> 
     </span>
    </p>
   </div>
   <div class='ocr_carea' id='block_1_12' title="bbox 75 622 866 658">
    <p class='ocr_par' dir='ltr' id='par_1_12' title="bbox 75 622 866 658">
     <span class='ocr_line' id='line_1_12' title="bbox 75 622 866 658; baseline 0.005 -10"><span class='ocrx_word' id='word_1_79' title='bbox 75 622 162 655; x_wconf 80' lang='lat' dir='ltr'><strong>vinis,</strong></span> <span class='ocrx_word' id='word_1_80' title='bbox 178 630 261 657; x_wconf 82' lang='lat' dir='ltr'><strong>super</strong></span> <span class='ocrx_word' id='word_1_81' title='bbox 276 623 375 658; x_wconf 85' lang='lat' dir='ltr'><strong>quibus</strong></span> <span class='ocrx_word' id='word_1_82' title='bbox 387 627 511 651; x_wconf 83' lang='lat' dir='ltr'><strong>sanctum</strong></span> <span class='ocrx_word' id='word_1_83' title='bbox 526 623 579 651; x_wconf 91' lang='lat' dir='ltr'><strong>dici</strong></span> <span class='ocrx_word' id='word_1_84' title='bbox 594 622 759 657; x_wconf 85' lang='lat' dir='ltr'><strong>invenimus,</strong></span> <span class='ocrx_word' id='word_1_85' title='bbox 772 628 799 651; x_wconf 83' lang='lat' dir='ltr'><strong>et</strong></span> <span class='ocrx_word' id='word_1_86' title='bbox 816 625 866 652; x_wconf 87' lang='lat' dir='ltr'><strong>de-</strong></span> 
     </span>
    </p>
   </div>
   <div class='ocr_carea' id='block_1_13' title="bbox 73 668 866 704">
    <p class='ocr_par' dir='ltr' id='par_1_13' title="bbox 73 668 866 704">
     <span class='ocr_line' id='line_1_13' title="bbox 73 668 866 704; baseline 0.003 -8"><span class='ocrx_word' id='word_1_87' title='bbox 73 668 279 702; x_wconf 80' lang='lat' dir='ltr'><strong>prehendemus</strong></span> <span class='ocrx_word' id='word_1_88' title='bbox 297 669 354 704; x_wconf 82' lang='lat'><strong>(85)</strong></span> <span class='ocrx_word' id='word_1_89' title='bbox 380 676 432 696; x_wconf 90' lang='lat' dir='ltr'><strong>non</strong></span> <span class='ocrx_word' id='word_1_90' title='bbox 451 669 538 696; x_wconf 85' lang='lat' dir='ltr'><strong>solum</strong></span> <span class='ocrx_word' id='word_1_91' title='bbox 554 669 691 702; x_wconf 88' lang='lat' dir='ltr'><strong>homines,</strong></span> <span class='ocrx_word' id='word_1_92' title='bbox 717 670 764 698; x_wconf 86' lang='lat' dir='ltr'><strong>sed</strong></span> <span class='ocrx_word' id='word_1_93' title='bbox 784 670 866 698; x_wconf 87' lang='lat' dir='ltr'><strong>etiam</strong></span> 
     </span>
    </p>
   </div>
   <div class='ocr_carea' id='block_1_14' title="bbox 75 714 866 750">
    <p class='ocr_par' dir='ltr' id='par_1_14' title="bbox 75 714 866 750">
     <span class='ocr_line' id='line_1_14' title="bbox 75 714 866 750; baseline 0.003 -9"><span class='ocrx_word' id='word_1_94' title='bbox 75 719 152 741; x_wconf 85' lang='lat' dir='ltr'><strong>mnta</strong></span> <span class='ocrx_word' id='word_1_95' title='bbox 170 714 299 742; x_wconf 86' lang='lat' dir='ltr'><strong>animalia</strong></span> <span class='ocrx_word' id='word_1_96' title='bbox 318 719 412 743; x_wconf 81' lang='lat' dir='ltr'><strong>saneta</strong></span> <span class='ocrx_word' id='word_1_97' title='bbox 429 715 575 750; x_wconf 81' lang='lat' dir='ltr'><strong>appellata,</strong></span> <span class='ocrx_word' id='word_1_98' title='bbox 593 716 749 744; x_wconf 84' lang='lat' dir='ltr'><strong>invenimus</strong></span> <span class='ocrx_word' id='word_1_99' title='bbox 760 720 788 743; x_wconf 89' lang='lat' dir='ltr'><strong>et</strong></span> <span class='ocrx_word' id='word_1_100' title='bbox 802 721 866 744; x_wconf 76' lang='lat' dir='ltr'><strong>Vasa</strong></span> 
     </span>
    </p>
   </div>
   <div class='ocr_carea' id='block_1_15' title="bbox 75 759 867 794">
    <p class='ocr_par' dir='ltr' id='par_1_15' title="bbox 75 759 867 794">
     <span class='ocr_line' id='line_1_15' title="bbox 75 759 867 794; baseline 0.004 -9"><span class='ocrx_word' id='word_1_101' title='bbox 75 759 223 786; x_wconf 89' lang='lat' dir='ltr'><strong>ministerii</strong></span> <span class='ocrx_word' id='word_1_102' title='bbox 235 765 328 787; x_wconf 75' lang='lat' dir='ltr'><strong>sancta</strong></span> <span class='ocrx_word' id='word_1_103' title='bbox 343 759 472 791; x_wconf 72' lang='lat' dir='ltr'><strong>vocitata,</strong></span> <span class='ocrx_word' id='word_1_104' title='bbox 482 764 509 787; x_wconf 88' lang='lat' dir='ltr'><strong>et</strong></span> <span class='ocrx_word' id='word_1_105' title='bbox 521 760 681 788; x_wconf 85' lang='lat' dir='ltr'><strong>vestimenta</strong></span> <span class='ocrx_word' id='word_1_106' title='bbox 696 764 788 788; x_wconf 86' lang='lat' dir='ltr'><strong>sancta</strong></span> <span class='ocrx_word' id='word_1_107' title='bbox 803 761 867 794; x_wconf 89' lang='lat' dir='ltr'><strong>dici,</strong></span> 
     </span>
    </p>
   </div>
   <div class='ocr_carea' id='block_1_16' title="bbox 76 804 867 840">
    <p class='ocr_par' dir='ltr' id='par_1_16' title="bbox 76 804 867 840">
     <span class='ocr_line' id='line_1_16' title="bbox 76 804 867 840; baseline 0.003 -9"><span class='ocrx_word' id='word_1_108' title='bbox 76 808 105 830; x_wconf 86' lang='lat' dir='ltr'><strong>et</strong></span> <span class='ocrx_word' id='word_1_109' title='bbox 120 804 181 832; x_wconf 86' lang='lat' dir='ltr'><strong>loca</strong></span> <span class='ocrx_word' id='word_1_110' title='bbox 196 805 384 839; x_wconf 82' lang='lat' dir='ltr'><strong>nihilominus,</strong></span> <span class='ocrx_word' id='word_1_111' title='bbox 400 812 460 840; x_wconf 68' lang='lat' dir='ltr'><strong>qum</strong></span> <span class='ocrx_word' id='word_1_112' title='bbox 476 805 502 832; x_wconf 93' lang='lat' dir='ltr'><strong>in</strong></span> <span class='ocrx_word' id='word_1_113' title='bbox 519 806 634 833; x_wconf 81' lang='lat' dir='ltr'><strong>urbibus</strong></span> <span class='ocrx_word' id='word_1_114' title='bbox 647 805 688 834; x_wconf 87' lang='lat' dir='ltr'><strong>vel</strong></span> <span class='ocrx_word' id='word_1_115' title='bbox 702 806 867 834; x_wconf 84' lang='lat' dir='ltr'><strong>suburbihus</strong></span> 
     </span>
    </p>
   </div>
   <div class='ocr_carea' id='block_1_17' title="bbox 76 850 870 888">
    <p class='ocr_par' dir='ltr' id='par_1_17' title="bbox 76 850 870 888">
     <span class='ocr_line' id='line_1_17' title="bbox 76 850 870 888; baseline 0.003 -10"><span class='ocrx_word' id='word_1_116' title='bbox 76 850 167 885; x_wconf 87' lang='lat' dir='ltr'><strong>posita</strong></span> <span class='ocrx_word' id='word_1_117' title='bbox 196 855 260 879; x_wconf 89' lang='lat' dir='ltr'><strong>sunt</strong></span> <span class='ocrx_word' id='word_1_118' title='bbox 272 872 279 884; x_wconf 92' lang='lat'><strong>,</strong></span> <span class='ocrx_word' id='word_1_119' title='bbox 307 856 335 880; x_wconf 88' lang='lat' dir='ltr'><strong>et</strong></span> <span class='ocrx_word' id='word_1_120' title='bbox 359 852 551 880; x_wconf 84' lang='lat' dir='ltr'><strong>sacerdotibus</strong></span> <span class='ocrx_word' id='word_1_121' title='bbox 566 853 695 888; x_wconf 88' lang='lat' dir='ltr'><strong>deputata</strong></span> <span class='ocrx_word' id='word_1_122' title='bbox 714 862 720 879; x_wconf 87' lang='lat'>:</span> <span class='ocrx_word' id='word_1_123' title='bbox 737 859 770 880; x_wconf 78' lang='lat' dir='ltr'><strong>ex</strong></span> <span class='ocrx_word' id='word_1_124' title='bbox 787 852 870 880; x_wconf 89' lang='lat' dir='ltr'><strong>mutis</strong></span> 
     </span>
    </p>
   </div>
   <div class='ocr_carea' id='block_1_18' title="bbox 74 896 869 934">
    <p class='ocr_par' dir='ltr' id='par_1_18' title="bbox 74 896 869 934">
     <span class='ocr_line' id='line_1_18' title="bbox 74 896 869 934; baseline 0.004 -11"><span class='ocrx_word' id='word_1_125' title='bbox 74 896 189 931; x_wconf 80' lang='lat' dir='ltr'><strong>quidem</strong></span> <span class='ocrx_word' id='word_1_126' title='bbox 204 897 367 925; x_wconf 82' lang='lat' dir='ltr'><strong>animalibus</strong></span> <span class='ocrx_word' id='word_1_127' title='bbox 382 898 564 933; x_wconf 84' lang='lat' dir='ltr'><strong>primogenita</strong></span> <span class='ocrx_word' id='word_1_128' title='bbox 577 900 669 931; x_wconf 89' lang='lat' dir='ltr'><strong>boum,</strong></span> <span class='ocrx_word' id='word_1_129' title='bbox 686 899 728 926; x_wconf 81' lang='lat' dir='ltr'><strong>Vel</strong></span> <span class='ocrx_word' id='word_1_130' title='bbox 742 906 869 934; x_wconf 76' lang='lat' dir='ltr'><strong>pecorum</strong></span> 
     </span>
    </p>
   </div>
   <div class='ocr_carea' id='block_1_19' title="bbox 75 941 869 979">
    <p class='ocr_par' dir='ltr' id='par_1_19' title="bbox 75 941 869 979">
     <span class='ocr_line' id='line_1_19' title="bbox 75 941 869 979; baseline 0.003 -10"><span class='ocrx_word' id='word_1_131' title='bbox 75 941 246 970; x_wconf 81' lang='lat' dir='ltr'><strong>sanctiﬁcari</strong></span> <span class='ocrx_word' id='word_1_132' title='bbox 263 949 312 978; x_wconf 90' lang='lat' dir='ltr'><strong>per</strong></span> <span class='ocrx_word' id='word_1_133' title='bbox 327 943 413 978; x_wconf 83' lang='lat' dir='ltr'><strong>legem</strong></span> <span class='ocrx_word' id='word_1_134' title='bbox 430 943 544 970; x_wconf 91' lang='lat' dir='ltr'><strong>Domino</strong></span> <span class='ocrx_word' id='word_1_135' title='bbox 555 943 696 979; x_wconf 85' lang='lat' dir='ltr'><strong>jubentnr,</strong></span> <span class='ocrx_word' id='word_1_136' title='bbox 708 949 736 971; x_wconf 88' lang='lat' dir='ltr'><strong>et</strong></span> <span class='ocrx_word' id='word_1_137' title='bbox 752 944 869 971; x_wconf 83' lang='lat' dir='ltr'><strong>dicitur:</strong></span> 
     </span>
    </p>
   </div>
   <div class='ocr_carea' id='block_1_20' title="bbox 76 986 869 1024">
    <p class='ocr_par' dir='ltr' id='par_1_20' title="bbox 76 986 869 1024">
     <span class='ocr_line' id='line_1_20' title="bbox 76 986 869 1024; baseline 0.004 -9"><span class='ocrx_word' id='word_1_138' title='bbox 76 986 117 1015; x_wconf 85' lang='lat' dir='ltr'><strong>Ne</strong></span> <span class='ocrx_word' id='word_1_139' title='bbox 128 987 218 1016; x_wconf 76' lang='lat' dir='ltr'><strong>iacias</strong></span> <span class='ocrx_word' id='word_1_140' title='bbox 241 989 268 1016; x_wconf 89' lang='lat' dir='ltr'><strong>in</strong></span> <span class='ocrx_word' id='word_1_141' title='bbox 293 989 333 1016; x_wconf 85' lang='lat' dir='ltr'><strong>eis</strong></span> <span class='ocrx_word' id='word_1_142' title='bbox 348 996 415 1024; x_wconf 89' lang='lat' dir='ltr'><strong>opus</strong></span> <span class='ocrx_word' id='word_1_143' title='bbox 429 989 512 1016; x_wconf 72' lang='lat' dir='ltr'><strong>ullum</strong></span> <span class='ocrx_word' id='word_1_144' title='bbox 527 990 590 1024; x_wconf 83' lang='lat' dir='ltr'><strong>quia</strong></span> <span class='ocrx_word' id='word_1_145' title='bbox 609 989 725 1017; x_wconf 88' lang='lat' dir='ltr'><strong>Dontino</strong></span> <span class='ocrx_word' id='word_1_146' title='bbox 745 990 869 1018; x_wconf 77' lang='lat' dir='ltr'><strong>sanctiﬂ~</strong></span> 
     </span>
    </p>
   </div>
   <div class='ocr_carea' id='block_1_21' title="bbox 75 1033 871 1068">
    <p class='ocr_par' dir='ltr' id='par_1_21' title="bbox 75 1033 871 1068">
     <span class='ocr_line' id='line_1_21' title="bbox 75 1033 871 1068; baseline 0.006 -10"><span class='ocrx_word' id='word_1_147' title='bbox 75 1037 139 1059; x_wconf 81' lang='lat' dir='ltr'><strong>cata</strong></span> <span class='ocrx_word' id='word_1_148' title='bbox 169 1037 246 1060; x_wconf 88' lang='lat' dir='ltr'><strong>sunt.</strong></span> <span class='ocrx_word' id='word_1_149' title='bbox 274 1033 363 1068; x_wconf 90' lang='lat' dir='ltr'><strong>Super</strong></span> <span class='ocrx_word' id='word_1_150' title='bbox 381 1035 452 1062; x_wconf 78' lang='lat' dir='ltr'><strong>vasis</strong></span> <span class='ocrx_word' id='word_1_151' title='bbox 469 1041 549 1068; x_wconf 76' lang='lat' dir='ltr'><strong>vero,</strong></span> <span class='ocrx_word' id='word_1_152' title='bbox 567 1041 629 1062; x_wconf 91' lang='lat' dir='ltr'><strong>cum</strong></span> <span class='ocrx_word' id='word_1_153' title='bbox 647 1035 673 1063; x_wconf 91' lang='lat' dir='ltr'><strong>in</strong></span> <span class='ocrx_word' id='word_1_154' title='bbox 692 1036 871 1064; x_wconf 86' lang='lat' dir='ltr'><strong>tabernaculo</strong></span> 
     </span>
    </p>
   </div>
   <div class='ocr_carea' id='block_1_22' title="bbox 77 1077 863 1114">
    <p class='ocr_par' dir='ltr' id='par_1_22' title="bbox 77 1077 863 1114">
     <span class='ocr_line' id='line_1_22' title="bbox 77 1077 863 1114; baseline 0.005 -11"><span class='ocrx_word' id='word_1_155' title='bbox 77 1077 231 1105; x_wconf 80' lang='lat' dir='ltr'><strong>testimonii</strong></span> <span class='ocrx_word' id='word_1_156' title='bbox 249 1085 314 1106; x_wconf 85' lang='lat' dir='ltr'><strong>vasa</strong></span> <span class='ocrx_word' id='word_1_157' title='bbox 331 1079 485 1111; x_wconf 83' lang='lat' dir='ltr'><strong>ministerii,</strong></span> <span class='ocrx_word' id='word_1_158' title='bbox 502 1079 656 1112; x_wconf 87' lang='lat' dir='ltr'><strong>tlutribula,</strong></span> <span class='ocrx_word' id='word_1_159' title='bbox 685 1080 726 1107; x_wconf 89' lang='lat' dir='ltr'><strong>vel</strong></span> <span class='ocrx_word' id='word_1_160' title='bbox 751 1079 863 1114; x_wconf 78' lang='lat' dir='ltr'><strong>phialze,</strong></span> 
     </span>
    </p>
   </div>
   <div class='ocr_carea' id='block_1_23' title="bbox 77 1124 866 1160">
    <p class='ocr_par' dir='ltr' id='par_1_23' title="bbox 77 1124 866 1160">
     <span class='ocr_line' id='line_1_23' title="bbox 77 1124 866 1160; baseline 0.004 -10"><span class='ocrx_word' id='word_1_161' title='bbox 77 1124 121 1150; x_wconf 78' lang='lat' dir='ltr'><strong>vel</strong></span> <span class='ocrx_word' id='word_1_162' title='bbox 141 1128 240 1151; x_wconf 67' lang='lat' dir='ltr'><strong>caetera</strong></span> <span class='ocrx_word' id='word_1_163' title='bbox 267 1124 422 1159; x_wconf 81' lang='lat' dir='ltr'><strong>hujusmodi</strong></span> <span class='ocrx_word' id='word_1_164' title='bbox 448 1131 530 1157; x_wconf 86' lang='lat' dir='ltr'><strong>vasa,</strong></span> <span class='ocrx_word' id='word_1_165' title='bbox 559 1129 654 1152; x_wconf 84' lang='lat' dir='ltr'><strong>sancta</strong></span> <span class='ocrx_word' id='word_1_166' title='bbox 686 1125 866 1160; x_wconf 81' lang='lat' dir='ltr'><strong>appellantur.</strong></span> 
     </span>
    </p>
   </div>
   <div class='ocr_carea' id='block_1_24' title="bbox 76 1169 872 1206">
    <p class='ocr_par' dir='ltr' id='par_1_24' title="bbox 76 1169 872 1206">
     <span class='ocr_line' id='line_1_24' title="bbox 76 1169 872 1206; baseline 0.004 -10"><span class='ocrx_word' id='word_1_167' title='bbox 76 1169 168 1204; x_wconf 87' lang='lat' dir='ltr'><strong>Super</strong></span> <span class='ocrx_word' id='word_1_168' title='bbox 184 1170 365 1203; x_wconf 83' lang='lat' dir='ltr'><strong>vestimentis,</strong></span> <span class='ocrx_word' id='word_1_169' title='bbox 380 1171 465 1198; x_wconf 89' lang='lat' dir='ltr'><strong>etiam</strong></span> <span class='ocrx_word' id='word_1_170' title='bbox 481 1171 549 1198; x_wconf 85' lang='lat' dir='ltr'><strong>stola</strong></span> <span class='ocrx_word' id='word_1_171' title='bbox 570 1171 710 1206; x_wconf 89' lang='lat' dir='ltr'><strong>pontiﬁcis</strong></span> <span class='ocrx_word' id='word_1_172' title='bbox 726 1172 817 1198; x_wconf 82' lang='lat' dir='ltr'><strong>Aaron</strong></span> <span class='ocrx_word' id='word_1_173' title='bbox 844 1176 872 1199; x_wconf 89' lang='lat' dir='ltr'><strong>ct</strong></span> 
     </span>
    </p>
   </div>
   <div class='ocr_carea' id='block_1_25' title="bbox 77 1216 870 1251">
    <p class='ocr_par' dir='ltr' id='par_1_25' title="bbox 77 1216 870 1251">
     <span class='ocr_line' id='line_1_25' title="bbox 77 1216 870 1251; baseline 0.004 -9"><span class='ocrx_word' id='word_1_174' title='bbox 77 1217 173 1243; x_wconf 87' lang='lat' dir='ltr'><strong>tunica</strong></span> <span class='ocrx_word' id='word_1_175' title='bbox 194 1216 265 1244; x_wconf 77' lang='lat' dir='ltr'><strong>linea</strong></span> <span class='ocrx_word' id='word_1_176' title='bbox 282 1236 290 1249; x_wconf 96' lang='lat'><strong>,</strong></span> <span class='ocrx_word' id='word_1_177' title='bbox 322 1221 350 1244; x_wconf 85' lang='lat' dir='ltr'><strong>et</strong></span> <span class='ocrx_word' id='word_1_178' title='bbox 377 1222 476 1244; x_wconf 71' lang='lat' dir='ltr'><strong>caetera</strong></span> <span class='ocrx_word' id='word_1_179' title='bbox 502 1216 658 1251; x_wconf 70' lang='lat' dir='ltr'><strong>huiusmodi</strong></span> <span class='ocrx_word' id='word_1_180' title='bbox 689 1218 870 1249; x_wconf 84' lang='lat' dir='ltr'><strong>vestimenta,</strong></span> 
     </span>
    </p>
   </div>
   <div class='ocr_carea' id='block_1_26' title="bbox 76 1262 872 1298">
    <p class='ocr_par' dir='ltr' id='par_1_26' title="bbox 76 1262 872 1298">
     <span class='ocr_line' id='line_1_26' title="bbox 76 1262 872 1298; baseline 0.003 -9"><span class='ocrx_word' id='word_1_181' title='bbox 76 1266 174 1290; x_wconf 84' lang='lat' dir='ltr'><strong>sancta</strong></span> <span class='ocrx_word' id='word_1_182' title='bbox 186 1262 324 1290; x_wconf 90' lang='lat' dir='ltr'><strong>dicuntur.</strong></span> <span class='ocrx_word' id='word_1_183' title='bbox 341 1262 371 1290; x_wconf 85' lang='lat' dir='ltr'><strong>Si</strong></span> <span class='ocrx_word' id='word_1_184' title='bbox 385 1269 450 1298; x_wconf 84' lang='lat' dir='ltr'><strong>ergo</strong></span> <span class='ocrx_word' id='word_1_185' title='bbox 468 1263 624 1290; x_wconf 85' lang='lat' dir='ltr'><strong>intueamur</strong></span> <span class='ocrx_word' id='word_1_186' title='bbox 639 1271 693 1298; x_wconf 90' lang='lat' dir='ltr'><strong>quo</strong></span> <span class='ocrx_word' id='word_1_187' title='bbox 708 1271 790 1291; x_wconf 87' lang='lat' dir='ltr'><strong>sensu</strong></span> <span class='ocrx_word' id='word_1_188' title='bbox 814 1265 872 1291; x_wconf 65' lang='lat' dir='ltr'><strong>haec</strong></span> 
     </span>
    </p>
   </div>
   <div class='ocr_carea' id='block_1_27' title="bbox 76 1308 871 1345">
    <p class='ocr_par' dir='ltr' id='par_1_27' title="bbox 76 1308 871 1345">
     <span class='ocr_line' id='line_1_27' title="bbox 76 1308 871 1345; baseline 0.004 -10"><span class='ocrx_word' id='word_1_189' title='bbox 76 1308 172 1335; x_wconf 87' lang='lat' dir='ltr'><strong>omnia</strong></span> <span class='ocrx_word' id='word_1_190' title='bbox 189 1313 286 1336; x_wconf 87' lang='lat' dir='ltr'><strong>sancta</strong></span> <span class='ocrx_word' id='word_1_191' title='bbox 303 1315 397 1336; x_wconf 86' lang='lat' dir='ltr'><strong>vocata</strong></span> <span class='ocrx_word' id='word_1_192' title='bbox 426 1313 508 1341; x_wconf 88' lang='lat' dir='ltr'><strong>sunt,</strong></span> <span class='ocrx_word' id='word_1_193' title='bbox 539 1310 715 1337; x_wconf 87' lang='lat' dir='ltr'><strong>advertemus</strong></span> <span class='ocrx_word' id='word_1_194' title='bbox 733 1311 871 1345; x_wconf 85' lang='lat' dir='ltr'><strong>quomodo</strong></span> 
     </span>
    </p>
   </div>
   <div class='ocr_carea' id='block_1_28' title="bbox 76 1354 872 1390">
    <p class='ocr_par' dir='ltr' id='par_1_28' title="bbox 76 1354 872 1390">
     <span class='ocr_line' id='line_1_28' title="bbox 76 1354 872 1390; baseline 0.005 -9"><span class='ocrx_word' id='word_1_195' title='bbox 76 1354 162 1381; x_wconf 86' lang='lat' dir='ltr'><strong>etiam</strong></span> <span class='ocrx_word' id='word_1_196' title='bbox 179 1362 230 1382; x_wconf 89' lang='lat' dir='ltr'><strong>nos</strong></span> <span class='ocrx_word' id='word_1_197' title='bbox 248 1355 313 1382; x_wconf 87' lang='lat' dir='ltr'><strong>dare</strong></span> <span class='ocrx_word' id='word_1_198' title='bbox 327 1362 438 1390; x_wconf 85' lang='lat' dir='ltr'><strong>operam</strong></span> <span class='ocrx_word' id='word_1_199' title='bbox 452 1355 597 1383; x_wconf 82' lang='lat' dir='ltr'><strong>debeamus</strong></span> <span class='ocrx_word' id='word_1_200' title='bbox 614 1375 622 1386; x_wconf 85' lang='lat'><strong>.</strong></span> <span class='ocrx_word' id='word_1_201' title='bbox 644 1361 673 1383; x_wconf 93' lang='lat' dir='ltr'><strong>ut</strong></span> <span class='ocrx_word' id='word_1_202' title='bbox 699 1356 786 1384; x_wconf 90' lang='lat' dir='ltr'><strong>sancti</strong></span> <span class='ocrx_word' id='word_1_203' title='bbox 811 1365 872 1385; x_wconf 85' lang='lat' dir='ltr'><strong>esse</strong></span> 
     </span>
    </p>
   </div>
   <div class='ocr_carea' id='block_1_29' title="bbox 78 1399 870 1438">
    <p class='ocr_par' dir='ltr' id='par_1_29' title="bbox 78 1399 870 1438">
     <span class='ocr_line' id='line_1_29' title="bbox 78 1399 870 1438; baseline 0.003 -10"><span class='ocrx_word' id='word_1_204' title='bbox 78 1401 228 1435; x_wconf 84' lang='lat' dir='ltr'><strong>possimus.</strong></span> <span class='ocrx_word' id='word_1_205' title='bbox 253 1399 340 1429; x_wconf 84' lang='lat' dir='ltr'><strong>Natus</strong></span> <span class='ocrx_word' id='word_1_206' title='bbox 362 1406 404 1429; x_wconf 87' lang='lat' dir='ltr'><strong>est</strong></span> <span class='ocrx_word' id='word_1_207' title='bbox 421 1402 486 1429; x_wconf 91' lang='lat' dir='ltr'><strong>mihi</strong></span> <span class='ocrx_word' id='word_1_208' title='bbox 503 1403 700 1438; x_wconf 81' lang='lat' dir='ltr'><strong>primogenitus</strong></span> <span class='ocrx_word' id='word_1_209' title='bbox 727 1403 778 1430; x_wconf 89' lang='lat' dir='ltr'><strong>bos</strong></span> <span class='ocrx_word' id='word_1_210' title='bbox 791 1424 799 1436; x_wconf 91' lang='lat'><strong>,</strong></span> <span class='ocrx_word' id='word_1_211' title='bbox 817 1410 870 1430; x_wconf 91' lang='lat' dir='ltr'><strong>non</strong></span> 
     </span>
    </p>
   </div>
   <div class='ocr_carea' id='block_1_30' title="bbox 78 1446 870 1483">
    <p class='ocr_par' dir='ltr' id='par_1_30' title="bbox 78 1446 870 1483">
     <span class='ocr_line' id='line_1_30' title="bbox 78 1446 870 1483; baseline 0.004 -10"><span class='ocrx_word' id='word_1_212' title='bbox 78 1446 147 1474; x_wconf 87' lang='lat' dir='ltr'><strong>mihi</strong></span> <span class='ocrx_word' id='word_1_213' title='bbox 178 1446 244 1474; x_wconf 89' lang='lat' dir='ltr'><strong>licet</strong></span> <span class='ocrx_word' id='word_1_214' title='bbox 279 1454 413 1482; x_wconf 90' lang='lat' dir='ltr'><strong>occupare</strong></span> <span class='ocrx_word' id='word_1_215' title='bbox 447 1455 508 1475; x_wconf 89' lang='lat' dir='ltr'><strong>eum</strong></span> <span class='ocrx_word' id='word_1_216' title='bbox 539 1448 572 1475; x_wconf 88' lang='lat' dir='ltr'><strong>ad</strong></span> <span class='ocrx_word' id='word_1_217' title='bbox 598 1455 667 1483; x_wconf 90' lang='lat' dir='ltr'><strong>opus</strong></span> <span class='ocrx_word' id='word_1_218' title='bbox 702 1454 870 1477; x_wconf 85' lang='lat' dir='ltr'><strong>commune:</strong></span> 
     </span>
    </p>
   </div>
   <div class='ocr_carea' id='block_1_31' title="bbox 76 1491 906 1533">
    <p class='ocr_par' dir='ltr' id='par_1_31' title="bbox 76 1491 906 1533">
     <span class='ocr_line' id='line_1_31' title="bbox 76 1491 906 1533; baseline 0.004 -14"><span class='ocrx_word' id='word_1_219' title='bbox 76 1497 120 1519; x_wconf 84' lang='lat' dir='ltr'><strong>est</strong></span> <span class='ocrx_word' id='word_1_220' title='bbox 145 1492 221 1520; x_wconf 87' lang='lat' dir='ltr'><strong>enim</strong></span> <span class='ocrx_word' id='word_1_221' title='bbox 258 1491 372 1520; x_wconf 90' lang='lat' dir='ltr'><strong>Domino</strong></span> <span class='ocrx_word' id='word_1_222' title='bbox 399 1498 578 1521; x_wconf 88' lang='lat' dir='ltr'><strong>consecratus</strong></span> <span class='ocrx_word' id='word_1_223' title='bbox 593 1514 601 1527; x_wconf 90' lang='lat'><strong>,</strong></span> <span class='ocrx_word' id='word_1_224' title='bbox 628 1498 656 1521; x_wconf 86' lang='lat' dir='ltr'><strong>et</strong></span> <span class='ocrx_word' id='word_1_225' title='bbox 685 1494 746 1522; x_wconf 89' lang='lat' dir='ltr'><strong>ideo</strong></span> <span class='ocrx_word' id='word_1_226' title='bbox 771 1495 906 1533; x_wconf 79' lang='lat' dir='ltr'><strong>diciturc</strong></span> 
     </span>
    </p>
   </div>
   <div class='ocr_carea' id='block_1_32' title="bbox 78 1537 870 1574">
    <p class='ocr_par' dir='ltr' id='par_1_32' title="bbox 78 1537 870 1574">
     <span class='ocr_line' id='line_1_32' title="bbox 78 1537 870 1574; baseline 0.003 -9"><span class='ocrx_word' id='word_1_227' title='bbox 78 1542 205 1567; x_wconf 84' lang='lat' dir='ltr'><strong>sanctus.</strong></span> <span class='ocrx_word' id='word_1_228' title='bbox 235 1537 413 1573; x_wconf 87' lang='lat' dir='ltr'><strong>lntelligimus</strong></span> <span class='ocrx_word' id='word_1_229' title='bbox 439 1546 504 1574; x_wconf 83' lang='lat' dir='ltr'><strong>ergo</strong></span> <span class='ocrx_word' id='word_1_230' title='bbox 528 1547 562 1566; x_wconf 83' lang='lat' dir='ltr'><strong>ex</strong></span> <span class='ocrx_word' id='word_1_231' title='bbox 587 1539 640 1567; x_wconf 86' lang='lat' dir='ltr'><strong>hoc</strong></span> <span class='ocrx_word' id='word_1_232' title='bbox 666 1546 741 1567; x_wconf 88' lang='lat' dir='ltr'><strong>muto</strong></span> <span class='ocrx_word' id='word_1_233' title='bbox 765 1539 870 1568; x_wconf 78' lang='lat' dir='ltr'><strong>anima~</strong></span> 
     </span>
    </p>
   </div>
   <div class='ocr_carea' id='block_1_33' title="bbox 78 1582 871 1618">
    <p class='ocr_par' dir='ltr' id='par_1_33' title="bbox 78 1582 871 1618">
     <span class='ocr_line' id='line_1_33' title="bbox 78 1582 871 1618; baseline 0.004 -9"><span class='ocrx_word' id='word_1_234' title='bbox 78 1582 108 1614; x_wconf 88' lang='lat' dir='ltr'><strong>li,</strong></span> <span class='ocrx_word' id='word_1_235' title='bbox 128 1582 269 1618; x_wconf 85' lang='lat' dir='ltr'><strong>quomodo</strong></span> <span class='ocrx_word' id='word_1_236' title='bbox 289 1583 330 1610; x_wconf 77' lang='lat' dir='ltr'><strong>lex</strong></span> <span class='ocrx_word' id='word_1_237' title='bbox 356 1584 427 1618; x_wconf 90' lang='lat' dir='ltr'><strong>quod</strong></span> <span class='ocrx_word' id='word_1_238' title='bbox 459 1589 584 1612; x_wconf 89' lang='lat' dir='ltr'><strong>sanctum</strong></span> <span class='ocrx_word' id='word_1_239' title='bbox 616 1585 673 1612; x_wconf 85' lang='lat' dir='ltr'><strong>vult</strong></span> <span class='ocrx_word' id='word_1_240' title='bbox 700 1592 782 1617; x_wconf 85' lang='lat' dir='ltr'><strong>esse,</strong></span> <span class='ocrx_word' id='word_1_241' title='bbox 806 1585 871 1613; x_wconf 90' lang='lat' dir='ltr'><strong>nulli</strong></span> 
     </span>
    </p>
   </div>
   <div class='ocr_carea' id='block_1_34' title="bbox 77 1629 870 1665">
    <p class='ocr_par' dir='ltr' id='par_1_34' title="bbox 77 1629 870 1665">
     <span class='ocr_line' id='line_1_34' title="bbox 77 1629 870 1665; baseline 0.005 -10"><span class='ocrx_word' id='word_1_242' title='bbox 77 1629 124 1656; x_wconf 85' lang='lat' dir='ltr'><strong>alii</strong></span> <span class='ocrx_word' id='word_1_243' title='bbox 154 1629 180 1656; x_wconf 91' lang='lat' dir='ltr'><strong>id</strong></span> <span class='ocrx_word' id='word_1_244' title='bbox 211 1629 350 1657; x_wconf 86' lang='lat' dir='ltr'><strong>deservire</strong></span> <span class='ocrx_word' id='word_1_245' title='bbox 374 1630 472 1665; x_wconf 84' lang='lat' dir='ltr'><strong>jubet,</strong></span> <span class='ocrx_word' id='word_1_246' title='bbox 505 1630 557 1657; x_wconf 84' lang='lat' dir='ltr'><strong>nisi</strong></span> <span class='ocrx_word' id='word_1_247' title='bbox 588 1630 703 1659; x_wconf 85' lang='lat' dir='ltr'><strong>Domino</strong></span> <span class='ocrx_word' id='word_1_248' title='bbox 725 1631 786 1659; x_wconf 85' lang='lat' dir='ltr'><strong>soli.</strong></span> <span class='ocrx_word' id='word_1_249' title='bbox 817 1632 870 1660; x_wconf 88' lang='lat' dir='ltr'><strong>Ite-</strong></span> 
     </span>
    </p>
   </div>
   <div class='ocr_carea' id='block_1_35' title="bbox 79 1675 872 1710">
    <p class='ocr_par' dir='ltr' id='par_1_35' title="bbox 79 1675 872 1710">
     <span class='ocr_line' id='line_1_35' title="bbox 79 1675 872 1710; baseline 0.004 -9"><span class='ocrx_word' id='word_1_250' title='bbox 79 1682 140 1701; x_wconf 90' lang='lat' dir='ltr'><strong>rum</strong></span> <span class='ocrx_word' id='word_1_251' title='bbox 171 1680 281 1709; x_wconf 88' lang='lat' dir='ltr'><strong>pateras</strong></span> <span class='ocrx_word' id='word_1_252' title='bbox 303 1675 346 1702; x_wconf 85' lang='lat' dir='ltr'><strong>vel</strong></span> <span class='ocrx_word' id='word_1_253' title='bbox 378 1675 483 1710; x_wconf 82' lang='lat' dir='ltr'><strong>phialas</strong></span> <span class='ocrx_word' id='word_1_254' title='bbox 506 1682 574 1710; x_wconf 89' lang='lat' dir='ltr'><strong>quas</strong></span> <span class='ocrx_word' id='word_1_255' title='bbox 594 1676 659 1703; x_wconf 88' lang='lat' dir='ltr'><strong>dicit</strong></span> <span class='ocrx_word' id='word_1_256' title='bbox 682 1681 801 1709; x_wconf 85' lang='lat' dir='ltr'><strong>sanctas,</strong></span> <span class='ocrx_word' id='word_1_257' title='bbox 820 1677 872 1704; x_wconf 55' lang='lat' dir='ltr'><strong>ilia;</strong></span> 
     </span>
    </p>
   </div>
   <div class='ocr_carea' id='block_1_36' title="bbox 77 1721 871 1759">
    <p class='ocr_par' dir='ltr' id='par_1_36' title="bbox 77 1721 871 1759">
     <span class='ocr_line' id='line_1_36' title="bbox 77 1721 871 1759; baseline 0.003 -12"><span class='ocrx_word' id='word_1_258' title='bbox 77 1726 143 1748; x_wconf 86' lang='lat' dir='ltr'><strong>sunt</strong></span> <span class='ocrx_word' id='word_1_259' title='bbox 154 1728 215 1755; x_wconf 69' lang='lat' dir='ltr'><strong>qum</strong></span> <span class='ocrx_word' id='word_1_260' title='bbox 225 1729 362 1756; x_wconf 88' lang='lat' dir='ltr'><strong>nunquam</strong></span> <span class='ocrx_word' id='word_1_261' title='bbox 379 1721 507 1756; x_wconf 80' lang='lat' dir='ltr'><strong>iubentur</strong></span> <span class='ocrx_word' id='word_1_262' title='bbox 519 1721 594 1749; x_wconf 76' lang='lat' dir='ltr'><strong>exire</strong></span> <span class='ocrx_word' id='word_1_263' title='bbox 614 1722 647 1749; x_wconf 88' lang='lat' dir='ltr'><strong>de</strong></span> <span class='ocrx_word' id='word_1_264' title='bbox 663 1723 773 1757; x_wconf 87' lang='lat' dir='ltr'><strong>templo,</strong></span> <span class='ocrx_word' id='word_1_265' title='bbox 790 1722 871 1759; x_wconf 69' lang='grc'><strong>24³1</strong></span> 
     </span>
    </p>
   </div>
   <div class='ocr_carea' id='block_1_37' title="bbox 79 1766 872 1802">
    <p class='ocr_par' dir='ltr' id='par_1_37' title="bbox 79 1766 872 1802">
     <span class='ocr_line' id='line_1_37' title="bbox 79 1766 872 1802; baseline 0.004 -8"><span class='ocrx_word' id='word_1_266' title='bbox 79 1766 126 1794; x_wconf 80' lang='lat' dir='ltr'><strong>sed</strong></span> <span class='ocrx_word' id='word_1_267' title='bbox 141 1774 202 1794; x_wconf 86' lang='lat' dir='ltr'><strong>esse</strong></span> <span class='ocrx_word' id='word_1_268' title='bbox 217 1775 325 1800; x_wconf 80' lang='lat' dir='ltr'><strong>semper</strong></span> <span class='ocrx_word' id='word_1_269' title='bbox 339 1767 365 1794; x_wconf 94' lang='lat' dir='ltr'><strong>in</strong></span> <span class='ocrx_word' id='word_1_270' title='bbox 382 1767 493 1800; x_wconf 81' lang='lat' dir='ltr'><strong>sanctis,</strong></span> <span class='ocrx_word' id='word_1_271' title='bbox 507 1775 556 1794; x_wconf 85' lang='lat' dir='ltr'><strong>nec</strong></span> <span class='ocrx_word' id='word_1_272' title='bbox 573 1767 634 1794; x_wconf 88' lang='lat' dir='ltr'><strong>ullis</strong></span> <span class='ocrx_word' id='word_1_273' title='bbox 646 1768 756 1802; x_wconf 90' lang='lat' dir='ltr'><strong>peuittts</strong></span> <span class='ocrx_word' id='word_1_274' title='bbox 771 1769 872 1797; x_wconf 81' lang='lat' dir='ltr'><strong>huma-</strong></span> 
     </span>
    </p>
   </div>
   <div class='ocr_carea' id='block_1_38' title="bbox 79 1812 872 1850">
    <p class='ocr_par' dir='ltr' id='par_1_38' title="bbox 79 1812 872 1850">
     <span class='ocr_line' id='line_1_38' title="bbox 79 1812 872 1850; baseline 0.004 -11"><span class='ocrx_word' id='word_1_275' title='bbox 79 1812 123 1840; x_wconf 85' lang='lat' dir='ltr'><strong>nis</strong></span> <span class='ocrx_word' id='word_1_276' title='bbox 135 1813 233 1840; x_wconf 87' lang='lat' dir='ltr'><strong>usibus</strong></span> <span class='ocrx_word' id='word_1_277' title='bbox 256 1813 420 1840; x_wconf 85' lang='lat' dir='ltr'><strong>ministrare.</strong></span> <span class='ocrx_word' id='word_1_278' title='bbox 442 1813 575 1840; x_wconf 84' lang='lat' dir='ltr'><strong>Similiter</strong></span> <span class='ocrx_word' id='word_1_279' title='bbox 592 1818 620 1840; x_wconf 88' lang='lat' dir='ltr'><strong>et</strong></span> <span class='ocrx_word' id='word_1_280' title='bbox 634 1814 795 1842; x_wconf 83' lang='lat' dir='ltr'><strong>vestimenta</strong></span> <span class='ocrx_word' id='word_1_281' title='bbox 810 1822 872 1850; x_wconf 62' lang='lat' dir='ltr'><strong>qua;</strong></span> 
     </span>
    </p>
   </div>
   <div class='ocr_carea' id='block_1_39' title="bbox 79 1858 871 1892">
    <p class='ocr_par' dir='ltr' id='par_1_39' title="bbox 79 1858 871 1892">
     <span class='ocr_line' id='line_1_39' title="bbox 79 1858 871 1892; baseline 0.003 -6"><span class='ocrx_word' id='word_1_282' title='bbox 79 1863 175 1886; x_wconf 81' lang='lat' dir='ltr'><strong>sancta</strong></span> <span class='ocrx_word' id='word_1_283' title='bbox 190 1859 378 1892; x_wconf 86' lang='lat' dir='ltr'><strong>nominantur,</strong></span> <span class='ocrx_word' id='word_1_284' title='bbox 391 1866 443 1886; x_wconf 89' lang='lat' dir='ltr'><strong>non</strong></span> <span class='ocrx_word' id='word_1_285' title='bbox 457 1858 586 1892; x_wconf 75' lang='lat' dir='ltr'><strong>iubentur</strong></span> <span class='ocrx_word' id='word_1_286' title='bbox 599 1858 670 1886; x_wconf 89' lang='lat' dir='ltr'><strong>intra</strong></span> <span class='ocrx_word' id='word_1_287' title='bbox 685 1860 795 1887; x_wconf 90' lang='lat' dir='ltr'><strong>domum</strong></span> <span class='ocrx_word' id='word_1_288' title='bbox 811 1861 871 1888; x_wconf 84' lang='lat' dir='ltr'><strong>usui</strong></span> 
     </span>
    </p>
   </div>
   <div class='ocr_carea' id='block_1_40' title="bbox 78 1903 872 1938">
    <p class='ocr_par' dir='ltr' id='par_1_40' title="bbox 78 1903 872 1938">
     <span class='ocr_line' id='line_1_40' title="bbox 78 1903 872 1938; baseline 0.003 -8"><span class='ocrx_word' id='word_1_289' title='bbox 78 1903 221 1930; x_wconf 77' lang='lat' dir='ltr'><strong>deservire</strong></span> <span class='ocrx_word' id='word_1_290' title='bbox 235 1904 380 1938; x_wconf 86' lang='lat' dir='ltr'><strong>pontiﬁcis,</strong></span> <span class='ocrx_word' id='word_1_291' title='bbox 396 1904 442 1931; x_wconf 89' lang='lat' dir='ltr'><strong>sed</strong></span> <span class='ocrx_word' id='word_1_292' title='bbox 459 1903 484 1930; x_wconf 88' lang='lat' dir='ltr'><strong>iu</strong></span> <span class='ocrx_word' id='word_1_293' title='bbox 501 1904 601 1938; x_wconf 92' lang='lat' dir='ltr'><strong>templo</strong></span> <span class='ocrx_word' id='word_1_294' title='bbox 614 1911 686 1936; x_wconf 89' lang='lat' dir='ltr'><strong>esse,</strong></span> <span class='ocrx_word' id='word_1_295' title='bbox 698 1908 725 1932; x_wconf 86' lang='lat' dir='ltr'><strong>et</strong></span> <span class='ocrx_word' id='word_1_296' title='bbox 740 1905 801 1932; x_wconf 88' lang='lat' dir='ltr'><strong>inde</strong></span> <span class='ocrx_word' id='word_1_297' title='bbox 813 1912 872 1932; x_wconf 90' lang='lat' dir='ltr'><strong>om-</strong></span> 
     </span>
    </p>
   </div>
   <div class='ocr_carea' id='block_1_41' title="bbox 79 1948 871 1983">
    <p class='ocr_par' dir='ltr' id='par_1_41' title="bbox 79 1948 871 1983">
     <span class='ocr_line' id='line_1_41' title="bbox 79 1948 871 1983; baseline 0.004 -8"><span class='ocrx_word' id='word_1_298' title='bbox 79 1948 145 1975; x_wconf 88' lang='lat' dir='ltr'><strong>nino</strong></span> <span class='ocrx_word' id='word_1_299' title='bbox 155 1956 293 1983; x_wconf 86' lang='lat' dir='ltr'><strong>nuuquam</strong></span> <span class='ocrx_word' id='word_1_300' title='bbox 306 1949 406 1981; x_wconf 82' lang='lat' dir='ltr'><strong>ell&#39;erri,</strong></span> <span class='ocrx_word' id='word_1_301' title='bbox 421 1949 468 1976; x_wconf 87' lang='lat' dir='ltr'><strong>sed</strong></span> <span class='ocrx_word' id='word_1_302' title='bbox 482 1949 516 1976; x_wconf 84' lang='lat' dir='ltr'><strong>ad</strong></span> <span class='ocrx_word' id='word_1_303' title='bbox 529 1950 580 1976; x_wconf 91' lang='lat' dir='ltr'><strong>hoc</strong></span> <span class='ocrx_word' id='word_1_304' title='bbox 594 1952 696 1976; x_wconf 89' lang='lat' dir='ltr'><strong>tantum</strong></span> <span class='ocrx_word' id='word_1_305' title='bbox 714 1955 871 1978; x_wconf 86' lang='lat' dir='ltr'><strong>consecrata</strong></span> 
     </span>
    </p>
   </div>
   <div class='ocr_carea' id='block_1_42' title="bbox 78 1995 872 2029">
    <p class='ocr_par' dir='ltr' id='par_1_42' title="bbox 78 1995 872 2029">
     <span class='ocr_line' id='line_1_42' title="bbox 78 1995 872 2029; baseline 0.003 -7"><span class='ocrx_word' id='word_1_306' title='bbox 78 2003 140 2023; x_wconf 87' lang='lat' dir='ltr'><strong>esse</strong></span> <span class='ocrx_word' id='word_1_307' title='bbox 156 2016 164 2027; x_wconf 91' lang='lat'><strong>,</strong></span> <span class='ocrx_word' id='word_1_308' title='bbox 182 1999 213 2022; x_wconf 88' lang='lat' dir='ltr'><strong>ut</strong></span> <span class='ocrx_word' id='word_1_309' title='bbox 229 1995 268 2022; x_wconf 87' lang='lat' dir='ltr'><strong>eis</strong></span> <span class='ocrx_word' id='word_1_310' title='bbox 290 1995 345 2022; x_wconf 87' lang='lat' dir='ltr'><strong>Deo</strong></span> <span class='ocrx_word' id='word_1_311' title='bbox 370 1995 528 2022; x_wconf 81' lang='lat' dir='ltr'><strong>ministrans</strong></span> <span class='ocrx_word' id='word_1_312' title='bbox 553 1995 673 2029; x_wconf 78' lang='lat' dir='ltr'><strong>pontifex</strong></span> <span class='ocrx_word' id='word_1_313' title='bbox 692 1995 829 2028; x_wconf 83' lang='lat' dir='ltr'><strong>induatur,</strong></span> <span class='ocrx_word' id='word_1_314' title='bbox 845 2001 872 2024; x_wconf 90' lang='lat' dir='ltr'><strong>et</strong></span> 
     </span>
    </p>
   </div>
   <div class='ocr_carea' id='block_1_43' title="bbox 80 2040 870 2076">
    <p class='ocr_par' dir='ltr' id='par_1_43' title="bbox 80 2040 870 2076">
     <span class='ocr_line' id='line_1_43' title="bbox 80 2040 870 2076; baseline 0.003 -8"><span class='ocrx_word' id='word_1_315' title='bbox 80 2042 134 2068; x_wconf 84' lang='lat' dir='ltr'><strong>sint</strong></span> <span class='ocrx_word' id='word_1_316' title='bbox 152 2048 262 2074; x_wconf 82' lang='lat' dir='ltr'><strong>semper</strong></span> <span class='ocrx_word' id='word_1_317' title='bbox 276 2040 302 2068; x_wconf 92' lang='lat' dir='ltr'><strong>in</strong></span> <span class='ocrx_word' id='word_1_318' title='bbox 320 2041 429 2076; x_wconf 84' lang='lat' dir='ltr'><strong>templo,</strong></span> <span class='ocrx_word' id='word_1_319' title='bbox 448 2041 482 2068; x_wconf 87' lang='lat' dir='ltr'><strong>ad</strong></span> <span class='ocrx_word' id='word_1_320' title='bbox 497 2043 611 2068; x_wconf 61' lang='lat' dir='ltr'><strong>exstet-os</strong></span> <span class='ocrx_word' id='word_1_321' title='bbox 630 2048 694 2068; x_wconf 90' lang='lat' dir='ltr'><strong>vero</strong></span> <span class='ocrx_word' id='word_1_322' title='bbox 709 2049 775 2069; x_wconf 89' lang='lat' dir='ltr'><strong>usus</strong></span> <span class='ocrx_word' id='word_1_323' title='bbox 794 2049 870 2070; x_wconf 87' lang='lat' dir='ltr'><strong>com-</strong></span> 
     </span>
    </p>
   </div>
   <div class='ocr_carea' id='block_1_44' title="bbox 80 2087 872 2120">
    <p class='ocr_par' dir='ltr' id='par_1_44' title="bbox 80 2087 872 2120">
     <span class='ocr_line' id='line_1_44' title="bbox 80 2087 872 2120; baseline 0.001 -6"><span class='ocrx_word' id='word_1_324' title='bbox 80 2095 189 2120; x_wconf 79' lang='lat' dir='ltr'><strong>munes,</strong></span> <span class='ocrx_word' id='word_1_325' title='bbox 205 2092 297 2115; x_wconf 90' lang='lat' dir='ltr'><strong>utatur</strong></span> <span class='ocrx_word' id='word_1_326' title='bbox 312 2089 500 2117; x_wconf 89' lang='lat' dir='ltr'><strong>comuutuihus</strong></span> <span class='ocrx_word' id='word_1_327' title='bbox 515 2089 690 2117; x_wconf 84' lang='lat' dir='ltr'><strong>indumentis.</strong></span> <span class='ocrx_word' id='word_1_328' title='bbox 703 2087 834 2115; x_wconf 86' lang='lat' dir='ltr'><strong>Similiter</strong></span> <span class='ocrx_word' id='word_1_329' title='bbox 845 2092 872 2115; x_wconf 81' lang='lat' dir='ltr'><strong>et</strong></span> 
     </span>
    </p>
   </div>
   <div class='ocr_carea' id='block_1_45' title="bbox 79 2134 870 2170">
    <p class='ocr_par' dir='ltr' id='par_1_45' title="bbox 79 2134 870 2170">
     <span class='ocr_line' id='line_1_45' title="bbox 79 2134 870 2170; baseline -0.001 -8"><span class='ocrx_word' id='word_1_330' title='bbox 79 2135 193 2169; x_wconf 85' lang='lat' dir='ltr'><strong>pateris,</strong></span> <span class='ocrx_word' id='word_1_331' title='bbox 208 2141 239 2161; x_wconf 86' lang='lat' dir='ltr'><strong>ac</strong></span> <span class='ocrx_word' id='word_1_332' title='bbox 264 2134 363 2168; x_wconf 87' lang='lat' dir='ltr'><strong>phialis</strong></span> <span class='ocrx_word' id='word_1_333' title='bbox 385 2135 428 2162; x_wconf 88' lang='lat' dir='ltr'><strong>his</strong></span> <span class='ocrx_word' id='word_1_334' title='bbox 446 2143 506 2170; x_wconf 70' lang='lat' dir='ltr'><strong>qua:</strong></span> <span class='ocrx_word' id='word_1_335' title='bbox 520 2139 622 2163; x_wconf 64' lang='lat' dir='ltr'><strong>sancta:</strong></span> <span class='ocrx_word' id='word_1_336' title='bbox 636 2134 820 2169; x_wconf 85' lang='lat' dir='ltr'><strong>appellantur,</strong></span> <span class='ocrx_word' id='word_1_337' title='bbox 837 2134 870 2161; x_wconf 86' lang='lat' dir='ltr'><strong>ad</strong></span> 
     </span>
    </p>
   </div>
   <div class='ocr_carea' id='block_1_46' title="bbox 670 88 1134 122">
    <p class='ocr_par' dir='ltr' id='par_1_46' title="bbox 670 88 1134 122">
     <span class='ocr_line' id='line_1_46' title="bbox 670 88 1134 122; baseline -0.013 0"><span class='ocrx_word' id='word_1_338' title='bbox 670 95 704 122; x_wconf 86' lang='lat' dir='ltr'><strong>IN</strong></span> <span class='ocrx_word' id='word_1_339' title='bbox 721 91 909 122; x_wconf 74' lang='lat' dir='ltr'><strong>LEVITICUM</strong></span> <span class='ocrx_word' id='word_1_340' title='bbox 929 90 1072 119; x_wconf 72' lang='lat' dir='ltr'><strong>HOMILIA</strong></span> <span class='ocrx_word' id='word_1_341' title='bbox 1090 88 1134 116; x_wconf 72' lang='lat' dir='ltr'><strong>XI.</strong></span> 
     </span>
    </p>
   </div>
   <div class='ocr_carea' id='block_1_47' title="bbox 884 148 1706 185">
    <p class='ocr_par' dir='ltr' id='par_1_47' title="bbox 884 148 1706 185">
     <span class='ocr_line' id='line_1_47' title="bbox 884 148 1706 185; baseline -0.005 -6"><span class='ocrx_word' id='word_1_342' title='bbox 884 157 905 184; x_wconf 77' lang='grc' dir='ltr'>Α</span> <span class='ocrx_word' id='word_1_343' title='bbox 921 157 948 179; x_wconf 90' lang='lat' dir='ltr'><strong>et</strong></span> <span class='ocrx_word' id='word_1_344' title='bbox 968 152 1112 179; x_wconf 85' lang='lat' dir='ltr'><strong>mundanis</strong></span> <span class='ocrx_word' id='word_1_345' title='bbox 1136 149 1253 185; x_wconf 82' lang='lat' dir='ltr'><strong>negotiis</strong></span> <span class='ocrx_word' id='word_1_346' title='bbox 1282 148 1427 183; x_wconf 76' lang='lat' dir='ltr'><strong>obligatis,</strong></span> <span class='ocrx_word' id='word_1_347' title='bbox 1456 155 1509 175; x_wconf 90' lang='lat' dir='ltr'><strong>non</strong></span> <span class='ocrx_word' id='word_1_348' title='bbox 1525 155 1650 183; x_wconf 62' lang='lat' dir='ltr'><strong>quaerens</strong></span> <span class='ocrx_word' id='word_1_349' title='bbox 1676 156 1706 175; x_wconf 78' lang='lat' dir='ltr'><strong>ea</strong></span> 
     </span>
    </p>
   </div>
   <div class='ocr_carea' id='block_1_48' title="bbox 1655 86 1706 115">
    <p class='ocr_par' dir='ltr' id='par_1_48' title="bbox 1655 86 1706 115">
     <span class='ocr_line' id='line_1_48' title="bbox 1655 86 1706 115; baseline 0.039 -2"><span class='ocrx_word' id='word_1_350' title='bbox 1655 86 1706 115; x_wconf 80' lang='lat'><strong>530</strong></span> 
     </span>
    </p>
   </div>
   <div class='ocr_carea' id='block_1_49' title="bbox 919 194 1706 232">
    <p class='ocr_par' dir='ltr' id='par_1_49' title="bbox 919 194 1706 232">
     <span class='ocr_line' id='line_1_49' title="bbox 919 194 1706 232; baseline -0.005 -8"><span class='ocrx_word' id='word_1_351' title='bbox 919 206 978 232; x_wconf 74' lang='lat' dir='ltr'><strong>qua:</strong></span> <span class='ocrx_word' id='word_1_352' title='bbox 991 205 1072 232; x_wconf 85' lang='lat' dir='ltr'><strong>super</strong></span> <span class='ocrx_word' id='word_1_353' title='bbox 1090 201 1203 228; x_wconf 87' lang='lat' dir='ltr'><strong>terram.</strong></span> <span class='ocrx_word' id='word_1_354' title='bbox 1217 197 1264 224; x_wconf 85' lang='lat' dir='ltr'><strong>sed</strong></span> <span class='ocrx_word' id='word_1_355' title='bbox 1279 203 1339 230; x_wconf 78' lang='lat' dir='ltr'><strong>quas</strong></span> <span class='ocrx_word' id='word_1_356' title='bbox 1357 195 1382 222; x_wconf 94' lang='lat' dir='ltr'><strong>in</strong></span> <span class='ocrx_word' id='word_1_357' title='bbox 1395 194 1474 223; x_wconf 72' lang='lat' dir='ltr'><strong>cmlis</strong></span> <span class='ocrx_word' id='word_1_358' title='bbox 1488 199 1551 222; x_wconf 89' lang='lat' dir='ltr'><strong>sunt</strong></span> <span class='ocrx_word' id='word_1_359' title='bbox 1565 202 1572 226; x_wconf 87' lang='lat'><strong>;</strong></span> <span class='ocrx_word' id='word_1_360' title='bbox 1587 194 1638 221; x_wconf 86' lang='lat' dir='ltr'><strong>iste</strong></span> <span class='ocrx_word' id='word_1_361' title='bbox 1648 201 1706 220; x_wconf 85' lang='lat' dir='ltr'><strong>nte-</strong></span> 
     </span>
    </p>
   </div>
   <div class='ocr_carea' id='block_1_50' title="bbox 920 240 1707 278">
    <p class='ocr_par' dir='ltr' id='par_1_50' title="bbox 920 240 1707 278">
     <span class='ocr_line' id='line_1_50' title="bbox 920 240 1707 278; baseline -0.005 -8"><span class='ocrx_word' id='word_1_362' title='bbox 920 244 972 270; x_wconf 88' lang='lat' dir='ltr'><strong>rito</strong></span> <span class='ocrx_word' id='word_1_363' title='bbox 990 247 1101 270; x_wconf 87' lang='lat' dir='ltr'><strong>sanctus</strong></span> <span class='ocrx_word' id='word_1_364' title='bbox 1119 243 1280 278; x_wconf 84' lang='lat' dir='ltr'><strong>appellatur.</strong></span> <span class='ocrx_word' id='word_1_365' title='bbox 1301 243 1391 270; x_wconf 88' lang='lat' dir='ltr'><strong>Donec</strong></span> <span class='ocrx_word' id='word_1_366' title='bbox 1407 241 1480 268; x_wconf 91' lang='lat' dir='ltr'><strong>enim</strong></span> <span class='ocrx_word' id='word_1_367' title='bbox 1503 240 1650 275; x_wconf 87' lang='lat' dir='ltr'><strong>permistus</strong></span> <span class='ocrx_word' id='word_1_368' title='bbox 1665 243 1707 267; x_wconf 89' lang='lat' dir='ltr'><strong>est</strong></span> 
     </span>
    </p>
   </div>
   <div class='ocr_carea' id='block_1_51' title="bbox 920 285 1706 320">
    <p class='ocr_par' dir='ltr' id='par_1_51' title="bbox 920 285 1706 320">
     <span class='ocr_line' id='line_1_51' title="bbox 920 285 1706 320; baseline -0.005 -4"><span class='ocrx_word' id='word_1_369' title='bbox 920 290 1027 320; x_wconf 86' lang='lat' dir='ltr'><strong>turbis.</strong></span> <span class='ocrx_word' id='word_1_370' title='bbox 1046 293 1073 316; x_wconf 86' lang='lat' dir='ltr'><strong>et</strong></span> <span class='ocrx_word' id='word_1_371' title='bbox 1099 289 1126 316; x_wconf 92' lang='lat' dir='ltr'><strong>in</strong></span> <span class='ocrx_word' id='word_1_372' title='bbox 1153 288 1324 316; x_wconf 84' lang='lat' dir='ltr'><strong>multitudine</strong></span> <span class='ocrx_word' id='word_1_373' title='bbox 1347 287 1536 315; x_wconf 85' lang='lat' dir='ltr'><strong>ﬂuctuantium</strong></span> <span class='ocrx_word' id='word_1_374' title='bbox 1557 285 1706 318; x_wconf 84' lang='lat' dir='ltr'><strong>volutatur,</strong></span> 
     </span>
    </p>
   </div>
   <div class='ocr_carea' id='block_1_52' title="bbox 920 332 1707 369">
    <p class='ocr_par' dir='ltr' id='par_1_52' title="bbox 920 332 1707 369">
     <span class='ocr_line' id='line_1_52' title="bbox 920 332 1707 369; baseline -0.008 -6"><span class='ocrx_word' id='word_1_375' title='bbox 920 343 971 363; x_wconf 87' lang='lat' dir='ltr'><strong>nec</strong></span> <span class='ocrx_word' id='word_1_376' title='bbox 989 340 1068 363; x_wconf 85' lang='lat' dir='ltr'><strong>vacat</strong></span> <span class='ocrx_word' id='word_1_377' title='bbox 1083 334 1132 362; x_wconf 90' lang='lat' dir='ltr'><strong>soli</strong></span> <span class='ocrx_word' id='word_1_378' title='bbox 1147 335 1218 367; x_wconf 87' lang='lat' dir='ltr'><strong>Deo,</strong></span> <span class='ocrx_word' id='word_1_379' title='bbox 1244 342 1331 369; x_wconf 80' lang='lat' dir='ltr'><strong>neque.</strong></span> <span class='ocrx_word' id='word_1_380' title='bbox 1349 338 1506 369; x_wconf 81' lang='lat' dir='ltr'><strong>segregatus</strong></span> <span class='ocrx_word' id='word_1_381' title='bbox 1526 340 1541 359; x_wconf 89' lang='lat' dir='ltr'><strong>a</strong></span> <span class='ocrx_word' id='word_1_382' title='bbox 1558 332 1638 366; x_wconf 81' lang='lat' dir='ltr'><strong>vulgo</strong></span> <span class='ocrx_word' id='word_1_383' title='bbox 1653 335 1707 364; x_wconf 78' lang='lat' dir='ltr'><strong>est,</strong></span> 
     </span>
    </p>
   </div>
   <div class='ocr_carea' id='block_1_53' title="bbox 921 379 1708 417">
    <p class='ocr_par' dir='ltr' id='par_1_53' title="bbox 921 379 1708 417">
     <span class='ocr_line' id='line_1_53' title="bbox 921 379 1708 417; baseline -0.008 -7"><span class='ocrx_word' id='word_1_384' title='bbox 921 390 975 410; x_wconf 94' lang='lat' dir='ltr'><strong>non</strong></span> <span class='ocrx_word' id='word_1_385' title='bbox 993 387 1081 417; x_wconf 88' lang='lat' dir='ltr'><strong>potest</strong></span> <span class='ocrx_word' id='word_1_386' title='bbox 1098 389 1158 409; x_wconf 85' lang='lat' dir='ltr'><strong>esse</strong></span> <span class='ocrx_word' id='word_1_387' title='bbox 1170 386 1290 409; x_wconf 85' lang='lat' dir='ltr'><strong>sanctus.</strong></span> <span class='ocrx_word' id='word_1_388' title='bbox 1306 381 1372 410; x_wconf 84' lang='lat' dir='ltr'><strong>Nam</strong></span> <span class='ocrx_word' id='word_1_389' title='bbox 1391 381 1424 408; x_wconf 87' lang='lat' dir='ltr'><strong>de</strong></span> <span class='ocrx_word' id='word_1_390' title='bbox 1437 380 1477 407; x_wconf 87' lang='lat' dir='ltr'><strong>eis</strong></span> <span class='ocrx_word' id='word_1_391' title='bbox 1493 379 1558 414; x_wconf 88' lang='lat' dir='ltr'><strong>quid</strong></span> <span class='ocrx_word' id='word_1_392' title='bbox 1575 379 1708 410; x_wconf 85' lang='lat' dir='ltr'><strong>dicemus,</strong></span> 
     </span>
    </p>
   </div>
   <div class='ocr_carea' id='block_1_54' title="bbox 921 425 1708 464">
    <p class='ocr_par' dir='ltr' id='par_1_54' title="bbox 921 425 1708 464">
     <span class='ocr_line' id='line_1_54' title="bbox 921 425 1708 464; baseline -0.008 -8"><span class='ocrx_word' id='word_1_393' title='bbox 921 430 966 464; x_wconf 88' lang='lat' dir='ltr'><strong>qui</strong></span> <span class='ocrx_word' id='word_1_394' title='bbox 982 436 1044 456; x_wconf 90' lang='lat' dir='ltr'><strong>cum</strong></span> <span class='ocrx_word' id='word_1_395' title='bbox 1061 428 1202 464; x_wconf 73' lang='lat' dir='ltr'><strong>gentilium</strong></span> <span class='ocrx_word' id='word_1_396' title='bbox 1224 428 1311 455; x_wconf 90' lang='lat' dir='ltr'><strong>turbis</strong></span> <span class='ocrx_word' id='word_1_397' title='bbox 1328 428 1361 454; x_wconf 87' lang='lat' dir='ltr'><strong>ad</strong></span> <span class='ocrx_word' id='word_1_398' title='bbox 1383 425 1538 462; x_wconf 84' lang='lat' dir='ltr'><strong>spectacula</strong></span> <span class='ocrx_word' id='word_1_399' title='bbox 1559 428 1708 455; x_wconf 78' lang='lat' dir='ltr'><strong>maturant,</strong></span> 
     </span>
    </p>
   </div>
   <div class='ocr_carea' id='block_1_55' title="bbox 921 471 1708 510">
    <p class='ocr_par' dir='ltr' id='par_1_55' title="bbox 921 471 1708 510">
     <span class='ocr_line' id='line_1_55' title="bbox 921 471 1708 510; baseline -0.009 -6"><span class='ocrx_word' id='word_1_400' title='bbox 921 481 948 504; x_wconf 91' lang='lat' dir='ltr'><strong>et</strong></span> <span class='ocrx_word' id='word_1_401' title='bbox 962 479 1126 510; x_wconf 81' lang='lat' dir='ltr'><strong>conspectus</strong></span> <span class='ocrx_word' id='word_1_402' title='bbox 1142 482 1205 502; x_wconf 88' lang='lat' dir='ltr'><strong>suos</strong></span> <span class='ocrx_word' id='word_1_403' title='bbox 1220 479 1302 509; x_wconf 85' lang='lat' dir='ltr'><strong>atque</strong></span> <span class='ocrx_word' id='word_1_404' title='bbox 1321 473 1430 500; x_wconf 87' lang='lat' dir='ltr'><strong>auditus</strong></span> <span class='ocrx_word' id='word_1_405' title='bbox 1445 471 1588 507; x_wconf 89' lang='lat' dir='ltr'><strong>impudicis</strong></span> <span class='ocrx_word' id='word_1_406' title='bbox 1603 475 1631 498; x_wconf 87' lang='lat' dir='ltr'><strong>et</strong></span> <span class='ocrx_word' id='word_1_407' title='bbox 1646 478 1708 497; x_wconf 88' lang='lat' dir='ltr'><strong>vcr-</strong></span> 
     </span>
    </p>
   </div>
   <div class='ocr_carea' id='block_1_56' title="bbox 921 515 1710 552">
    <p class='ocr_par' dir='ltr' id='par_1_56' title="bbox 921 515 1710 552">
     <span class='ocr_line' id='line_1_56' title="bbox 921 515 1710 552; baseline -0.009 -3"><span class='ocrx_word' id='word_1_408' title='bbox 921 523 964 550; x_wconf 83' lang='lat' dir='ltr'><strong>his</strong></span> <span class='ocrx_word' id='word_1_409' title='bbox 975 527 1004 549; x_wconf 92' lang='lat' dir='ltr'><strong>et</strong></span> <span class='ocrx_word' id='word_1_410' title='bbox 1013 522 1118 549; x_wconf 86' lang='lat' dir='ltr'><strong>actibus</strong></span> <span class='ocrx_word' id='word_1_411' title='bbox 1131 521 1256 548; x_wconf 73' lang='lat' dir='ltr'><strong>foedant?</strong></span> <span class='ocrx_word' id='word_1_412' title='bbox 1271 520 1327 547; x_wconf 88' lang='lat' dir='ltr'><strong>Non</strong></span> <span class='ocrx_word' id='word_1_413' title='bbox 1343 523 1386 547; x_wconf 86' lang='lat' dir='ltr'><strong>est</strong></span> <span class='ocrx_word' id='word_1_414' title='bbox 1398 523 1520 546; x_wconf 86' lang='lat' dir='ltr'><strong>nostrum</strong></span> <span class='ocrx_word' id='word_1_415' title='bbox 1533 515 1710 552; x_wconf 88' lang='lat' dir='ltr'><strong>pronuntiare</strong></span> 
     </span>
    </p>
   </div>
   <div class='ocr_carea' id='block_1_57' title="bbox 921 563 1710 601">
    <p class='ocr_par' dir='ltr' id='par_1_57' title="bbox 921 563 1710 601">
     <span class='ocr_line' id='line_1_57' title="bbox 921 563 1710 601; baseline -0.01 -5"><span class='ocrx_word' id='word_1_416' title='bbox 921 569 955 596; x_wconf 89' lang='lat' dir='ltr'><strong>de</strong></span> <span class='ocrx_word' id='word_1_417' title='bbox 975 568 1084 595; x_wconf 87' lang='lat' dir='ltr'><strong>talibus.</strong></span> <span class='ocrx_word' id='word_1_418' title='bbox 1111 567 1162 601; x_wconf 89' lang='lat' dir='ltr'><strong>Ipsi</strong></span> <span class='ocrx_word' id='word_1_419' title='bbox 1187 567 1259 594; x_wconf 90' lang='lat' dir='ltr'><strong>enim</strong></span> <span class='ocrx_word' id='word_1_420' title='bbox 1284 565 1404 598; x_wconf 86' lang='lat' dir='ltr'><strong>sentire,</strong></span> <span class='ocrx_word' id='word_1_421' title='bbox 1433 570 1460 592; x_wconf 91' lang='lat' dir='ltr'><strong>et</strong></span> <span class='ocrx_word' id='word_1_422' title='bbox 1481 563 1575 590; x_wconf 85' lang='lat' dir='ltr'><strong>videre</strong></span> <span class='ocrx_word' id='word_1_423' title='bbox 1596 566 1710 598; x_wconf 85' lang='lat' dir='ltr'><strong>possunt</strong></span> 
     </span>
    </p>
   </div>
   <div class='ocr_carea' id='block_1_58' title="bbox 921 608 1710 648">
    <p class='ocr_par' dir='ltr' id='par_1_58' title="bbox 921 608 1710 648">
     <span class='ocr_line' id='line_1_58' title="bbox 921 608 1710 648; baseline -0.009 -8"><span class='ocrx_word' id='word_1_424' title='bbox 921 621 1002 648; x_wconf 80' lang='lat' dir='ltr'><strong>qualn</strong></span> <span class='ocrx_word' id='word_1_425' title='bbox 1013 613 1064 640; x_wconf 83' lang='lat' dir='ltr'><strong>sibi</strong></span> <span class='ocrx_word' id='word_1_426' title='bbox 1076 612 1229 647; x_wconf 73' lang='lat' dir='ltr'><strong>delegerint</strong></span> <span class='ocrx_word' id='word_1_427' title='bbox 1241 615 1356 646; x_wconf 86' lang='lat' dir='ltr'><strong>partem.</strong></span> <span class='ocrx_word' id='word_1_428' title='bbox 1369 610 1410 638; x_wconf 88' lang='lat' dir='ltr'><strong>Tu</strong></span> <span class='ocrx_word' id='word_1_429' title='bbox 1422 617 1488 645; x_wconf 85' lang='lat' dir='ltr'><strong>ergo</strong></span> <span class='ocrx_word' id='word_1_430' title='bbox 1496 610 1541 644; x_wconf 89' lang='lat' dir='ltr'><strong>qui</strong></span> <span class='ocrx_word' id='word_1_431' title='bbox 1555 610 1611 636; x_wconf 79' lang='lat' dir='ltr'><strong>htec</strong></span> <span class='ocrx_word' id='word_1_432' title='bbox 1621 608 1710 640; x_wconf 82' lang='lat' dir='ltr'><strong>audis.</strong></span> 
     </span>
    </p>
   </div>
   <div class='ocr_carea' id='block_1_59' title="bbox 921 652 1710 692">
    <p class='ocr_par' dir='ltr' id='par_1_59' title="bbox 921 652 1710 692">
     <span class='ocr_line' id='line_1_59' title="bbox 921 652 1710 692; baseline -0.006 -8"><span class='ocrx_word' id='word_1_433' title='bbox 921 659 966 685; x_wconf 90' lang='lat' dir='ltr'><strong>cui</strong></span> <span class='ocrx_word' id='word_1_434' title='bbox 988 658 1029 685; x_wconf 74' lang='lat' dir='ltr'><strong>lex</strong></span> <span class='ocrx_word' id='word_1_435' title='bbox 1047 659 1136 686; x_wconf 86' lang='lat' dir='ltr'><strong>divina</strong></span> <span class='ocrx_word' id='word_1_436' title='bbox 1151 659 1285 686; x_wconf 88' lang='lat' dir='ltr'><strong>recitatur</strong></span> <span class='ocrx_word' id='word_1_437' title='bbox 1297 657 1364 692; x_wconf 81' lang='lat'><strong>(86),</strong></span> <span class='ocrx_word' id='word_1_438' title='bbox 1375 663 1456 691; x_wconf 86' lang='lat' dir='ltr'><strong>quem</strong></span> <span class='ocrx_word' id='word_1_439' title='bbox 1470 655 1553 690; x_wconf 85' lang='lat' dir='ltr'><strong>ipsius</strong></span> <span class='ocrx_word' id='word_1_440' title='bbox 1567 653 1649 680; x_wconf 85' lang='lat' dir='ltr'><strong>etiam</strong></span> <span class='ocrx_word' id='word_1_441' title='bbox 1663 652 1710 679; x_wconf 87' lang='lat' dir='ltr'><strong>Dei</strong></span> 
     </span>
    </p>
   </div>
   <div class='ocr_carea' id='block_1_60' title="bbox 921 700 1710 735">
    <p class='ocr_par' dir='ltr' id='par_1_60' title="bbox 921 700 1710 735">
     <span class='ocr_line' id='line_1_60' title="bbox 921 700 1710 735; baseline -0.009 -3"><span class='ocrx_word' id='word_1_442' title='bbox 921 710 1011 732; x_wconf 79' lang='lat' dir='ltr'><strong>sermo</strong></span> <span class='ocrx_word' id='word_1_443' title='bbox 1027 705 1156 732; x_wconf 73' lang='lat' dir='ltr'><strong>convenit</strong></span> <span class='ocrx_word' id='word_1_444' title='bbox 1173 705 1267 732; x_wconf 88' lang='lat' dir='ltr'><strong>dicens</strong></span> <span class='ocrx_word' id='word_1_445' title='bbox 1290 714 1296 732; x_wconf 74' lang='grc' dir='ltr'>ε</span> <span class='ocrx_word' id='word_1_446' title='bbox 1323 713 1331 730; x_wconf 78' lang='grc' dir='ltr'><strong>ι</strong></span> <span class='ocrx_word' id='word_1_447' title='bbox 1353 703 1448 732; x_wconf 83' lang='lat' dir='ltr'><strong>Sancti</strong></span> <span class='ocrx_word' id='word_1_448' title='bbox 1472 707 1574 733; x_wconf 86' lang='lat' dir='ltr'><strong>estote,</strong></span> <span class='ocrx_word' id='word_1_449' title='bbox 1596 700 1658 735; x_wconf 84' lang='lat' dir='ltr'><strong>quia</strong></span> <span class='ocrx_word' id='word_1_450' title='bbox 1682 703 1710 726; x_wconf 89' lang='lat' dir='ltr'><strong>et</strong></span> 
     </span>
    </p>
   </div>
   <div class='ocr_carea' id='block_1_61' title="bbox 921 747 1709 786">
    <p class='ocr_par' dir='ltr' id='par_1_61' title="bbox 921 747 1709 786">
     <span class='ocr_line' id='line_1_61' title="bbox 921 747 1709 786; baseline -0.008 -8"><span class='ocrx_word' id='word_1_451' title='bbox 921 759 972 786; x_wconf 87' lang='lat' dir='ltr'><strong>ego</strong></span> <span class='ocrx_word' id='word_1_452' title='bbox 987 755 1098 778; x_wconf 90' lang='lat' dir='ltr'><strong>sanctus</strong></span> <span class='ocrx_word' id='word_1_453' title='bbox 1111 759 1172 778; x_wconf 84' lang='lat' dir='ltr'><strong>sum</strong></span> <span class='ocrx_word' id='word_1_454' title='bbox 1184 751 1313 778; x_wconf 90' lang='lat' dir='ltr'><strong>Dominus</strong></span> <span class='ocrx_word' id='word_1_455' title='bbox 1329 750 1401 777; x_wconf 88' lang='lat' dir='ltr'><strong>Deus</strong></span> <span class='ocrx_word' id='word_1_456' title='bbox 1412 754 1503 777; x_wconf 87' lang='lat' dir='ltr'><strong>vester</strong></span> <span class='ocrx_word' id='word_1_457' title='bbox 1516 758 1523 781; x_wconf 91' lang='lat'><strong>;</strong></span> <span class='ocrx_word' id='word_1_458' title='bbox 1544 758 1553 774; x_wconf 75' lang='grc' dir='ltr'><strong>ι</strong></span> <span class='ocrx_word' id='word_1_459' title='bbox 1569 747 1709 781; x_wconf 82' lang='lat' dir='ltr'><strong>sapienter</strong></span> 
     </span>
    </p>
   </div>
   <div class='ocr_carea' id='block_1_62' title="bbox 924 792 1709 831">
    <p class='ocr_par' dir='ltr' id='par_1_62' title="bbox 924 792 1709 831">
     <span class='ocr_line' id='line_1_62' title="bbox 924 792 1709 831; baseline -0.008 -8"><span class='ocrx_word' id='word_1_460' title='bbox 924 796 1043 831; x_wconf 84' lang='lat' dir='ltr'><strong>intellige</strong></span> <span class='ocrx_word' id='word_1_461' title='bbox 1054 803 1115 831; x_wconf 73' lang='lat' dir='ltr'><strong>qua-</strong></span> <span class='ocrx_word' id='word_1_462' title='bbox 1129 796 1267 828; x_wconf 88' lang='lat' dir='ltr'><strong>dicuutur,</strong></span> <span class='ocrx_word' id='word_1_463' title='bbox 1277 801 1306 823; x_wconf 88' lang='lat' dir='ltr'><strong>ut</strong></span> <span class='ocrx_word' id='word_1_464' title='bbox 1315 797 1354 824; x_wconf 87' lang='lat' dir='ltr'><strong>sis</strong></span> <span class='ocrx_word' id='word_1_465' title='bbox 1368 796 1464 823; x_wconf 83' lang='lat' dir='ltr'><strong>beatus</strong></span> <span class='ocrx_word' id='word_1_466' title='bbox 1477 802 1537 822; x_wconf 91' lang='lat' dir='ltr'><strong>cum</strong></span> <span class='ocrx_word' id='word_1_467' title='bbox 1555 792 1655 820; x_wconf 80' lang='lat' dir='ltr'><strong>feceris</strong></span> <span class='ocrx_word' id='word_1_468' title='bbox 1667 798 1709 818; x_wconf 88' lang='lat' dir='ltr'><strong>ea.</strong></span> 
     </span>
    </p>
   </div>
   <div class='ocr_carea' id='block_1_63' title="bbox 884 833 1710 877">
    <p class='ocr_par' dir='ltr' id='par_1_63' title="bbox 884 833 1710 877">
     <span class='ocr_line' id='line_1_63' title="bbox 884 833 1710 877; baseline -0.006 -7"><span class='ocrx_word' id='word_1_469' title='bbox 884 833 907 863; x_wconf 70' lang='grc' dir='ltr'><strong>Β</strong></span> <span class='ocrx_word' id='word_1_470' title='bbox 923 842 979 870; x_wconf 87' lang='lat' dir='ltr'><strong>Hoc</strong></span> <span class='ocrx_word' id='word_1_471' title='bbox 992 847 1033 870; x_wconf 88' lang='lat' dir='ltr'><strong>est</strong></span> <span class='ocrx_word' id='word_1_472' title='bbox 1047 842 1119 870; x_wconf 89' lang='lat' dir='ltr'><strong>enitn</strong></span> <span class='ocrx_word' id='word_1_473' title='bbox 1139 842 1210 877; x_wconf 91' lang='lat' dir='ltr'><strong>quod</strong></span> <span class='ocrx_word' id='word_1_474' title='bbox 1228 842 1326 869; x_wconf 87' lang='lat' dir='ltr'><strong>dicitur</strong></span> <span class='ocrx_word' id='word_1_475' title='bbox 1341 842 1388 870; x_wconf 91' lang='lat' dir='ltr'><strong>tibi</strong></span> <span class='ocrx_word' id='word_1_476' title='bbox 1407 849 1415 869; x_wconf 85' lang='lat'><strong>:</strong></span> <span class='ocrx_word' id='word_1_477' title='bbox 1429 841 1531 875; x_wconf 87' lang='lat' dir='ltr'><strong>Separa</strong></span> <span class='ocrx_word' id='word_1_478' title='bbox 1549 846 1574 867; x_wconf 88' lang='lat' dir='ltr'><strong>te</strong></span> <span class='ocrx_word' id='word_1_479' title='bbox 1587 840 1620 866; x_wconf 84' lang='lat' dir='ltr'><strong>ab</strong></span> <span class='ocrx_word' id='word_1_480' title='bbox 1635 839 1710 866; x_wconf 88' lang='lat' dir='ltr'><strong>otuni</strong></span> 
     </span>
    </p>
   </div>
   <div class='ocr_carea' id='block_1_64' title="bbox 922 886 1710 921">
    <p class='ocr_par' dir='ltr' id='par_1_64' title="bbox 922 886 1710 921">
     <span class='ocr_line' id='line_1_64' title="bbox 922 886 1710 921; baseline -0.006 -5"><span class='ocrx_word' id='word_1_481' title='bbox 922 897 974 916; x_wconf 90' lang='lat' dir='ltr'><strong>non</strong></span> <span class='ocrx_word' id='word_1_482' title='bbox 992 889 1079 916; x_wconf 83' lang='lat' dir='ltr'><strong>solum</strong></span> <span class='ocrx_word' id='word_1_483' title='bbox 1097 889 1225 920; x_wconf 85' lang='lat' dir='ltr'><strong>homine,</strong></span> <span class='ocrx_word' id='word_1_484' title='bbox 1244 889 1290 916; x_wconf 88' lang='lat' dir='ltr'><strong>sed</strong></span> <span class='ocrx_word' id='word_1_485' title='bbox 1312 892 1340 916; x_wconf 90' lang='lat' dir='ltr'><strong>et</strong></span> <span class='ocrx_word' id='word_1_486' title='bbox 1364 888 1448 915; x_wconf 78' lang='lat' dir='ltr'><strong>fratre</strong></span> <span class='ocrx_word' id='word_1_487' title='bbox 1471 887 1591 921; x_wconf 77' lang='lat' dir='ltr'><strong>inquiete</strong></span> <span class='ocrx_word' id='word_1_488' title='bbox 1613 886 1710 912; x_wconf 90' lang='lat' dir='ltr'><strong>ambu-</strong></span> 
     </span>
    </p>
   </div>
   <div class='ocr_carea' id='block_1_65' title="bbox 922 931 1709 967">
    <p class='ocr_par' dir='ltr' id='par_1_65' title="bbox 922 931 1709 967">
     <span class='ocr_line' id='line_1_65' title="bbox 922 931 1709 967; baseline -0.008 -5"><span class='ocrx_word' id='word_1_489' title='bbox 922 935 1010 967; x_wconf 87' lang='lat' dir='ltr'><strong>lante,</strong></span> <span class='ocrx_word' id='word_1_490' title='bbox 1037 939 1064 962; x_wconf 90' lang='lat' dir='ltr'><strong>ct</strong></span> <span class='ocrx_word' id='word_1_491' title='bbox 1086 942 1138 962; x_wconf 89' lang='lat' dir='ltr'><strong>non</strong></span> <span class='ocrx_word' id='word_1_492' title='bbox 1164 935 1314 962; x_wconf 88' lang='lat' dir='ltr'><strong>secundum</strong></span> <span class='ocrx_word' id='word_1_493' title='bbox 1343 933 1506 961; x_wconf 80' lang='lat' dir='ltr'><strong>traditiones</strong></span> <span class='ocrx_word' id='word_1_494' title='bbox 1535 931 1709 966; x_wconf 75' lang='lat' dir='ltr'><strong>apesttlicas.</strong></span> 
     </span>
    </p>
   </div>
   <div class='ocr_carea' id='block_1_66' title="bbox 924 978 1710 1016">
    <p class='ocr_par' dir='ltr' id='par_1_66' title="bbox 924 978 1710 1016">
     <span class='ocr_line' id='line_1_66' title="bbox 924 978 1710 1016; baseline 0.004 -9"><span class='ocrx_word' id='word_1_495' title='bbox 924 991 933 1007; x_wconf 75' lang='grc' dir='ltr'><strong>ε</strong></span> <span class='ocrx_word' id='word_1_496' title='bbox 954 981 1124 1016; x_wconf 88' lang='lat' dir='ltr'><strong>Separamini</strong></span> <span class='ocrx_word' id='word_1_497' title='bbox 1141 981 1242 1008; x_wconf 88' lang='lat' dir='ltr'><strong>ctenim</strong></span> <span class='ocrx_word' id='word_1_498' title='bbox 1260 980 1308 1015; x_wconf 88' lang='lat' dir='ltr'><strong>qui</strong></span> <span class='ocrx_word' id='word_1_499' title='bbox 1329 980 1447 1016; x_wconf 74' lang='lat' dir='ltr'><strong>portatis</strong></span> <span class='ocrx_word' id='word_1_500' title='bbox 1460 999 1468 1011; x_wconf 92' lang='lat'><strong>,</strong></span> <span class='ocrx_word' id='word_1_501' title='bbox 1486 978 1573 1012; x_wconf 84' lang='lat' dir='ltr'><strong>inquit</strong></span> <span class='ocrx_word' id='word_1_502' title='bbox 1585 978 1608 993; x_wconf 82' lang='lat'>&quot;</span> <span class='ocrx_word' id='word_1_503' title='bbox 1622 997 1630 1010; x_wconf 76' lang='grc' dir='ltr'><strong>ν</strong></span> <span class='ocrx_word' id='word_1_504' title='bbox 1646 983 1710 1003; x_wconf 68' lang='grc' dir='ltr'>νειεθ</span> 
     </span>
    </p>
   </div>
   <div class='ocr_carea' id='block_1_67' title="bbox 923 1022 1708 1060">
    <p class='ocr_par' dir='ltr' id='par_1_67' title="bbox 923 1022 1708 1060">
     <span class='ocr_line' id='line_1_67' title="bbox 923 1022 1708 1060; baseline -0.008 -6"><span class='ocrx_word' id='word_1_505' title='bbox 923 1027 1041 1060; x_wconf 87' lang='lat' dir='ltr'><strong>Domini,</strong></span> <span class='ocrx_word' id='word_1_506' title='bbox 1057 1032 1085 1054; x_wconf 87' lang='lat' dir='ltr'><strong>et</strong></span> <span class='ocrx_word' id='word_1_507' title='bbox 1101 1024 1176 1054; x_wconf 77' lang='lat' dir='ltr'><strong>exite</strong></span> <span class='ocrx_word' id='word_1_508' title='bbox 1189 1026 1221 1053; x_wconf 90' lang='lat' dir='ltr'><strong>de</strong></span> <span class='ocrx_word' id='word_1_509' title='bbox 1234 1026 1324 1053; x_wconf 87' lang='lat' dir='ltr'><strong>medio</strong></span> <span class='ocrx_word' id='word_1_510' title='bbox 1338 1033 1445 1057; x_wconf 84' lang='lat' dir='ltr'><strong>eorum,</strong></span> <span class='ocrx_word' id='word_1_511' title='bbox 1462 1034 1471 1050; x_wconf 71' lang='grc' dir='ltr'><strong>ν</strong></span> <span class='ocrx_word' id='word_1_512' title='bbox 1485 1024 1552 1051; x_wconf 86' lang='lat' dir='ltr'><strong>dicit</strong></span> <span class='ocrx_word' id='word_1_513' title='bbox 1567 1022 1708 1050; x_wconf 87' lang='lat' dir='ltr'><strong>Dominus.</strong></span> 
     </span>
    </p>
   </div>
   <div class='ocr_carea' id='block_1_68' title="bbox 921 1068 1712 1110">
    <p class='ocr_par' dir='ltr' id='par_1_68' title="bbox 921 1068 1712 1110">
     <span class='ocr_line' id='line_1_68' title="bbox 921 1068 1712 1110; baseline -0.01 -7"><span class='ocrx_word' id='word_1_514' title='bbox 921 1075 1024 1110; x_wconf 87' lang='lat' dir='ltr'><strong>Separa</strong></span> <span class='ocrx_word' id='word_1_515' title='bbox 1041 1079 1068 1102; x_wconf 82' lang='lat' dir='ltr'><strong>te</strong></span> <span class='ocrx_word' id='word_1_516' title='bbox 1082 1083 1096 1103; x_wconf 89' lang='lat' dir='ltr'><strong>a</strong></span> <span class='ocrx_word' id='word_1_517' title='bbox 1112 1072 1228 1103; x_wconf 86' lang='lat' dir='ltr'><strong>terrenis</strong></span> <span class='ocrx_word' id='word_1_518' title='bbox 1244 1073 1348 1101; x_wconf 82' lang='lat' dir='ltr'><strong>actibus</strong></span> <span class='ocrx_word' id='word_1_519' title='bbox 1360 1093 1368 1106; x_wconf 92' lang='lat'><strong>,</strong></span> <span class='ocrx_word' id='word_1_520' title='bbox 1391 1080 1488 1107; x_wconf 86' lang='lat' dir='ltr'><strong>separa</strong></span> <span class='ocrx_word' id='word_1_521' title='bbox 1509 1076 1534 1098; x_wconf 88' lang='lat' dir='ltr'><strong>te</strong></span> <span class='ocrx_word' id='word_1_522' title='bbox 1550 1078 1564 1097; x_wconf 85' lang='lat' dir='ltr'><strong>a</strong></span> <span class='ocrx_word' id='word_1_523' title='bbox 1580 1068 1712 1103; x_wconf 86' lang='lat' dir='ltr'><strong>concupi-</strong></span> 
     </span>
    </p>
   </div>
   <div class='ocr_carea' id='block_1_69' title="bbox 922 1116 1710 1153">
    <p class='ocr_par' dir='ltr' id='par_1_69' title="bbox 922 1116 1710 1153">
     <span class='ocr_line' id='line_1_69' title="bbox 922 1116 1710 1153; baseline -0.009 -4"><span class='ocrx_word' id='word_1_524' title='bbox 922 1123 1024 1149; x_wconf 79' lang='lat' dir='ltr'><strong>scentia</strong></span> <span class='ocrx_word' id='word_1_525' title='bbox 1043 1120 1135 1149; x_wconf 89' lang='lat' dir='ltr'><strong>mundi</strong></span> <span class='ocrx_word' id='word_1_526' title='bbox 1154 1130 1161 1148; x_wconf 94' lang='lat'>:</span> <span class='ocrx_word' id='word_1_527' title='bbox 1182 1130 1191 1146; x_wconf 81' lang='grc' dir='ltr'><strong>ι</strong></span> <span class='ocrx_word' id='word_1_528' title='bbox 1211 1121 1298 1150; x_wconf 90' lang='lat' dir='ltr'><strong>Omne</strong></span> <span class='ocrx_word' id='word_1_529' title='bbox 1312 1119 1384 1146; x_wconf 89' lang='lat' dir='ltr'><strong>enim</strong></span> <span class='ocrx_word' id='word_1_530' title='bbox 1410 1118 1482 1153; x_wconf 88' lang='lat' dir='ltr'><strong>quod</strong></span> <span class='ocrx_word' id='word_1_531' title='bbox 1501 1118 1527 1144; x_wconf 94' lang='lat' dir='ltr'><strong>in</strong></span> <span class='ocrx_word' id='word_1_532' title='bbox 1546 1116 1645 1143; x_wconf 92' lang='lat' dir='ltr'><strong>mundo</strong></span> <span class='ocrx_word' id='word_1_533' title='bbox 1657 1119 1710 1147; x_wconf 85' lang='lat' dir='ltr'><strong>est,</strong></span> 
     </span>
    </p>
   </div>
   <div class='ocr_carea' id='block_1_70' title="bbox 922 1162 1710 1203">
    <p class='ocr_par' dir='ltr' id='par_1_70' title="bbox 922 1162 1710 1203">
     <span class='ocr_line' id='line_1_70' title="bbox 922 1162 1710 1203; baseline -0.009 -8"><span class='ocrx_word' id='word_1_534' title='bbox 922 1168 1070 1195; x_wconf 87' lang='lat' dir='ltr'><strong>secundum</strong></span> <span class='ocrx_word' id='word_1_535' title='bbox 1088 1167 1239 1203; x_wconf 85' lang='lat' dir='ltr'><strong>apostolum</strong></span> <span class='ocrx_word' id='word_1_536' title='bbox 1253 1166 1288 1199; x_wconf 83' lang='lat'><strong>&quot;,</strong></span> <span class='ocrx_word' id='word_1_537' title='bbox 1309 1163 1529 1200; x_wconf 76' lang='lat' dir='ltr'><strong>concupiscentia</strong></span> <span class='ocrx_word' id='word_1_538' title='bbox 1546 1162 1637 1190; x_wconf 84' lang='lat' dir='ltr'><strong>carnis</strong></span> <span class='ocrx_word' id='word_1_539' title='bbox 1658 1164 1710 1192; x_wconf 83' lang='lat' dir='ltr'><strong>est.</strong></span> 
     </span>
    </p>
   </div>
   <div class='ocr_carea' id='block_1_71' title="bbox 922 1208 1708 1248">
    <p class='ocr_par' dir='ltr' id='par_1_71' title="bbox 922 1208 1708 1248">
     <span class='ocr_line' id='line_1_71' title="bbox 922 1208 1708 1248; baseline -0.01 -7"><span class='ocrx_word' id='word_1_540' title='bbox 922 1219 949 1240; x_wconf 90' lang='lat' dir='ltr'><strong>et</strong></span> <span class='ocrx_word' id='word_1_541' title='bbox 961 1212 1184 1248; x_wconf 85' lang='lat' dir='ltr'><strong>concupiscentia</strong></span> <span class='ocrx_word' id='word_1_542' title='bbox 1200 1212 1341 1240; x_wconf 83' lang='lat' dir='ltr'><strong>oculorum</strong></span> <span class='ocrx_word' id='word_1_543' title='bbox 1352 1231 1360 1244; x_wconf 89' lang='lat'><strong>,</strong></span> <span class='ocrx_word' id='word_1_544' title='bbox 1379 1217 1440 1246; x_wconf 71' lang='lat' dir='ltr'><strong>qua:</strong></span> <span class='ocrx_word' id='word_1_545' title='bbox 1454 1217 1507 1236; x_wconf 90' lang='lat' dir='ltr'><strong>non</strong></span> <span class='ocrx_word' id='word_1_546' title='bbox 1525 1213 1566 1236; x_wconf 88' lang='lat' dir='ltr'><strong>est</strong></span> <span class='ocrx_word' id='word_1_547' title='bbox 1584 1216 1599 1236; x_wconf 88' lang='lat' dir='ltr'><strong>a</strong></span> <span class='ocrx_word' id='word_1_548' title='bbox 1616 1208 1679 1235; x_wconf 92' lang='lat' dir='ltr'><strong>Deo.</strong></span> <span class='ocrx_word' id='word_1_549' title='bbox 1698 1215 1708 1232; x_wconf 75' lang='grc' dir='ltr'><strong>ι</strong></span> 
     </span>
    </p>
   </div>
   <div class='ocr_carea' id='block_1_72' title="bbox 922 1253 1712 1293">
    <p class='ocr_par' dir='ltr' id='par_1_72' title="bbox 922 1253 1712 1293">
     <span class='ocr_line' id='line_1_72' title="bbox 922 1253 1712 1293; baseline -0.009 -7"><span class='ocrx_word' id='word_1_550' title='bbox 922 1259 989 1286; x_wconf 83' lang='lat' dir='ltr'><strong>Cum</strong></span> <span class='ocrx_word' id='word_1_551' title='bbox 1007 1266 1073 1293; x_wconf 87' lang='lat' dir='ltr'><strong>ergo</strong></span> <span class='ocrx_word' id='word_1_552' title='bbox 1092 1258 1264 1293; x_wconf 80' lang='lat' dir='ltr'><strong>separaveris</strong></span> <span class='ocrx_word' id='word_1_553' title='bbox 1287 1262 1314 1284; x_wconf 87' lang='lat' dir='ltr'><strong>te</strong></span> <span class='ocrx_word' id='word_1_554' title='bbox 1326 1257 1362 1284; x_wconf 84' lang='lat' dir='ltr'><strong>ab</strong></span> <span class='ocrx_word' id='word_1_555' title='bbox 1378 1257 1422 1284; x_wconf 86' lang='lat' dir='ltr'><strong>his</strong></span> <span class='ocrx_word' id='word_1_556' title='bbox 1446 1255 1591 1288; x_wconf 88' lang='lat' dir='ltr'><strong>omnibus,</strong></span> <span class='ocrx_word' id='word_1_557' title='bbox 1608 1253 1712 1281; x_wconf 87' lang='lat' dir='ltr'><strong>devove</strong></span> 
     </span>
    </p>
   </div>
   <div class='ocr_carea' id='block_1_73' title="bbox 923 1300 1711 1339">
    <p class='ocr_par' dir='ltr' id='par_1_73' title="bbox 923 1300 1711 1339">
     <span class='ocr_line' id='line_1_73' title="bbox 923 1300 1711 1339; baseline -0.009 -7"><span class='ocrx_word' id='word_1_558' title='bbox 923 1310 949 1332; x_wconf 88' lang='lat' dir='ltr'><strong>te</strong></span> <span class='ocrx_word' id='word_1_559' title='bbox 962 1305 1016 1332; x_wconf 89' lang='lat' dir='ltr'><strong>Deo</strong></span> <span class='ocrx_word' id='word_1_560' title='bbox 1032 1309 1158 1339; x_wconf 83' lang='lat' dir='ltr'><strong>tanquam</strong></span> <span class='ocrx_word' id='word_1_561' title='bbox 1175 1303 1385 1339; x_wconf 78' lang='lat' dir='ltr'><strong>primogenitum</strong></span> <span class='ocrx_word' id='word_1_562' title='bbox 1402 1300 1529 1334; x_wconf 89' lang='lat' dir='ltr'><strong>vitulum,</strong></span> <span class='ocrx_word' id='word_1_563' title='bbox 1544 1307 1597 1327; x_wconf 91' lang='lat' dir='ltr'><strong>non</strong></span> <span class='ocrx_word' id='word_1_564' title='bbox 1613 1305 1711 1332; x_wconf 80' lang='lat' dir='ltr'><strong>opere-</strong></span> 
     </span>
    </p>
   </div>
   <div class='ocr_carea' id='block_1_74' title="bbox 924 1343 1711 1385">
    <p class='ocr_par' dir='ltr' id='par_1_74' title="bbox 924 1343 1711 1385">
     <span class='ocr_line' id='line_1_74' title="bbox 924 1343 1711 1385; baseline -0.009 -9"><span class='ocrx_word' id='word_1_565' title='bbox 924 1354 968 1376; x_wconf 94' lang='lat' dir='ltr'><strong>tur</strong></span> <span class='ocrx_word' id='word_1_566' title='bbox 983 1356 1030 1384; x_wconf 89' lang='lat' dir='ltr'><strong>pcr</strong></span> <span class='ocrx_word' id='word_1_567' title='bbox 1046 1354 1072 1376; x_wconf 90' lang='lat' dir='ltr'><strong>te</strong></span> <span class='ocrx_word' id='word_1_568' title='bbox 1085 1354 1238 1385; x_wconf 83' lang='lat' dir='ltr'><strong>peccatum,</strong></span> <span class='ocrx_word' id='word_1_569' title='bbox 1258 1355 1307 1376; x_wconf 89' lang='lat' dir='ltr'><strong>nec</strong></span> <span class='ocrx_word' id='word_1_570' title='bbox 1317 1349 1409 1383; x_wconf 87' lang='lat' dir='ltr'><strong>jugum</strong></span> <span class='ocrx_word' id='word_1_571' title='bbox 1429 1346 1477 1374; x_wconf 83' lang='lat' dir='ltr'><strong>tibi</strong></span> <span class='ocrx_word' id='word_1_572' title='bbox 1495 1345 1617 1379; x_wconf 87' lang='lat' dir='ltr'><strong>imponat</strong></span> <span class='ocrx_word' id='word_1_573' title='bbox 1633 1343 1711 1370; x_wconf 87' lang='lat' dir='ltr'><strong>ntali-</strong></span> 
     </span>
    </p>
   </div>
   <div class='ocr_carea' id='block_1_75' title="bbox 924 1391 1710 1428">
    <p class='ocr_par' dir='ltr' id='par_1_75' title="bbox 924 1391 1710 1428">
     <span class='ocr_line' id='line_1_75' title="bbox 924 1391 1710 1428; baseline -0.008 -5"><span class='ocrx_word' id='word_1_574' title='bbox 924 1397 960 1423; x_wconf 91' lang='lat' dir='ltr'><strong>tia</strong></span> <span class='ocrx_word' id='word_1_575' title='bbox 974 1404 981 1427; x_wconf 85' lang='lat'><strong>;</strong></span> <span class='ocrx_word' id='word_1_576' title='bbox 995 1396 1042 1423; x_wconf 86' lang='lat' dir='ltr'><strong>sed</strong></span> <span class='ocrx_word' id='word_1_577' title='bbox 1059 1400 1118 1423; x_wconf 88' lang='lat' dir='ltr'><strong>esto</strong></span> <span class='ocrx_word' id='word_1_578' title='bbox 1133 1400 1269 1427; x_wconf 88' lang='lat' dir='ltr'><strong>semotus,</strong></span> <span class='ocrx_word' id='word_1_579' title='bbox 1285 1397 1514 1428; x_wconf 79' lang='lat' dir='ltr'><strong>et&#39;segregatus,</strong></span> <span class='ocrx_word' id='word_1_580' title='bbox 1533 1391 1627 1419; x_wconf 86' lang='lat' dir='ltr'><strong>usibus</strong></span> <span class='ocrx_word' id='word_1_581' title='bbox 1649 1395 1710 1418; x_wconf 79' lang='lat' dir='ltr'><strong>tan-</strong></span> 
     </span>
    </p>
   </div>
   <div class='ocr_carea' id='block_1_76' title="bbox 923 1435 1708 1475">
    <p class='ocr_par' dir='ltr' id='par_1_76' title="bbox 923 1435 1708 1475">
     <span class='ocr_line' id='line_1_76' title="bbox 923 1435 1708 1475; baseline -0.008 -6"><span class='ocrx_word' id='word_1_582' title='bbox 923 1448 979 1474; x_wconf 83' lang='lat' dir='ltr'><strong>tum</strong></span> <span class='ocrx_word' id='word_1_583' title='bbox 996 1442 1210 1470; x_wconf 76' lang='lat' dir='ltr'><strong>sacerdotalibus</strong></span> <span class='ocrx_word' id='word_1_584' title='bbox 1220 1463 1228 1475; x_wconf 87' lang='lat'><strong>,</strong></span> <span class='ocrx_word' id='word_1_585' title='bbox 1246 1446 1373 1475; x_wconf 80' lang='lat' dir='ltr'><strong>tauquam</strong></span> <span class='ocrx_word' id='word_1_586' title='bbox 1388 1438 1595 1475; x_wconf 76' lang='lat' dir='ltr'><strong>primogenitum</strong></span> <span class='ocrx_word' id='word_1_587' title='bbox 1609 1435 1708 1464; x_wconf 82' lang='lat' dir='ltr'><strong>animal</strong></span> 
     </span>
    </p>
   </div>
   <div class='ocr_carea' id='block_1_77' title="bbox 925 1483 1710 1524">
    <p class='ocr_par' dir='ltr' id='par_1_77' title="bbox 925 1483 1710 1524">
     <span class='ocr_line' id='line_1_77' title="bbox 925 1483 1710 1524; baseline -0.009 -9"><span class='ocrx_word' id='word_1_588' title='bbox 925 1489 1104 1524; x_wconf 86' lang='lat' dir='ltr'><strong>mancipatus.</strong></span> <span class='ocrx_word' id='word_1_589' title='bbox 1125 1488 1243 1523; x_wconf 75' lang='lat' dir='ltr'><strong>Segrega</strong></span> <span class='ocrx_word' id='word_1_590' title='bbox 1266 1492 1292 1514; x_wconf 89' lang='lat' dir='ltr'><strong>te</strong></span> <span class='ocrx_word' id='word_1_591' title='bbox 1307 1489 1334 1514; x_wconf 86' lang='lat' dir='ltr'><strong>et</strong></span> <span class='ocrx_word' id='word_1_592' title='bbox 1357 1491 1472 1514; x_wconf 85' lang='lat' dir='ltr'><strong>seccrue</strong></span> <span class='ocrx_word' id='word_1_593' title='bbox 1494 1483 1563 1519; x_wconf 81' lang='grc'><strong>(87),</strong></span> <span class='ocrx_word' id='word_1_594' title='bbox 1580 1488 1710 1517; x_wconf 86' lang='lat' dir='ltr'><strong>tanquam</strong></span> 
     </span>
    </p>
   </div>
   <div class='ocr_carea' id='block_1_78' title="bbox 924 1528 1710 1570">
    <p class='ocr_par' dir='ltr' id='par_1_78' title="bbox 924 1528 1710 1570">
     <span class='ocr_line' id='line_1_78' title="bbox 924 1528 1710 1570; baseline -0.01 -8"><span class='ocrx_word' id='word_1_595' title='bbox 924 1534 1022 1570; x_wconf 68' lang='lat' dir='ltr'><strong>phialae</strong></span> <span class='ocrx_word' id='word_1_596' title='bbox 1035 1538 1153 1567; x_wconf 76' lang='lat' dir='ltr'><strong>sanetts,</strong></span> <span class='ocrx_word' id='word_1_597' title='bbox 1175 1538 1202 1561; x_wconf 89' lang='lat' dir='ltr'><strong>et</strong></span> <span class='ocrx_word' id='word_1_598' title='bbox 1216 1536 1309 1561; x_wconf 85' lang='lat' dir='ltr'><strong>sancta</strong></span> <span class='ocrx_word' id='word_1_599' title='bbox 1325 1531 1461 1559; x_wconf 87' lang='lat' dir='ltr'><strong>thuribula</strong></span> <span class='ocrx_word' id='word_1_600' title='bbox 1475 1551 1482 1563; x_wconf 92' lang='lat'><strong>,</strong></span> <span class='ocrx_word' id='word_1_601' title='bbox 1506 1529 1591 1557; x_wconf 85' lang='lat' dir='ltr'><strong>solius</strong></span> <span class='ocrx_word' id='word_1_602' title='bbox 1617 1528 1710 1562; x_wconf 87' lang='lat' dir='ltr'><strong>templi</strong></span> 
     </span>
    </p>
   </div>
   <div class='ocr_carea' id='block_1_79' title="bbox 923 1577 1710 1610">
    <p class='ocr_par' dir='ltr' id='par_1_79' title="bbox 923 1577 1710 1610">
     <span class='ocr_line' id='line_1_79' title="bbox 923 1577 1710 1610; baseline -0.006 -3"><span class='ocrx_word' id='word_1_603' title='bbox 923 1580 1017 1608; x_wconf 89' lang='lat' dir='ltr'><strong>usibus</strong></span> <span class='ocrx_word' id='word_1_604' title='bbox 1032 1584 1059 1607; x_wconf 88' lang='lat' dir='ltr'><strong>et</strong></span> <span class='ocrx_word' id='word_1_605' title='bbox 1073 1580 1119 1607; x_wconf 89' lang='lat' dir='ltr'><strong>Dei</strong></span> <span class='ocrx_word' id='word_1_606' title='bbox 1134 1579 1286 1607; x_wconf 88' lang='lat' dir='ltr'><strong>ministerio</strong></span> <span class='ocrx_word' id='word_1_607' title='bbox 1299 1585 1407 1605; x_wconf 89' lang='lat' dir='ltr'><strong>vacans.</strong></span> <span class='ocrx_word' id='word_1_608' title='bbox 1431 1577 1534 1610; x_wconf 87' lang='lat' dir='ltr'><strong>Scpara</strong></span> <span class='ocrx_word' id='word_1_609' title='bbox 1557 1579 1582 1602; x_wconf 89' lang='lat' dir='ltr'><strong>te</strong></span> <span class='ocrx_word' id='word_1_610' title='bbox 1593 1594 1600 1606; x_wconf 86' lang='lat'><strong>,</strong></span> <span class='ocrx_word' id='word_1_611' title='bbox 1622 1579 1650 1602; x_wconf 89' lang='lat' dir='ltr'><strong>et</strong></span> <span class='ocrx_word' id='word_1_612' title='bbox 1666 1581 1710 1602; x_wconf 87' lang='lat' dir='ltr'><strong>se-</strong></span> 
     </span>
    </p>
   </div>
   <div class='ocr_carea' id='block_1_80' title="bbox 923 1621 1710 1659">
    <p class='ocr_par' dir='ltr' id='par_1_80' title="bbox 923 1621 1710 1659">
     <span class='ocr_line' id='line_1_80' title="bbox 923 1621 1710 1659; baseline -0.01 -6"><span class='ocrx_word' id='word_1_613' title='bbox 923 1632 1002 1653; x_wconf 87' lang='lat' dir='ltr'><strong>move</strong></span> <span class='ocrx_word' id='word_1_614' title='bbox 1018 1625 1052 1652; x_wconf 90' lang='lat' dir='ltr'><strong>ab</strong></span> <span class='ocrx_word' id='word_1_615' title='bbox 1069 1625 1143 1653; x_wconf 92' lang='lat' dir='ltr'><strong>omni</strong></span> <span class='ocrx_word' id='word_1_616' title='bbox 1161 1623 1310 1659; x_wconf 89' lang='lat' dir='ltr'><strong>pollutione</strong></span> <span class='ocrx_word' id='word_1_617' title='bbox 1322 1621 1447 1658; x_wconf 87' lang='lat' dir='ltr'><strong>peccati,</strong></span> <span class='ocrx_word' id='word_1_618' title='bbox 1471 1625 1500 1648; x_wconf 89' lang='lat' dir='ltr'><strong>et</strong></span> <span class='ocrx_word' id='word_1_619' title='bbox 1516 1624 1574 1647; x_wconf 89' lang='lat' dir='ltr'><strong>esto</strong></span> <span class='ocrx_word' id='word_1_620' title='bbox 1590 1623 1710 1647; x_wconf 86' lang='lat' dir='ltr'><strong>semotus</strong></span> 
     </span>
    </p>
   </div>
   <div class='ocr_carea' id='block_1_81' title="bbox 922 1668 1710 1706">
    <p class='ocr_par' dir='ltr' id='par_1_81' title="bbox 922 1668 1710 1706">
     <span class='ocr_line' id='line_1_81' title="bbox 922 1668 1710 1706; baseline -0.008 -7"><span class='ocrx_word' id='word_1_621' title='bbox 922 1677 950 1699; x_wconf 90' lang='lat' dir='ltr'><strong>et</strong></span> <span class='ocrx_word' id='word_1_622' title='bbox 970 1676 1127 1706; x_wconf 80' lang='lat' dir='ltr'><strong>segregatus</strong></span> <span class='ocrx_word' id='word_1_623' title='bbox 1144 1671 1215 1698; x_wconf 88' lang='lat' dir='ltr'><strong>intra</strong></span> <span class='ocrx_word' id='word_1_624' title='bbox 1233 1669 1362 1704; x_wconf 90' lang='lat' dir='ltr'><strong>templum</strong></span> <span class='ocrx_word' id='word_1_625' title='bbox 1378 1668 1446 1701; x_wconf 91' lang='lat' dir='ltr'><strong>Dei,</strong></span> <span class='ocrx_word' id='word_1_626' title='bbox 1463 1673 1592 1703; x_wconf 87' lang='lat' dir='ltr'><strong>tauquam</strong></span> <span class='ocrx_word' id='word_1_627' title='bbox 1614 1671 1710 1695; x_wconf 80' lang='lat' dir='ltr'><strong>sancta</strong></span> 
     </span>
    </p>
   </div>
   <div class='ocr_carea' id='block_1_82' title="bbox 922 1715 1710 1752">
    <p class='ocr_par' dir='ltr' id='par_1_82' title="bbox 922 1715 1710 1752">
     <span class='ocr_line' id='line_1_82' title="bbox 922 1715 1710 1752; baseline -0.008 -5"><span class='ocrx_word' id='word_1_628' title='bbox 922 1719 1080 1747; x_wconf 87' lang='lat' dir='ltr'><strong>indumenta</strong></span> <span class='ocrx_word' id='word_1_629' title='bbox 1096 1717 1244 1752; x_wconf 85' lang='lat' dir='ltr'><strong>pontiﬁcis.</strong></span> <span class='ocrx_word' id='word_1_630' title='bbox 1258 1716 1286 1744; x_wconf 93' lang='lat' dir='ltr'><strong>ln</strong></span> <span class='ocrx_word' id='word_1_631' title='bbox 1301 1715 1400 1751; x_wconf 90' lang='lat' dir='ltr'><strong>templo</strong></span> <span class='ocrx_word' id='word_1_632' title='bbox 1417 1723 1535 1750; x_wconf 80' lang='lat' dir='ltr'><strong>namque</strong></span> <span class='ocrx_word' id='word_1_633' title='bbox 1549 1715 1595 1742; x_wconf 89' lang='lat' dir='ltr'><strong>Dei</strong></span> <span class='ocrx_word' id='word_1_634' title='bbox 1611 1719 1654 1742; x_wconf 86' lang='lat' dir='ltr'><strong>est</strong></span> <span class='ocrx_word' id='word_1_635' title='bbox 1667 1721 1710 1742; x_wconf 81' lang='lat' dir='ltr'><strong>se—</strong></span> 
     </span>
    </p>
   </div>
   <div class='ocr_carea' id='block_1_83' title="bbox 922 1761 1712 1799">
    <p class='ocr_par' dir='ltr' id='par_1_83' title="bbox 922 1761 1712 1799">
     <span class='ocr_line' id='line_1_83' title="bbox 922 1761 1712 1799; baseline -0.006 -8"><span class='ocrx_word' id='word_1_636' title='bbox 922 1768 1050 1799; x_wconf 80' lang='lat' dir='ltr'><strong>gregatus</strong></span> <span class='ocrx_word' id='word_1_637' title='bbox 1065 1767 1092 1791; x_wconf 90' lang='lat' dir='ltr'><strong>et</strong></span> <span class='ocrx_word' id='word_1_638' title='bbox 1107 1766 1249 1797; x_wconf 85' lang='lat' dir='ltr'><strong>separatus</strong></span> <span class='ocrx_word' id='word_1_639' title='bbox 1266 1762 1310 1790; x_wconf 89' lang='lat' dir='ltr'><strong>illc</strong></span> <span class='ocrx_word' id='word_1_640' title='bbox 1323 1763 1368 1797; x_wconf 89' lang='lat' dir='ltr'><strong>qui</strong></span> <span class='ocrx_word' id='word_1_641' title='bbox 1386 1763 1413 1789; x_wconf 93' lang='lat' dir='ltr'><strong>in</strong></span> <span class='ocrx_word' id='word_1_642' title='bbox 1430 1762 1489 1796; x_wconf 87' lang='lat' dir='ltr'><strong>lege</strong></span> <span class='ocrx_word' id='word_1_643' title='bbox 1503 1761 1550 1788; x_wconf 87' lang='lat' dir='ltr'><strong>Dei</strong></span> <span class='ocrx_word' id='word_1_644' title='bbox 1566 1761 1712 1788; x_wconf 85' lang='lat' dir='ltr'><strong>meditatur</strong></span> 
     </span>
    </p>
   </div>
   <div class='ocr_carea' id='block_1_84' title="bbox 923 1805 1709 1842">
    <p class='ocr_par' dir='ltr' id='par_1_84' title="bbox 923 1805 1709 1842">
     <span class='ocr_line' id='line_1_84' title="bbox 923 1805 1709 1842; baseline -0.006 -5"><span class='ocrx_word' id='word_1_645' title='bbox 923 1810 966 1837; x_wconf 90' lang='lat' dir='ltr'><strong>die</strong></span> <span class='ocrx_word' id='word_1_646' title='bbox 979 1817 1011 1836; x_wconf 91' lang='lat' dir='ltr'><strong>ac</strong></span> <span class='ocrx_word' id='word_1_647' title='bbox 1025 1813 1104 1836; x_wconf 89' lang='lat' dir='ltr'><strong>nocte</strong></span> <span class='ocrx_word' id='word_1_648' title='bbox 1116 1828 1123 1841; x_wconf 88' lang='lat'><strong>,</strong></span> <span class='ocrx_word' id='word_1_649' title='bbox 1138 1813 1164 1835; x_wconf 92' lang='lat' dir='ltr'><strong>ct</strong></span> <span class='ocrx_word' id='word_1_650' title='bbox 1178 1808 1227 1842; x_wconf 89' lang='lat' dir='ltr'><strong>qui</strong></span> <span class='ocrx_word' id='word_1_651' title='bbox 1244 1808 1271 1835; x_wconf 91' lang='lat' dir='ltr'><strong>in</strong></span> <span class='ocrx_word' id='word_1_652' title='bbox 1291 1808 1426 1834; x_wconf 86' lang='lat' dir='ltr'><strong>mandatis</strong></span> <span class='ocrx_word' id='word_1_653' title='bbox 1447 1808 1506 1841; x_wconf 83' lang='lat' dir='ltr'><strong>eius</strong></span> <span class='ocrx_word' id='word_1_654' title='bbox 1522 1807 1598 1840; x_wconf 87' lang='lat' dir='ltr'><strong>cupit</strong></span> <span class='ocrx_word' id='word_1_655' title='bbox 1617 1805 1709 1832; x_wconf 87' lang='lat' dir='ltr'><strong>nituis.</strong></span> 
     </span>
    </p>
   </div>
   <div class='ocr_carea' id='block_1_85' title="bbox 925 1853 1711 1890">
    <p class='ocr_par' dir='ltr' id='par_1_85' title="bbox 925 1853 1711 1890">
     <span class='ocr_line' id='line_1_85' title="bbox 925 1853 1711 1890; baseline -0.008 -7"><span class='ocrx_word' id='word_1_656' title='bbox 925 1863 936 1882; x_wconf 74' lang='grc' dir='ltr'><strong>ι</strong></span> <span class='ocrx_word' id='word_1_657' title='bbox 953 1855 1047 1883; x_wconf 87' lang='lat' dir='ltr'><strong>Sancti</strong></span> <span class='ocrx_word' id='word_1_658' title='bbox 1063 1863 1127 1890; x_wconf 84' lang='lat' dir='ltr'><strong>ergo</strong></span> <span class='ocrx_word' id='word_1_659' title='bbox 1148 1859 1236 1882; x_wconf 88' lang='lat' dir='ltr'><strong>estote</strong></span> <span class='ocrx_word' id='word_1_660' title='bbox 1247 1873 1255 1886; x_wconf 96' lang='lat'><strong>,</strong></span> <span class='ocrx_word' id='word_1_661' title='bbox 1277 1854 1343 1881; x_wconf 89' lang='lat' dir='ltr'><strong>dicit</strong></span> <span class='ocrx_word' id='word_1_662' title='bbox 1366 1853 1495 1881; x_wconf 88' lang='lat' dir='ltr'><strong>Dominus</strong></span> <span class='ocrx_word' id='word_1_663' title='bbox 1506 1873 1514 1886; x_wconf 93' lang='lat'><strong>,</strong></span> <span class='ocrx_word' id='word_1_664' title='bbox 1538 1853 1602 1886; x_wconf 87' lang='lat' dir='ltr'><strong>quia</strong></span> <span class='ocrx_word' id='word_1_665' title='bbox 1619 1856 1646 1878; x_wconf 89' lang='lat' dir='ltr'><strong>et</strong></span> <span class='ocrx_word' id='word_1_666' title='bbox 1660 1858 1711 1886; x_wconf 78' lang='lat' dir='ltr'><strong>ego</strong></span> 
     </span>
    </p>
   </div>
   <div class='ocr_carea' id='block_1_86' title="bbox 922 1899 1710 1934">
    <p class='ocr_par' dir='ltr' id='par_1_86' title="bbox 922 1899 1710 1934">
     <span class='ocr_line' id='line_1_86' title="bbox 922 1899 1710 1934; baseline -0.006 -5"><span class='ocrx_word' id='word_1_667' title='bbox 922 1906 1033 1929; x_wconf 87' lang='lat' dir='ltr'><strong>sanctus</strong></span> <span class='ocrx_word' id='word_1_668' title='bbox 1053 1909 1124 1928; x_wconf 87' lang='lat' dir='ltr'><strong>sum.</strong></span> <span class='ocrx_word' id='word_1_669' title='bbox 1149 1910 1159 1927; x_wconf 80' lang='grc' dir='ltr'><strong>ι</strong></span> <span class='ocrx_word' id='word_1_670' title='bbox 1185 1900 1255 1934; x_wconf 79' lang='lat' dir='ltr'><strong>Quid</strong></span> <span class='ocrx_word' id='word_1_671' title='bbox 1281 1904 1343 1933; x_wconf 85' lang='lat' dir='ltr'><strong>est,</strong></span> <span class='ocrx_word' id='word_1_672' title='bbox 1367 1909 1377 1926; x_wconf 74' lang='grc' dir='ltr'><strong>ι</strong></span> <span class='ocrx_word' id='word_1_673' title='bbox 1404 1899 1467 1934; x_wconf 88' lang='lat' dir='ltr'><strong>quia</strong></span> <span class='ocrx_word' id='word_1_674' title='bbox 1489 1903 1518 1926; x_wconf 82' lang='lat' dir='ltr'><strong>et</strong></span> <span class='ocrx_word' id='word_1_675' title='bbox 1533 1905 1584 1933; x_wconf 84' lang='lat' dir='ltr'><strong>ego</strong></span> <span class='ocrx_word' id='word_1_676' title='bbox 1598 1901 1710 1925; x_wconf 87' lang='lat' dir='ltr'><strong>sanctus</strong></span> 
     </span>
    </p>
   </div>
   <div class='ocr_carea' id='block_1_87' title="bbox 923 1943 1711 1982">
    <p class='ocr_par' dir='ltr' id='par_1_87' title="bbox 923 1943 1711 1982">
     <span class='ocr_line' id='line_1_87' title="bbox 923 1943 1711 1982; baseline -0.006 -7"><span class='ocrx_word' id='word_1_677' title='bbox 923 1948 1005 1975; x_wconf 82' lang='lat' dir='ltr'><strong>sum?</strong></span> <span class='ocrx_word' id='word_1_678' title='bbox 1019 1956 1028 1972; x_wconf 84' lang='lat' dir='ltr'><strong>I</strong></span> <span class='ocrx_word' id='word_1_679' title='bbox 1044 1946 1121 1974; x_wconf 85' lang='lat' dir='ltr'><strong>Sicut</strong></span> <span class='ocrx_word' id='word_1_680' title='bbox 1135 1954 1196 1982; x_wconf 85' lang='lat' dir='ltr'><strong>ego,</strong></span> <span class='ocrx_word' id='word_1_681' title='bbox 1213 1946 1308 1981; x_wconf 83' lang='lat' dir='ltr'><strong>inquit,</strong></span> <span class='ocrx_word' id='word_1_682' title='bbox 1324 1950 1482 1981; x_wconf 84' lang='lat' dir='ltr'><strong>segregatus</strong></span> <span class='ocrx_word' id='word_1_683' title='bbox 1497 1952 1567 1976; x_wconf 89' lang='lat' dir='ltr'><strong>sutn,</strong></span> <span class='ocrx_word' id='word_1_684' title='bbox 1579 1948 1616 1978; x_wconf 33' lang='lat' dir='ltr'><strong>let</strong></span> <span class='ocrx_word' id='word_1_685' title='bbox 1631 1943 1711 1977; x_wconf 82' lang='lat' dir='ltr'><strong>longe</strong></span> 
     </span>
    </p>
   </div>
   <div class='ocr_carea' id='block_1_88' title="bbox 923 1989 1710 2028">
    <p class='ocr_par' dir='ltr' id='par_1_88' title="bbox 923 1989 1710 2028">
     <span class='ocr_line' id='line_1_88' title="bbox 923 1989 1710 2028; baseline -0.008 -7"><span class='ocrx_word' id='word_1_686' title='bbox 923 1999 1066 2028; x_wconf 83' lang='lat' dir='ltr'><strong>separatus</strong></span> <span class='ocrx_word' id='word_1_687' title='bbox 1081 1993 1114 2020; x_wconf 88' lang='lat' dir='ltr'><strong>ab</strong></span> <span class='ocrx_word' id='word_1_688' title='bbox 1126 1991 1250 2020; x_wconf 85' lang='lat' dir='ltr'><strong>omnibus</strong></span> <span class='ocrx_word' id='word_1_689' title='bbox 1271 1999 1331 2026; x_wconf 73' lang='lat' dir='ltr'><strong>qua:</strong></span> <span class='ocrx_word' id='word_1_690' title='bbox 1346 1992 1503 2023; x_wconf 80' lang='lat' dir='ltr'><strong>adorantur,</strong></span> <span class='ocrx_word' id='word_1_691' title='bbox 1516 1990 1558 2017; x_wconf 87' lang='lat' dir='ltr'><strong>vel</strong></span> <span class='ocrx_word' id='word_1_692' title='bbox 1571 1989 1710 2022; x_wconf 87' lang='lat' dir='ltr'><strong>coluntur,</strong></span> 
     </span>
    </p>
   </div>
   <div class='ocr_carea' id='block_1_89' title="bbox 922 2036 1707 2070">
    <p class='ocr_par' dir='ltr' id='par_1_89' title="bbox 922 2036 1707 2070">
     <span class='ocr_line' id='line_1_89' title="bbox 922 2036 1707 2070; baseline -0.008 -3"><span class='ocrx_word' id='word_1_693' title='bbox 922 2039 979 2067; x_wconf 83' lang='lat' dir='ltr'><strong>sive</strong></span> <span class='ocrx_word' id='word_1_694' title='bbox 994 2039 1020 2065; x_wconf 91' lang='lat' dir='ltr'><strong>in</strong></span> <span class='ocrx_word' id='word_1_695' title='bbox 1037 2042 1108 2066; x_wconf 87' lang='lat' dir='ltr'><strong>terra</strong></span> <span class='ocrx_word' id='word_1_696' title='bbox 1125 2037 1182 2065; x_wconf 82' lang='lat' dir='ltr'><strong>sive</strong></span> <span class='ocrx_word' id='word_1_697' title='bbox 1197 2037 1223 2065; x_wconf 94' lang='lat' dir='ltr'><strong>in</strong></span> <span class='ocrx_word' id='word_1_698' title='bbox 1237 2037 1305 2065; x_wconf 82' lang='lat' dir='ltr'><strong>ccslo</strong></span> <span class='ocrx_word' id='word_1_699' title='bbox 1319 2045 1327 2064; x_wconf 69' lang='grc' dir='ltr'><strong>ι</strong></span> <span class='ocrx_word' id='word_1_700' title='bbox 1339 2037 1468 2070; x_wconf 85' lang='lat' dir='ltr'><strong>sicutch</strong></span> <span class='ocrx_word' id='word_1_701' title='bbox 1480 2036 1583 2063; x_wconf 74' lang='lat' dir='ltr'><strong>excedo</strong></span> <span class='ocrx_word' id='word_1_702' title='bbox 1598 2041 1707 2062; x_wconf 88' lang='lat' dir='ltr'><strong>omnem</strong></span> 
     </span>
    </p>
   </div>
   <div class='ocr_carea' id='block_1_90' title="bbox 922 2083 1709 2119">
    <p class='ocr_par' dir='ltr' id='par_1_90' title="bbox 922 2083 1709 2119">
     <span class='ocr_line' id='line_1_90' title="bbox 922 2083 1709 2119; baseline -0.005 -7"><span class='ocrx_word' id='word_1_703' title='bbox 922 2090 1088 2118; x_wconf 76' lang='lat' dir='ltr'><strong>creaturam,</strong></span> <span class='ocrx_word' id='word_1_704' title='bbox 1101 2089 1184 2119; x_wconf 87' lang='lat' dir='ltr'><strong>atque</strong></span> <span class='ocrx_word' id='word_1_705' title='bbox 1196 2084 1229 2111; x_wconf 84' lang='lat' dir='ltr'><strong>ab</strong></span> <span class='ocrx_word' id='word_1_706' title='bbox 1243 2084 1379 2111; x_wconf 85' lang='lat' dir='ltr'><strong>universis</strong></span> <span class='ocrx_word' id='word_1_707' title='bbox 1390 2090 1450 2118; x_wconf 79' lang='lat' dir='ltr'><strong>quae</strong></span> <span class='ocrx_word' id='word_1_708' title='bbox 1464 2091 1478 2109; x_wconf 89' lang='lat' dir='ltr'><strong>a</strong></span> <span class='ocrx_word' id='word_1_709' title='bbox 1494 2090 1536 2110; x_wconf 88' lang='lat' dir='ltr'><strong>me</strong></span> <span class='ocrx_word' id='word_1_710' title='bbox 1550 2083 1621 2110; x_wconf 79' lang='lat' dir='ltr'><strong>facta</strong></span> <span class='ocrx_word' id='word_1_711' title='bbox 1635 2085 1709 2112; x_wconf 82' lang='lat' dir='ltr'><strong>sunt,</strong></span> 
     </span>
    </p>
   </div>
   <div class='ocr_carea' id='block_1_91' title="bbox 923 2128 1709 2166">
    <p class='ocr_par' dir='ltr' id='par_1_91' title="bbox 923 2128 1709 2166">
     <span class='ocr_line' id='line_1_91' title="bbox 923 2128 1709 2166; baseline -0.005 -8"><span class='ocrx_word' id='word_1_712' title='bbox 923 2137 1071 2165; x_wconf 85' lang='lat' dir='ltr'><strong>segregor;</strong></span> <span class='ocrx_word' id='word_1_713' title='bbox 1096 2131 1132 2157; x_wconf 86' lang='lat' dir='ltr'><strong>ita</strong></span> <span class='ocrx_word' id='word_1_714' title='bbox 1157 2134 1185 2158; x_wconf 89' lang='lat' dir='ltr'><strong>et</strong></span> <span class='ocrx_word' id='word_1_715' title='bbox 1198 2137 1245 2158; x_wconf 85' lang='lat' dir='ltr'><strong>vos</strong></span> <span class='ocrx_word' id='word_1_716' title='bbox 1265 2130 1398 2166; x_wconf 77' lang='lat' dir='ltr'><strong>segregati</strong></span> <span class='ocrx_word' id='word_1_717' title='bbox 1415 2133 1504 2156; x_wconf 86' lang='lat' dir='ltr'><strong>estote</strong></span> <span class='ocrx_word' id='word_1_718' title='bbox 1523 2129 1556 2155; x_wconf 85' lang='lat' dir='ltr'><strong>ab</strong></span> <span class='ocrx_word' id='word_1_719' title='bbox 1571 2128 1709 2160; x_wconf 84' lang='lat' dir='ltr'><strong>omnibus,</strong></span> 
     </span>
    </p>
   </div>
   <div class='ocr_carea' id='block_1_92' title="bbox 80 2173 855 2213">
    <p class='ocr_par' dir='ltr' id='par_1_92' title="bbox 80 2180 855 2213">
     <span class='ocr_line' id='line_1_92' title="bbox 80 2180 855 2213; baseline 0 -6"><span class='ocrx_word' id='word_1_720' title='bbox 80 2181 218 2207; x_wconf 89' lang='lat' dir='ltr'><strong>humanos</strong></span> <span class='ocrx_word' id='word_1_721' title='bbox 234 2183 261 2207; x_wconf 88' lang='lat' dir='ltr'><strong>et</strong></span> <span class='ocrx_word' id='word_1_722' title='bbox 277 2186 435 2207; x_wconf 88' lang='lat' dir='ltr'><strong>communes</strong></span> <span class='ocrx_word' id='word_1_723' title='bbox 449 2188 513 2208; x_wconf 85' lang='lat' dir='ltr'><strong>usus</strong></span> <span class='ocrx_word' id='word_1_724' title='bbox 530 2181 569 2208; x_wconf 95' lang='lat' dir='ltr'><strong>uti</strong></span> <span class='ocrx_word' id='word_1_725' title='bbox 585 2187 641 2207; x_wconf 88' lang='lat' dir='ltr'><strong>non</strong></span> <span class='ocrx_word' id='word_1_726' title='bbox 659 2180 732 2213; x_wconf 86' lang='lat' dir='ltr'><strong>licet,</strong></span> <span class='ocrx_word' id='word_1_727' title='bbox 749 2181 797 2208; x_wconf 89' lang='lat' dir='ltr'><strong>sed</strong></span> <span class='ocrx_word' id='word_1_728' title='bbox 812 2185 855 2207; x_wconf 86' lang='lat' dir='ltr'><strong>tau</strong></span> 
     </span>
    </p>
   </div>
   <div class='ocr_carea' id='block_1_93' title="bbox 923 2173 1710 2213">
    <p class='ocr_par' dir='ltr' id='par_1_93' title="bbox 923 2174 1710 2212">
     <span class='ocr_line' id='line_1_93' title="bbox 923 2174 1710 2212; baseline -0.004 -9"><span class='ocrx_word' id='word_1_729' title='bbox 923 2177 968 2212; x_wconf 89' lang='lat' dir='ltr'><strong>qui</strong></span> <span class='ocrx_word' id='word_1_730' title='bbox 984 2184 1035 2204; x_wconf 90' lang='lat' dir='ltr'><strong>non</strong></span> <span class='ocrx_word' id='word_1_731' title='bbox 1053 2181 1117 2204; x_wconf 90' lang='lat' dir='ltr'><strong>sunt</strong></span> <span class='ocrx_word' id='word_1_732' title='bbox 1129 2176 1231 2209; x_wconf 86' lang='lat' dir='ltr'><strong>sancti,</strong></span> <span class='ocrx_word' id='word_1_733' title='bbox 1251 2184 1301 2204; x_wconf 84' lang='lat' dir='ltr'><strong>nec</strong></span> <span class='ocrx_word' id='word_1_734' title='bbox 1317 2176 1372 2204; x_wconf 91' lang='lat' dir='ltr'><strong>Deo</strong></span> <span class='ocrx_word' id='word_1_735' title='bbox 1387 2176 1481 2203; x_wconf 84' lang='lat' dir='ltr'><strong>dicati.</strong></span> <span class='ocrx_word' id='word_1_736' title='bbox 1502 2174 1644 2210; x_wconf 74' lang='lat' dir='ltr'><strong>Segregari</strong></span> <span class='ocrx_word' id='word_1_737' title='bbox 1662 2182 1710 2201; x_wconf 82' lang='lat' dir='ltr'><strong>au-</strong></span> 
     </span>
    </p>
   </div>
   <div class='ocr_carea' id='block_1_94' title="bbox 80 2225 869 2261">
    <p class='ocr_par' dir='ltr' id='par_1_94' title="bbox 80 2225 869 2261">
     <span class='ocr_line' id='line_1_94' title="bbox 80 2225 869 2261; baseline 0.004 -10"><span class='ocrx_word' id='word_1_738' title='bbox 80 2230 137 2252; x_wconf 86' lang='lat' dir='ltr'><strong>tum</strong></span> <span class='ocrx_word' id='word_1_739' title='bbox 152 2225 186 2253; x_wconf 85' lang='lat' dir='ltr'><strong>ad</strong></span> <span class='ocrx_word' id='word_1_740' title='bbox 200 2225 290 2254; x_wconf 82' lang='lat' dir='ltr'><strong>divina</strong></span> <span class='ocrx_word' id='word_1_741' title='bbox 311 2225 476 2254; x_wconf 85' lang='lat' dir='ltr'><strong>ministeria.</strong></span> <span class='ocrx_word' id='word_1_742' title='bbox 494 2226 570 2260; x_wconf 88' lang='lat' dir='ltr'><strong>Quod</strong></span> <span class='ocrx_word' id='word_1_743' title='bbox 589 2226 612 2254; x_wconf 89' lang='lat' dir='ltr'><strong>si</strong></span> <span class='ocrx_word' id='word_1_744' title='bbox 630 2227 784 2254; x_wconf 71' lang='lat' dir='ltr'><strong>intellexisti</strong></span> <span class='ocrx_word' id='word_1_745' title='bbox 801 2235 869 2261; x_wconf 88' lang='lat' dir='ltr'><strong>quo-</strong></span> 
     </span>
    </p>
   </div>
   <div class='ocr_carea' id='block_1_95' title="bbox 79 2270 869 2304">
    <p class='ocr_par' dir='ltr' id='par_1_95' title="bbox 79 2270 869 2304">
     <span class='ocr_line' id='line_1_95' title="bbox 79 2270 869 2304; baseline 0.004 -7"><span class='ocrx_word' id='word_1_746' title='bbox 79 2271 161 2297; x_wconf 89' lang='lat' dir='ltr'><strong>modo</strong></span> <span class='ocrx_word' id='word_1_747' title='bbox 176 2270 219 2297; x_wconf 90' lang='lat' dir='ltr'><strong>vel</strong></span> <span class='ocrx_word' id='word_1_748' title='bbox 233 2271 343 2302; x_wconf 86' lang='lat' dir='ltr'><strong>animal,</strong></span> <span class='ocrx_word' id='word_1_749' title='bbox 353 2271 395 2298; x_wconf 91' lang='lat' dir='ltr'><strong>vel</strong></span> <span class='ocrx_word' id='word_1_750' title='bbox 410 2279 467 2304; x_wconf 88' lang='lat' dir='ltr'><strong>vas,</strong></span> <span class='ocrx_word' id='word_1_751' title='bbox 485 2272 527 2299; x_wconf 87' lang='lat' dir='ltr'><strong>vel</strong></span> <span class='ocrx_word' id='word_1_752' title='bbox 540 2274 731 2300; x_wconf 88' lang='lat' dir='ltr'><strong>vestimentum</strong></span> <span class='ocrx_word' id='word_1_753' title='bbox 746 2278 869 2301; x_wconf 86' lang='lat' dir='ltr'><strong>sanctum</strong></span> 
     </span>
    </p>
   </div>
   <div class='ocr_carea' id='block_1_96' title="bbox 78 2316 870 2353">
    <p class='ocr_par' dir='ltr' id='par_1_96' title="bbox 78 2316 870 2353">
     <span class='ocr_line' id='line_1_96' title="bbox 78 2316 870 2353; baseline 0.005 -11"><span class='ocrx_word' id='word_1_754' title='bbox 78 2316 248 2351; x_wconf 84' lang='lat' dir='ltr'><strong>appellatur,</strong></span> <span class='ocrx_word' id='word_1_755' title='bbox 264 2323 463 2352; x_wconf 87' lang='lat' dir='ltr'><strong>consequenter</strong></span> <span class='ocrx_word' id='word_1_756' title='bbox 483 2317 606 2353; x_wconf 83' lang='lat' dir='ltr'><strong>intelligo</strong></span> <span class='ocrx_word' id='word_1_757' title='bbox 620 2320 692 2353; x_wconf 89' lang='lat' dir='ltr'><strong>quod</strong></span> <span class='ocrx_word' id='word_1_758' title='bbox 717 2319 758 2346; x_wconf 90' lang='lat' dir='ltr'><strong>his</strong></span> <span class='ocrx_word' id='word_1_759' title='bbox 775 2319 870 2347; x_wconf 84' lang='lat' dir='ltr'><strong>obser-</strong></span> 
     </span>
    </p>
   </div>
   <div class='ocr_carea' id='block_1_97' title="bbox 79 2362 870 2400">
    <p class='ocr_par' dir='ltr' id='par_1_97' title="bbox 79 2362 870 2400">
     <span class='ocr_line' id='line_1_97' title="bbox 79 2362 870 2400; baseline 0.005 -12"><span class='ocrx_word' id='word_1_760' title='bbox 79 2363 238 2390; x_wconf 82' lang='lat' dir='ltr'><strong>vationibus</strong></span> <span class='ocrx_word' id='word_1_761' title='bbox 255 2366 282 2390; x_wconf 86' lang='lat' dir='ltr'><strong>et</strong></span> <span class='ocrx_word' id='word_1_762' title='bbox 296 2362 400 2398; x_wconf 79' lang='lat' dir='ltr'><strong>legibus</strong></span> <span class='ocrx_word' id='word_1_763' title='bbox 419 2364 502 2391; x_wconf 84' lang='lat' dir='ltr'><strong>etiam</strong></span> <span class='ocrx_word' id='word_1_764' title='bbox 526 2364 607 2391; x_wconf 91' lang='lat' dir='ltr'><strong>homo</strong></span> <span class='ocrx_word' id='word_1_765' title='bbox 627 2370 738 2392; x_wconf 88' lang='lat' dir='ltr'><strong>sanctus</strong></span> <span class='ocrx_word' id='word_1_766' title='bbox 751 2365 870 2400; x_wconf 86' lang='lat' dir='ltr'><strong>appelle-</strong></span> 
     </span>
    </p>
   </div>
   <div class='ocr_carea' id='block_1_98' title="bbox 78 2410 870 2446">
    <p class='ocr_par' dir='ltr' id='par_1_98' title="bbox 78 2410 870 2446">
     <span class='ocr_line' id='line_1_98' title="bbox 78 2410 870 2446; baseline 0.001 -9"><span class='ocrx_word' id='word_1_767' title='bbox 78 2415 132 2437; x_wconf 89' lang='lat' dir='ltr'><strong>tur.</strong></span> <span class='ocrx_word' id='word_1_768' title='bbox 154 2410 183 2437; x_wconf 70' lang='grc' dir='ltr'>δι</span> <span class='ocrx_word' id='word_1_769' title='bbox 203 2410 264 2444; x_wconf 88' lang='lat' dir='ltr'><strong>quis</strong></span> <span class='ocrx_word' id='word_1_770' title='bbox 280 2410 352 2437; x_wconf 91' lang='lat' dir='ltr'><strong>enim</strong></span> <span class='ocrx_word' id='word_1_771' title='bbox 374 2410 494 2445; x_wconf 88' lang='lat' dir='ltr'><strong>seipsnm</strong></span> <span class='ocrx_word' id='word_1_772' title='bbox 520 2410 662 2439; x_wconf 87' lang='lat' dir='ltr'><strong>devoverit</strong></span> <span class='ocrx_word' id='word_1_773' title='bbox 677 2412 731 2439; x_wconf 86' lang='lat' dir='ltr'><strong>Deo</strong></span> <span class='ocrx_word' id='word_1_774' title='bbox 746 2421 753 2438; x_wconf 74' lang='grc' dir='ltr'><strong>ι</strong></span> <span class='ocrx_word' id='word_1_775' title='bbox 767 2412 790 2439; x_wconf 91' lang='lat' dir='ltr'><strong>si</strong></span> <span class='ocrx_word' id='word_1_776' title='bbox 808 2411 870 2446; x_wconf 90' lang='lat' dir='ltr'><strong>quis</strong></span> 
     </span>
    </p>
   </div>
   <div class='ocr_carea' id='block_1_99' title="bbox 78 2456 867 2492">
    <p class='ocr_par' dir='ltr' id='par_1_99' title="bbox 78 2456 867 2492">
     <span class='ocr_line' id='line_1_99' title="bbox 78 2456 867 2492; baseline 0.003 -9"><span class='ocrx_word' id='word_1_777' title='bbox 78 2456 159 2483; x_wconf 88' lang='lat' dir='ltr'><strong>nullis</strong></span> <span class='ocrx_word' id='word_1_778' title='bbox 179 2464 208 2484; x_wconf 87' lang='lat' dir='ltr'><strong>se</strong></span> <span class='ocrx_word' id='word_1_779' title='bbox 234 2457 349 2492; x_wconf 75' lang='lat' dir='ltr'><strong>negotiis</strong></span> <span class='ocrx_word' id='word_1_780' title='bbox 378 2457 558 2486; x_wconf 74' lang='lat' dir='ltr'><strong>szecularibus</strong></span> <span class='ocrx_word' id='word_1_781' title='bbox 583 2458 770 2492; x_wconf 87' lang='lat' dir='ltr'><strong>implicaverit,</strong></span> <span class='ocrx_word' id='word_1_782' title='bbox 789 2463 818 2485; x_wconf 93' lang='lat' dir='ltr'><strong>ut</strong></span> <span class='ocrx_word' id='word_1_783' title='bbox 838 2458 867 2485; x_wconf 67' lang='lat' dir='ltr'><strong>&#39;ei</strong></span> 
     </span>
    </p>
   </div>
   <div class='ocr_carea' id='block_1_100' title="bbox 78 2503 868 2541">
    <p class='ocr_par' dir='ltr' id='par_1_100' title="bbox 78 2503 868 2541">
     <span class='ocr_line' id='line_1_100' title="bbox 78 2503 868 2541; baseline 0.004 -13"><span class='ocrx_word' id='word_1_784' title='bbox 78 2503 189 2537; x_wconf 85' lang='lat' dir='ltr'><strong>placeat</strong></span> <span class='ocrx_word' id='word_1_785' title='bbox 203 2503 247 2530; x_wconf 90' lang='lat' dir='ltr'><strong>cui</strong></span> <span class='ocrx_word' id='word_1_786' title='bbox 265 2510 294 2530; x_wconf 89' lang='lat' dir='ltr'><strong>se</strong></span> <span class='ocrx_word' id='word_1_787' title='bbox 308 2503 444 2537; x_wconf 86' lang='lat' dir='ltr'><strong>probavit,</strong></span> <span class='ocrx_word' id='word_1_788' title='bbox 459 2503 481 2531; x_wconf 89' lang='lat' dir='ltr'><strong>si</strong></span> <span class='ocrx_word' id='word_1_789' title='bbox 498 2505 564 2541; x_wconf 42' lang='lat' dir='ltr'><strong>quis.</strong></span> <span class='ocrx_word' id='word_1_790' title='bbox 573 2509 715 2539; x_wconf 85' lang='lat' dir='ltr'><strong>separatus</strong></span> <span class='ocrx_word' id='word_1_791' title='bbox 728 2509 769 2531; x_wconf 89' lang='lat' dir='ltr'><strong>est</strong></span> <span class='ocrx_word' id='word_1_792' title='bbox 784 2508 811 2531; x_wconf 87' lang='lat' dir='ltr'><strong>et</strong></span> <span class='ocrx_word' id='word_1_793' title='bbox 824 2510 868 2531; x_wconf 90' lang='lat' dir='ltr'><strong>se-</strong></span> 
     </span>
    </p>
   </div>
   <div class='ocr_carea' id='block_1_101' title="bbox 78 2549 868 2585">
    <p class='ocr_par' dir='ltr' id='par_1_101' title="bbox 78 2549 868 2585">
     <span class='ocr_line' id='line_1_101' title="bbox 78 2549 868 2585; baseline 0.005 -10"><span class='ocrx_word' id='word_1_794' title='bbox 78 2553 208 2585; x_wconf 86' lang='lat' dir='ltr'><strong>gregatus</strong></span> <span class='ocrx_word' id='word_1_795' title='bbox 223 2556 238 2576; x_wconf 90' lang='lat' dir='ltr'><strong>a</strong></span> <span class='ocrx_word' id='word_1_796' title='bbox 256 2549 366 2584; x_wconf 88' lang='lat' dir='ltr'><strong>reliquis</strong></span> <span class='ocrx_word' id='word_1_797' title='bbox 379 2550 536 2578; x_wconf 82' lang='lat' dir='ltr'><strong>hominibus</strong></span> <span class='ocrx_word' id='word_1_798' title='bbox 546 2551 692 2579; x_wconf 86' lang='lat' dir='ltr'><strong>carnaliter</strong></span> <span class='ocrx_word' id='word_1_799' title='bbox 704 2551 868 2583; x_wconf 85' lang='lat' dir='ltr'><strong>viventibus.</strong></span> 
     </span>
    </p>
   </div>
   <div class='ocr_carea' id='block_1_102' title="bbox 111 2644 617 2678">
    <p class='ocr_par' dir='ltr' id='par_1_102' title="bbox 111 2644 617 2678">
     <span class='ocr_line' id='line_1_102' title="bbox 111 2644 617 2678; baseline -0.002 -5"><span class='ocrx_word' id='word_1_800' title='bbox 111 2646 136 2661; x_wconf 75' lang='lat'><strong><em>“</em></strong></span> <span class='ocrx_word' id='word_1_801' title='bbox 154 2645 241 2673; x_wconf 87' lang='lat' dir='ltr'><strong>Levit.</strong></span> <span class='ocrx_word' id='word_1_802' title='bbox 260 2652 307 2677; x_wconf 80' lang='lat' dir='ltr'><strong>xx,</strong></span> <span class='ocrx_word' id='word_1_803' title='bbox 325 2644 369 2672; x_wconf 79' lang='lat'><strong>‘26.</strong></span> <span class='ocrx_word' id='word_1_804' title='bbox 406 2644 430 2660; x_wconf 75' lang='grc'><strong>’⁵</strong></span> <span class='ocrx_word' id='word_1_805' title='bbox 444 2644 497 2672; x_wconf 84' lang='lat' dir='ltr'><strong>isa.</strong></span> <span class='ocrx_word' id='word_1_806' title='bbox 514 2652 561 2678; x_wconf 84' lang='lat' dir='ltr'><strong>LII,</strong></span> <span class='ocrx_word' id='word_1_807' title='bbox 575 2645 617 2672; x_wconf 83' lang='lat' dir='ltr'><strong>ll.</strong></span> 
     </span>
    </p>
   </div>
   <div class='ocr_carea' id='block_1_103' title="bbox 115 2734 865 2772">
    <p class='ocr_par' dir='ltr' id='par_1_103' title="bbox 115 2734 865 2772">
     <span class='ocr_line' id='line_1_103' title="bbox 115 2734 865 2772; baseline -0.004 -7"><span class='ocrx_word' id='word_1_808' title='bbox 115 2738 173 2772; x_wconf 81' lang='lat'><strong>(85)</strong></span> <span class='ocrx_word' id='word_1_809' title='bbox 191 2737 257 2765; x_wconf 78' lang='lat' dir='ltr'><strong>Mss.</strong></span> <span class='ocrx_word' id='word_1_810' title='bbox 270 2758 277 2769; x_wconf 86' lang='lat'><strong>,</strong></span> <span class='ocrx_word' id='word_1_811' title='bbox 294 2746 302 2761; x_wconf 78' lang='grc' dir='ltr'><strong>ι</strong></span> <span class='ocrx_word' id='word_1_812' title='bbox 318 2735 566 2770; x_wconf 87' lang='lat' dir='ltr'><strong>depreltendetnus.</strong></span> <span class='ocrx_word' id='word_1_813' title='bbox 581 2745 591 2762; x_wconf 76' lang='grc' dir='ltr'><strong>ι</strong></span> <span class='ocrx_word' id='word_1_814' title='bbox 605 2734 681 2763; x_wconf 88' lang='lat' dir='ltr'><strong>Libh.</strong></span> <span class='ocrx_word' id='word_1_815' title='bbox 695 2735 772 2768; x_wconf 87' lang='lat' dir='ltr'><strong>editi,</strong></span> <span class='ocrx_word' id='word_1_816' title='bbox 791 2744 801 2761; x_wconf 79' lang='grc' dir='ltr'><strong>ι</strong></span> <span class='ocrx_word' id='word_1_817' title='bbox 818 2735 865 2762; x_wconf 89' lang='lat' dir='ltr'><strong>dc-</strong></span> 
     </span>
    </p>
   </div>
   <div class='ocr_carea' id='block_1_104' title="bbox 79 2773 822 2809">
    <p class='ocr_par' dir='ltr' id='par_1_104' title="bbox 79 2773 822 2809">
     <span class='ocr_line' id='line_1_104' title="bbox 79 2773 822 2809; baseline -0.007 -9"><span class='ocrx_word' id='word_1_818' title='bbox 79 2773 281 2809; x_wconf 70' lang='lat' dir='ltr'><strong>prchcndimus.</strong></span> <span class='ocrx_word' id='word_1_819' title='bbox 295 2780 326 2809; x_wconf 27' lang='grc' dir='ltr'><strong>»ἡ</strong></span> <span class='ocrx_word' id='word_1_820' title='bbox 564 2806 569 2809; x_wconf 86' lang='lat'><em>_</em></span> <span class='ocrx_word' id='word_1_821' title='bbox 594 2806 602 2809; x_wconf 81' lang='lat'><em>_</em></span> <span class='ocrx_word' id='word_1_822' title='bbox 664 2806 681 2809; x_wconf 77' lang='lat'>__</span> <span class='ocrx_word' id='word_1_823' title='bbox 703 2806 708 2809; x_wconf 81' lang='lat'><strong>_</strong></span> <span class='ocrx_word' id='word_1_824' title='bbox 817 2805 822 2809; x_wconf 78' lang='lat'><strong>_</strong></span> 
     </span>
    </p>
   </div>
   <div class='ocr_carea' id='block_1_105' title="bbox 113 2806 868 2844">
    <p class='ocr_par' dir='ltr' id='par_1_105' title="bbox 113 2806 868 2844">
     <span class='ocr_line' id='line_1_105' title="bbox 113 2806 868 2844; baseline -0.005 -8"><span class='ocrx_word' id='word_1_825' title='bbox 113 2809 169 2844; x_wconf 77' lang='lat' dir='ltr'><strong>(sti)</strong></span> <span class='ocrx_word' id='word_1_826' title='bbox 189 2807 285 2836; x_wconf 82' lang='lat' dir='ltr'><strong>Codex</strong></span> <span class='ocrx_word' id='word_1_827' title='bbox 310 2807 473 2842; x_wconf 79' lang='lat' dir='ltr'><strong>Sangerm.,</strong></span> <span class='ocrx_word' id='word_1_828' title='bbox 501 2816 511 2834; x_wconf 82' lang='lat'><strong>(</strong></span> <span class='ocrx_word' id='word_1_829' title='bbox 528 2806 571 2835; x_wconf 88' lang='lat' dir='ltr'><strong>cui</strong></span> <span class='ocrx_word' id='word_1_830' title='bbox 594 2806 635 2834; x_wconf 82' lang='lat' dir='ltr'><strong>lex</strong></span> <span class='ocrx_word' id='word_1_831' title='bbox 656 2806 746 2834; x_wconf 87' lang='lat' dir='ltr'><strong>divina</strong></span> <span class='ocrx_word' id='word_1_832' title='bbox 769 2806 868 2833; x_wconf 84' lang='lat' dir='ltr'><strong>recita-</strong></span> 
     </span>
    </p>
   </div>
   <div class='ocr_carea' id='block_1_106' title="bbox 655 2643 898 2677">
    <p class='ocr_par' dir='ltr' id='par_1_106' title="bbox 655 2643 898 2677">
     <span class='ocr_line' id='line_1_106' title="bbox 655 2643 898 2677; baseline -0.004 -6"><span class='ocrx_word' id='word_1_833' title='bbox 655 2644 698 2671; x_wconf 79' lang='lat' dir='ltr'><strong>“l</strong></span> <span class='ocrx_word' id='word_1_834' title='bbox 714 2643 792 2672; x_wconf 81' lang='lat' dir='ltr'><strong>Joan.</strong></span> <span class='ocrx_word' id='word_1_835' title='bbox 808 2643 898 2677; x_wconf 75' lang='lat'><strong>&quot;,16.</strong></span> 
     </span>
    </p>
   </div>
   <div class='ocr_carea' id='block_1_107' title="bbox 926 2221 1710 2255">
    <p class='ocr_par' dir='ltr' id='par_1_107' title="bbox 926 2221 1710 2255">
     <span class='ocr_line' id='line_1_107' title="bbox 926 2221 1710 2255; baseline -0.004 -5"><span class='ocrx_word' id='word_1_836' title='bbox 926 2227 978 2250; x_wconf 89' lang='lat' dir='ltr'><strong>tem</strong></span> <span class='ocrx_word' id='word_1_837' title='bbox 994 2223 1109 2250; x_wconf 86' lang='lat' dir='ltr'><strong>dicimus</strong></span> <span class='ocrx_word' id='word_1_838' title='bbox 1124 2231 1175 2249; x_wconf 91' lang='lat' dir='ltr'><strong>non</strong></span> <span class='ocrx_word' id='word_1_839' title='bbox 1198 2222 1265 2250; x_wconf 90' lang='lat' dir='ltr'><strong>locis</strong></span> <span class='ocrx_word' id='word_1_840' title='bbox 1278 2223 1326 2250; x_wconf 89' lang='lat' dir='ltr'><strong>sed</strong></span> <span class='ocrx_word' id='word_1_841' title='bbox 1344 2222 1458 2255; x_wconf 88' lang='lat' dir='ltr'><strong>actibus,</strong></span> <span class='ocrx_word' id='word_1_842' title='bbox 1475 2229 1523 2249; x_wconf 88' lang='lat' dir='ltr'><strong>nec</strong></span> <span class='ocrx_word' id='word_1_843' title='bbox 1543 2221 1710 2255; x_wconf 81' lang='lat' dir='ltr'><strong>regionibus,</strong></span> 
     </span>
    </p>
   </div>
   <div class='ocr_carea' id='block_1_108' title="bbox 923 2266 1708 2303">
    <p class='ocr_par' dir='ltr' id='par_1_108' title="bbox 923 2266 1708 2303">
     <span class='ocr_line' id='line_1_108' title="bbox 923 2266 1708 2303; baseline -0.005 -7"><span class='ocrx_word' id='word_1_844' title='bbox 923 2269 971 2296; x_wconf 87' lang='lat' dir='ltr'><strong>sed</strong></span> <span class='ocrx_word' id='word_1_845' title='bbox 996 2269 1261 2296; x_wconf 82' lang='lat' dir='ltr'><strong>conversationibus.</strong></span> <span class='ocrx_word' id='word_1_846' title='bbox 1285 2268 1406 2303; x_wconf 88' lang='lat' dir='ltr'><strong>Denique</strong></span> <span class='ocrx_word' id='word_1_847' title='bbox 1429 2273 1456 2295; x_wconf 93' lang='lat' dir='ltr'><strong>et</strong></span> <span class='ocrx_word' id='word_1_848' title='bbox 1486 2269 1544 2302; x_wconf 88' lang='lat' dir='ltr'><strong>ipse</strong></span> <span class='ocrx_word' id='word_1_849' title='bbox 1568 2273 1658 2294; x_wconf 89' lang='lat' dir='ltr'><strong>sermo</strong></span> <span class='ocrx_word' id='word_1_850' title='bbox 1683 2266 1708 2293; x_wconf 92' lang='lat' dir='ltr'><strong>in</strong></span> 
     </span>
    </p>
   </div>
   <div class='ocr_carea' id='block_1_109' title="bbox 923 2314 1708 2350">
    <p class='ocr_par' dir='ltr' id='par_1_109' title="bbox 923 2314 1708 2350">
     <span class='ocr_line' id='line_1_109' title="bbox 923 2314 1708 2350; baseline -0.006 -7"><span class='ocrx_word' id='word_1_851' title='bbox 923 2315 1016 2343; x_wconf 66' lang='lat' dir='ltr'><strong>Graeca</strong></span> <span class='ocrx_word' id='word_1_852' title='bbox 1033 2315 1135 2350; x_wconf 77' lang='lat' dir='ltr'><strong>lingua,</strong></span> <span class='ocrx_word' id='word_1_853' title='bbox 1152 2315 1225 2350; x_wconf 87' lang='lat' dir='ltr'><strong>quod</strong></span> <span class='ocrx_word' id='word_1_854' title='bbox 1242 2315 1344 2342; x_wconf 88' lang='lat' dir='ltr'><strong>dicitur</strong></span> <span class='ocrx_word' id='word_1_855' title='bbox 1360 2314 1454 2349; x_wconf 75' lang='grc' dir='ltr'>ἅγιος,</span> <span class='ocrx_word' id='word_1_856' title='bbox 1467 2314 1544 2348; x_wconf 88' lang='lat' dir='ltr'><strong>quasi</strong></span> <span class='ocrx_word' id='word_1_857' title='bbox 1561 2317 1638 2340; x_wconf 86' lang='lat' dir='ltr'><strong>extra</strong></span> <span class='ocrx_word' id='word_1_858' title='bbox 1653 2316 1708 2339; x_wconf 83' lang='lat' dir='ltr'><strong>ter-</strong></span> 
     </span>
    </p>
   </div>
   <div class='ocr_carea' id='block_1_110' title="bbox 923 2360 1709 2396">
    <p class='ocr_par' dir='ltr' id='par_1_110' title="bbox 923 2360 1709 2396">
     <span class='ocr_line' id='line_1_110' title="bbox 923 2360 1709 2396; baseline -0.004 -9"><span class='ocrx_word' id='word_1_859' title='bbox 923 2369 981 2388; x_wconf 73' lang='grc' dir='ltr'>κιιιι</span> <span class='ocrx_word' id='word_1_860' title='bbox 997 2369 1059 2389; x_wconf 87' lang='lat' dir='ltr'><strong>esse</strong></span> <span class='ocrx_word' id='word_1_861' title='bbox 1070 2361 1215 2396; x_wconf 74' lang='lat' dir='ltr'><strong>signiﬁcat.</strong></span> <span class='ocrx_word' id='word_1_862' title='bbox 1232 2360 1391 2395; x_wconf 87' lang='lat' dir='ltr'><strong>Quicunque</strong></span> <span class='ocrx_word' id='word_1_863' title='bbox 1403 2361 1475 2388; x_wconf 86' lang='lat' dir='ltr'><strong>enim</strong></span> <span class='ocrx_word' id='word_1_864' title='bbox 1487 2367 1516 2387; x_wconf 88' lang='lat' dir='ltr'><strong>sc</strong></span> <span class='ocrx_word' id='word_1_865' title='bbox 1528 2366 1709 2386; x_wconf 80' lang='lat' dir='ltr'><strong>consecrave-</strong></span> 
     </span>
    </p>
   </div>
   <div class='ocr_carea' id='block_1_111' title="bbox 923 2403 1710 2440">
    <p class='ocr_par' dir='ltr' id='par_1_111' title="bbox 923 2403 1710 2440">
     <span class='ocr_line' id='line_1_111' title="bbox 923 2403 1710 2440; baseline -0.008 -5"><span class='ocrx_word' id='word_1_866' title='bbox 923 2409 959 2435; x_wconf 86' lang='lat' dir='ltr'><strong>rit</strong></span> <span class='ocrx_word' id='word_1_867' title='bbox 974 2408 1029 2435; x_wconf 84' lang='lat' dir='ltr'><strong>Deo</strong></span> <span class='ocrx_word' id='word_1_868' title='bbox 1039 2428 1047 2440; x_wconf 90' lang='lat'><strong>,</strong></span> <span class='ocrx_word' id='word_1_869' title='bbox 1062 2408 1158 2435; x_wconf 89' lang='lat' dir='ltr'><strong>merito</strong></span> <span class='ocrx_word' id='word_1_870' title='bbox 1172 2412 1249 2435; x_wconf 80' lang='lat' dir='ltr'><strong>extra</strong></span> <span class='ocrx_word' id='word_1_871' title='bbox 1269 2412 1369 2435; x_wconf 88' lang='lat' dir='ltr'><strong>terram</strong></span> <span class='ocrx_word' id='word_1_872' title='bbox 1379 2427 1386 2439; x_wconf 88' lang='lat'><strong>,</strong></span> <span class='ocrx_word' id='word_1_873' title='bbox 1400 2411 1477 2433; x_wconf 80' lang='lat' dir='ltr'><strong>extra</strong></span> <span class='ocrx_word' id='word_1_874' title='bbox 1493 2404 1622 2431; x_wconf 85' lang='lat' dir='ltr'><strong>mundum</strong></span> <span class='ocrx_word' id='word_1_875' title='bbox 1636 2403 1710 2430; x_wconf 85' lang='lat' dir='ltr'><strong>vidc-</strong></span> 
     </span>
    </p>
   </div>
   <div class='ocr_carea' id='block_1_112' title="bbox 924 2452 1709 2490">
    <p class='ocr_par' dir='ltr' id='par_1_112' title="bbox 924 2452 1709 2490">
     <span class='ocr_line' id='line_1_112' title="bbox 924 2452 1709 2490; baseline -0.01 -8"><span class='ocrx_word' id='word_1_876' title='bbox 924 2455 1018 2483; x_wconf 87' lang='lat' dir='ltr'><strong>bitur:</strong></span> <span class='ocrx_word' id='word_1_877' title='bbox 1035 2459 1123 2490; x_wconf 87' lang='lat' dir='ltr'><strong>potest</strong></span> <span class='ocrx_word' id='word_1_878' title='bbox 1146 2455 1219 2482; x_wconf 86' lang='lat' dir='ltr'><strong>enim</strong></span> <span class='ocrx_word' id='word_1_879' title='bbox 1240 2460 1267 2482; x_wconf 87' lang='lat' dir='ltr'><strong>et</strong></span> <span class='ocrx_word' id='word_1_880' title='bbox 1290 2455 1348 2489; x_wconf 85' lang='lat' dir='ltr'><strong>ipse</strong></span> <span class='ocrx_word' id='word_1_881' title='bbox 1367 2454 1460 2481; x_wconf 86' lang='lat' dir='ltr'><strong>dicere</strong></span> <span class='ocrx_word' id='word_1_882' title='bbox 1480 2452 1588 2485; x_wconf 89' lang='lat' dir='ltr'><strong>:Super</strong></span> <span class='ocrx_word' id='word_1_883' title='bbox 1610 2455 1709 2477; x_wconf 86' lang='lat' dir='ltr'><strong>terram</strong></span> 
     </span>
    </p>
   </div>
   <div class='ocr_carea' id='block_1_113' title="bbox 923 2494 1709 2534">
    <p class='ocr_par' dir='ltr' id='par_1_113' title="bbox 923 2494 1709 2534">
     <span class='ocr_line' id='line_1_113' title="bbox 923 2494 1709 2534; baseline -0.01 -5"><span class='ocrx_word' id='word_1_884' title='bbox 923 2502 1095 2530; x_wconf 83' lang='lat' dir='ltr'><strong>ambulantes</strong></span> <span class='ocrx_word' id='word_1_885' title='bbox 1107 2523 1113 2534; x_wconf 88' lang='lat'><strong>,</strong></span> <span class='ocrx_word' id='word_1_886' title='bbox 1129 2501 1363 2529; x_wconf 63' lang='lat' dir='ltr'><strong>conversationem</strong></span> <span class='ocrx_word' id='word_1_887' title='bbox 1381 2500 1406 2525; x_wconf 90' lang='lat' dir='ltr'><strong>in</strong></span> <span class='ocrx_word' id='word_1_888' title='bbox 1433 2497 1509 2525; x_wconf 71' lang='lat' dir='ltr'><strong>cadis</strong></span> <span class='ocrx_word' id='word_1_889' title='bbox 1532 2496 1663 2523; x_wconf 86' lang='lat' dir='ltr'><strong>habemus</strong></span> <span class='ocrx_word' id='word_1_890' title='bbox 1676 2494 1709 2521; x_wconf 88' lang='lat'><strong>&quot;.</strong></span> 
     </span>
    </p>
   </div>
   <div class='ocr_carea' id='block_1_114' title="bbox 925 2540 1709 2584">
    <p class='ocr_par' dir='ltr' id='par_1_114' title="bbox 925 2540 1709 2584">
     <span class='ocr_line' id='line_1_114' title="bbox 925 2540 1709 2584; baseline -0.013 -7"><span class='ocrx_word' id='word_1_891' title='bbox 925 2549 1054 2577; x_wconf 86' lang='lat' dir='ltr'><strong>Salomon</strong></span> <span class='ocrx_word' id='word_1_892' title='bbox 1082 2555 1190 2584; x_wconf 85' lang='lat' dir='ltr'><strong>quoque</strong></span> <span class='ocrx_word' id='word_1_893' title='bbox 1221 2549 1247 2574; x_wconf 91' lang='lat' dir='ltr'><strong>in</strong></span> <span class='ocrx_word' id='word_1_894' title='bbox 1276 2545 1430 2573; x_wconf 79' lang='lat' dir='ltr'><strong>Proverbiis</strong></span> <span class='ocrx_word' id='word_1_895' title='bbox 1459 2543 1524 2571; x_wconf 87' lang='lat' dir='ltr'><strong>dicit</strong></span> <span class='ocrx_word' id='word_1_896' title='bbox 1543 2542 1594 2569; x_wconf 72' lang='grc' dir='ltr'><strong>ἐς</strong></span> <span class='ocrx_word' id='word_1_897' title='bbox 1625 2550 1634 2568; x_wconf 79' lang='grc' dir='ltr'><strong>ι</strong></span> <span class='ocrx_word' id='word_1_898' title='bbox 1657 2540 1709 2568; x_wconf 86' lang='lat' dir='ltr'><strong>La-</strong></span> 
     </span>
    </p>
   </div>
   <div class='ocr_carea' id='block_1_115' title="bbox 937 2635 1479 2678">
    <p class='ocr_par' dir='ltr' id='par_1_115' title="bbox 937 2635 1479 2678">
     <span class='ocr_line' id='line_1_115' title="bbox 937 2635 1479 2678; baseline -0.018 -7"><span class='ocrx_word' id='word_1_899' title='bbox 937 2643 959 2659; x_wconf 81' lang='grc'><strong>¹⁷</strong></span> <span class='ocrx_word' id='word_1_900' title='bbox 977 2642 1075 2678; x_wconf 84' lang='lat' dir='ltr'><strong>Philip.</strong></span> <span class='ocrx_word' id='word_1_901' title='bbox 1093 2649 1134 2673; x_wconf 93' lang='lat' dir='ltr'><strong>Ill,</strong></span> <span class='ocrx_word' id='word_1_902' title='bbox 1147 2641 1191 2668; x_wconf 74' lang='grc'><strong>20.</strong></span> <span class='ocrx_word' id='word_1_903' title='bbox 1230 2640 1253 2656; x_wconf 75' lang='grc'><strong>’⁸</strong></span> <span class='ocrx_word' id='word_1_904' title='bbox 1270 2638 1349 2666; x_wconf 74' lang='grc' dir='ltr'><strong>Ριον.</strong></span> <span class='ocrx_word' id='word_1_905' title='bbox 1369 2645 1414 2669; x_wconf 77' lang='lat' dir='ltr'><strong>xx,</strong></span> <span class='ocrx_word' id='word_1_906' title='bbox 1433 2635 1479 2662; x_wconf 70' lang='lat'><strong>25.</strong></span> 
     </span>
    </p>
   </div>
   <div class='ocr_carea' id='block_1_116' title="bbox 925 2721 1708 2763">
    <p class='ocr_par' dir='ltr' id='par_1_116' title="bbox 925 2721 1708 2763">
     <span class='ocr_line' id='line_1_116' title="bbox 925 2721 1708 2763; baseline -0.014 -4"><span class='ocrx_word' id='word_1_907' title='bbox 925 2739 979 2760; x_wconf 87' lang='lat' dir='ltr'><strong>tur.</strong></span> <span class='ocrx_word' id='word_1_908' title='bbox 998 2741 1007 2758; x_wconf 72' lang='grc' dir='ltr'><strong>ι</strong></span> <span class='ocrx_word' id='word_1_909' title='bbox 1030 2731 1097 2757; x_wconf 88' lang='lat' dir='ltr'><strong>&#39;l‘res</strong></span> <span class='ocrx_word' id='word_1_910' title='bbox 1121 2730 1166 2757; x_wconf 85' lang='lat' dir='ltr'><strong>alii</strong></span> <span class='ocrx_word' id='word_1_911' title='bbox 1194 2737 1258 2756; x_wconf 85' lang='lat' dir='ltr'><strong>mss.</strong></span> <span class='ocrx_word' id='word_1_912' title='bbox 1273 2749 1280 2760; x_wconf 92' lang='lat'><strong>,</strong></span> <span class='ocrx_word' id='word_1_913' title='bbox 1306 2737 1315 2753; x_wconf 85' lang='grc' dir='ltr'><strong>ι</strong></span> <span class='ocrx_word' id='word_1_914' title='bbox 1332 2727 1375 2754; x_wconf 90' lang='lat' dir='ltr'><strong>cui</strong></span> <span class='ocrx_word' id='word_1_915' title='bbox 1398 2721 1708 2763; x_wconf 64' lang='lat' dir='ltr'><strong>ltmc_(li\&#39;itta_recitan-</strong></span> 
     </span>
    </p>
   </div>
   <div class='ocr_carea' id='block_1_117' title="bbox 924 2761 1702 2796">
    <p class='ocr_par' dir='ltr' id='par_1_117' title="bbox 924 2761 1702 2796">
     <span class='ocr_line' id='line_1_117' title="bbox 924 2761 1702 2796; baseline -0.015 -1"><span class='ocrx_word' id='word_1_916' title='bbox 924 2774 977 2795; x_wconf 90' lang='lat' dir='ltr'><strong>tur.</strong></span> <span class='ocrx_word' id='word_1_917' title='bbox 1006 2777 1015 2792; x_wconf 73' lang='grc' dir='ltr'><strong>ι</strong></span> <span class='ocrx_word' id='word_1_918' title='bbox 1039 2766 1117 2793; x_wconf 88' lang='lat' dir='ltr'><strong>Libb.</strong></span> <span class='ocrx_word' id='word_1_919' title='bbox 1146 2765 1231 2796; x_wconf 83' lang='lat' dir='ltr'><strong>editi,</strong></span> <span class='ocrx_word' id='word_1_920' title='bbox 1251 2773 1260 2789; x_wconf 78' lang='grc' dir='ltr'><strong>ι</strong></span> <span class='ocrx_word' id='word_1_921' title='bbox 1275 2771 1335 2790; x_wconf 83' lang='lat' dir='ltr'><strong>cum</strong></span> <span class='ocrx_word' id='word_1_922' title='bbox 1347 2763 1388 2789; x_wconf 84' lang='lat' dir='ltr'><strong>lex</strong></span> <span class='ocrx_word' id='word_1_923' title='bbox 1415 2761 1505 2788; x_wconf 85' lang='lat' dir='ltr'><strong>divina</strong></span> <span class='ocrx_word' id='word_1_924' title='bbox 1534 2761 1676 2786; x_wconf 83' lang='lat' dir='ltr'><strong>recitatur.</strong></span> <span class='ocrx_word' id='word_1_925' title='bbox 1694 2766 1702 2782; x_wconf 75' lang='grc' dir='ltr'><strong>ι</strong></span> 
     </span>
    </p>
   </div>
   <div class='ocr_carea' id='block_1_118' title="bbox 958 2801 1522 2838">
    <p class='ocr_par' dir='ltr' id='par_1_118' title="bbox 958 2801 1522 2838">
     <span class='ocr_line' id='line_1_118' title="bbox 958 2801 1522 2838; baseline -0.012 -8"><span class='ocrx_word' id='word_1_926' title='bbox 958 2803 1013 2838; x_wconf 89' lang='grc'><strong>(87)</strong></span> <span class='ocrx_word' id='word_1_927' title='bbox 1029 2801 1081 2829; x_wconf 79' lang='lat' dir='ltr'><strong>Mss</strong></span> <span class='ocrx_word' id='word_1_928' title='bbox 1098 2821 1104 2834; x_wconf 93' lang='lat'><strong>,</strong></span> <span class='ocrx_word' id='word_1_929' title='bbox 1120 2811 1129 2827; x_wconf 76' lang='grc' dir='ltr'><strong>ι</strong></span> <span class='ocrx_word' id='word_1_930' title='bbox 1147 2806 1290 2834; x_wconf 72' lang='lat' dir='ltr'><strong>segregare</strong></span> <span class='ocrx_word' id='word_1_931' title='bbox 1302 2803 1328 2826; x_wconf 88' lang='lat' dir='ltr'><strong>ct</strong></span> <span class='ocrx_word' id='word_1_932' title='bbox 1343 2801 1495 2826; x_wconf 77' lang='lat' dir='ltr'><strong>secernere.</strong></span> <span class='ocrx_word' id='word_1_933' title='bbox 1512 2804 1522 2822; x_wconf 74' lang='grc' dir='ltr'><strong>ι</strong></span> 
     </span>
    </p>
   </div>
  </div>
