1886 3051
193 99 241 132 5'31

923 98 1083 130 ORIGENIS
1763 96 1804 124 553

191 168 279 197 quens
299 165 341 189 est
363 162 423 189 viro
447 161 510 190 forti
539 161 592 189 cito
616 160 717 196 aliquid
747 162 779 189 dc
803 163 860 189 suis
884 162 985 189 sancti-
999 164 1023 191 Α
1038 165 1079 188 ret
1102 166 1180 195 pt'ena
1200 167 1253 186 non
1271 159 1359 186 fuerat
1376 158 1535 193 ascriptum.
1555 156 1631 184 Nunc
1646 163 1710 191 ergo
1725 156 1805 184 eadem

193 205 285 235 iicare.
305 217 314 233 ι
332 207 428 234 Postea
446 207 517 234 enim
537 215 616 242 quam
634 208 738 234 voverit
752 228 760 241 ,
786 208 876 235 evenit
894 207 979 243 ι)ωηί-

194 255 260 281 lere.
279 253 311 281 Et
328 254 378 281 hoc
397 257 437 280 est
463 253 557 286 utique
580 253 652 287 quod
674 253 740 280 dicit
755 261 762 280 :
779 252 817 280 Ne
835 254 894 287 quis
911 252 981 280 forte

192 306 253 326 cum
279 300 384 326 fructtts
404 306 437 326 ex
463 305 525 325 area
541 319 548 331 ,
565 303 610 324 aut
629 298 719 325 vinum
746 306 777 326 ex
800 299 981 326 torcularibus

192 344 306 380 colligit,
318 347 344 372 et
359 344 471 371 dixerit:
482 343 549 371 Volo
565 349 668 370 tantum
683 343 781 371 oll‘crre
793 344 929 375 Ecclesiae.
940 343 981 371 vel

192 387 219 415 in
234 391 311 416 usum
328 394 476 423 pauperum
492 393 538 415 aut
559 388 764 422 peregrinorum
785 393 889 416 tantum
910 396 978 424 pra:-

190 433 254 460 bcre
268 440 276 459 .'
291 434 313 460 si
339 437 432 468 postea
449 438 481 460 ex
498 433 541 460 his
563 440 623 467 qua:
640 437 718 460 vovet
741 433 842 468 aliquid
860 434 893 461 ad
916 440 981 461 usus

191 478 315 513 proprios
331 482 490 512 praesumat,
504 478 559 511 jam
573 485 625 504 non
643 478 675 505 de
691 478 749 505 suis
767 478 900 505 fructibus
914 486 981 513 pra:-

190 523 316 556 sumpsit,
336 524 382 550 sed
398 528 493 550 sancta
513 522 708 550 Dei.violavit.
728 524 761 551 Et
787 524 847 551 ideo
868 523 981 558 laqueus

190 568 270 595 fortis
284 573 325 595 est
347 569 517 596 sanctificarc
535 570 646 605 aliquid,
666 570 716 596 hoc
733 574 775 597 est
801 577 898 596 vovere
915 569 979 603 Deo,

188 620 217 641 et
231 614 404 648 postmodum
424 615 581 648 pmnitcntia
601 615 710 642 ductum
726 615 759 641 ad
773 622 838 642 usus
855 615 980 649 proprios

190 668 222 687 ea
238 668 300 695 quae
311 665 522 688 consecraverat
537 668 676 688 revocare.
693 660 745 688 Sed
761 665 789 687 et
807 661 829 687 si
846 668 895 688 nos
909 660 981 695 ipsos

190 712 383 733 consecremus
400 709 427 732 et
451 705 593 732 oﬂ'erinius
619 706 672 732 Deo
684 726 691 737 ,
709 710 755 732 aut
778 707 860 732 etiam
877 705 899 732 si
913 705 981 732 alios

189 751 513 783 vovemus,observemus
528 752 600 779 hunc
617 751 755 786 laqueum.
771 759 802 778 ne
822 751 892 778 forte
908 755 980 786 post-

190 804 303 832 eaquam
328 805 377 824 nos
393 797 446 823 Deo
471 797 637 829 voverimus,
657 797 752 824 iterum
770 797 896 823 lntmanis
921 796 979 822 usi-

1036 211 1193 241 repetuntur
1205 225 1213 237 ,
1231 210 1259 232 et
1277 205 1488 238 uniuscujusque
1503 210 1582 238 putus
1603 203 1706 238 peccati
1725 203 1804 230 deccr:

1035 253 1127 279 nitur:
1144 256 1171 278 et
1186 251 1247 278 ideo
1268 251 1325 278 haec
1347 255 1419 277 recte
1439 249 1649 282 justificationes
1676 252 1704 275 et
1717 247 1805 282 judicia

1035 297 1213 332 appellantur,
1231 297 1331 332 quibus
1344 296 1416 331 quod
1434 295 1536 330 justum
1551 299 1594 322 est
1612 294 1730 328 recipere
1746 293 1807 327 judi-

1034 348 1112 371 catur
1135 343 1178 370 ille
1202 343 1248 377 qui
1266 346 1373 377 peccat.
1389 342 1442 369 Sed
1461 343 1568 368 intuere
1582 340 1705 367 ordinem
1724 339 1807 366 divina

1035 390 1184 424 sapientiae,
1205 398 1258 417 non
1281 390 1410 416 continuo
1424 396 1519 423 ptenas
1532 396 1594 416 cum
1611 388 1705 422 primis
1726 388 1807 414 statuit

1035 436 1188 471 prmct-ptis.
1202 435 1264 462 Vult
1278 435 1349 462 enim
1360 440 1386 462 ut
1403 442 1456 461 non
1473 439 1546 461 metu
1561 441 1657 468 poenaa,
1671 433 1718 460 sed
1728 440 1806 460 amore

1035 482 1153 517 pietatis,
1173 482 1257 516 patris
1272 485 1404 515 praecepta
1422 479 1580 511 custodias;
1598 479 1644 506 sed
1662 478 1684 505 si
1699 483 1806 505 contem-

1034 527 1131 561 psrris,
1146 534 1199 553 non
1215 531 1267 552 tam
1276 524 1376 552 homini
1387 525 1455 559 jam,
1465 533 1546 560 quam
1557 524 1735 558 contemptori
1745 530 1807 549 inan-

1035 572 1115 599 datur
1134 579 1223 606 pmna.
1246 571 1339 598 Primo
1354 578 1420 604 ergo
1443 571 1609 606 benignitate
1621 569 1773 604 provocaris
1785 572 1809 595 ut

1035 617 1106 644 filius
1118 617 1140 632 ³⁵
1155 626 1161 643 :
1179 626 1188 641 ι
1211 616 1266 651 Ego
1278 616 1350 643 enim
1368 615 1422 643 dixi
1436 623 1442 641 :
1459 615 1498 642 Dii
1514 615 1594 648 estis,
1610 620 1637 641 et
1650 614 1699 641 ﬁlii
1717 612 1808 640 Excelsi

1034 669 1139 688 omnes.
1159 670 1168 687 ι
1184 661 1259 695 Quod
1277 662 1299 688 si
1317 661 1388 688 filius
1400 668 1460 688 esse
1477 661 1606 688 obediens
1621 667 1673 686 non
1689 660 1738 690 vis.
1752 666 1809 686 cou-

1036 711 1151 740 tcmptor
1171 707 1297 740 plecteris
1323 711 1353 734 ut
1377 714 1486 734 servus.
1511 705 1576 732 Post
1601 706 1658 732 haec
1686 705 1750 732 dicit
1765 703 1808 731 "3

1038 762 1047 777 (
1066 751 1100 779 Et
1115 753 1136 779 si
1150 753 1212 787 quis
1227 753 1368 780 dormierit
1385 760 1446 779 cum
1471 760 1541 779 nuru
1563 759 1610 778 sua
1623 772 1630 784 ,
1659 755 1744 778 morte
1761 757 1812 777 mo~

1036 798 1139 824 riantur
1151 799 1247 829 ambo,
1264 797 1429 832 impietatem
1448 796 1588 828 fecerunt,
1607 796 1645 823 rei
1665 801 1737 823 sunt.
1755 805 1763 820 I
1783 794 1811 822 Et

190 842 242 870 bus
260 843 299 870 vel
315 844 421 871 actibus
436 843 623 878 subjugcmur.
643 842 727 870 Vovet
747 848 836 869 autem
857 850 887 869 se
900 849 984 869 unus-
998 840 1019 867 Β
1035 843 1083 870 has
1103 843 1174 877 leges
1188 843 1228 870 vel
1244 843 1301 870 haec
1316 846 1449 877 praecepta
1477 841 1579 876 absque
1593 841 1682 876 poenis
1699 840 1811 875 superius

191 889 320 923 quisque,
337 889 411 916 verbi
430 889 515 923 gratia
528 908 536 920 ,
555 888 627 915 sicut
645 887 765 914 Nazartei
786 887 922 914 faciebant
935 887 983 914 tri-

191 933 255 966 bus,
269 938 316 961 aut
330 938 448 968 quatuor
459 953 466 965 ,
483 937 529 960 attt
543 937 610 967 quot
626 933 774 967 placuisset
787 932 865 959 annis
883 932 981 968 templo

192 986 222 1006 se
235 985 427 1006 consecrantes
442 979 498 1011 Dei,
515 983 544 1005 nt
558 979 592 1006 ibi
612 985 719 1012 semper
735 983 864 1005 vaeareut
886 978 981 1005 obser-

191 1028 287 1050 vantes
306 1023 351 1050 illa
375 1030 434 1058 qua:
456 1024 490 1050 de
505 1022 641 1050 Nazarwis
666 1023 767 1057 scripta
788 1027 871 1049 sunt:
892 1027 920 1049 ut
934 1030 981 1049 co-

191 1076 264 1096 mam
275 1070 373 1104 capitis
389 1069 538 1102 nutrirent,
550 1077 599 1097 nec
614 1069 773 1097 ascenderet
791 1068 891 1095 ferrum
901 1076 983 1102 super

190 1119 273 1149 caput
294 1122 388 1142 eorum
407 1119 463 1142 toto
481 1115 535 1142 voti
552 1115 593 1142 sui
617 1119 738 1150 tempore
754 1114 820 1150 (88),
845 1119 874 1140 ut
890 1114 982 1141 vinum

191 1167 245 1187 non
262 1160 462 1194 contingerent,
478 1167 566 1195 neque
587 1159 687 1193 aliquid
703 1167 736 1186 cx
752 1159 816 1190 vite,
833 1162 860 1185 et
881 1163 980 1185 cetera

191 1213 360 1241 quaecunque
375 1207 517 1241 complexa
532 1206 629 1233 fuisset
645 1206 698 1232 voti
714 1205 860 1240 professio.
879 1204 933 1232 Sed
956 1208 983 1231 et

192 1252 275 1279 alium
289 1253 352 1287 quis
368 1253 404 1279 ita
421 1257 500 1279 vovet
515 1252 584 1284 Deo,
602 1251 671 1278 sicut
685 1251 763 1278 Anna
785 1250 850 1278 fecit
867 1250 982 1277 Samue-

193 1297 247 1324 lem
261 1307 268 1325 :
284 1302 347 1325 ante
364 1298 436 1325 enim
452 1305 532 1332 quam
550 1301 725 1329 nasceretur,
744 1296 844 1324 obtulit
861 1304 922 1324 eum
943 1297 984 1324 di-

193 1350 259 1370 cens
272 1343 319 1370 ’νε
344 1352 353 1369 ι
373 1343 404 1370 Et
427 1343 498 1371 dabo
519 1350 580 1370 cum
605 1342 717 1369 Domino
739 1342 832 1369 datutn
856 1341 983 1369 omnibus

194 1389 291 1417 diebus
305 1390 367 1417 vitae
382 1398 448 1418 sum.
469 1400 478 1417 ι
495 1389 534 1417 Ex
552 1390 652 1425 quibus
665 1389 793 1417 erunibus
813 1389 917 1416 clarutn
931 1395 982 1420 est,

193 1435 331 1470 quomodo
345 1436 529 1471 unusquisque
545 1440 687 1467 nostrum,
708 1435 753 1470 qui
773 1434 829 1462 vult
843 1442 904 1462 esse
919 1442 981 1462 san-

195 1486 265 1513 rtns,
279 1482 437 1509 consecrari
452 1482 549 1510 debeat
564 1482 629 1515 Deo,
649 1486 676 1508 et
695 1481 776 1508 nullis
791 1486 921 1516 praeterea
935 1488 984 1508 ne-

194 1527 275 1563 gotiis
292 1527 334 1555 vel
351 1528 457 1555 actibus
482 1527 528 1563 qui
548 1527 582 1555 ad
599 1527 683 1554 Deum
708 1527 820 1554 minime
843 1528 980 1562 pertinent

194 1575 335 1609 occupari.

229 1620 258 1647 2.
279 1619 342 1646 Post
361 1620 418 1646 haec
431 1620 562 1654 scriptum
578 1624 619 1646 est
641 1628 648 1646 :
667 1628 676 1644 ι
697 1618 830 1651 Servate,
846 1618 935 1653 inquit
949 1618 984 1650 '°,

195 1670 330 1700 prmcepta
346 1673 405 1692 mea
418 1670 446 1692 et
461 1665 541 1692 facile
558 1671 589 1691 ea
605 1684 613 1697 ,
634 1671 685 1699 ego
702 1664 830 1692 Dominus
845 1672 852 1696 ;
872 1674 881 1689 ι
899 1669 927 1691 et
952 1664 985 1691 iis

196 1710 293 1738 addit:
313 1719 322 1736 t
341 1711 437 1744 Homo.
455 1711 536 1738 homo
560 1711 581 1738 si
599 1710 768 1738 maledixerit
784 1714 888 1745 patrem
903 1710 986 1746 25.8

194 1762 242 1784 nut
257 1762 371 1784 matrem
384 1764 460 1784 suam
472 1776 480 1789 ,
498 1757 631 1783 moriatur
650 1765 657 1789 ;
677 1766 687 1782 ι
704 1761 732 1784 et
752 1761 812 1791 post
828 1756 910 1782 multa
925 1763 985 1790 qua:

195 1803 334 1838 praecepit,
347 1803 445 1837 quibus
455 1803 536 1830 etiam
548 1809 643 1837 poenas
656 1802 888 1836 prmvaricationis
900 1804 986 1829 ascri-

195 1849 258 1883 psit.
275 1849 350 1876 addit
363 1849 389 1876 in
406 1848 528 1876 clausula
540 1848 561 1864 ³¹
577 1857 584 1875 :
603 1857 612 1873 ι
633 1848 667 1874 Ει
683 1851 792 1875 servate
808 1847 898 1875 omnia
917 1855 986 1882 prte-

195 1899 275 1929 ccpta
292 1902 363 1927 mea,
376 1900 403 1922 et
416 1895 625 1930 iustificationes
640 1902 724 1928 meas,
736 1900 763 1922 et
776 1895 878 1930 judicia
892 1902 961 1922 mea.
973 1903 984 1921 ι

195 1939 273 1968 Unde
287 1946 313 1968 et
328 1949 498 1976 consequens
519 1942 584 1969 mihi
600 1942 708 1969 videtur
723 1942 863 1976 requirere
879 1941 943 1975 quid
959 1941 985 1967 in

195 1986 239 2014 bis
248 1986 362 2022 singulis
376 1987 521 2015 indicetur.
540 1987 672 2022 Equidem
687 1987 833 2015 secundum
851 1987 924 2021 quod
937 1986 987 2015 ob-

196 2039 307 2059 servare
321 2033 406 2067 potui,
423 2038 586 2068 praeceptum
601 2039 659 2067 est,
675 2033 732 2061 sive
749 2034 906 2060 mandatum
922 2033 987 2061 illud

197 2078 269 2113 quod
281 2098 290 2112 ,
304 2079 377 2105 verbi
395 2080 481 2114 gratia
494 2098 501 2111 ,
519 2079 545 2106 in
566 2079 700 2115 Dccalogo
716 2079 815 2107 dicitur
830 2079 852 2095 "
871 2089 877 2106 :
903 2089 912 2105 ι
929 2079 986 2107 Non

197 2124 317 2157 occides,
335 2133 388 2152 non
407 2125 574 2152 adulterabis
595 2134 601 2157 ;
625 2135 634 2151 ι
655 2125 706 2153 hoc
724 2126 797 2152 enim
815 2125 902 2153 solum
917 2134 987 2160 pra:-

199 2169 318 2204 cipitur,
337 2175 364 2197 et
384 2177 437 2196 non
464 2170 611 2197 ascribitur
635 2178 715 2205 pmna
740 2172 889 2200 commissi.
911 2171 987 2198 Nunc

198 2221 288 2243 autem
307 2215 440 2242 iterantur
456 2216 564 2250 quidem
580 2217 685 2248 eadem,
700 2216 799 2244 additis
814 2217 857 2244 his
880 2218 985 2251 poenis:

197 2263 300 2290 dicitur
313 2263 384 2290 enim
397 2263 418 2278 ³³
429 2272 436 2290 z
449 2272 457 2289 ι
477 2262 572 2295 llomo,
587 2263 667 2290 homo
680 2264 835 2299 quicunque
850 2264 986 2291 adultera-

197 2309 268 2336 verit
284 2317 395 2336 uxorem
411 2309 480 2341 viri,
496 2313 523 2336 et
540 2316 651 2336 uxorem
677 2309 793 2343 proximi
818 2310 858 2336 sui
871 2330 878 2341 ,
902 2315 988 2338 marte

199 2355 334 2383 moriatur
349 2356 371 2383 is
385 2356 433 2391 qui
452 2356 606 2388 adulterat,
626 2361 652 2382 et
674 2363 734 2390 quae
754 2356 935 2383 adulteratnr.
956 2357 989 2384 Et

199 2403 221 2429 si
237 2402 299 2438 quis
312 2402 455 2430 dormierit
476 2410 539 2430 cum
557 2409 641 2429 uxore
657 2402 742 2436 patris
758 2402 798 2428 sui
810 2423 817 2434 ,
840 2403 987 2437 turpitudi-

199 2457 263 2476 nem
280 2450 364 2485 patris
379 2450 419 2476 sui
435 2450 553 2482 detexit,
569 2453 655 2476 morte
673 2448 822 2476 moriuntur
836 2449 916 2476 umbo
927 2470 933 2482 ,
950 2450 987 2477 rei

199 2496 271 2523 enim
295 2500 368 2524 sunt.
389 2505 398 2522 ι
417 2496 454 2522 De
474 2496 515 2523 his
532 2500 623 2522 autent
648 2495 674 2521 in
698 2494 833 2528 prioribus
855 2495 911 2528 jam
927 2496 988 2522 data

200 2541 308 2569 fuerant
320 2546 467 2577 praecepta,
481 2542 530 2569 sed
549 2549 602 2568 non
616 2541 806 2568 observantem
824 2548 883 2575 qua
897 2548 990 2569 mane-

236 2626 257 2641 "
271 2626 280 2653 l
296 2625 362 2661 Reg.
377 2634 395 2657 l,
414 2626 457 2652 ll.
480 2658 484 2661 Δ
508 2625 531 2640 ³⁰
548 2624 634 2661 Levit.
650 2632 683 2661 tot
695 2645 700 2655 .
712 2625 735 2661 ΑΒ
747 2645 753 2656 ,

203 2669 303 2692 Luxu,
320 2658 350 2687 6:
385 2661 406 2676 ³⁵
423 2658 508 2688 Levit.
525 2668 569 2693 xx,
591 2660 634 2687 1‘2.
673 2659 695 2675 ³⁸
711 2658 798 2686 Levit.
815 2666 891 2690 xvnt,
909 2658 951 2685 15.

240 2749 296 2783 (88)
319 2748 382 2777 Mss.
405 2747 583 2775 Cadomeusis
597 2767 604 2776 .
626 2745 847 2783 Gctueticensis_,
863 2750 898 2783 et
924 2745 990 2783 lter.-

204 2779 315 2818 censis',
342 2793 350 2809 ι
381 2788 436 2810 toto
458 2783 519 2808 vitae
544 2789 600 2809 sua;
628 2785 760 2815 tempore.
791 2790 800 2806 ι
828 2779 897 2807 Infra
924 2781 988 2807 l-bb.

845 2623 865 2639 ³¹
883 2623 947 2650 ibid.
964 2622 1008 2649 9.2.
1063 2622 1086 2636 "
1107 2622 1190 2647 Exod.
1210 2627 1258 2648 xx.

845 2666 891 2688 ιιι,
909 2658 951 2685 15.
989 2655 1011 2672 ³⁷
1028 2655 1110 2683 llebr.
1127 2664 1152 2688 x,
1166 2655 1211 2687 9.8,
1226 2654 1270 2681 29.

1036 889 1149 916 dederat
1169 896 1176 915 :
1203 888 1308 916 dixerat
1329 888 1401 915 enim
1420 887 1463 914 '5:
1490 896 1499 913 ι
1519 886 1724 922 Turpitudinem
1738 892 1812 914 nurus

1034 939 1087 961 tua:
1102 942 1155 962 non
1177 934 1328 967 revelabis,
1341 933 1470 969 quoniam
1491 940 1560 960 uxor
1576 932 1623 959 filii
1639 932 1679 959 tui
1696 936 1752 965 est,
1766 938 1812 958 non

1034 979 1167 1007 revelabis
1183 980 1377 1014 turpitudinem
1392 979 1461 1014 ejus,
1480 989 1488 1006 I
1505 982 1532 1006 et
1548 978 1639 1006 omnia
1655 985 1717 1012 qua:
1729 977 1812 1004 subse-

1034 1031 1164 1059 quuntur.
1179 1026 1210 1052 Et
1226 1026 1298 1053 hunc
1310 1026 1400 1053 locum
1415 1025 1496 1053 simili
1509 1025 1589 1051 modo
1600 1023 1636 1051 ibi
1648 1024 1812 1057 absquesup-

1034 1070 1136 1105 pliciis,
1155 1071 1199 1098 hic
1214 1079 1279 1098 vero
1298 1078 1360 1098 cum
1374 1071 1490 1098 diversis
1507 1069 1701 1104 suppliciorum
1719 1068 1814 1103 generi-

1034 1117 1085 1143 bus
1099 1117 1236 1151 ascripsit.
1249 1117 1310 1150 Quo
1322 1117 1347 1143 in
1365 1116 1426 1144 loco
1442 1117 1572 1143 recordor
1589 1116 1725 1143 sermonis
1739 1115 1811 1146 illius.

1034 1171 1115 1198 quem
1133 1165 1228 1191 beatus
1241 1164 1381 1198 apostolus
1392 1162 1492 1189 Paulus
1506 1161 1538 1189 ad
1557 1161 1688 1189 llebrzcos
1701 1161 1814 1188 scribens

1035 1210 1074 1236 ait
1086 1210 1106 1225 ³⁷
1120 1219 1127 1236 :
1148 1219 1157 1235 ι
1175 1209 1282 1236 irritam
1300 1209 1361 1243 quis
1377 1207 1481 1235 faciens
1492 1207 1577 1243 legem
1591 1206 1689 1242 Moysi,
1699 1207 1756 1234 sine
1766 1205 1812 1233 ulla

1035 1256 1210 1283 miseratione
1234 1255 1339 1282 duobus
1364 1258 1411 1280 aut
1436 1255 1524 1282 tribus
1549 1253 1667 1281 testibus
1681 1253 1813 1288 jmoritur:

1035 1306 1137 1336 quanto
1162 1300 1312 1334 majoribus
1335 1299 1476 1334 suppliciis
1498 1300 1596 1334 dignus
1612 1298 1759 1334 putabitur,
1773 1296 1814 1331 qui

1035 1345 1134 1373 Filium
1152 1345 1197 1372 Dei
1212 1344 1428 1376 conculcaverit,
1443 1348 1470 1371 et
1489 1343 1649 1378 sanguinem
1671 1342 1814 1370 testamenti

1034 1392 1166 1427 pollutum
1184 1391 1304 1424 duxerit,
1321 1391 1346 1418 in
1363 1399 1417 1426 quo
1431 1391 1617 1418 sanctiﬁcatns
1630 1395 1674 1417 est
1684 1410 1692 1422 ,
1706 1394 1732 1418 et
1743 1389 1816 1423 spiri-

1037 1437 1075 1463 tui
1096 1436 1191 1471 gratiae
1214 1435 1406 1463 contumeliam
1432 1435 1529 1463 fecerit
1548 1435 1560 1462 ?
1576 1445 1585 1462 ι
1611 1435 1666 1462 Sed
1690 1442 1768 1469 quam
1786 1432 1816 1459 ab

1036 1489 1146 1509 causam
1169 1481 1333 1508 mentionem
1358 1480 1466 1508 fecerim
1493 1480 1634 1515 scriptura:
1658 1479 1752 1513 huius,
1775 1486 1815 1505 au—

1035 1527 1133 1556 sculta.
1148 1527 1301 1555 Secundum
1320 1527 1405 1562 legem
1423 1526 1530 1554 adulter
1550 1532 1578 1553 et
1593 1526 1719 1554 adultera
1737 1529 1816 1552 morte

1034 1573 1233 1606 moriebantur,
1248 1579 1298 1599 nec
1313 1576 1440 1607 poterant
1462 1571 1553 1598 dicere
1572 1571 1762 1606 paenitentiam
1777 1575 1817 1604 pe-

1036 1619 1138 1652 timus,
1157 1624 1186 1646 et
1200 1619 1307 1646 veniam
1333 1618 1522 1653 deprecamur.
1543 1616 1599 1644 Non
1616 1622 1679 1644 erat
1699 1615 1819 1650 lacrytnis

1034 1665 1119 1698 locus,
1136 1673 1186 1693 nec
1202 1665 1386 1693 emendationi
1401 1664 1456 1691 ulla
1472 1665 1679 1692 concedebatur
1701 1664 1817 1694 facultas,

1035 1712 1083 1739 sed
1099 1711 1255 1739 omnimodo
1269 1711 1358 1746 puniri
1375 1719 1487 1739 necesse
1505 1715 1564 1739 erat
1575 1731 1582 1743 ,
1597 1711 1644 1745 qui
1668 1709 1819 1737 incurrisset

1036 1757 1062 1784 in
1079 1756 1178 1791 legem.
1197 1756 1253 1784 Hoc
1270 1762 1360 1784 mrtem
1374 1758 1535 1784 servabatur
1549 1761 1576 1784 et
1595 1758 1620 1783 in
1636 1756 1751 1790 singulis
1764 1754 1818 1788 qui-

1035 1803 1140 1837 busque
1158 1802 1319 1829 criminibus
1335 1802 1434 1836 quibus
1453 1807 1511 1829 erat
1533 1809 1612 1837 paena
1629 1802 1729 1828 mortis
1743 1799 1819 1828 ascri-

1035 1855 1091 1884 pta.
1106 1849 1182 1883 Apud
1200 1849 1371 1876 Christianos
1385 1856 1449 1876 vero
1466 1849 1487 1875 si
1503 1848 1668 1875 adulterium
1687 1846 1767 1875 fuerit
1777 1846 1819 1872 ad-

1036 1895 1160 1927 missum,
1177 1902 1230 1922 non
1245 1898 1287 1921 est
1300 1899 1464 1929 prazceptmn
1479 1899 1508 1921 ut
1525 1894 1631 1921 adulter
1646 1895 1690 1922 vel
1709 1893 1819 1921 adultera

1037 1940 1172 1976 corporali
1190 1939 1301 1966 interitu
1318 1940 1466 1974 puniantur
1480 1949 1486 1966 :
1504 1946 1553 1966 nec
1574 1944 1699 1974 potestas
1714 1939 1772 1965 data
1785 1940 1821 1964 est

1037 1987 1165 2022 episeopo
1184 1986 1312 2014 Ecclesite
1326 1985 1478 2013 adulterum
1497 1985 1622 2020 prtesenti
1649 1991 1739 2012 morte
1754 1983 1820 2010 dam-

1038 2039 1115 2064 nare,
1134 2032 1204 2058 sicut
1218 2036 1281 2058 tunc
1301 2031 1453 2058 secundum
1477 2030 1561 2065 legem
1580 2029 1664 2056 ﬁebat
1681 2038 1696 2056 ει
1720 2028 1822 2063 presby-

1039 2079 1106 2106 teris
1124 2078 1227 2113 populi.
1244 2077 1313 2110 Quid
1331 2077 1436 2112 igitnr?
1458 2077 1579 2104 dicemus
1596 2077 1671 2110 quod
1691 2075 1730 2102 lex
1746 2072 1820 2108 Moysi

1039 2123 1156 2151 crudelis
1169 2123 1215 2155 sit,
1232 2130 1292 2157 quae
1305 2121 1384 2155 jubet
1402 2121 1492 2157 puniri
1508 2121 1673 2151 adulterum,
1692 2120 1733 2147 vel
1753 2117 1820 2145 adul-

1003 2188 1026 2217 D
1041 2175 1148 2202 teram;
1180 2173 1207 2195 et
1228 2168 1404 2203 Evangelium
1425 2167 1527 2195 Christi
1555 2174 1604 2201 per
1632 2164 1820 2199 indulgentiam

1040 2216 1149 2244 resolvit
1168 2215 1309 2242 auditores
1328 2215 1354 2241 in
1375 2214 1494 2241 deterius
1513 2214 1525 2240 τ
1544 2213 1602 2239 Νοη
1631 2213 1669 2239 ita
1692 2217 1743 2238 est.
1764 2209 1822 2236 Pro-

1039 2267 1131 2298 pterea
1153 2262 1224 2288 enim
1245 2267 1397 2288 sermonem
1419 2259 1493 2286 Pauli
1514 2258 1679 2294 protulimus
1704 2258 1730 2283 in
1754 2261 1822 2287 supe-

1040 2309 1159 2336 rioribus
1188 2307 1332 2335 dicentis:
1362 2315 1371 2331 ι
1395 2305 1501 2338 Quanto
1530 2303 1615 2338 magis
1648 2299 1825 2329 deterioribus

1040 2354 1182 2390 suppliciis
1207 2354 1304 2388 dignus
1327 2357 1369 2380 est
1396 2351 1440 2386 qui
1462 2350 1562 2377 Filium
1580 2349 1627 2376 Dei
1649 2347 1823 2375 conculcave-

1039 2399 1115 2427 rit?»
1137 2404 1188 2427 etc.
1208 2399 1278 2426 Audi
1298 2405 1363 2433 ergo
1383 2395 1517 2431 quomodo
1539 2402 1627 2430 neque
1650 2399 1716 2421 tauc
1735 2391 1823 2420 crude-

1040 2449 1073 2476 lis
1100 2448 1183 2475 fuerit
1210 2447 1272 2480 lex,
1294 2454 1383 2481 neque
1412 2452 1484 2472 nunc
1513 2444 1677 2471 dissolutum
1708 2441 1823 2468 videatur

1042 2494 1214 2528 Evangelium
1234 2497 1344 2528 propter
1359 2491 1444 2518 venia:
1463 2489 1627 2525 largitatem,
1645 2488 1694 2515 sed
1716 2487 1741 2514 in
1756 2490 1824 2511 utro-

1042 2548 1095 2576 que
1113 2540 1159 2567 Dei
1176 2538 1331 2574 benignitas
1345 2538 1452 2565 diversa
1466 2535 1674 2571 dispensatione
1689 2535 1821 2560 teneatur:

1063 2620 1086 2636 ³³
1106 2619 1190 2647 Exod.
1210 2627 1258 2648 xx.
1279 2619 1320 2651 l5,
1340 2618 1380 2645 H.
1433 2618 1456 2634 ³³
1472 2618 1557 2645 chit.
1572 2626 1614 2650 xx,
1636 2619 1679 2646 10.
1729 2618 1751 2634 ³⁸
1765 2616 1826 2645 Psal.

1044 2745 1108 2770 rditi
1122 2763 1129 2774 ,
1147 2753 1156 2768 t
1182 2749 1369 2777 qna-cunque,
1394 2741 1479 2766 donec
1503 2739 1637 2778 completa
1663 2739 1758 2766 fuisset
1774 2737 1821 2762 voti

1045 2779 1196 2814 professio,
1223 2779 1292 2804 rscd
1317 2785 1381 2804 mss.
1407 2784 1500 2803 omnes
1527 2780 1554 2801 ut
1581 2783 1606 2801 ιιι
1633 2778 1819 2815 ιιοειῐοιιοιιιι.
