1894 3058
81 85 133 113 535

687 83 719 110 IN
740 81 926 110 LEVITICUM
946 80 1086 109 ll0.\lll.l.\
1109 80 1153 107 Kl.

1662 82 1714 109 53-!

80 144 133 171 hoc
146 142 217 178 quod
232 143 387 170 secundum
404 143 499 178 legent,
517 142 593 170 verbi
609 149 691 170 causa
706 143 812 170 adulter
828 143 869 170 vel
885 145 908 173 Α
923 142 1013 169 dicem
1025 142 1128 177 justum
1145 149 1229 176 parum
1242 141 1401 172 moderatio,
1418 149 1470 168 non
1487 140 1571 168 solum
1587 150 1635 176 pro
1646 149 1713 177 qua-

80 188 204 214 adultera
226 188 357 222 praesenti
377 193 465 215 tnorte
487 189 652 222 puniebatur
665 208 673 220 ,
694 194 804 223 propter
822 189 873 216 hoc

80 235 168 269 ipsum
187 235 260 269 quod
276 234 384 268 peccati
408 234 449 261 sui
476 233 586 268 pertulit
608 241 736 268 paruam,
755 239 782 261 et
799 242 873 261 com—

80 281 158 308 missi
182 281 294 308 sceleris
322 281 437 307 exsolvit
458 280 537 314 digna
561 279 704 315 supplicia.
730 279 800 313 Quid
819 280 873 307 erit

81 331 141 360 [ost
154 326 223 358 hac.
239 327 312 360 quod
325 327 467 354 animabus
478 333 572 353 eorum
589 326 699 353 ultionis
720 326 872 358 immineat,

80 372 101 399 si
126 372 197 399 nihil
218 372 293 399 aliud
310 372 481 407 deliquerunt
501 373 513 399 2
533 373 555 399 si
573 372 644 400 aliud
660 378 798 406 peceatum
819 380 871 398 non

79 423 118 444 est
134 417 208 452 quod
225 418 389 444 condemnet
401 424 464 450 eos,
481 417 527 444 sed
545 417 598 444 hoc
617 417 705 444 solum
725 417 880 454 commise-q

79 467 154 494 runt,
168 468 197 490 et
216 468 280 490 tunc
295 468 398 490 tantum
412 471 474 490 cum
490 464 576 498 puniti
598 469 661 490 sunt
672 484 678 496 ,
694 467 723 490 et
744 463 811 498 legis
824 471 874 498 pro

78 509 130 536 hoc
147 509 313 544 supplicium
331 509 522 544 pertulerunt?
536 509 595 537 Non
609 509 758 536 vindicabit
778 509 870 536 Domi-

77 562 129 582 nus
150 555 194 583 bis
226 556 253 583 in
287 556 427 590 idipsmu,
451 560 612 589 receperunt
637 556 708 583 enim
731 561 871 590 peccatum

78 607 172 634 suum,
185 605 213 628 et
230 606 390 635 consumpta
405 605 448 628 est
462 601 586 628 criminis
602 608 691 636 poena.
710 601 742 627 Et
755 601 814 628 ideo
833 601 872 628 in—

76 647 189 673 venitur
202 647 254 673 hoc
276 654 363 681 genus
376 647 502 681 pracepti
520 654 573 674 non
588 647 712 679 crudele,
730 647 800 673 sicut
818 646 872 673 ha:-

78 690 156 717 retici
182 696 311 718 asserunt
325 697 486 719 accusantes
515 691 600 726 legem
618 692 682 722 Dei,
700 696 727 718 et
742 696 871 727 negantes

77 737 102 763 in
126 743 160 764 ea
177 737 357 765 humanitatis
381 738 482 773 aliquid
509 739 664 766 contineri:
690 739 737 766 sed
762 738 870 773 plenum

77 782 277 815 misericordia,
295 782 398 810 idcirco
418 784 491 818 quod
512 791 560 819 per
584 784 634 811 hoc
656 789 818 819 purgaretur
836 792 869 812 ex

924 191 1011 221 litale,
1026 196 1119 216 verum
1135 189 1216 216 etiam
1235 197 1283 224 pro
1300 189 1463 222 quantitate.

959 236 985 263 3.
1008 235 1081 262 [nter
1094 239 1192 262 extera
1207 243 1271 270 ergo
1286 240 1396 269 peccata
1415 243 1475 269 qua:
1493 241 1579 262 morte
1594 235 1709 269 puniun-

925 287 978 313 tur,
1002 282 1085 310 reiert
1100 283 1190 309 divina
1212 282 1253 309 lex
1267 281 1294 297 "'
1307 282 1378 316 quod
1400 286 1426 307 et
1445 290 1453 306 ι
1470 281 1514 315 qui
1538 280 1712 309 maledixcrit

924 328 994 362 patri
1018 334 1065 355 aut
1083 329 1173 362 matri,
1194 333 1283 355 morte
1302 327 1445 354 moriatur.
1460 337 1468 352 ι
1497 325 1601 353 Nomen
1628 326 1712 360 patris

923 373 1026 407 grande
1050 374 1210 408 mysterium
1236 378 1295 405 est,
1316 377 1343 400 et
1363 380 1459 399 nomen
1484 372 1579 398 matris
1611 379 1710 398 arcana

925 419 1076 446 reverentia
1095 423 1146 446 est.
1162 419 1242 446 Pater
1258 419 1305 446 tibi
1332 419 1480 446 secundum
1496 418 1623 453 spiritum
1641 418 1712 444 Deus

923 470 983 492 est:
1002 471 1090 493 mater
1105 465 1255 493 Jerusalem
1270 465 1388 492 cmlcstis
1404 469 1454 492 est.
1470 464 1637 499 Propheticis
1654 464 1711 491 haec

924 513 951 535 et
975 510 1134 544 apostolicis
1161 510 1323 537 testimoniis
1341 509 1426 537 disce.
1454 509 1501 537 llic
1526 510 1582 545 ipse
1606 509 1711 545 Moyses

923 554 1020 581 scribit
1041 555 1066 581 in
1087 556 1196 582 cantico
1208 556 1250 582 ηε
1272 563 1281 580 ι
1295 555 1389 582 Nonne
1413 555 1457 582 hic
1475 555 1532 589 ipse
1556 560 1631 590 pater
1647 560 1711 583 tuus

923 599 1069 634 aequis-ivit
1092 601 1137 627 te?
1150 610 1158 626 ι
1175 600 1319 635 Apostolus
1339 608 1403 627 vero
1420 601 1486 628 dicit
1505 601 1539 628 de
1560 599 1710 628 Jerusalem

923 645 1025 672 cmlesti
1040 646 1072 678 ",
1088 646 1150 680 quia
1167 655 1176 671 α
1195 646 1280 673 libera
1297 650 1349 679 est,
1364 653 1424 680 qua:
1437 652 1489 677 est,
1510 646 1610 680 inquit,
1625 651 1710 673 mater

923 692 1045 719 omnium
1061 697 1213 720 nostrum.»
1231 691 1324 719 Primo
1337 699 1401 726 ergo
1417 691 1463 719 tibi
1482 696 1557 726 pater
1574 692 1643 719 Dcus
1657 698 1709 724 est,

923 739 968 772 qui
985 739 1077 773 genuit
1098 738 1221 772 spiritum
1238 743 1324 769 tuum,
1344 737 1389 772 qlti
1414 742 1441 764 et
1458 737 1526 764 dicit
1538 737 1579 765 “z
1601 747 1610 763 ε
1626 737 1710 764 Filios

923 785 1004 819 genui
1017 788 1044 811 et
1057 784 1202 811 exaltavi.»
1220 784 1274 811 Sed
1289 788 1315 810 et
1330 783 1430 810 Paulus
1445 783 1584 817 apostolus
1592 783 1658 810 dicit
1668 783 1708 811 “z

76 829 198 862 peccatis
211 828 328 863 populus
340 830 435 863 magis,
449 837 530 864 quam
539 830 780 857 condemnaretur.
792 829 869 858 Nunc
886 820 906 847 Β
926 837 934 854 ι
948 829 1173 862 Obtempcremus
1190 828 1258 863 patri
1273 828 1429 863 spirituum,
1443 833 1470 856 et
1488 829 1619 856 vivemus.
1631 838 1641 856 ι
1660 829 1710 856 Sc—

75 881 140 900 vero
157 882 212 902 non
229 874 344 902 infertur
364 883 443 910 pinna
457 876 582 910 corpori,
596 883 646 904 nec
663 877 788 910 purgatio
805 884 868 911 pec-

74 920 127 946 cati
148 927 198 954 per
210 921 355 954 corporale
372 920 535 955 supplicium
550 927 667 953 constat,
681 923 728 949 scd
746 930 793 957 per
811 931 868 958 pat-

74 965 220 992 nitentiam
233 975 241 999 ;
254 973 335 1000 quam
350 971 439 992 utrum
452 966 511 1001 quis
524 966 604 1001 digne
618 973 705 1002 gerat,
718 968 756 996 ita
768 973 795 995 ut
810 977 867 996 me—

75 1010 127 1037 reri
142 1018 194 1044 pro
210 1018 243 1038 ea
258 1012 363 1038 veniam
375 1011 469 1045 possit,
484 1011 585 1038 videto.
602 1012 677 1039 Multi
695 1017 759 1040 sunt
782 1014 866 1047 enim,

73 1054 119 1088 qui
137 1062 190 1083 nec
213 1057 248 1082 ad
271 1055 321 1082 hoc
339 1056 524 1090 inclinantur,
540 1064 592 1095 nec.
607 1058 774 1092 pmniteutize
793 1060 867 1087 rei'u-

73 1100 146 1134 gium
161 1105 290 1135 qia-erunt
304 1109 312 1134 ;
334 1101 381 1129 sed
397 1109 458 1129 cum
476 1102 646 1135 ceciderint,
667 1111 779 1138 surgere
794 1105 866 1132 ultra

74 1145 187 1177 uolunt,
205 1145 381 1173 delectantur
405 1147 433 1173 in
446 1154 479 1174 eo
494 1147 552 1174 luto
571 1156 625 1183 quo
647 1149 776 1177 haeserint
792 1150 868 1178 volu-

75 1191 137 1217 tari.
155 1190 212 1218 Nos
230 1195 320 1219 tamen
337 1199 391 1219 non
416 1192 605 1221 obliviscimur
627 1195 754 1230 prwcepli
782 1195 864 1229 illius,

73 1243 127 1270 quo
144 1237 249 1264 dicitur
262 1237 285 1254 ³⁸
300 1247 306 1265 :
328 1247 337 1263 ι
353 1238 410 1271 Qua
428 1246 553 1267 mensura
573 1241 660 1268 mensi
683 1241 806 1273 fueritis,
823 1249 867 1268 ea-

72 1282 133 1309 dem
148 1283 310 1311 remetietur
324 1285 410 1312 vobis.
427 1294 437 1312 ι
457 1285 580 1314 Dicimus
590 1287 663 1314 enim
678 1292 705 1313 et
717 1288 751 1314 ad
767 1286 865 1320 Deum,

72 1329 203 1362 Quoniam
215 1329 318 1357 dedisti
335 1339 344 1356 ι
364 1332 444 1359 nobis
459 1339 556 1366 panem
573 1332 766 1368 lacrymarum,
779 1338 805 1361 et
817 1341 866 1368 po-

76 1374 136 1402 tasti
166 1381 218 1403 nos
243 1375 270 1403 in
296 1375 426 1412 lacrymis
451 1379 477 1405 in
506 1378 695 1406 mensura".t
711 1378 780 1406 Sunt
799 1387 865 1415 ergo

74 1419 123 1447 ista
142 1426 278 1455 peccata,
298 1429 359 1457 qua:
377 1422 507 1450 dicuntur
525 1424 559 1450 ad
579 1428 696 1451 mortem
718 1432 725 1450 :
748 1424 819 1452 uttde
837 1429 866 1452 et

73 1473 246 1501 consequens
266 1472 325 1501 est,
344 1472 375 1495 ut
399 1469 506 1503 quoties
529 1469 698 1497 commiserit
724 1471 786 1505 quis
808 1471 861 1499 tale

74 1517 217 1546 peccatum
228 1532 236 1545 ,
259 1514 339 1541 toties
359 1514 504 1542 moriatur.
520 1514 621 1542 Multas
636 1516 708 1542 enim
726 1512 786 1543 esse
799 1525 863 1551 pec-

75 1559 126 1585 cati
148 1564 255 1586 mortes
274 1559 410 1594 signilicat
429 1561 512 1588 etiam
528 1561 667 1595 apostolus
680 1561 791 1594 Paulus,
803 1571 864 1590 cum

74 1605 136 1631 dicit
148 1604 170 1620 ⁸ο
188 1613 205 1631 ιλ
219 1614 230 1630 ‹
250 1605 301 1638 Qui
319 1605 352 1633 de
377 1606 459 1634 tantis
477 1607 610 1635 mortibus
628 1607 730 1642 eripuit
749 1616 816 1641 nos,
837 1614 866 1636 et

73 1650 168 1684 eripit,
188 1650 214 1677 in
236 1658 292 1685 quo
311 1658 452 1686 speramus
472 1653 535 1687 quia
561 1657 588 1680 et
608 1653 697 1680 adhuc
721 1654 828 1689 eripiet.
852 1664 861 1681 ι

74 1695 145 1729 Quas
170 1704 237 1732 ergo
264 1697 308 1724 hic
330 1703 430 1726 mortes
454 1699 547 1733 plures
566 1704 782 1733 eammemorat,
811 1701 862 1728 nisi

75 1749 251 1776 peccatorum
270 1743 282 1770 2
299 1743 327 1771 Si
346 1745 418 1771 enim
438 1745 494 1772 lucc
515 1754 567 1772 non
588 1746 693 1774 diceret
712 1747 745 1774 de
773 1747 865 1774 nzorti-

76 1789 123 1815 bus
141 1794 329 1823 peccatorum,
353 1790 495 1818 videbatur
514 1790 613 1820 Paulus
633 1793 782 1820 secundum
803 1799 864 1819 seu-

77 1836 187 1862 tcntiam
216 1843 294 1862 suam
318 1835 485 1864 immortalis
508 1844 568 1865 esse
589 1846 735 1866 mansurus
756 1839 790 1866 ab
813 1839 865 1866 hac

76 1881 210 1907 communi
226 1886 326 1914 morte,
336 1883 380 1917 qui
395 1883 474 1916 dicit,
487 1883 549 1918 quia
566 1893 575 1909 ι
589 1884 621 1911 de
634 1884 717 1911 tantis
730 1885 863 1912 mortibus

75 1926 172 1961 eripuit
196 1933 249 1954 nos
263 1945 271 1958 ,
292 1931 319 1953 et
343 1927 445 1962 eripit,
467 1929 493 1955 in
516 1936 569 1962 quo
586 1935 728 1963 speramus
750 1930 812 1964 quia
835 1934 864 1957 et

76 1973 161 1999 adhuc
181 1972 291 2006 eripiet.
313 1982 323 1998 ι
343 1973 371 2000 Si
391 1973 463 2001 cnim
483 1974 597 2008 eripuit,
618 1980 645 2002 et
663 1975 772 2010 eripiet,
792 1984 862 2002 nun-

76 2024 151 2052 quam
185 2018 241 2044 erit
274 2019 382 2053 quando
426 2020 559 2046 moriatur
604 2027 684 2056 quem
732 2021 863 2049 Dominus

75 2062 154 2098 249
173 2070 283 2097 semper
307 2064 413 2098 eripiet.
439 2064 472 2091 Et
496 2065 556 2092 ideo
578 2066 728 2093 secundum
752 2075 783 2094 ea
801 2075 861 2102 qua:

76 2108 263 2141 discussimus,
278 2109 423 2137 videndum
441 2114 532 2151 estne
547 2110 618 2138 forte
637 2111 786 2146 aliquando
804 2113 860 2148 (89)

922 874 1011 901 eundo
1027 874 1073 901 tibi
1098 879 1176 909 pater
1192 879 1235 902 est
1252 875 1342 901 carnis
1365 879 1442 908 pater
1458 874 1534 908 cujus
1556 874 1709 902 ministerio

924 919 949 946 in
965 927 1048 948 carne
1065 926 1143 947 natus
1161 927 1200 951 es,
1220 926 1302 955 atque
1317 920 1343 946 in
1360 920 1432 948 hunc
1450 919 1576 949 mundum
1601 921 1708 954 venisti,

921 967 966 1001 qui
984 971 1009 993 te
1031 967 1148 1000 portavit
1165 967 1191 993 in
1213 967 1330 994 lumbis:
1346 968 1415 994 sicut
1434 967 1533 994 dicitur
1545 967 1567 982 ⁵⁸
1580 967 1612 994 de
1630 966 1710 1001 Levi,

922 1014 983 1047 quia
1004 1013 1030 1040 in
1054 1013 1152 1041 lumbis
1175 1018 1235 1040 erat
1260 1013 1350 1040 adhuc
1379 1013 1512 1045 Abrahw,
1533 1013 1640 1048 quando
1661 1021 1709 1040 oc-

922 1059 1006 1085 currit
1020 1059 1043 1086 ei
1067 1059 1280 1091 Melchisedech,
1304 1068 1313 1084 (
1329 1066 1454 1092 regresso
1473 1066 1486 1085 a
1506 1059 1580 1086 czede
1603 1067 1708 1094 regum,

920 1108 947 1130 et
967 1103 1104 1130 benedixit
1122 1111 1185 1131 eum
1197 1103 1253 1136 ",r
1278 1108 1304 1131 ct
1330 1103 1450 1130 decimas
1479 1104 1583 1138 accepit
1608 1104 1640 1130 ab
1664 1113 1706 1132 eo.

921 1147 986 1181 Quia
1002 1149 1083 1183 igitur
1101 1153 1154 1176 tam
1169 1153 1306 1175 sacratum
1327 1156 1425 1175 nomen
1440 1152 1482 1175 est
1499 1149 1595 1182 patris,
1610 1153 1637 1175 et
1654 1153 1706 1175 tam

922 1195 1088 1227 venerabile,
1102 1194 1204 1222 idcirco
1220 1195 1264 1229 qui
1283 1195 1455 1224 maledixerit
1472 1195 1542 1231 patri
1556 1199 1602 1222 aut
1616 1195 1706 1226 matri,

921 1245 1009 1268 morte
1035 1241 1178 1268 morietur.
1204 1241 1309 1269 Similia
1334 1243 1416 1270 etiam
1438 1243 1470 1269 de
1496 1247 1585 1270 matre
1611 1241 1707 1269 esisti-

921 1287 1017 1314 manda
1040 1292 1114 1320 sttnt,
1127 1287 1204 1321 cujus
1221 1287 1323 1320 labore.
1339 1288 1417 1322 cuius
1437 1295 1516 1321 cura,
1531 1289 1608 1323 cujus
1630 1287 1709 1314 iniui-

919 1330 1016 1362 sterio,
1037 1334 1065 1357 et
1083 1335 1173 1361 natus,
1194 1335 1222 1358 et
1237 1332 1357 1359 nutritus
1376 1340 1416 1359 cs.
1433 1331 1465 1359 Et
1484 1332 1544 1359 ideo
1560 1335 1666 1367 oportet
1683 1335 1709 1358 te

918 1377 1068 1405 secundum
1084 1377 1244 1412 Apostolum
1271 1386 1363 1414 parem
1392 1378 1506 1414 gratiam
1538 1377 1640 1405 referre
1660 1386 1709 1413 pa—

919 1423 1051 1450 rentibus.
1067 1423 1096 1451 Si
1115 1423 1189 1451 enim
1204 1424 1416 1451 dehonoraveris
1437 1429 1541 1460 patrem
1555 1423 1706 1456 carnalem,

920 1469 998 1503 hujus
1017 1469 1180 1497 contumelia
1198 1470 1231 1497 ad
1251 1474 1354 1504 patrem
1376 1471 1520 1505 spirituum
1538 1470 1597 1506 (.90).
1615 1470 1706 1504 redit;

917 1520 944 1542 et
957 1515 979 1542 si
999 1515 1125 1549 injuriam
1148 1515 1246 1543 ieceris
1264 1516 1344 1543 matri
1364 1517 1480 1549 carnali,
1499 1516 1531 1543 ad
1553 1516 1626 1543 illam
1643 1524 1701 1543 ma-

919 1565 986 1587 trem
1010 1559 1163 1589 Jerusalem
1179 1561 1318 1588 crelestem
1337 1561 1468 1588 redundat
1491 1561 1600 1596 injuria.
1618 1560 1664 1588 Sic
1679 1566 1707 1588 et

916 1613 1012 1633 servus
1027 1607 1050 1634 si
1065 1607 1175 1634 domino
1194 1608 1349 1636 irreverens
1367 1608 1415 1641 sit,
1440 1616 1487 1643 per
1514 1608 1585 1635 hunc
1608 1616 1706 1643 corpo-

917 1651 1001 1679 ralem
1022 1652 1172 1684 domiuum,
1194 1653 1220 1679 in
1238 1653 1380 1680 Dominum
1397 1653 1547 1688 majestatis
1562 1658 1704 1680 contume-

917 1696 979 1724 liam
995 1697 1090 1732 jactat.
1114 1697 1163 1725 llic
1187 1698 1259 1725 enim
1283 1697 1346 1725 huic
1371 1698 1474 1725 carnali
1500 1698 1609 1725 domino
1628 1705 1706 1725 suum

916 1751 1014 1771 nomen
1040 1744 1178 1779 imposuit.
1205 1744 1238 1772 Et
1260 1745 1322 1772 ideo
1342 1744 1417 1771 nullo
1436 1751 1536 1780 genere
1560 1745 1706 1771 adversum

916 1794 1023 1823 patrem
1047 1796 1094 1817 aut
1109 1796 1236 1823 matrem,
1252 1799 1285 1818 ne
1301 1791 1384 1818 verbo
1408 1791 1528 1824 quidem,
1552 1790 1705 1817 habendum

916 1839 1055 1862 certamen
1072 1840 1124 1869 est,
1141 1840 1187 1862 aut
1204 1836 1336 1863 movenda
1352 1836 1550 1866 contradictio.
1560 1834 1641 1862 Pater
1653 1838 1706 1866 est,

917 1884 1004 1907 mater
1017 1885 1071 1913 cst,
1085 1885 1114 1907 ut
1130 1881 1195 1915 ipsis
1212 1881 1331 1914 videtur,
1349 1885 1444 1916 agant.
1461 1881 1573 1913 faciant,
1589 1881 1703 1910 dicant:

916 1924 966 1959 ipsi
992 1926 1130 1952 noverint.
1153 1926 1400 1960 Quantumcunque
1425 1926 1604 1954 detulerimus
1627 1927 1706 1955 obse-

915 1971 988 2005 quii,
1016 1972 1135 1998 nondum
1161 1972 1300 1999 reddimus
1318 1973 1403 1999 vicem
1422 1973 1526 2007 grati-.9,
1542 1981 1594 2008 qua
1620 1974 1704 2009 geniti

915 2025 1021 2050 sumus,
1035 2025 1086 2053 qua
1103 2017 1216 2052 portati,
1232 2025 1284 2053 qua
1303 2017 1445 2045 hausimus
1467 2018 1567 2053 lucem,
1584 2027 1636 2054 qua
1653 2028 1703 2047 llll-

916 2064 973 2092 triti
998 2071 1109 2095 sumus,
1136 2063 1264 2091 fortassis
1289 2068 1317 2091 et
1332 2064 1448 2097 eruditi,
1470 2070 1496 2091 et
1514 2065 1635 2093 honestis
1660 2074 1704 2093 ar-

915 2109 987 2137 tibus
1006 2109 1135 2136 instituti.
1158 2108 1190 2136 Et
1212 2108 1278 2143 ipsis
1295 2109 1412 2138 fortasse
1437 2110 1594 2138 auctoribus
1619 2119 1704 2146 agno-

75 2154 156 2181 etiam
176 2154 289 2189 gravius
302 2155 339 2182 sit
356 2155 445 2188 nobis,
461 2156 506 2191 qui
524 2164 574 2191 pro
594 2162 708 2192 peccato
722 2158 860 2185 communi
877 2164 899 2192 υ
914 2155 1002 2182 vimus
1019 2156 1113 2187 Deum,
1131 2159 1158 2182 et
1172 2155 1206 2182 ad
1220 2154 1371 2183 Ecclesiam
1389 2155 1435 2183 Dei
1450 2156 1586 2188 venimus,
1602 2161 1629 2184 et
1643 2165 1704 2185 scr-

75 2199 124 2226 hac
147 2205 237 2227 morte
253 2201 365 2229 minime
381 2202 520 2236 punimur,
533 2210 615 2237 quam
637 2203 689 2230 illis
703 2211 771 2238 quos
793 2204 861 2239 legis

74 2246 206 2273 sententia
230 2247 410 2280 corporaliter
440 2247 640 2276 condemnabat
663 2258 670 2276 :
695 2249 757 2284 quia
783 2250 861 2277 nobis

75 2291 139 2318 ultio
156 2292 297 2326 reponitur
312 2292 338 2319 in
361 2292 481 2320 futurum
492 2314 499 2326 ,
515 2294 575 2322 illos
593 2295 771 2323 absolvebaut
785 2303 861 2323 com-

77 2336 147 2363 missi
174 2338 216 2364 sui
246 2339 383 2372 persoluta
409 2339 556 2374 supplicia.
578 2340 655 2373 Quod
673 2346 700 2368 et
720 2341 742 2368 si
760 2341 860 2376 aliquis

79 2387 116 2409 est
133 2383 178 2417 qui
201 2383 271 2410 forte
297 2389 451 2418 praeventus
471 2391 514 2412 est
535 2386 562 2412 in
588 2385 773 2420 hujuscemodi
794 2395 859 2422 pec-

77 2431 151 2460 catis,
167 2430 323 2457 admonitus
337 2439 407 2458 uunc
422 2432 504 2458 verbo
522 2432 581 2464 Dei,
594 2434 627 2459 ad
644 2433 776 2460 auxilium
794 2442 858 2462 con-

77 2473 156 2507 fugiat
178 2474 344 2507 paenitentia:
363 2483 369 2501 :
385 2481 414 2502 ut
435 2477 457 2502 si
483 2476 568 2503 semel
590 2477 717 2509 admisit,
742 2479 860 2506 secundo

78 2523 126 2543 neu
143 2517 235 2550 faciat,
257 2522 304 2544 aut
319 2518 341 2545 si
355 2523 382 2545 et
399 2520 528 2552 secundo,
541 2521 680 2548 autetiam
698 2523 779 2556 tertio
793 2531 860 2558 pra:-

79 2569 168 2590 vcntus
190 2569 246 2596 est,
273 2564 343 2591 ultra
370 2573 422 2593 nou
449 2566 542 2594 addat.
573 2568 620 2595 Est
635 2569 706 2596 enim
726 2570 795 2604 apud
818 2570 862 2604 ju-

109 2634 236 2662 “Matth.
254 2634 338 2665 vu,‘2.
376 2635 399 2652 ³³
412 2635 482 2663 Psal.
500 2645 593 2669 Lxxnt,
613 2639 638 2666 6.

77 2666 115 2695 (ιδ.
168 2669 192 2685 ⁸⁵
211 2669 265 2697 lsa.
280 2677 310 2702 ll,
324 2671 352 2697 2.
396 2671 419 2686 ⁸⁵
437 2671 517 2698 llebr.
539 2666 592 2706 xu,
610 2673 637 2701 9.
683 2674 706 2690 “
725 2666 865 2702 chaxi'v.

109 2748 162 2786 (89)
182 2750 274 2777 Codex
293 2750 448 2786 Sangcrtn.,
467 2762 475 2778 ‹
493 2753 642 2786 aliquanto.
655 2763 665 2780 ι

676 2639 697 2655 ³⁸)
714 2639 733 2666 ll
748 2639 808 2667 Cor.
825 2649 842 2671 ι,
863 2641 903 2668 l0.

914 2206 1021 2227 monem
1038 2200 1138 2227 divinae.
1154 2200 1221 2234 legis
1245 2199 1408 2228 audivimus.
1431 2200 1546 2237 Propter
1561 2202 1618 2229 lucc
1638 2210 1704 2237 ergo

912 2245 1020 2279 omnia,
1047 2246 1201 2282 quicunque
1227 2245 1399 2274 maledixcrit
1423 2248 1512 2282 patri,
1533 2251 1580 2274 aut
1602 2248 1701 2280 matri,

914 2297 1000 2319 morte
1021 2292 1164 2319 morietur.
1178 2292 1254 2325 Quod
1278 2292 1300 2320 si
1323 2292 1379 2319 lucc
1400 2292 1433 2319 de
1449 2292 1639 2327 corporalibus
1656 2299 1703 2327 pa-

913 2338 1033 2365 rentibus
1051 2338 1246 2369 decernuntur,
1266 2337 1331 2372 quid
1348 2337 1387 2364 illi
1412 2337 1524 2369 l'acieut,
1548 2338 1593 2371 qui
1614 2339 1699 2364 Deum

914 2383 1020 2410 Patrem
1037 2383 1179 2411 maledicis
1194 2383 1308 2410 vocibus
1329 2383 1485 2411 lacessunt!
1507 2384 1553 2418 qui
1578 2391 1638 2410 eum
1655 2392 1704 2411 ne-

914 2434 978 2464 gant
1007 2429 1174 2456 conditorent
1197 2436 1258 2456 esse
1276 2429 1367 2456 mttndi
1390 2438 1397 2457 :
1422 2434 1469 2457 aut
1494 2430 1539 2464 qui
1562 2432 1700 2457 ctelcstein

913 2475 1062 2503 Jerusalem
1081 2482 1141 2509 qnte
1155 2479 1197 2502 est
1218 2479 1306 2501 mater
1319 2475 1443 2502 omnium
1467 2480 1606 2506 nostrum,
1631 2475 1702 2501 indi-

914 2523 974 2556 guis
1002 2522 1126 2550 sensibus
1161 2521 1343 2556 iutclligentes
1369 2521 1441 2548 dicta
1470 2521 1645 2555 prophetica,
1668 2520 1700 2546 ad

915 2570 1097 2597 conditionem
1123 2574 1239 2596 terrenze
1257 2569 1371 2604 alicujus
1386 2568 1460 2595 urbis
1476 2567 1632 2594 adducunt?
1652 2565 1702 2593 Bo-

948 2641 969 2656 “
991 2641 1077 2668 Levit.
1091 2649 1138 2671 xx.
1157 2641 1184 2669 9.
1228 2641 1251 2656 ⁸³
1272 2640 1349 2668 Deut.
1372 2647 1458 2670 xxxii.
1480 2638 1505 2666 6.
1545 2638 1566 2655 “
1586 2638 1645 2667 Gal.
1662 2647 1700 2671 iv,

902 2677 924 2692 ⁸⁷
945 2676 1026 2704 llebr.
1040 2684 1095 2709 vn,
1119 2677 1142 2703 ι.

109 2785 160 2817 (90)
181 2785 273 2814 Codex
308 2785 467 2820 Sangam”
492 2797 504 2815 ί
524 2785 679 2822 spirituum.
693 2799 701 2815 ι
731 2789 798 2818 'l‘rcs
826 2790 872 2818 alii
892 2799 969 2823 mss.,
990 2800 998 2816 ι
1015 2789 1195 2825 spiritualcut.
1210 2799 1219 2816 ι
1241 2789 1317 2817 Libb.
1335 2789 1412 2822 editi,
1431 2798 1440 2815 ‹
1454 2789 1576 2823 spiritus.
1592 2798 1599 2812 ι
