1886 3051
194 108 246 136 ωε)

928 98 1087 130 ORlCENIS
1760 101 1805 130 536

194 173 258 192 num
282 172 347 200 ergo
370 168 411 192 est
437 165 595 195 observare,
616 163 759 198 nequando
781 166 828 189 aut
844 160 980 189 carnalem
997 161 1019 189 Α
1033 165 1146 186 uxorem
1165 159 1297 194 virginem
1319 159 1352 186 de
1369 165 1467 194 genere
1486 165 1535 187 suo
1558 158 1682 194 accipiet.
1700 159 1804 187 Viduam

194 216 316 246 patrem,
337 215 383 237 aut
405 210 544 238 caelestem
568 211 656 236 minus
674 209 754 243 digna
773 207 979 235 honoriﬁcentia

193 264 359 284 veneremur
375 255 502 283 similiter
522 259 550 282 et
573 260 703 288 matrem;
729 255 878 282 observare
899 254 980 281 etiam

191 309 275 330 omne
296 303 464 334 mandatum,
479 301 550 336 quod
568 300 646 328 nobis
673 301 844 335 pudicitiam,
867 300 981 327 castita-

194 353 304 382 temque
318 347 502 377 commendat.
519 351 548 373 ut
565 354 655 380 neque
676 346 702 373 in
720 346 845 380 praesenti
866 345 920 372 vita
939 352 981 372 se-

194 394 311 420 cundum
332 392 416 427 legem
433 392 544 419 obn0xii
567 390 654 419 simus
669 392 764 424 morti,
781 398 868 425 neque
888 398 982 418 secun-

194 437 256 465 dum
273 437 420 472 spiritalem
444 438 529 472 legem
552 437 607 472 (9i)
633 437 723 464 futura
747 444 796 464 nos
819 443 898 471 poena
921 443 981 463 ma-

194 487 255 509 neat
273 482 342 518 ignis
359 483 469 514 aeterni;
488 489 522 510 ex
539 489 594 516 quo
611 480 731 516 effugere
751 485 777 508 et
798 480 910 507 evadere
925 487 981 506 om-

193 527 272 554 nibus
291 527 369 554 nobis
385 527 518 554 concedat
539 526 669 553 Dominus
695 529 787 552 noster
805 523 885 551 Jesus
900 523 980 551 Chri~

191 579 262 605 stus,
279 573 323 600 cui
340 578 383 600 est
400 573 485 608 gloria
501 577 528 600 et
544 573 688 607 imperium
708 571 736 598 in
753 570 850 598 saecula
867 570 979 598 saaculo-

193 627 265 645 rum.
281 619 378 646 Amen.

479 662 618 690 HUMILIA
640 661 696 689 ΧΗ.

433 708 469 735 De
484 717 578 742 magno
596 708 742 735 sarerdole.

234 756 259 782 I.
273 755 367 782 Omnis
379 755 424 789 qui
436 755 505 782 inter
518 754 642 781 homines
654 754 781 782 sacerdos
796 758 847 786 est,
857 753 889 781 ad
904 753 978 781 illutn

193 799 362 826 sacerdotem
389 798 469 833 (92),
489 798 522 825 de
542 806 596 833 quo
617 798 686 825 dixit
710 799 780 826 Deus
791 798 813 814 ’⁵⁸
833 807 840 825 :
862 796 926 824 tTu
949 805 978 824 es

194 845 322 872 sacerdos
339 844 366 871 in
389 848 520 871 reternum
546 843 695 871 secundum
721 844 845 871 ordinem
871 843 981 871 Melchi—
997 833 1016 860 Β

195 890 321 922 ιθιιεοιῳ
339 897 438 924 parvus
453 895 490 917 est
510 894 536 916 et
558 890 682 923 exiguus.
695 890 742 917 llle
757 894 799 917 est
815 895 906 917 autem
928 898 981 917 ma-

195 944 265 970 gnus
280 937 418 969 sacerdos,
433 935 479 970 qui
498 940 584 969 potest
600 940 743 971 penetrare
767 935 860 968 caelos,
877 941 904 963 et
918 935 980 963 uni-

196 988 301 1010 versam
313 982 469 1017 supergredi
482 986 644 1014 creaturam,
660 986 686 1009 et
700 981 846 1009 ascendere
858 981 891 1008 ad
908 989 979 1014 eum,

195 1029 242 1063 qui
270 1028 380 1056 (lucem
410 1028 514 1056 habitat
539 1028 753 1055 inaccessibilem
774 1027 828 1061 ",t
855 1027 936 1055 Deum
955 1031 982 1054 et

195 1073 304 1102 Patrem
318 1073 515 1102 universitatis.
528 1073 643 1108 Propter
658 1074 729 1109 quod
743 1078 770 1100 et
782 1073 839 1107 ille,
851 1074 898 1108 qui.
911 1073 980 1108 apud

193 1118 301 1149 Judams
319 1127 433 1155 magnus
460 1119 599 1147 dicebatur
620 1119 759 1151 sacerdos.
775 1119 904 1146 introibat
919 1119 978 1153 qui-

195 1168 257 1195 dem
276 1167 302 1194 in
322 1170 428 1198 sancta,
448 1167 496 1194 sed
520 1174 599 1194 manu
617 1165 699 1198 facta,
714 1165 761 1193 sed
779 1165 912 1200 lapidibus
933 1173 981 1192 ex-

195 1217 318 1240 structa:
337 1219 390 1239 non
406 1212 571 1239 ascendebat
588 1211 615 1237 in
633 1210 744 1243 etclam,
762 1218 811 1237 nec
829 1214 918 1238 astare
935 1218 981 1245 po-

195 1261 267 1285 terat
288 1257 357 1291 apud
375 1257 485 1284 Patrem
503 1257 646 1283 luminutn.
661 1256 714 1283 Sed
730 1257 791 1290 quia
808 1257 904 1283 horum
922 1264 982 1282 um-

195 1304 273 1331 bram
288 1303 419 1337 implebat
434 1306 460 1329 et
479 1301 626 1336 imaginem
639 1321 647 1333 ,
672 1301 775 1329 idcirco
790 1302 871 1329 etiam
893 1301 980 1335 magni

196 1348 347 1376 sacerdotis
374 1354 470 1375 nomen
489 1354 536 1382 per
553 1347 676 1373 umbram
700 1347 810 1381 gerebat
833 1351 860 1374 et
888 1345 983 1381 imagi-

197 1402 269 1423 nem.
287 1394 363 1422 Unde
384 1399 411 1420 et
426 1393 509 1421 Judaei
534 1399 583 1427 per
600 1393 651 1420 hoc
666 1393 737 1427 quod
758 1394 791 1420 ad
816 1393 894 1420 ﬁdem
919 1399 982 1426 pro-

196 1439 262 1468 ximi
285 1447 346 1467 esse
360 1440 524 1471 debuissent,
543 1440 606 1474 quia
626 1440 696 1474 apud
717 1439 789 1474 ipsos
809 1438 981 1466 adumbratio

197 1487 320 1522 quadam
339 1491 367 1514 et
391 1486 481 1521 imago
504 1485 667 1520 produxerat
687 1485 743 1520 (95)
769 1484 902 1517 veritatis,
918 1485 981 1511 dum

197 1537 278 1571 typos
296 1533 439 1560 veritatem
453 1536 560 1567 putant,
581 1531 725 1558 veritatem
749 1531 833 1565 ipsam
855 1535 981 1564 tanquam

198 1578 370 1607 mendacium
396 1582 572 1613 respuerant.
588 1576 642 1603 Nos
662 1581 752 1604 autem
769 1576 814 1610 qui
838 1576 984 1610 recipimus

199 1631 328 1658 magnum
358 1623 546 1655 sacerdotem,
575 1622 729 1657 intelligere
757 1622 888 1649 debemus
913 1628 983 1656 quo-

199 1670 278 1697 modo
290 1676 353 1696 vere
371 1668 429 1703 ipse
447 1668 483 1696 sit
500 1675 614 1702 magnus
631 1668 767 1695 sacerdos.
785 1666 853 1694 Vere
870 1673 985 1702 magnus

198 1714 324 1743 sacerdos
345 1718 388 1742 est
409 1714 455 1749 qui
480 1718 590 1750 peccata
617 1713 746 1747 dimittit,
769 1720 822 1740 non
845 1720 894 1748 per
918 1720 983 1739 san-

199 1761 306 1796 guinem
334 1765 472 1788 taurorum
496 1765 523 1788 et
549 1760 703 1791 hircorum,
729 1759 776 1786 sed
801 1766 849 1793 per
873 1758 985 1794 sangui-

200 1815 260 1834 ucm
283 1806 364 1842 25o
385 1815 474 1834 suttm.
500 1805 567 1839 Quia
594 1813 658 1841 ergo
681 1805 857 1840 cognovimus
880 1803 926 1838 qui
950 1803 986 1830 sit

199 1861 313 1887 magnus
331 1853 471 1886 sacerdos,
493 1857 520 1880 et
546 1853 710 1880 confitemur
733 1858 766 1878 ea
786 1857 846 1885 quae
871 1850 898 1877 in
926 1849 986 1885 lege

199 1899 301 1933 scripta
324 1904 398 1931 sunt,
415 1899 447 1926 de
467 1906 566 1934 magno
584 1897 727 1926 sacerdote
748 1897 850 1932 scripta
875 1903 945 1928 esse,
959 1896 987 1923 id

199 1948 240 1970 est
269 1946 302 1971 de
323 1942 483 1976 Salvatore,
507 1951 590 1978 quem
613 1948 678 1969 vere
705 1948 831 1975 magnum
858 1939 987 1966 sacerdo-

200 1993 253 2015 tem
272 1995 332 2015 esse
354 1987 478 2022 superior
504 1991 639 2015 tractatus
674 1985 793 2013 ostendit
814 1993 821 2011 :
847 1984 988 2010 videamus

200 2041 273 2061 nunc
285 2041 346 2068 qua:
363 2034 428 2068 sint,
446 2041 507 2068 quae
531 2034 565 2060 de
584 2039 617 2060 eo
640 2030 684 2059 lex
711 2030 870 2066 prophetico
891 2030 987 2064 spiritu

202 2079 309 2107 scribit.

236 2126 266 2152 2.
286 2134 296 2152 ι
311 2125 343 2152 Ει
359 2125 499 2157 sacerdos,
522 2124 610 2158 inquit
622 2122 658 2156 ”,
674 2130 787 2158 magnus
806 2129 839 2149 ex
860 2121 988 2148 fratribus

1032 210 1121 233 autem
1136 209 1163 232 et
1176 205 1302 239 ejectam,
1315 209 1342 231 et
1360 204 1498 239 pollutam,
1517 209 1544 232 et
1561 204 1740 237 meretricem,
1761 206 1805 233 has

1032 259 1084 279 non
1102 252 1232 286 accipiet;
1247 250 1295 278 sed
1311 251 1443 286 virginem
1465 258 1497 278 ex
1519 258 1617 286 genere
1634 257 1683 278 suo
1700 251 1806 285 accipiet

1032 305 1155 331 uxorem,
1170 303 1197 326 et
1219 305 1272 326 neu
1298 297 1446 324 maculabit
1466 303 1557 324 semen
1574 303 1653 323 suum
1674 297 1699 323 in
1717 296 1806 330 popqu

1031 351 1097 376 suo;
1115 351 1164 378 ego
1183 343 1311 371 Dominus
1323 343 1368 377 qui
1386 341 1527 370 sanctiﬁco
1542 348 1632 369 eum.»
1648 341 1740 368 Fuerit
1752 342 1806 376 qui-

1031 389 1091 416 dem
1106 389 1188 416 etiam
1204 389 1274 423 apud
1297 388 1404 416 Iudaeos
1421 388 1510 423 imago
1525 387 1608 422 hujus
1623 387 1804 419 observantia,

1032 440 1059 463 et
1083 435 1215 463 custodita
1231 434 1286 462 sint
1304 442 1363 469 quae
1379 434 1421 461 lex
1440 434 1535 461 statuit
1548 441 1562 460 a
1581 432 1751 469 pontiﬁcibus
1766 433 1807 460 .iu-

1032 483 1148 509 datorum
1162 490 1168 507 :
1183 481 1229 508 sed
1244 485 1271 506 et
1287 480 1308 506 si
1322 479 1465 514 diligenter
1477 482 1575 507 cuncta
1588 482 1695 506 serrata
1710 478 1772 510 sint,
1784 482 1808 505 et

1031 525 1053 553 si
1076 525 1165 552 omnia
1181 531 1241 559 quae
1263 523 1305 550 lex
1325 523 1468 558 prtccepit,
1484 521 1592 556 impleta
1610 521 1681 554 sint,
1703 527 1753 547 nec
1771 519 1806 547 sic

1030 573 1139 608 quidem
1162 571 1251 599 omnis
1268 571 1326 598 haec
1343 569 1499 597 observatio
1516 575 1644 603 magnum
1663 566 1750 602 potuit
1770 566 1806 593 fa-

1031 626 1093 647 cere
1124 618 1303 645 sacerdotem.
1330 615 1471 649 Quomodo
1496 614 1597 642 etenim
1624 619 1737 647 magnus
1760 611 1808 639 dici

1030 668 1121 699 potest
1136 663 1274 695 sacerdos,
1298 662 1344 697 qui
1368 668 1482 696 peccare
1505 659 1611 695 potest?
1631 658 1709 691 Quod
1726 662 1808 684 autem

1030 709 1081 737 sub
1095 713 1207 744 peccato
1219 707 1321 734 fuerint
1335 713 1431 734 omnes
1441 706 1524 732 etiam
1541 703 1629 738 magni
1650 702 1808 733 sacerdotes,

1030 759 1058 782 et
1077 762 1109 782 ex
1126 754 1177 782 hoc
1191 753 1249 788 ipso
1266 752 1344 780 facile
1366 751 1544 782 advertimus,
1566 748 1637 784 quod
1654 748 1699 775 lex
1715 747 1804 782 praei-

1031 802 1084 836 pit,
1104 805 1132 828 ut
1147 800 1221 836 prius
1237 806 1286 834 pro
1309 799 1377 830 suis,
1395 802 1455 833 post
1473 797 1554 824 etiam
1570 803 1620 830 pro
1641 794 1733 830 populi
1754 801 1811 828 pec-

1034 847 1101 875 catis
1119 845 1215 874 oﬁ‘erat
1230 845 1346 872 hostiam
1364 843 1504 871 sacerdos.
1525 840 1665 875 Quomodo
1682 846 1746 874 ergo
1760 845 1812 865 ma.

1033 899 1103 927 gnus
1113 897 1155 919 est
1166 891 1216 918 sub
1231 894 1346 925 peccato
1359 887 1482 923 positus?
1498 886 1572 914 Meus
1584 890 1674 912 autem
1689 884 1812 911 sacerdos

1034 944 1147 973 magnus
1159 936 1237 964 Iesus
1251 935 1356 963 idcirco
1371 940 1486 968 magnus
1502 936 1553 965 est,
1571 940 1581 957 ι
1594 931 1657 966 quia
1672 933 1811 965 peccatum

1034 991 1087 1011 non
1111 983 1189 1015 fecit,
1212 989 1261 1009 nec
1283 981 1411 1008 inventus
1430 983 1472 1007 est
1488 978 1568 1006 dolus
1587 977 1613 1004 in
1638 984 1689 1004 ore
1709 974 1813 1010 ejus";

1034 1035 1061 1058 et
1075 1030 1137 1064 quia
1152 1028 1226 1055 venit
1236 1027 1269 1054 ad
1284 1033 1345 1054 eum
1361 1025 1489 1060 princeps
1506 1023 1584 1057 hujus
1599 1022 1706 1054 mundi,
1721 1026 1749 1048 et
1763 1027 1813 1047 non

1035 1075 1138 1103 invenit
1161 1074 1188 1101 in
1207 1080 1239 1100 eo
1255 1072 1402 1107 quidquam
1413 1070 1448 1097 ".
1463 1079 1473 1096 ›
1499 1069 1562 1096 Ideo
1581 1075 1645 1101 ergo
1665 1072 1695 1094 et
1709 1064 1814 1094 Gabriel

1034 1118 1212 1154 arehangelus
1225 1117 1395 1144 nativitatem
1411 1115 1470 1150 ejus
1489 1114 1642 1145 annuntiat,
1656 1118 1685 1140 et
1700 1112 1762 1139 dicit
1773 1111 1812 1139 ":

1037 1176 1046 1192 ι
1061 1165 1111 1193 Hic
1132 1164 1186 1191 erit
1202 1169 1328 1198 magnus,
1349 1165 1378 1189 et
1395 1161 1466 1188 ﬁlius
1483 1159 1616 1186 Altissimi
1637 1158 1789 1185 vocabitur.
1802 1165 1812 1183 I

1033 1211 1178 1239 Peccatum
1191 1208 1328 1236 hominem
1342 1213 1453 1241 parvum
1467 1205 1532 1231 facit
1542 1209 1570 1231 et
1580 1204 1723 1238 exiguum,
1735 1202 1814 1230 virtus

1034 1258 1197 1285 eminentem
1219 1257 1329 1291 praestat
1342 1257 1370 1281 et
1385 1259 1525 1286 magnum.
1541 1251 1617 1278 Sicut
1641 1250 1716 1277 enim
1739 1249 1813 1284 aegri-

1035 1304 1099 1331 tudo
1120 1302 1244 1338 corporis
1265 1301 1338 1328 exile
1354 1304 1383 1327 et
1407 1298 1535 1333 exiguum
1559 1296 1624 1323 facit
1645 1302 1747 1329 corpus
1769 1295 1814 1322 ho-

1035 1349 1127 1381 minis,
1147 1348 1249 1375 sanitas
1264 1353 1330 1374 vero
1354 1345 1445 1372 laetum
1465 1343 1552 1370 reddit
1569 1347 1596 1369 et
1614 1341 1736 1368 Valitlum
1753 1350 1760 1367 :
1782 1340 1814 1366 ita

1035 1396 1154 1430 intellige
1167 1395 1229 1430 quia
1250 1398 1277 1421 et
1292 1393 1409 1420 animam
1427 1390 1559 1426 aegritudo
1581 1388 1693 1423 quidem
1715 1386 1811 1422 peccati

1035 1441 1165 1470 lmmilcm
1188 1440 1254 1467 facit
1271 1443 1300 1466 et
1316 1444 1445 1472 parvam,
1467 1436 1569 1463 sanitas
1592 1440 1658 1460 vero
1684 1431 1816 1459 interioris

1036 1487 1153 1516 hominis
1165 1491 1190 1514 et
1213 1484 1323 1512 virtutis
1342 1490 1437 1518 opera,
1453 1488 1577 1516 magnam
1593 1479 1698 1506 faciunt
1721 1485 1778 1505 eam
1792 1481 1815 1503 et

1035 1534 1212 1564 eminentem,
1229 1536 1257 1558 et
1271 1534 1400 1565 qttautnm
1417 1529 1444 1556 in
1461 1528 1605 1555 virtutibus
1619 1525 1734 1558 crescit,
1748 1527 1816 1551 tanto

1034 1579 1210 1614 prolixiorem
1234 1576 1323 1604 reddit
1339 1574 1550 1610 magnitudinem
1575 1572 1627 1599 sui.
1649 1571 1699 1598 Sic
1713 1576 1763 1604 ego
1780 1569 1816 1614 in-

1036 1613 1125 1659 telligo
1143 1623 1207 1650 illud
1233 1621 1304 1656 quod
1333 1620 1366 1647 de
1390 1619 1454 1647 Jcsu
1482 1619 1612 1653 scriptum
1637 1621 1684 1644 est
1695 1615 1735 1649 ",
1758 1613 1816 1650 quia

1038 1681 1047 1697 ι
1064 1669 1223 1706 proficiebat
1246 1667 1395 1702 sapientia,
1420 1670 1447 1693 et
1471 1669 1562 1698 aetate,
1584 1667 1611 1690 et
1637 1662 1726 1697 gratia
1751 1659 1816 1694 apud

1037 1704 1120 1746 Deum
1145 1719 1172 1744 et
1189 1714 1322 1743 homines.
1337 1722 1346 1738 ι
1374 1712 1438 1738 Nam
1463 1711 1526 1745 quis
1544 1713 1586 1736 est
1606 1708 1749 1735 hominum
1772 1704 1814 1739 qni

1037 1769 1090 1788 non
1107 1759 1231 1795 proﬁciat
1245 1762 1324 1785 aetate
1342 1757 1367 1783 in
1388 1754 1517 1790 pueritia.
1531 1758 1561 1780 ut
1579 1753 1630 1780 hoc
1649 1752 1726 1779 velut
1746 1756 1817 1783 egre-

1036 1793 1113 1841 gium
1122 1804 1249 1839 quiddam
1265 1803 1297 1829 de
1310 1800 1373 1828 Jesu
1387 1797 1570 1828 suriberetur?
1583 1797 1623 1824 Ad
1639 1801 1668 1823 te
1682 1797 1740 1822 inec
1752 1793 1817 1823 dico,

1037 1839 1082 1886 qui
1098 1847 1278 1884 corporaliter
1300 1847 1378 1873 audls
1393 1845 1464 1880 quod
1479 1843 1557 1870 Jesus
1574 1846 1655 1869 aetate
1670 1839 1817 1875 proﬁceret.

1037 1895 1158 1930 lntellige
1168 1900 1232 1929 ergo
1243 1893 1305 1926 quia
1316 1895 1397 1919 aetate
1406 1890 1501 1917 anima:
1513 1887 1683 1923 proficiebat,
1693 1890 1721 1913 et
1730 1890 1818 1918 magna

1039 1942 1119 1969 llebat
1133 1940 1222 1967 anima
1238 1938 1295 1972 ejus
1311 1940 1420 1971 propter
1443 1941 1539 1969 magna
1553 1937 1579 1960 ct
1599 1931 1723 1966 ingentia
1744 1935 1820 1963 opera

1038 1995 1098 2022 quae
1113 1985 1238 2013 faciebat.
1252 1983 1372 2018 Denique
1381 1981 1470 2009 sciens
1481 1984 1508 2007 et
1522 1977 1667 2013 Apostolus
1682 1978 1752 2004 hanc
1766 1979 1821 2001 mta-

1040 2020 1092 2061 tem
1107 2033 1140 2060 de
1159 2030 1280 2059 interiori
1302 2028 1412 2056 homine
1425 2025 1605 2056 sentiendam,
1620 2023 1657 2050 ita
1675 2022 1770 2050 scribit
1780 2020 1819 2045 "z

1041 2090 1050 2106 ι
1066 2080 1156 2106 Donec
1170 2083 1265 2104 omnes
1277 2080 1456 2102 occurramus
1470 2072 1496 2098 in
1514 2071 1601 2098 virum
1617 2069 1781 2104 perfectum,
1797 2066 1820 2092 in

1041 2131 1196 2153 mensuram
1223 2122 1312 2150 :etatis
1330 2118 1505 2155 plenitudinis
1527 2116 1640 2145 Christi.
1654 2125 1664 2142 ι
1690 2114 1758 2142 Nam
1783 2119 1822 2139 se-

202 2173 270 2204 suis,
284 2172 327 2199 cui
342 2171 460 2199 infusum
483 2175 524 2198 est
540 2177 621 2204 super
643 2174 723 2203 caput
739 2169 796 2204 ejus
809 2169 900 2196 oleum
914 2168 988 2195 ehri—
1004 2175 1026 2203 ι)
1040 2169 1157 2196 cundum
1171 2173 1270 2200 corpus
1295 2171 1420 2192 crescere
1432 2167 1458 2189 et
1481 2168 1609 2196 magnum
1625 2159 1702 2192 ﬁeri,
1721 2166 1771 2185 non
1785 2159 1822 2183 est

203 2219 310 2251 smatis,
328 2222 355 2245 et
380 2217 513 2253 perfectas
538 2217 619 2244 habet
638 2223 733 2243 manus
753 2223 827 2248 suas,
845 2219 874 2241 ιιι
895 2214 988 2241 induat

203 2270 296 2292 sancta
313 2265 474 2291 vestimenta
490 2263 524 2290 de
544 2262 632 2296 capite
652 2261 764 2288 cidarim
786 2269 840 2287 non
861 2261 987 2295 deponet,

203 2311 362 2337 vestimenta
385 2317 432 2336 sua
457 2316 509 2336 non
533 2309 696 2342 disrumpet,
710 2311 738 2334 et
752 2306 785 2332 ad
803 2313 910 2333 omnem
927 2305 987 2331 aui-

203 2365 274 2384 ntan:
308 2359 441 2382 mortuam
475 2363 526 2381 non
551 2354 663 2381 intrabit
685 2362 691 2380 :
717 2353 743 2380 in
764 2358 841 2387 patre
865 2359 925 2383 suo,
947 2351 988 2378 vel

202 2408 290 2430 matre
312 2410 360 2430 sua
378 2409 430 2428 non
452 2400 702 2429 cantaminabitur:
720 2404 748 2427 et
768 2399 799 2425 de
815 2397 917 2424 sanctis
935 2405 987 2424 non

202 2450 305 2481 cxihit,
326 2454 354 2476 et
372 2456 425 2475 non
443 2447 633 2484 coinquinahit
651 2454 748 2473 nomen
771 2445 840 2480 quod
863 2449 904 2471 est
927 2451 989 2470 san-

203 2495 351 2523 ctiﬁcatum
376 2493 423 2522 Dei
448 2496 487 2521 sui
507 2501 589 2528 super
611 2501 652 2525 se,
673 2494 735 2526 quia
757 2496 882 2518 Sanctum
900 2488 988 2517 oleum

203 2542 359 2569 chrismatis
381 2541 427 2569 Dei
448 2541 488 2568 sui
513 2541 538 2568 in
564 2540 620 2575 ipso
636 2544 695 2566 c.~t:
711 2545 760 2573 ego
775 2536 917 2564 Deminus.
941 2535 990 2562 ilic

257 2622 280 2638 ⁸³
298 2621 370 2649 Psal.
389 2629 434 2653 cx,
460 2622 485 2647 4.
535 2621 558 2637 ⁸⁹
578 2620 586 2646 1
603 2620 673 2646 Tim.
690 2627 715 2645 vI
728 2641 734 2646 .
755 2618 795 2645 I6.

205 2656 230 2672 "
248 2655 315 2683 Luc.
340 2665 359 2688 ι,
379 2652 431 2684 3:2.
461 2656 484 2672 "
498 2656 564 2684 Luc.
581 2663 610 2686 ll,
627 2654 670 2682 52.
708 2653 731 2669 ⁸⁵
746 2653 843 2688 Ephcs.
862 2660 898 2684 tv,
915 2652 956 2679 15,

242 2736 297 2770 (an
317 2735 422 2771 Legem.
438 2736 558 2771 Dccstrin
576 2735 640 2762 libh.
655 2734 746 2771 editis,
761 2733 808 2760 sed
823 2731 961 2766 suppletur
974 2738 989 2758 e

209 2772 302 2799 codice
320 2769 505 2804 tnanuscripto
518 2769 757 2804 Szlngcrtnanensi.

242 2806 297 2840 (9‘2)
319 2806 396 2833 Libb.
410 2801 488 2832 attica
503 2801 605 2833 edilirt
622 2804 749 2832 sacerdos
762 2807 813 2835 cst,
827 2802 848 2829 si
863 2801 988 2829 attendas

840 2617 863 2633 '°
883 2617 970 2644 chit.
990 2623 1053 2645 xxi.
1072 2615 1104 2642 10
1120 2619 1146 2641 et
1172 2621 1249 2648 seqq.

1001 2651 1024 2667 "
1044 2651 1108 2677 Luc.
1125 2657 1178 2676 xvu
1191 2669 1198 2681 ,
1219 2649 1246 2674 ‘2.

1043 2216 1069 2242 in
1087 2213 1176 2241 nobis.
1197 2212 1302 2246 Corpus
1320 2209 1392 2237 enim
1411 2216 1444 2235 ex
1466 2207 1576 2243 genitali
1591 2206 1700 2240 origine
1719 2202 1823 2239 quanti-

1043 2260 1105 2288 tatis
1124 2257 1264 2286 materiam
1279 2255 1373 2288 sumit,
1386 2259 1415 2281 nt
1433 2254 1474 2281 vel
1491 2259 1617 2288 magnum
1637 2251 1682 2278 vel
1699 2251 1820 2284 exiguum

1041 2307 1099 2334 fiat.
1112 2304 1208 2332 Anima
1228 2309 1292 2330 vero
1307 2302 1333 2328 in
1351 2301 1428 2328 nobis
1443 2299 1525 2327 habet
1539 2304 1652 2328 causas,
1672 2301 1702 2323 et
1722 2292 1822 2322 arbitrii

1041 2352 1210 2381 libertatem,
1232 2352 1264 2375 ut
1286 2347 1329 2374 vel
1346 2353 1444 2381 magna
1468 2345 1509 2372 vel
1538 2350 1619 2379 parva
1641 2343 1692 2370 sit.
1717 2341 1744 2368 Si
1763 2346 1822 2374 ergo

1041 2397 1140 2432 pusilla
1154 2401 1181 2422 et
1199 2401 1282 2430 parva
1299 2393 1334 2420 sit
1352 2393 1452 2424 anima,
1476 2391 1558 2418 etiam
1580 2388 1761 2417 scaudalizari
1780 2394 1823 2420 po-

1046 2449 1110 2472 test.
1134 2442 1180 2470 Sic
1204 2442 1275 2469 enim
1297 2440 1426 2474 scripttnn
1443 2442 1486 2465 est
1509 2438 1534 2463 in
1553 2436 1702 2470 Evangelia
1714 2435 1749 2467 “,
1765 2434 1822 2467 quiia

1044 2499 1054 2515 ι
1071 2488 1182 2524 expedit
1205 2485 1366 2522 prmcipitari
1384 2485 1410 2511 in
1437 2482 1598 2516 profundum
1626 2482 1724 2513 maris,
1747 2486 1822 2513 quam

1043 2535 1230 2563 scandalizare
1246 2540 1327 2560 unum
1350 2532 1383 2558 de
1409 2530 1516 2566 pusillis
1534 2529 1603 2556 istis.
1615 2537 1625 2553 ν
1647 2528 1700 2560 Qui
1716 2531 1824 2560 magth

1309 2611 1331 2627 "‘
1354 2611 1403 2638 Isa.
1426 2617 1482 2641 LIII,
1496 2608 1523 2636 9.
1568 2608 1591 2624 "
1610 2606 1690 2634 Joan.
1710 2613 1766 2637 xxv,
1781 2603 1821 2631 30.

1045 2730 1077 2756 ad
1094 2729 1179 2758 illum.
1193 2738 1202 2753 ι
1223 2727 1268 2754 sed
1289 2727 1316 2753 in
1334 2724 1460 2752 omnibus
1479 2730 1542 2750 mss.
1566 2723 1658 2753 deest,
1677 2729 1689 2747 ι
1705 2721 1728 2748 si
1743 2724 1824 2748 atten-

1045 2765 1101 2792 das.
1116 2773 1125 2788 ι
1144 2764 1215 2796 quod
1232 2763 1326 2788 abesse
1340 2764 1438 2794 potest.

1080 2800 1136 2833 (95)
1154 2792 1246 2825 Codex
1263 2792 1418 2832 Sangerm.,
1436 2803 1444 2819 ι
1461 2792 1626 2828 prasluserat.
1640 2799 1652 2817 ι
