1894 3058
53 105 95 136 557
650 102 682 130 iN
703 101 835 131 LEVlTlC

908 99 1051 128 HOMILIA
1066 99 1113 127 Sil

1622 100 1674 129 538

52 170 85 193 est
107 170 159 191 non
183 162 403 195 scandalizatur,
430 163 477 190 sed
503 162 548 197 qui
575 161 691 197 pusillus
715 167 767 188 cst.
788 160 838 193 Qui
853 162 876 190 Α
891 164 1050 192 summatas,
1069 159 1197 193 inquit“,
1217 158 1298 186 habet
1316 164 1445 187 manus.»
1459 157 1585 190 Cuinam,
1598 165 1674 193 qua:-

53 217 152 245 magnus
163 213 216 242 est,
231 210 416 244 quodcunque
427 208 535 242 viderit,
545 208 725 242 quodcunque
739 214 836 241 passus

54 255 133 289 fuerit,
148 262 202 282 non
221 254 346 282 declinat
371 263 386 282 a
403 254 465 282 fide.
481 253 531 288 Qui
548 259 638 281 autem
664 253 778 288 pusillus
795 256 837 279 est

52 301 131 327 animo
146 304 175 327 et
191 307 312 334 parvus.
325 301 482 328 occasiones
495 299 593 334 qnmrit
607 299 744 334 quomodo
758 305 837 325 scan-

54 345 186 376 dalizetur,
202 345 347 378 quomodo
370 345 396 372 in
422 344 474 372 fide
492 344 616 372 videatur
641 343 752 371 offendi.
770 342 837 369 Pro-

53 396 131 425 pterea
147 390 272 425 denique
296 394 403 425 oportet
425 397 475 418 nos
496 389 612 416 maxime
627 388 668 416 his
684 387 834 418 consulere.

52 437 88 471 qui
109 436 181 471 parvi
201 441 269 463 sunt
297 436 324 463 in
343 436 395 463 ﬁde
416 445 423 463 :
446 443 495 463 nec
523 440 625 462 tantatn
648 442 743 462 curam
762 435 836 462 circa

53 488 151 515 magnos
170 488 200 508 et
218 480 322 512 fortes,
345 485 475 515 quamam
491 487 554 515 erga
573 481 702 515 parvulos
717 483 744 507 et
769 479 837 507 insi-

52 526 145 559 pientes
166 525 303 552 debemus
333 525 501 559 impendere.
526 525 617 553 Fortis
644 526 716 553 enim
745 525 836 552 omnia

54 571 154 604 tolerat,
170 570 269 598 omnia
286 570 395 602 suffert,
415 577 442 599 et
469 579 605 606 nunquam
621 571 703 598 cadit.
728 570 836 597 Parvuli

53 623 116 648 vero,
131 621 156 643 et
174 616 283 644 infirmi
305 617 332 643 in
355 615 408 644 fide
424 615 624 644 observandum
641 622 682 644 est
701 624 734 643 ne
756 623 837 644 occa-

53 662 118 689 sione
145 662 233 689 nostri
262 661 448 695 oli'endantur,
471 667 498 690 et
524 663 652 690 recedant
675 670 690 689 a
715 663 780 695 tide,
803 669 834 690 ac

52 707 164 734 decidant
177 715 192 735 a
207 707 310 736 salute.
326 709 379 737 Aut
394 710 507 737 ostende
531 709 597 736 mihi
616 710 650 736 de
670 708 831 745 Scripturis,

55 755 91 781 ubi
106 755 201 790 aliquis
220 761 361 790 peccator,
377 761 423 783 aut
445 755 520 791 parvi
539 757 639 789 meriti,
662 764 775 791 magnus
790 765 837 792 ap-

54 799 157 834 pellatus
180 801 228 828 sit.
255 800 409 835 Nusquam,
432 807 461 828 ttt
483 801 592 836 opinor,
615 801 748 831 invenies.
767 803 836 830 Audi

54 853 108 873 vero
123 846 166 881 qui
181 851 258 879 sunt,
278 847 323 882 qui
340 846 428 882 magni
447 847 630 882 appellantur.
644 845 684 874 De
706 845 779 874 Isaac
795 847 836 874 di-
851 836 873 864 Β

54 892 123 924 citur,
142 892 206 927 quia
230 893 391 927 proficiebat
407 892 494 925 valde,
519 900 660 928 ttsquequo
684 891 771 921 factus
794 898 837 921 est

55 944 155 972 magnus
172 938 253 966 valde
263 938 299 965 "'.
311 938 415 974 Moyses
432 947 545 974 magnus
555 939 642 967 dictus
657 944 709 972 est,
723 939 838 967 etJoan-

55 990 95 1010 nes
113 982 230 1018 Baptista
250 992 367 1019 magnus
383 985 470 1011 dictus
483 991 533 1016 est.
552 992 623 1012 nunc
646 979 735 1013 autem
757 985 837 1014 Iesus

57 1035 157 1064 magnus
173 1029 265 1057 dictus
281 1034 335 1061 est,
354 1033 381 1056 et
396 1035 456 1064 post
474 1029 545 1058 hunc
565 1031 621 1065 jam
638 1029 728 1058 nullus
745 1031 837 1067 appel-

57 1073 115 1101 latus
134 1080 173 1102 est
198 1083 329 1110 magnus.
355 1075 436 1103 Prius
458 1076 531 1103 enim
558 1084 640 1111 qttam
666 1077 773 1105 adesset
790 1077 836 1112 qui

57 1125 110 1146 vere
126 1127 240 1155 magnus
268 1125 329 1152 est,
355 1120 388 1147 ad
413 1121 645 1155 comparationem
671 1119 836 1157 reliquorunt

58 1163 181 1190 hominum
198 1165 292 1200 magni
313 1164 439 1200 appellati
458 1169 521 1192 sunt
538 1166 636 1198 sancti,
658 1174 772 1201 qnoruttt
790 1174 837 1194 su—

59 1207 136 1241 peritis
160 1208 280 1236 fecimus
301 1209 476 1238 mentionem.
492 1209 543 1237 Ubi
560 1218 623 1238 vero
638 1211 748 1238 advenit
769 1211 835 1246 ipse.

59 1253 95 1287 qui
113 1262 161 1281 non
173 1263 207 1282 ex
221 1255 428 1290 comparatione
447 1260 619 1290 caeterorum,
641 1256 689 1283 sed
712 1257 752 1283 sui
777 1265 835 1283 nta-

59 1300 184 1334 guiludine
205 1309 274 1329 vere
301 1310 416 1338 magnus
438 1307 515 1335 erat,
538 1303 570 1330 de
588 1308 641 1337 quo
658 1303 740 1329 etiam
766 1303 836 1330 scri-

59 1350 120 1378 plum
135 1347 216 1380 est",
228 1346 295 1382 quia
310 1355 320 1372 α
334 1348 481 1375 exsultavit
494 1352 523 1375 ut
537 1348 611 1382 gigas
624 1347 656 1374 ad
673 1348 835 1374 curreudam

59 1389 154 1423 viam,»
174 1391 246 1418 ultra
271 1392 329 1426 jam
357 1392 445 1419 nullus
471 1399 584 1427 magnus
607 1392 755 1426 appellatus
781 1397 834 1420 est.

61 1434 100 1462 llic
112 1441 149 1463 est
163 1444 229 1473 ergo
250 1437 287 1465 de
302 1445 357 1472 quo
378 1437 529 1465 scribitur:
549 1447 558 1464 ι
574 1437 686 1473 Magnus
707 1439 836 1466 sacerdos

61 1488 87 1507 ex
107 1481 231 1511 fratribus
261 1484 330 1511 suis.
346 1493 355 1510 ι
381 1484 485 1516 Quibus
508 1482 656 1511 fratribus!
679 1484 716 1512 De
738 1484 836 1519 quibus

62 1525 117 1554 dixit
141 1535 199 1555 cum
225 1528 426 1556 resurrexisset
449 1536 463 1555 a
483 1529 633 1556 mortuis"
652 1537 659 1556 :
682 1538 691 1555 ι
707 1529 780 1556 Vade
801 1530 834 1556 ad

62 1572 145 1601 fratres
173 1583 267 1608 meos,
293 1579 321 1602 et
347 1575 391 1602 die
421 1575 460 1602 eis
481 1584 488 1602 :
512 1575 637 1602 Ascendo
664 1576 697 1603 ad
726 1576 834 1604 Patrem

62 1625 147 1653 meum,
166 1626 193 1648 et
208 1621 241 1647 ad
259 1621 368 1649 Patrem
387 1625 518 1652 vestrum,
540 1621 574 1648 ad
591 1620 676 1649 Deum
694 1628 795 1654 meum,
809 1627 836 1649 et

62 1663 130 1690 [leum
152 1670 284 1693 vestrum.
295 1676 305 1692 ι
329 1666 357 1693 Si
378 1672 468 1693 autem
484 1667 524 1693 vis
543 1674 577 1693 ex
593 1667 714 1700 antiquis
731 1668 836 1695 litteris

62 1709 150 1737 discere
170 1712 270 1740 fratres
286 1710 359 1744 Jesu,
376 1712 434 1746 lege
451 1712 610 1739 vicesimum
626 1713 742 1747 primum
762 1714 836 1748 psal—

62 1762 132 1788 mum,
144 1757 185 1784 ubi
200 1763 234 1784 ex
255 1763 371 1792 persona
390 1757 492 1784 Christi
508 1757 612 1784 dicitttr
623 1758 647 1774 '°
661 1764 668 1784 :
687 1767 696 1784 ι
712 1758 836 1787 Narrabo

63 1808 143 1828 nomen
168 1807 243 1830 tuum
273 1802 403 1831 fratribus
431 1803 516 1836 meis,
541 1802 567 1830 in
595 1803 682 1830 medio
707 1803 836 1833 Ecclesia:

62 1844 159 1874 laudabo
180 1853 238 1876 te.»
260 1849 303 1876 Ex
328 1848 458 1877 fratribus
482 1856 547 1881 ergo
566 1850 632 1876 ‘suis
659 1857 772 1884 magnus
794 1855 836 1878 est

63 1889 136 1926 lesus,
149 1901 179 1921 ex
194 1894 236 1922 his
253 1895 301 1929 qui
320 1895 396 1928 prius
417 1895 507 1930 magni
526 1895 635 1922 fuerant
657 1896 795 1931 appellati,
809 1901 836 1924 et

63 1936 119 1965 sicut
132 1945 266 1973 pastorum
284 1946 376 1975 pastor
390 1946 449 1975 est,
471 1946 499 1968 et
520 1941 678 1976 pontificum
701 1941 836 1977 pontifex,

64 1987 85 2010 et
105 1985 296 2014 dominantium
321 1988 467 2020 Dominus,
489 1992 516 2014 et
542 1995 635 2022 regum
661 1995 724 2020 rex;
751 1988 787 2015 ita
806 1993 835 2016 et

64 2036 202 2064 magnorum
218 2041 337 2068 magnus
350 2038 407 2066 est;
425 2038 453 2061 et
470 2033 531 2061 ideo
546 2033 632 2066 addit,
650 2042 659 2059 ι
675 2041 789 2068 magnus
802 2041 836 2062 ex

65 2074 174 2105 fratribus
188 2079 257 2107 suis.
269 2088 279 2104 ι

93 2123 161 2158 251
184 2126 211 2153 5.
230 2126 297 2153 Post
312 2125 369 2153 haec
384 2133 460 2158 vero,
476 2125 549 2156 «cui,
569 2125 657 2159 inquit
668 2125 701 2157 δ’,
716 2125 835 2153 infusum

887 213 927 238 so,
943 206 1083 232 hominum
1101 206 1152 233 hoc
1168 204 1296 232 convenit
1317 203 1389 231 dicit
1400 204 1434 231 'In
1451 211 1505 239 quo
1519 205 1674 231 mortalium

889 251 1027 286 perfectas
1039 251 1162 279 invenire
1178 258 1324 285 possumus
1339 250 1572 277 mattus?Etiamsi
1584 250 1674 278 Aaron

888 299 938 325 iste
964 298 1000 325 sit
1024 297 1101 332 cujus
1119 297 1219 324 mentio
1237 296 1295 323 ﬁeri
1319 297 1436 329 videtur,
1450 297 1587 331 quomodo
1608 303 1676 324 eon-

889 348 1039 371 stnnmatas
1058 343 1198 378 potabitur
1220 342 1347 370 habuisse
1363 348 1468 375 manus,
1484 343 1582 377 quibus
1605 343 1675 369 vitu-

888 390 941 417 luttt
965 389 1121 422 fabricavit,
1148 389 1247 424 quibus
1275 389 1376 425 idolum
1401 389 1533 424 sculpsit?
1561 389 1673 416 Etiamsi

889 436 977 470 ipsum
1002 435 1113 471 Moysen
1141 433 1285 470 proferas,
1307 427 1442 470 quomodo
1470 440 1673 462 consuntnzatas

890 481 1020 510 habuisse
1035 481 1142 509 videtur
1155 485 1261 514 manus,
1275 482 1320 516 qui
1335 488 1386 508 non
1399 480 1559 516 glorificavit
1581 480 1672 507 Domi-

889 535 954 555 nttm
975 527 1007 554 ad
1029 534 1126 561 aquam
1149 526 1393 554 contradictionis?
1413 526 1465 553 Pro
1493 534 1547 561 qtto
1573 525 1674 554 delicto

889 572 972 599 etiam
985 572 1040 598 vita
1052 571 1312 605 jubeturexcoderc.
1327 569 1434 604 Quodsi
1447 574 1474 597 et
1483 570 1564 596 aliunt
1579 577 1674 604 quent-

888 625 969 653 quam
987 621 1144 644 sanctorum
1163 623 1313 644 memorare
1324 616 1401 648 velis.
1417 616 1536 643 occurrit
1551 615 1597 642 tibi
1614 623 1673 642 ser-

889 671 933 690 mo
960 662 1118 697 Scripturae,
1142 663 1188 697 qui
1219 662 1287 689 dicit
1297 662 1332 695 ",
1349 663 1413 697 quia
1437 671 1445 687 ι
1459 670 1511 688 non
1529 666 1571 688 est
1593 662 1674 688 homo

888 716 970 743 super
986 713 1086 735 terram
1109 708 1155 742 qui
1178 708 1261 735 faciat
1289 709 1400 740 bonum,
1414 713 1441 735 et
1459 715 1511 735 non
1542 712 1643 742 peccet.
1661 715 1672 732 ι

888 754 984 782 Merito
1006 761 1071 789 ergo
1098 753 1172 780 solus
1198 752 1278 781 Jesus
1295 759 1498 781 consummatus
1514 753 1596 780 habet
1615 759 1674 780 ma—

890 808 953 832 rtus,
976 801 1021 835 qui
1038 800 1112 827 solus
1132 803 1271 834 peccatttm
1300 807 1351 826 tton
1377 799 1454 831 fecit,
1481 799 1532 826 hoc
1557 805 1609 832 est,
1628 798 1674 833 qui

888 845 1007 880 perfecta
1024 851 1052 873 et
1080 847 1183 880 integra
1200 852 1283 879 opera
1300 852 1426 871 manuum
1445 845 1538 872 habet.
1551 844 1584 872 Et
1611 844 1673 872 ideo

888 891 922 918 de
942 891 1000 925 ipso
1025 895 1099 918 recte
1120 891 1241 918 dicitur:
1261 898 1271 915 ε
1287 889 1337 923 Qui
1367 894 1569 917 consummatae
1592 889 1675 916 habet

889 944 1000 970 manus,
1011 939 1042 963 ut
1057 936 1185 963 induatur
1200 940 1303 963 sancta.
1322 945 1330 962 ι
1344 935 1394 963 Hic
1405 935 1479 963 enim
1488 940 1539 967 est,
1555 935 1675 969 quivere

889 983 999 1010 indutus
1015 987 1058 1010 est
1070 986 1175 1014 sancta.
1193 989 1247 1010 non
1266 982 1309 1009 illa
1326 989 1386 1016 quae
1403 982 1430 1009 in
1450 987 1512 1018 typo
1526 986 1614 1013 erant,
1627 982 1675 1009 sed

888 1029 945 1063 ipsa
963 1036 1023 1062 qua:
1046 1035 1111 1056 vere
1131 1031 1224 1056 sancta
1251 1031 1322 1055 sunt.
1337 1027 1412 1061 Quod
1435 1028 1456 1055 si
1479 1028 1520 1054 vis
1533 1027 1627 1067 audire
1642 1027 1676 1054 de

888 1075 1084 1102 excelsioribus
1106 1074 1273 1101 indumentis
1298 1074 1368 1108 ejus,
1390 1073 1485 1108 accipe
1508 1073 1591 1101 verba
1608 1080 1672 1108 pro-

887 1120 994 1154 phetica
1009 1128 1017 1147 :
1037 1129 1046 1146 ‹
1059 1119 1199 1152 Amictus,
1224 1119 1350 1153 inquit“,
1368 1119 1469 1146 lumine
1492 1119 1563 1146 sicut
1593 1119 1674 1146 vesti-

888 1170 994 1197 mento,
1016 1166 1131 1201 abyssus
1154 1167 1226 1193 sicut
1255 1165 1370 1192 amictus
1397 1164 1453 1200 (95)
1480 1165 1672 1192 vestimentum

887 1211 978 1246 ejus.t
999 1211 1048 1238 Hic
1067 1215 1109 1238 est
1135 1211 1188 1238 mei
1207 1209 1297 1246 magni
1323 1211 1458 1246 pontificis
1481 1211 1602 1244 habitus,
1619 1219 1673 1245 quo

888 1257 1025 1285 indicatur
1038 1256 1171 1291 profunda
1186 1256 1311 1289 scientia,
1325 1260 1352 1283 et
1364 1255 1502 1291 sapientia;
1517 1255 1577 1283 luce
1592 1256 1675 1282 vesti-

888 1308 943 1337 tus,
967 1311 1029 1338 qua:
1049 1309 1113 1330 vere
1129 1307 1225 1330 sancta
1247 1307 1310 1330 sunt
1333 1302 1501 1329 indumenta.
1518 1311 1528 1326 ι
1544 1301 1614 1334 Non,
1631 1302 1674 1328 in-

887 1349 990 1384 quit",
1018 1348 1123 1376 auferet
1149 1348 1183 1376 de
1217 1348 1307 1382 capite
1333 1355 1382 1375 suo
1408 1347 1555 1374 cidarim.»
1572 1346 1631 1374 .Iant
1646 1351 1675 1374 et

888 1396 963 1431 prius
978 1395 1097 1422 diximus
1110 1394 1225 1422 cidarim
1240 1401 1324 1429 genus
1339 1400 1398 1420 esse
1412 1393 1586 1427 operimenti,
1601 1393 1674 1428 quod

887 1441 968 1475 capiti
982 1440 1185 1475 superpositunt
1204 1438 1324 1473 pontifici
1347 1443 1460 1473 praestat
1473 1444 1611 1466 ornatum.
1627 1438 1677 1466 Hie

888 1493 952 1526 ergo
970 1493 1085 1520 magnus
1100 1485 1218 1520 pontifex
1229 1492 1305 1512 meus
1325 1492 1462 1519 nunquam
1480 1484 1591 1518 deponit
1604 1485 1676 1512 sacri

888 1532 984 1566 capitis
998 1535 1135 1558 ornatum.
1153 1531 1229 1564 Quod
1250 1531 1286 1557 sit
1308 1534 1399 1557 autem
1418 1529 1623 1564 caputChristi,
1641 1529 1676 1558 ab

886 1577 1017 1612 Apostolo
1033 1577 1107 1603 disce
1123 1577 1168 1610 qui
1189 1577 1259 1603 dicit
1270 1576 1294 1596 ‘7
1309 1585 1316 1603 :
1332 1585 1341 1602 ε
1358 1575 1446 1610 Caput
1470 1581 1558 1602 autent
1575 1576 1675 1604 Christi

888 1623 989 1650 Deus.)
1009 1621 1105 1649 Merito
1119 1623 1203 1657 igitur
1229 1623 1311 1649 istum
1334 1623 1432 1656 capitis
1460 1622 1514 1653 sui,
1530 1622 1575 1656 qui
1606 1622 1676 1649 Dcus

885 1674 941 1701 est,
958 1676 1097 1703 nunquam
1116 1669 1223 1703 deponit
1251 1673 1391 1700 ornatum,
1417 1668 1480 1702 quia
1502 1675 1612 1703 semper
1633 1673 1676 1695 est

885 1714 966 1743 Pater
982 1717 1008 1742 in
1030 1715 1107 1748 Filio,
1129 1716 1201 1741 sicut
1223 1714 1307 1741 Filius
1328 1721 1437 1748 sentper
1464 1714 1489 1741 in
1514 1713 1603 1741 Patre.
1621 1723 1630 1739 ι
1644 1713 1676 1739 ΕΙ.

886 1762 1051 1789 vestimenta
1079 1769 1128 1787 sua
1160 1768 1214 1787 nott
1236 1760 1390 1794 disrumpet
1401 1759 1451 1786 ⁸⁸.»
1470 1759 1539 1786 Vcrc.
1563 1759 1607 1786 hic
1634 1763 1676 1786 est

886 1808 933 1842 qui
955 1808 1115 1834 vestimenta
1141 1813 1188 1834 sua
1205 1813 1258 1833 non
1275 1806 1431 1840 disrumpit,
1443 1805 1489 1833 sed
1514 1813 1622 1840 semper
1643 1813 1674 1832 ca

887 1853 997 1883 munda.
1013 1859 1121 1887 semper
1139 1853 1255 1887 integra,
1270 1858 1378 1885 semper
1388 1856 1463 1878 casta
1477 1851 1605 1877 servavit.
1619 1859 1628 1875 ‹
1644 1851 1677 1878 Et

887 1900 920 1926 ad
940 1905 1046 1927 omnem
1074 1898 1193 1925 animant
1227 1897 1383 1925 defunctam
1412 1904 1465 1923 non
1494 1897 1674 1924 intrabit“.t

887 1945 953 1978 Qua:
968 1950 1009 1972 est
1020 1945 1111 1972 anima
1128 1944 1275 1972 defuncta?
1289 1944 1377 1975 Quam
1392 1946 1528 1970 mortuam
1544 1943 1676 1977 proplteta

891 1991 956 2019 dicit
966 1991 1010 2018 7°:
1027 1999 1036 2016 ‹
1048 1991 1144 2017 Anima
1160 1997 1222 2024 quae
1241 1995 1345 2024 peccat,
1359 1990 1418 2024 ipsa
1436 1989 1581 2017 morietur.
1599 1998 1608 2014 ι
1624 1988 1677 2016 Su-

887 2043 935 2072 per
946 2037 1015 2064 hanc
1031 2044 1095 2072 ergo
1110 2037 1228 2063 animam
1252 2042 1387 2064 mortuam
1403 2036 1529 2063 Christus
1555 2043 1608 2062 non
1630 2042 1678 2062 su-

886 2084 1021 2119 pervenit,
1033 2083 1096 2118 quia
1116 2083 1251 2117 sapientia
1265 2087 1318 2114 est,
1331 2087 1359 2110 et
1372 2082 1504 2117 sapientia
1521 2089 1575 2109 non
1592 2081 1678 2109 intrat

888 2130 915 2156 in
932 2128 1051 2155 animam
1067 2127 1237 2154 malevolam.
1251 2127 1309 2162 Ipsa
1330 2131 1372 2154 est
1386 2127 1460 2154 enim
1481 2131 1598 2159 mortua.
1613 2127 1677 2161 quia

65 2173 97 2195 est
109 2170 188 2197 oleum
204 2172 361 2199 chrismatis
373 2179 455 2206 super
466 2171 627 2205 caputeius.
642 2180 652 2198 ι
663 2170 734 2198 Istud
746 2171 834 2199 oleutn
852 2172 874 2200 D
889 2174 932 2202 cui
957 2174 1027 2200 inest
1044 2173 1157 2205 malitia,
1187 2173 1260 2200 inest
1283 2177 1309 2200 et
1343 2177 1494 2207 peceatum.
1509 2182 1518 2198 ι
1532 2172 1676 2200 Peccatum

65 2215 106 2241 noli
120 2218 253 2252 requirere
271 2218 296 2244 in
316 2219 408 2250 terris,
422 2219 494 2252 quod
513 2225 595 2252 super
615 2223 696 2253 caput
715 2218 836 2244 infundi-

68 2264 101 2287 tur
111 2263 190 2298 magni
204 2264 367 2297 sacerdotis,
388 2269 418 2290 ut
433 2264 480 2290 fiat
500 2263 620 2290 Christus
634 2273 641 2290 :
655 2265 702 2292 sed
720 2265 742 2290 si
761 2265 836 2292 vide-

67 2309 109 2339 tur,
123 2308 190 2337 disce
205 2318 219 2336 a
235 2310 367 2345 propheta
387 2310 471 2337 David
485 2310 557 2337 istud
574 2309 665 2337 oleum
681 2311 758 2346 quale
776 2311 828 2337 sit:

70 2351 200 2387 tDilexisti.
217 2355 351 2390 inquit",
368 2355 513 2389 justitiam,
535 2361 562 2383 et
591 2356 674 2383 odisti
705 2356 836 2391 iniquita-

69 2402 119 2431 tem,
133 2407 269 2436 prupterca
285 2401 365 2429 unxit
384 2407 408 2428 te
426 2402 507 2435 Deus,
525 2402 596 2429 Deus
612 2407 674 2429 tuus
691 2403 750 2429 oleo
767 2403 830 2430 lmti-

73 2444 106 2471 tiae
124 2453 174 2480 pra:
199 2447 380 2483 participibus
397 2448 453 2483 (94)
475 2449 538 2475 tuis.
553 2457 562 2474 t
594 2449 668 2476 Istud
697 2453 740 2475 est
769 2456 836 2484 ergo

69 2489 141 2518 oictlm
156 2493 263 2526 laetitiae,
277 2494 349 2528 quod
367 2495 448 2528 capiti
465 2494 524 2528 ejus
545 2493 664 2522 infusum
689 2493 752 2521 fecit
774 2503 835 2522 cum

73 2534 254 2567 christtnn.5ed
264 2539 339 2566 addit
350 2539 439 2566 adhuc
452 2541 483 2566 ad
498 2540 590 2567 laudes
600 2539 657 2573 cjus
671 2549 677 2567 :
690 2540 755 2573 «Qui
772 2549 838 2568 cott-

320 2600 343 2615 ⁵⁸
364 2599 433 2627 [’sal.
448 2608 503 2631 XIX,
517 2600 544 2628 6,
582 2601 604 2616 ⁸⁸
624 2600 702 2627 Joan.
719 2609 766 2634 xx,
781 2603 822 2629 Π.

71 2627 299 2668 Letit.xxt,10.
337 2635 360 2650 “
375 2635 402 2661 Ε(
413 2636 462 2662 cie.
478 2627 525 2664 νίι.
539 2635 585 2662 “li.

71 2667 107 2689 tu.
129 2669 233 2700 xxt,10.
271 2669 293 2685 "
311 2669 374 2697 ibid.
393 2670 433 2697 ll.
483 2671 506 2686 "°
523 2671 621 2698 Ezech.
637 2679 715 2704 xvm,
731 2671 757 2699 l.

105 2595 122 2610 "
140 2596 202 2625 Gen.
217 2607 281 2627 xxv.

72 2735 144 2796 Misi.)
159 2738 228 2773 Mss.,
241 2750 249 2766 ι
263 2740 454 2776 participibus.
468 2750 477 2766 ι
491 2740 569 2768 Libb.
584 2741 662 2775 editi,
679 2751 688 2767 ‹
700 2744 834 2770 consorti-

102 2806 148 2842 (95)
165 2809 236 2843 3155..
252 2821 261 2837 α
277 2811 348 2839 sicut
375 2811 500 2838 amictus.
518 2821 526 2837 t
543 2811 621 2838 Libb.
644 2812 720 2843 editi,
739 2822 747 2838 ‹
763 2813 832 2840 sicut

863 2604 964 2631 “Psal.
978 2612 1037 2634 xxt.
1052 2603 1096 2630 9.5.
1136 2603 1255 2630 "Levit.
1273 2610 1328 2630 xxt.
1348 2601 1391 2628 10.

642 2635 664 2651 ⁸⁸
680 2636 749 2663 Psal.
776 2644 827 2666 CIV.
847 2640 901 2666 ﬁet
913 2639 940 2667 ϐ.

808 2673 829 2688 τ’
846 2673 903 2702 Jac.
926 2683 945 2707 ι.
964 2674 1005 2703 i5.

887 2224 978 2246 autem
1002 2227 1062 2246 cum
1085 2225 1315 2250 consummatum,
1338 2218 1466 2252 inquit”,
1487 2218 1579 2250 fuerit,
1599 2226 1678 2251 gente-

888 2271 930 2294 rat
942 2270 1067 2293 mortem.
1082 2274 1091 2290 ι
1116 2264 1147 2290 Et
1163 2269 1275 2299 propter
1302 2265 1352 2291 hoc
1376 2263 1459 2290 Jcsus
1475 2271 1528 2290 nott
1546 2264 1628 2290 itttral
1642 2264 1675 2290 ad

888 2314 1006 2341 animam
1032 2315 1177 2338 tnortuant.
1196 2310 1224 2338 Si
1239 2314 1327 2337 autem
1344 2311 1416 2337 vivat
1440 2310 1539 2340 anima,
1558 2310 1608 2336 hoc
1633 2314 1676 2336 est

887 2360 909 2388 si
928 2367 980 2386 non
1001 2359 1084 2386 habet
1099 2358 1125 2384 itt
1147 2365 1176 2384 se
1198 2357 1313 2384 mortale
1329 2360 1483 2391 peccatum,
1508 2361 1572 2382 tunc
1598 2355 1678 2382 Citri-

887 2410 956 2437 stus,
971 2405 1017 2438 qui
1032 2408 1075 2431 est
1091 2404 1156 2436 vita,
1174 2403 1287 2430 venitad
1305 2403 1424 2429 animant
1444 2404 1593 2429 viventem.
1608 2401 1676 2433 Quia

891 2451 962 2478 sicut
980 2451 1023 2477 lux
1040 2457 1092 2478 tton
1110 2453 1198 2483 potest
1223 2456 1283 2477 esse
1308 2457 1368 2477 cum
1398 2449 1528 2480 tenebris,
1547 2455 1596 2473 nec
1614 2454 1675 2473 cum

890 2497 1033 2531 iniquitate
1060 2496 1177 2531 justitia,
1207 2495 1244 2523 ita
1274 2503 1323 2523 ttcc
1349 2496 1404 2522 vita
1425 2498 1515 2529 potest
1538 2500 1601 2520 esse
1615 2501 1676 2519 cttm

891 2548 988 2571 morte.
1011 2542 1043 2568 Et
1065 2542 1125 2569 ideo
1149 2542 1170 2568 si
1191 2541 1252 2575 quis
1272 2541 1322 2567 sibi
1344 2540 1471 2567 conscius
1484 2538 1610 2572 estquod
1628 2537 1676 2564 ha-

1442 2600 1464 2616 “
1473 2599 1544 2627 Psal.
1561 2607 1632 2631 κων,
1648 2600 1676 2628 8.

996 2639 1019 2655 ⁵⁸
1034 2637 1121 2666 Levit.
1138 2646 1196 2671 xxt,
1212 2638 1254 2664 l0.
1310 2637 1331 2652 ⁸⁷
1345 2636 1352 2663 l
1367 2636 1430 2664 Cor.
1445 2644 1482 2668 xt,
1497 2635 1525 2662 5.
1583 2635 1607 2651 ⁸⁸
1623 2636 1676 2663 Le-

887 2745 995 2775 nallinm
1014 2746 1155 2773 amictum.
1170 2754 1179 2770 ι
1194 2744 1277 2771 Paulo
1296 2749 1356 2779 post
1379 2751 1456 2776 mss.,
1475 2753 1484 2768 σ
1498 2751 1550 2779 qtto
1574 2743 1673 2771 indica—

888 2787 940 2808 tur.
953 2791 962 2807 ι
981 2780 1058 2807 Libb.
1074 2781 1152 2812 editi,
1168 2789 1177 2806 ι
1191 2781 1326 2814 quomodo
1339 2779 1483 2808 indicatur.
1498 2789 1507 2805 ι
