1894 3058
204 96 256 125 559

931 91 1089 119 OIIIGENIS

1775 87 1826 114 διο

200 159 263 187 beat
275 158 347 185 intra
368 164 398 184 se
416 155 530 183 ntorlale
546 154 602 191 (96)
623 158 775 189 peccatum,
787 161 874 188 neque
888 154 912 180 id
928 161 941 180 a
956 161 985 180 se
999 157 1022 184 Α
1037 153 1106 184 Ιυιιι,
1125 153 1146 179 si
1165 153 1222 179 [HBG
1234 152 1268 179 ad
1289 151 1443 186 pontiﬁcem
1465 154 1587 177 nostrum
1606 152 1633 176 et
1651 146 1825 175 Salvatorem

201 211 250 239 per
266 203 455 237 penitentiam
472 201 634 235 plenissima
657 199 852 226 satisfactiouis
879 199 987 232 abjecit,

202 255 255 274 non
272 252 362 281 speret
386 247 457 281 qttod
475 246 558 272 intret
577 244 703 272 Christus
718 244 752 271 ad
772 244 890 270 animam
916 244 986 278 ejus,

201 293 247 327 qui
268 292 300 318 ad
315 299 421 318 onutem
436 291 553 317 animam
568 290 723 316 defunctam
743 298 797 316 tton
814 290 907 321 intrat,
924 290 988 324 quia

202 345 316 372 magnus
335 336 464 363 sacerdos
480 340 532 362 est.

237 383 262 410 4.
288 393 296 408 ι
309 383 336 409 In
352 386 428 415 patre
441 389 491 409 suo
513 386 540 408 et
568 386 656 408 matre
681 388 728 408 sua
748 388 800 407 non
818 381 989 409 contamina-

199 429 313 455 bilur".
329 437 339 454 ›
357 427 405 454 Hic
422 427 571 460 Scriptura:
599 427 675 454 locus
704 425 877 454 difﬁcillimus
893 431 934 453 est
956 426 988 453 ad

197 474 410 509 explanaudutn,
426 473 472 499 sed
494 473 516 499 si
530 472 703 499 orationibus
718 473 818 499 vestris
835 472 918 498 Deum
936 471 988 498 Pa-

200 524 268 546 trem
287 517 368 546 Verbi
393 518 590 553 deprecemini,
604 523 634 544 ιιι
650 526 698 546 nos
715 518 870 545 illuminare
893 517 988 552 digne-

200 570 255 595 tur,
273 564 332 598 ipso
352 564 470 591 donante
485 563 585 598 poterit
607 564 759 598 explanari.
781 563 876 590 Omnis
891 563 936 598 qui
948 563 988 589 in-

199 609 321 643 greditur
352 609 424 635 httnc
441 610 582 640 ntundttm,
599 609 625 636 in
650 609 765 643 quadam
785 607 989 635 contaminatio—

200 663 233 681 tte
247 655 316 682 eﬂlci
331 656 442 682 dicitur.
455 655 571 689 Propter
579 655 650 689 quod
667 659 695 682 et
709 654 850 688 Scriptura
865 654 932 681 dicit
943 653 966 669 ⁷³
979 661 986 679 :

202 709 211 725 ‹
224 700 306 727 Nemo
324 700 438 727 mundus
455 708 469 726 a
487 700 578 732 sorde,
597 707 646 727 nec
675 701 696 727 si
724 700 803 727 uuius
826 700 878 726 diei
904 699 988 726 fuerit

199 745 255 771 vita
268 745 336 779 ejus.
353 754 363 771 ι
378 745 434 772 Hoc
450 745 508 779 ipso
526 753 591 780 ergo
610 745 681 779 qttod
699 744 724 771 in
739 745 819 772 vulva
833 745 929 771 matris
945 749 988 772 est

199 793 314 827 positus,
327 795 355 818 et
371 791 442 825 quod
463 791 605 817 materiam
623 791 747 825 corporis
768 791 802 817 ab
820 790 925 825 origine
939 798 987 824 pa-

199 837 270 864 tcrui
291 837 403 864 seminis
420 837 513 870 sumit,
531 837 557 863 in
572 842 649 871 patre
660 842 687 863 et
700 837 726 864 itt
749 841 837 864 matre
854 837 987 864 contami-

202 883 342 910 natusdici
358 887 456 916 potest.
469 882 522 909 Aut
536 881 638 914 nescis,
655 882 718 916 quia
737 889 796 908 cum
808 882 986 917 quadraginta

201 929 305 954 dierum
328 927 418 955 factus
436 927 519 954 fuerit
547 934 613 961 puer
641 927 788 959 masculus,
816 926 929 954 olI‘ertur
954 927 986 952 ad

200 975 297 1006 altare,
315 980 344 1001 ut
361 974 396 1001 ibi
412 973 581 1007 puriﬂcetur,
595 978 723 1008 tanquam
737 974 782 1008 qui
796 973 911 1008 pollutus
928 973 986 1000 I'ue-

200 1020 236 1046 rit
252 1020 278 1046 in
295 1020 352 1058 ipsa
366 1019 558 1053 conceptione,
591 1019 634 1046 vel
656 1019 763 1054 paterni
790 1018 918 1049 seminis.
943 1018 985 1044 vel

199 1065 268 1091 uteri
286 1065 418 1092 materni?
432 1064 527 1092 Omnis
540 1072 606 1098 ergo
617 1065 698 1092 homo
710 1065 736 1092 in
751 1069 829 1100 patre
839 1068 867 1091 et
882 1064 907 1091 in
929 1072 986 1090 nta-

200 1115 240 1136 tre
257 1110 375 1144 pollutus
393 1115 444 1144 est,
461 1111 537 1138 solus
549 1119 614 1138 vero
627 1110 705 1139 Jesus
723 1111 851 1138 Domintts
870 1117 946 1137 meus
960 1110 986 1136 in

199 1158 269 1184 ltattc
295 1156 496 1191 generationem
513 1156 568 1192 (97)
583 1158 699 1184 mttndus
725 1157 864 1192 ingressus
890 1160 942 1188 est,
959 1156 986 1183 in

200 1205 288 1228 matre
303 1209 355 1228 non
374 1206 416 1228 est
437 1201 566 1236 pollutus.
583 1201 726 1235 Ingressus
742 1206 784 1228 est
797 1202 870 1228 enim
887 1209 987 1236 corpus

198 1247 455 1274 iucontaminatum.
473 1247 533 1281 Ipse
550 1248 621 1274 enim
641 1251 711 1280 erat,
727 1247 772 1282 qui
785 1253 811 1275 et
825 1248 925 1276 dudutn
940 1256 988 1282 per

199 1292 373 1319 Salomonem
393 1293 500 1320 dixerat
510 1293 534 1309 ⁷³
550 1301 556 1319 :
575 1302 584 1319 ι
600 1293 684 1328 Magis
707 1298 799 1320 autem
816 1301 877 1320 cum
898 1301 988 1322 essem

199 1338 295 1369 bonus,
317 1337 378 1364 veni
403 1339 437 1364 ad
464 1345 564 1372 corptts
585 1338 851 1372 incoinquinatum.»
869 1338 926 1366 Non
945 1345 987 1367 est

199 1390 264 1416 ergo
285 1383 488 1410 contaminatus
510 1384 536 1410 in
555 1388 652 1415 matre,
669 1384 716 1411 sed
739 1391 773 1410 ne
789 1385 814 1411 in
832 1390 909 1420 patre
928 1386 989 1420 qui-

201 1427 272 1455 dem.
289 1428 359 1455 Nihil
395 1430 467 1456 enim
482 1429 580 1464 JoScph
600 1430 625 1456 in
649 1431 825 1464 generatione
846 1432 905 1465 ejus
919 1440 988 1466 prm-

200 1480 243 1502 tcr
265 1475 453 1502 ministerium
472 1475 598 1510 pra-stitit
614 1480 640 1502 et
655 1476 791 1504 allectum.
808 1476 885 1504 Unde
899 1483 926 1505 et
939 1487 988 1513 pro

199 1522 271 1548 tldeli
285 1522 448 1553 ministerio,
459 1522 544 1556 patris
555 1523 578 1549 ei
595 1523 759 1550 vocabulum
773 1522 913 1558 Scriptura
925 1531 988 1551 con-

199 1568 294 1595 cessit.
317 1568 364 1596 Sic
378 1568 449 1595 enim
467 1568 551 1595 Maria
572 1569 628 1603 ipsa
645 1569 712 1595 dicit
732 1569 758 1595 in
783 1569 929 1604 Evangelia
942 1571 984 1596 7“:

201 1623 211 1640 ‹
238 1615 306 1642 Ecce
318 1622 370 1649 ego
388 1619 413 1641 et
423 1619 498 1648 pater
513 1619 572 1641 tuus
587 1615 707 1642 dolentes
717 1615 904 1649 qumrebamus
920 1621 956 1643 te.
974 1625 984 1642 ι

200 1661 246 1687 Sic
277 1668 341 1695 ergo
354 1661 428 1687 solus
444 1665 485 1687 est
503 1660 545 1687 hic
560 1661 688 1688 sacerdos
702 1668 825 1695 magnus,
840 1662 886 1695 qui
899 1669 986 1696 neque

200 1705 226 1732 in
249 1709 326 1739 patre
351 1705 470 1739 pollutus
491 1706 538 1737 sit,
556 1712 643 1740 neque
671 1706 697 1732 in
726 1708 822 1733 matcm
841 1707 986 1734 Videamus

199 1754 290 1777 autent
306 1750 328 1777 si
343 1751 434 1778 adhuc
451 1759 593 1786 possumus
609 1751 711 1785 aliquid
728 1751 880 1785 sublimius,
897 1757 924 1780 et
938 1760 986 1786 pro

201 1799 334 1834 dignitate
357 1799 423 1826 tanti
448 1799 585 1834 poutillcis
610 1799 742 1826 invenire.
767 1800 847 1826 Pater
861 1800 984 1827 omnium

198 1852 282 1872 verus
290 1846 388 1872 dicitur
400 1846 480 1873 Deus.
496 1845 609 1874 Matrem
629 1849 731 1880 autem,
747 1847 892 1880 Apostolus
907 1846 986 1874 Jeru-

197 1891 282 1919 salem
296 1891 364 1919 dieit
377 1899 436 1920 esse
452 1893 592 1920 caelestem
604 1893 637 1919 7°.
653 1891 755 1920 Omnes
770 1900 836 1928 ergo
859 1894 903 1928 qui
922 1901 985 1928 pec-

197 1939 507 1970 eant,contamiuantur
530 1939 556 1966 in
582 1944 660 1974 patre
683 1947 698 1966 a
718 1947 772 1974 quo
796 1939 881 1966 creati
910 1944 983 1967 sunt.

199 1983 264 2010 Sive
285 1984 358 2010 enim
383 1985 487 2019 egimus
510 1984 611 2019 aliquid
636 1985 761 2020 impium,
775 1985 832 2012 sive
844 1984 925 2012 locuti
941 1992 984 2011 su-

199 2036 268 2059 mus,
288 2030 347 2056 sive
357 2030 538 2063 cogitavimus
557 2035 652 2057 contra
671 2029 766 2061 Deum,
780 2037 843 2056 cum
859 2037 910 2055 non
928 2035 985 2055 cre-

198 2074 317 2101 didimus
338 2075 392 2101 Deo
419 2074 597 2100 contaminati
616 2082 711 2101 sumus
737 2074 764 2101 in
789 2077 878 2108 patre.
895 2073 985 2108 Atque

198 2121 301 2147 utinam
319 2126 381 2147 tunc
404 2120 490 2147 solum
513 2128 559 2154 per
578 2120 792 2147 incredulitatem
811 2119 913 2147 factum
937 2121 982 2153 sit,

1003 824 1024 851 Β

1042 207 1094 225 non
1115 197 1282 230 referantur,
1295 197 1432 231 quomodo
1452 195 1598 222 secundum
1617 195 1736 222 litteram
1761 202 1827 228 pro-

1041 244 1161 276 babitur,
1172 243 1243 277 quod
1259 244 1291 269 de
1304 243 1406 270 sanctis
1422 250 1474 269 non
1499 246 1579 269 exeat
1595 248 1712 276 magnus
1737 247 1828 267 sacer-

1041 292 1101 322 dos,
1119 291 1164 323 qui
1178 290 1271 324 utique
1285 294 1312 316 et
1324 296 1435 316 uxorem
1447 287 1608 321 accipiebat,
1622 287 1693 314 sicut
1706 287 1826 314 inferius

1040 334 1150 365 dicitur,
1167 333 1301 368 virginem
1316 333 1348 359 de
1363 339 1462 366 genere
1478 332 1544 359 suo?
1561 331 1588 358 Si
1606 332 1638 359 de
1654 332 1760 359 sanctis
1773 339 1826 358 non

1039 380 1106 410 exit,
1122 379 1144 405 si
1161 386 1294 413 nusquam
1316 377 1450 412 procedit,
1467 377 1604 412 quomodo
1631 382 1678 404 aut
1705 377 1739 403 ad
1759 385 1828 411 quos

1041 433 1105 452 ustis
1121 425 1244 460 accipere
1255 425 1367 459 jubclur
1381 424 1513 451 uxorem?
1529 424 1621 458 Neque
1635 424 1706 450 enim
1725 428 1826 458 putan-

1039 470 1105 497 dum
1121 474 1163 496 est
1186 469 1258 503 quod
1275 475 1335 495 ctttn
1350 474 1435 494 uxore
1451 467 1521 494 intra
1540 472 1635 493 sancta
1652 474 1768 493 manere
1781 474 1827 501 po-

1041 514 1134 541 tuerit.
1151 513 1202 540 Sed
1216 513 1274 540 htec
1288 516 1384 547 putent
1406 511 1456 545 illi,
1470 512 1566 546 quibus
1579 512 1687 546 placent
1703 511 1828 539 Iudaica:

1040 558 1148 585 fabulae.
1164 557 1217 585 Nos
1232 562 1324 585 autem
1351 557 1484 584 habemus
1509 557 1680 584 sacerdotem
1699 564 1828 591 magnum

1038 603 1185 630 secundum
1211 603 1335 630 ordinem
1352 600 1551 629 Melchisedech
1566 601 1708 630 Christum
1721 601 1827 633 Iesum,

1039 657 1177 684 nunquam
1204 649 1237 676 de
1261 649 1367 676 sanctis
1393 652 1561 680 exeuntem;
1583 656 1692 683 semper
1709 649 1785 676 enim
1803 649 1828 675 in

1038 694 1144 722 sanctis
1159 692 1213 727 eSI,
1226 699 1254 722 et
1270 700 1362 721 manet
1375 701 1482 730 semper
1493 698 1603 721 sanctus
1619 694 1644 720 in
1659 693 1752 722 verbis
1760 694 1829 726 suis,

1039 744 1149 766 sanctus
1164 739 1190 766 in
1208 739 1315 767 actibus
1331 740 1400 773 suis,
1416 744 1526 767 sanctus
1541 739 1567 766 in
1583 739 1712 766 omnibus
1730 739 1829 766 volun-

1040 784 1140 811 tatibus
1164 784 1230 818 suis,
1245 790 1272 812 et
1286 784 1361 812 solus
1377 790 1420 812 est
1443 785 1492 820 qui
1516 792 1652 819 nunquam
1671 785 1831 812 inveniatur

1038 836 1116 857 extra
1131 834 1238 857 sancta.
1256 829 1307 863 Qui
1335 830 1407 857 enim
1421 834 1525 865 peccat,
1541 830 1598 857 erit
1610 829 1645 857 de
1661 831 1786 864 sanctis;
1804 834 1832 857 et

1039 876 1255 911 quotiescunque
1278 876 1339 910 quis
1366 881 1472 910 peccat,
1497 876 1578 903 toties
1603 875 1720 903 eﬂicilur
1750 881 1830 903 extra

1038 927 1142 949 sancta.
1153 920 1279 948 Christus
1294 927 1383 949 autem
1403 922 1447 956 qui
1461 929 1597 957 nunquam
1611 922 1745 955 peccavit,
1762 929 1833 948 nun-

1037 977 1119 1003 quam
1137 970 1203 996 exiit
1219 971 1251 997 de
1264 969 1374 996 sanctis.
1391 969 1444 996 Sed
1468 973 1495 995 et
1511 974 1537 995 tu
1552 969 1597 1003 qui
1611 969 1736 1003 sequeris
1752 969 1832 996 Chri-

1038 1020 1122 1046 stum,
1143 1019 1170 1042 et
1191 1014 1312 1042 imitator
1333 1014 1391 1049 ejus
1403 1022 1442 1047 es,
1463 1014 1484 1041 si
1502 1021 1662 1048 permaneas
1689 1015 1716 1041 in
1744 1015 1829 1041 verba

1039 1061 1097 1093 Dei.
1112 1063 1133 1088 si
1161 1061 1187 1088 in
1209 1061 1268 1097 lege
1294 1061 1352 1095 ejus
1370 1060 1512 1088 mediteris
1535 1060 1578 1087 die
1602 1068 1633 1088 ac
1649 1066 1744 1094 nocte,
1762 1062 1785 1089 si
1803 1063 1829 1089 in

1039 1107 1175 1134 mandatis
1193 1107 1253 1141 ejus
1272 1108 1439 1140 exercearis,
1469 1116 1576 1143 semper
1602 1108 1628 1136 in
1657 1109 1763 1136 sanctis
1788 1116 1829 1142 es,

1039 1161 1089 1179 nec
1105 1161 1226 1187 ttnquam
1241 1153 1302 1180 inde
1318 1153 1447 1181 discedis.
1462 1152 1555 1189 Neque
1567 1155 1639 1182 enim
1655 1155 1681 1181 in
1694 1154 1757 1182 loco
1770 1162 1830 1182 san-

1038 1203 1080 1226 cta
1098 1199 1242 1233 quatrenda
1257 1204 1331 1230 sunt,
1351 1200 1397 1227 sed
1417 1200 1444 1227 in
1457 1200 1573 1234 actibus,
1590 1205 1617 1228 et
1633 1202 1699 1233 vita,
1718 1208 1752 1227 ac
1769 1208 1828 1228 Ino-

1039 1245 1124 1272 rihus.
1142 1244 1206 1278 Qua:
1224 1245 1245 1272 si
1266 1245 1415 1272 secundum
1435 1245 1518 1273 Deum
1545 1245 1610 1279 sint,
1624 1250 1653 1273 et
1677 1246 1829 1273 secundum

1038 1297 1202 1326 praeceptum
1219 1291 1267 1319 Dei
1292 1292 1464 1327 habeantur,
1489 1293 1596 1320 etiamsi
1622 1292 1648 1320 in
1672 1293 1756 1321 domo
1778 1292 1829 1324 sis,

1038 1339 1145 1366 etiamsi
1168 1338 1194 1365 in
1220 1338 1294 1372 foro;
1316 1343 1344 1366 et
1369 1339 1433 1373 quid
1456 1339 1519 1367 dico
1539 1340 1566 1367 in
1592 1339 1661 1372 foro,
1676 1340 1788 1367 etiamsi
1804 1339 1831 1366 in

1041 1384 1146 1411 theatro
1170 1384 1319 1412 iuveniaris
1333 1385 1416 1412 verbo
1431 1385 1477 1412 Dei
1495 1385 1663 1418 deserviens,
1679 1388 1706 1412 in
1724 1387 1829 1413 sanctis

1041 1434 1066 1456 te
1088 1437 1150 1457 esse
1174 1438 1226 1457 non
1251 1431 1368 1459 dubites.
1391 1433 1444 1459 Aut
1463 1440 1516 1459 non
1537 1432 1584 1459 tibi
1605 1432 1713 1458 videtur
1727 1431 1829 1458 Paulus

1039 1484 1100 1503 cttm
1116 1477 1255 1512 ingressus
1267 1482 1309 1504 est
1328 1478 1478 1510 theatrum,
1498 1477 1538 1504 vel
1554 1485 1615 1504 cum
1634 1477 1776 1512 ingressus
1789 1482 1829 1504 cst

1038 1523 1221 1556 Areopagum,
1235 1525 1261 1548 ct
1278 1522 1435 1557 praedicavit
1446 1522 1659 1549 Atheniensibus
1670 1521 1828 1555 Christum,

1038 1567 1064 1594 in
1082 1567 1186 1594 sanctis
1202 1566 1307 1595 fuisse?
1324 1567 1376 1595 Sed
1396 1573 1424 1595 et
1439 1576 1499 1595 cum
1524 1567 1743 1603 perambulasset
1767 1575 1830 1595 aras

1037 1617 1064 1640 et
1078 1613 1149 1639 idola
1160 1613 1376 1646 Atheniensium,
1390 1614 1433 1641 ubi
1444 1614 1548 1641 invenit
1563 1614 1695 1647 scriptum
1711 1624 1720 1640 ε
1735 1615 1830 1649 Ignoto

1037 1658 1137 1691 Deo",
1148 1667 1156 1683 ι
1176 1663 1202 1686 et
1218 1666 1250 1685 ex
1276 1660 1328 1686 hoc
1354 1660 1439 1687 verbo
1452 1660 1569 1693 sumpsit
1581 1660 1683 1687 Christi
1699 1661 1830 1695 praedica-

1037 1703 1120 1730 tionis
1135 1704 1290 1736 exordium.
1307 1705 1388 1732 etiam
1408 1705 1443 1732 ibi
1460 1713 1521 1733 aras
1538 1707 1680 1741 gentilium
1707 1707 1829 1734 lustrans

1038 1748 1064 1775 in
1080 1751 1182 1777 sanctis
1204 1752 1310 1785 positus
1327 1756 1398 1786 erat,
1414 1753 1476 1787 quia
1494 1758 1589 1780 saneta
1606 1753 1758 1788 cogitabat.
1774 1753 1830 1781 Sed

1037 1800 1062 1822 et
1078 1797 1234 1832 quicunque
1257 1800 1377 1826 custodit
1402 1807 1432 1827 se
1456 1805 1517 1834 post
1544 1806 1683 1835 acceptant
1710 1802 1829 1834 gratiam

1038 1840 1083 1867 Dei
1110 1849 1142 1868 ne
1169 1842 1270 1870 incidat
1295 1843 1320 1871 in
1347 1845 1539 1879 homicidium,
1557 1846 1583 1872 in
1608 1846 1784 1878 adulterium,
1803 1846 1829 1872 in

1037 1887 1150 1919 furtum,
1166 1887 1192 1915 in
1212 1888 1308 1915 falsum
1322 1890 1557 1922 testimoniunt,et
1574 1891 1624 1917 alia
1642 1890 1761 1923 similia;
1780 1891 1829 1918 sed

1036 1939 1176 1967 pcrtnanet
1191 1935 1307 1962 mundus
1322 1935 1356 1962 ab
1369 1935 1443 1962 ontui
1459 1935 1621 1971 contagione
1637 1938 1757 1970 peccati,
1773 1945 1828 1964 non

1035 1979 1119 2006 exivit
1135 1979 1188 2006 iste
1210 1980 1244 2007 dc
1269 1981 1381 2013 sanctis.
1400 1986 1428 2008 et
1442 1989 1494 2009 non
1509 1982 1706 2010 contaminavit
1722 1982 1829 2010 sancti-

1036 2025 1188 2053 ﬁcationem
1218 2025 1266 2053 Dei
1288 2026 1329 2053 sui
1358 2027 1384 2052 in
1417 2028 1577 2062 semetipso,
1602 2029 1665 2063 quia
1698 2034 1827 2056 sanctum

1035 2069 1124 2096 olettm
1148 2071 1309 2098 chrismatis
1327 2071 1372 2099 Dei
1397 2073 1438 2100 sui
1462 2081 1544 2108 super
1568 2074 1657 2108 ipsum
1682 2079 1737 2102 est.
1760 2074 1828 2102 Illud

1035 2115 1181 2148 oleunt,de
1193 2124 1246 2151 qtto
1270 2117 1296 2144 in
1314 2117 1406 2145 Exodo
1431 2119 1563 2153 scriptum
1585 2119 1673 2152 est",
1687 2120 1828 2154 quomodo

198 2169 334 2193 cessatum
350 2165 386 2192 sit
400 2173 466 2192 vero
479 2170 618 2199 postquam
644 2165 809 2192 credidimus
824 2165 829 2191 !
857 2165 902 2192 Sic
919 2173 983 2200 ergo
1000 2161 1022 2188 D
1037 2165 1127 2196 potest
1142 2163 1292 2189 secundum
1309 2163 1427 2190 litteram
1450 2164 1559 2198 proprie
1575 2164 1665 2192 oleum
1693 2166 1740 2192 Dei
1755 2166 1824 2198 dici,

197 2211 280 2238 etiam
293 2210 374 2244 252
391 2210 610 2237 contatuinamur
631 2209 657 2236 in
683 2215 780 2244 tnatrc,
795 2211 818 2237 si
840 2211 984 2238 credentes

198 2257 264 2288 Deo,
281 2256 323 2282 vel
340 2256 488 2283 Ecclesiam
506 2256 640 2288 laadimus,
657 2256 698 2284 vel
717 2257 869 2283 libertatem
888 2258 983 2285 matris

198 2302 318 2329 ctelestis
347 2302 455 2336 indigna
478 2303 579 2337 peccati
595 2302 725 2329 servitute
742 2302 886 2330 tmdamus.
905 2302 984 2331 Solus

197 2354 263 2374 vero
279 2347 407 2375 Dominus
423 2353 515 2374 noster
527 2347 606 2375 Jesus
621 2348 757 2379 Christus,
777 2348 824 2382 qui
841 2353 981 2383 peccatum

198 2392 298 2424 nescit,
314 2400 401 2428 neque
415 2393 441 2419 in
456 2397 542 2427 patre,
559 2400 647 2426 neque
664 2393 689 2419 in
706 2398 793 2420 matre
812 2393 982 2420 contamina-

198 2440 242 2462 ttts
257 2440 309 2468 est,
327 2441 354 2463 et
372 2436 405 2463 de
422 2437 524 2463 sanctis
549 2444 601 2463 non
617 2436 712 2464 exivit.
733 2437 853 2465 Fuerant
871 2437 981 2471 quidem

198 2479 326 2506 nonnulla
341 2483 368 2506 et
383 2479 408 2506 itt
425 2481 612 2514 superioribus
628 2482 803 2515 proponenda
825 2481 935 2515 Judreis,
950 2483 982 2510 ad

196 2533 256 2559 quae
273 2526 437 2560 respondere
462 2534 516 2553 nou
545 2531 665 2560 possent,
682 2527 729 2554 sed
741 2528 852 2554 omissis
867 2528 930 2560 illis,
948 2528 982 2555 dc

196 2572 247 2598 hoc
259 2571 365 2598 interim
375 2579 500 2599 sermone
515 2572 578 2605 qttid
595 2572 672 2599 nobis
684 2572 786 2604 dicant,
800 2573 843 2600 vel
860 2574 921 2608 ipsi,
940 2574 982 2601 vel

196 2615 240 2645 qui
254 2616 401 2642 secundum
415 2616 535 2650 ipsorum
551 2623 662 2642 sensum
681 2616 793 2650 intelligi
821 2617 906 2652 legem
934 2625 982 2644 vo-

231 2660 254 2700 ξς
268 2661 330 2700 Lev.
346 2670 402 2693 χχι,
422 2662 524 2700 ll_.A_"'
535 2663 588 2700 Iob
613 2671 667 2696 xlv,
683 2663 710 2695 4,
726 2664 752 2690 5.
792 2664 815 2680 '”
829 2666 958 2700 Sap.vtu,
969 2664 1014 2692 20.

199 2692 222 2708 ’⁸
233 2695 316 2722 Exod.
335 2704 410 2723 xxix.
450 2697 551 2724 "Psal.
566 2705 638 2731 xuv,
652 2692 678 2726 8.

200 2783 214 2802 ε
228 2740 290 2802 Ιξιιϐ)
308 2742 430 2770 Mortale.
447 2743 529 2771 Deest
546 2744 572 2772 iu
585 2744 650 2772 libb.
669 2746 761 2779 editis,
778 2747 824 2774 scd
841 2743 982 2781 suppletur

246 2784 289 2802 155.

246 2784 289 2802 155.

1037 2209 1109 2242 quod
1124 2214 1182 2235 arte
1198 2209 1349 2244 myrepsica
1366 2209 1521 2237 confectum
1533 2215 1575 2237 est
1589 2218 1604 2237 a
1619 2212 1828 2246 pigmentario?

1038 2253 1091 2281 Sed
1115 2254 1135 2281 si
1154 2254 1194 2280 vis
1208 2254 1300 2281 videre
1324 2254 1412 2281 oleum
1430 2255 1487 2287 Dei,
1507 2255 1570 2282 attdi
1587 2263 1668 2290 quem
1687 2256 1826 2291 Propheta

1038 2300 1110 2326 dicat
1131 2304 1243 2326 unctutn
1267 2307 1328 2327 esse
1348 2300 1406 2328 oleo
1434 2301 1491 2333 Dei,
1517 2301 1592 2328 illum
1613 2302 1673 2329 sine
1694 2302 1778 2330 dubio
1795 2304 1830 2330 de

1038 2353 1092 2380 quo
1113 2346 1210 2373 dicit"
1228 2355 1234 2373 :
1252 2355 1260 2371 ι
1276 2346 1422 2381 Propterea
1436 2348 1512 2374 unxit
1529 2352 1555 2375 te
1580 2349 1661 2381 Deus,
1674 2349 1748 2376 Deus
1764 2354 1828 2376 tuus

1035 2391 1095 2418 oleo
1113 2391 1212 2418 laetitia).
1241 2399 1295 2426 prte
1321 2392 1500 2427 participibus
1524 2394 1585 2420 tuis.
1603 2403 1611 2419 ι
1628 2394 1676 2422 llic
1702 2402 1769 2429 ergo
1785 2401 1829 2422 est

1036 2443 1151 2470 magnus
1170 2437 1310 2469 sacerdos,
1323 2437 1369 2471 qui
1387 2438 1461 2464 solus
1476 2438 1536 2465 oleo
1553 2439 1598 2465 Dei
1615 2443 1712 2466 unctus
1728 2445 1784 2471 est,
1800 2446 1828 2466 ct

1035 2480 1062 2507 in
1080 2488 1133 2515 quo
1153 2488 1260 2516 semper
1275 2487 1401 2509 sanctum
1418 2483 1568 2518 permansit
1584 2484 1668 2510 divini
1687 2484 1824 2511 chrisma-

1034 2525 1069 2552 tis
1081 2526 1182 2554 oleum.

1116 2571 1169 2598 Sed
1197 2573 1261 2607 quid
1287 2574 1396 2601 additur
1416 2580 1476 2609 post
1505 2575 1580 2602 haec?
1612 2575 1682 2602 illic
1708 2583 1824 2603 uxorem

1032 2617 1165 2653 virginem
1188 2618 1222 2645 de
1241 2627 1340 2654 genere
1361 2628 1411 2647 suo
1427 2621 1546 2655 accipiet
1564 2621 1696 2647 :viduam
1720 2625 1825 2654 autem.

1053 2666 1075 2681 ⁷⁸
1090 2665 1155 2692 Luc.
1172 2665 1256 2698 “,48.
1296 2667 1318 2683 ⁷⁵
1332 2667 1420 2695 Galat.
1436 2675 1471 2700 tv,
1487 2668 1532 2695 26.
1570 2667 1593 2683 ⁷⁷
1606 2668 1668 2695 Act.
1680 2675 1749 2703 xvtt,
1773 2668 1822 2696 ‘25.

1037 2744 1190 2807 “Usipfic
1206 2754 1271 2774 mss.
1288 2747 1366 2775 Libb.
1385 2754 1452 2775 vero
1473 2747 1549 2781 editi,
1568 2756 1577 2774 ι
1595 2748 1621 2775 in
1639 2749 1691 2777 hac
1707 2756 1822 2783 genera-
