1894 3058
44 113 85 143 ιιι
610 103 642 132 ΙΝ
664 101 851 132 LEVITICUM
873 97 1014 128 llO.\llLl.\
1034 95 1091 123 Xll.

47 182 71 204 ct
83 175 204 209 eiectam,
223 176 252 200 et
269 169 442 200 meretricem
466 176 518 196 non
542 167 667 201 accipiet,
684 166 732 194 sed
748 165 829 200 virgi-
846 167 867 194 Α

49 229 106 248 nem
131 220 162 247 de
187 226 290 254 genere
317 224 377 249 suo,
401 221 427 244 ct
451 225 502 244 non
519 213 716 245 contaminabit
738 219 829 239 semen

48 274 123 295 suum
144 266 172 294 in
195 265 298 301 populo
319 272 369 291 suo
387 271 459 298 .‘ego
478 262 606 290 Dominus
622 259 666 296 qui
690 259 832 286 sanctifico

49 321 110 340 eum
121 312 155 338 ⁸⁸.
172 321 182 337 ι
200 311 267 344 Quia
282 317 348 345 ergo
364 310 446 336 totius
460 309 638 343 expositionis
651 307 719 334 ordo
734 306 767 332 ad
783 311 831 331 ve-

51 367 105 386 rum
124 358 294 386 sacerdotem
312 363 439 391 magnum
458 360 600 383 revocatus
618 360 659 383 est
680 354 830 383 Christum,

48 405 189 431 videamus
204 411 275 430 nunc
290 407 318 430 et
333 402 397 436 quid
414 401 446 428 de
465 401 567 435 nuptiis
582 400 639 435 ejus
659 398 771 433 intelligi
786 399 830 424 dc-

51 451 119 477 beat.
136 449 239 477 Paulus
261 448 399 482 apostolus
424 447 521 473 dicit“
538 455 544 473 :
562 455 571 472 ‹
585 446 652 472 Volo
673 449 763 472 autem
785 451 833 470 vos

49 503 140 523 omnes
154 496 201 522 uni
217 495 277 521 viro
294 494 426 528 virginem
436 498 539 520 castam
555 492 684 519 exhibere
710 489 846 518 Christo..

49 542 141 568 Timeo
166 546 257 567 autem
272 548 305 567 ne
318 540 388 567 sicut
404 546 516 573 serpens
535 537 641 565 seduxit
654 536 738 563 Evam
758 540 833 562 astu-

51 589 84 614 tia
101 595 161 620 sua,
180 587 219 613 ita
235 591 444 620 corrumpantur
459 591 554 612 sensus
569 582 651 609 vestri
674 589 687 608 a
704 581 834 616 simplici-

50 639 112 666 tate,
129 639 191 666 quae
210 632 237 658 in
252 629 509 658 Christeesthult
523 636 587 664 ergo
610 627 710 655 Paulus
738 634 834 654 omnes

50 678 208 704 Corinthios
220 676 352 711 virginem
363 681 465 702 castam
475 674 603 701 exhibere
613 673 723 700 Christo
740 681 747 698 :
763 671 832 706 quod

49 724 140 757 utique
160 730 302 757 nunquam
326 721 418 753 vellet,
436 721 488 748 nisi
512 721 538 748 id
564 719 694 754 possibile
717 719 833 746 videret.

52 769 125 796 [inde
136 772 164 795 et
180 769 280 794 mirum
300 766 415 794 fortasse
430 766 564 796 videatur,
580 763 715 800 quomodo
734 763 772 794 lii.
788 763 834 797 qui

50 815 163 842 diversis
187 814 309 849 peccatis
334 812 454 847 corrupti
478 812 510 838 ad
531 811 609 838 fidem
633 810 734 838 Christi
758 816 835 836 vene-

50 866 121 892 runt,
137 867 236 887 omnes
246 859 326 886 simul
342 859 417 893 virgo
434 862 507 885 casta
523 858 667 889 dicantur;
683 863 743 890 quin
756 856 834 889 virgo

50 911 101 932 tam
119 910 228 936 sancta,
245 909 300 931 tam
316 909 390 930 casta
405 904 489 936 sit,ut
506 907 643 929 mereatur
656 902 738 928 etiam
754 902 835 928 Chri«

49 952 83 979 sti
104 952 208 986 nuptiis
225 950 359 984 copulari.
377 949 478 977 Verum
501 948 629 983 quoniam
651 948 709 975 lucc
725 948 758 973 ad
774 955 835 974 car-

51 998 90 1025 nis
104 997 294 1031 integritatem
316 996 419 1023 referre
436 1003 489 1022 non
503 1001 659 1029 possumus,
675 999 781 1020 certum
793 997 835 1020 est

50 1045 119 1079 quod
133 1044 168 1070 ad
183 1043 369 1077 integritatem
386 1042 483 1068 attinnt:
493 1044 627 1076 spectent,
647 1039 722 1073 cujus
739 1046 835 1066 secun-

51 1092 109 1117 dum
131 1090 220 1124 ipsius
240 1088 315 1116 Pauli
333 1088 508 1120 sententiam,
524 1085 686 1121 simplicitas
699 1085 758 1112 ﬁdei
775 1091 835 1119 qua:

51 1134 75 1162 in
90 1136 200 1163 Christo
214 1139 267 1167 est,
284 1134 426 1168 virginitas
446 1134 506 1167 ejus
529 1131 661 1167 appellata
679 1137 730 1161 est,
744 1135 770 1158 et
788 1137 836 1164 per

51 1181 99 1209 hoc
116 1182 248 1217 quoniam
276 1180 459 1211 cesSantibus,
485 1179 527 1206 vel
547 1178 768 1213 philosophorum
791 1183 836 1203 so-

52 1228 243 1263 phismatibus,
268 1228 308 1254 vel
330 1225 568 1260 superstitionibus
593 1223 713 1251 Judaicis
732 1223 757 1250 in
785 1222 836 1249 fide

51 1273 164 1308 simplici
181 1272 311 1300 Christus
337 1272 387 1299 sibi
410 1270 557 1305 assumpsit
574 1269 735 1299 Ecclesium,
754 1268 836 1302 virgi-

50 1327 107 1346 nem
124 1319 158 1347 de
172 1325 274 1353 genere
292 1325 341 1344 suo
356 1317 459 1350 accepit
476 1323 599 1343 uxorem.
617 1313 703 1349 llujus
719 1320 836 1346 namque

49 1365 125 1392 fidem
144 1372 200 1392 non
214 1363 364 1396 corrumpit
378 1361 579 1397 philosophicus
598 1367 704 1392 sensus,
718 1366 767 1386 nec
781 1358 836 1385 cir—

51 1410 228 1438 cumcisionis
245 1408 369 1440 ambitio,
384 1407 430 1434 sed
448 1408 474 1434 in
490 1406 665 1440 simplicitate
687 1405 838 1432 confessio~

50 1455 89 1482 nis
104 1460 238 1488 tanquam
256 1453 283 1480 in
301 1452 422 1487 virginali
443 1451 598 1486 integritate
617 1449 776 1484 permansit.
793 1450 837 1477 Sic

1616 80 1667 108 δια

882 162 930 188 tiat
941 168 956 186 a
976 159 1034 193 lege.
1051 155 1112 187 viri,
1132 158 1162 180 ut
1175 152 1233 187 jam
1250 157 1302 178 non
1321 149 1356 177 sit
1371 146 1494 175 adultera
1507 145 1529 173 si
1546 143 1668 178 nupserit

882 187 1096 235 CllllSlO.VQ|lod
1112 199 1134 226 si
1150 197 1269 229 eveniat,
1282 199 1311 222 ut
1327 194 1369 221 lex
1385 192 1493 228 quidem
1506 190 1604 216 animae
1617 187 1666 222 ipsi

883 250 1028 280 moriatur,
1048 246 1074 273 id
1089 249 1131 272 est
1150 247 1179 270 ut
1197 242 1287 268 anima
1301 239 1426 267 discedat
1445 244 1459 263 a
1475 236 1544 270 lege,
1559 241 1607 260 nec
1625 237 1668 259 ta-

883 303 943 323 men
963 292 1135 325 constringat
1151 296 1181 316 se
1200 286 1327 315 castioris
1349 283 1477 311 connubii
1502 279 1668 314 disciplinis,

883 348 909 370 et
920 350 934 368 a
952 341 1010 374 lege
1025 338 1181 368 discedens,
1200 331 1349 367 evangelici
1363 329 1498 364 dogmatis
1514 335 1566 354 non
1582 325 1669 353 susci-

883 372 1044 422 piatjtigttm
1060 393 1066 410 ε
1085 383 1142 409 lucc
1159 380 1262 408 nubere
1280 377 1388 419 Christo
1405 382 1458 402 non
1482 372 1592 408 poterit,
1610 377 1670 404 qua:

884 416 1018 460 libertatis
1033 428 1170 456 lasciviam
1186 416 1342 459 quaesierit,
1352 428 1404 448 neti
1417 419 1477 446 fidei
1489 416 1629 452 virginalis
1643 419 1670 442 et

884 474 1014 511 simplicis
1030 474 1144 502 cttltum.
1165 470 1214 497 llic
1232 477 1300 504 ergo
1316 466 1445 495 sacerdos
1465 471 1580 497 magnus
1601 469 1670 488 uxo-

883 509 943 550 rem
965 521 1096 555 virginem
1114 516 1230 551 accipiet
1251 515 1283 542 de
1309 519 1411 548 genere
1435 517 1494 537 suo.
1517 509 1608 535 Potest
1638 511 1666 533 ct

884 572 996 603 propter
1008 551 1071 594 ihoc
1093 564 1196 591 dictum
1225 560 1310 588 videri
1325 559 1358 585 de
1384 563 1484 592 genere
1510 562 1571 585 suo,
1599 551 1670 603 quod

884 596 974 640 anima
989 610 1088 639 Christi
1107 617 1140 636 ex
1153 613 1254 643 genere
1269 610 1295 632 et
1307 612 1339 631 ex
1355 601 1508 630 sttbstaittia
1525 598 1606 625 fuerit
1621 596 1670 624 htt-

886 665 1024 686 ntauarutn
1043 655 1166 682 omniutn
1182 652 1345 679 animarum.
1368 649 1461 675 Potest
1475 650 1502 672 et
1520 643 1670 672 secundum

885 705 947 734 hoc,
965 702 1036 738 quod
1049 702 1148 728 fratres
1170 702 1248 725 vocat
1264 696 1408 724 credentes
1422 694 1448 719 in
1466 700 1511 724 se,
1529 691 1561 717 de
1573 696 1672 724 genere

885 759 936 778 suo
950 749 1002 776 diei
1021 747 1111 774 anitna
1130 753 1190 780 qua:
1203 744 1229 770 in
1252 742 1304 769 fide
1321 746 1449 774 tanquatn
1467 736 1570 770 nuptiis
1585 734 1672 762 socia-

888 801 942 823 tur.
959 793 1025 821 Illud
1046 798 1135 820 tamen
1158 789 1219 816 ttolo
1235 795 1283 814 vos
1298 787 1391 816 lateat,
1406 783 1477 818 quod
1501 781 1604 809 Hebraei
1622 787 1671 806 nc-

888 845 952 876 gant
966 847 995 867 se
1020 838 1151 871 scriptum
1182 835 1293 864 trahere,
1307 831 1379 866 quod
1397 836 1447 856 nos
1477 827 1545 862 apud
1563 829 1671 859 septua-

888 870 964 923 ginta
980 885 1145 918 lntcrpretes
1157 879 1322 909 invenimus,
1334 877 1366 904 de
1380 882 1478 910 genere
1489 881 1546 900 suo.
1558 870 1589 898 Et
1601 874 1674 897 recte

888 916 925 960 illi
945 939 997 958 non
1019 916 1121 957 habent
1140 927 1285 960 scriptum.
1303 924 1400 950 Ablata
1425 926 1466 948 est
1482 919 1556 946 enim
1572 918 1605 944 ab
1620 916 1674 943 illis

887 974 1075 1010 propinqttitas
1102 970 1159 1001 Dei,
1183 968 1272 996 ablata
1304 971 1346 994 est
1368 965 1478 999 adoptio
1496 962 1624 992 filiorum,
1647 963 1676 986 ct

889 1007 1019 1046 translata
1046 1021 1089 1044 est
1112 1016 1144 1042 ad
1161 1012 1311 1040 Eorlosiain
1332 1010 1444 1037 Christi.
1474 1007 1514 1034 llli
1536 1013 1601 1041 ergo
1620 1011 1674 1031 non

889 1065 990 1092 habent
1003 1062 1132 1096 scriptum
1145 1059 1207 1094 quia
1222 1058 1255 1084 de
1281 1063 1381 1091 genere
1401 1053 1502 1082 Christi
1521 1053 1585 1082 sint,
1605 1051 1675 1077 sicut

889 1117 940 1137 nec
955 1116 1015 1136 esse
1040 1109 1209 1134 tnertterunt.
1234 1101 1287 1129 Nos
1302 1105 1391 1128 autem
1410 1099 1455 1134 qui
1477 1099 1528 1124 hoc
1543 1095 1673 1130 scriptum

890 1155 1020 1183 habemus
1039 1158 1066 1180 et
1082 1152 1208 1187 legimus,
1222 1148 1389 1183 gaudeamus
1408 1145 1516 1180 quidem
1532 1143 1565 1168 de
1580 1143 1675 1175 digna-

891 1202 964 1228 tione
986 1199 1045 1230 Dei,
1071 1199 1117 1225 sed
1143 1202 1222 1223 caule
1244 1199 1270 1221 ct
1289 1193 1406 1219 sollicite
1420 1196 1561 1220 curemus,
1577 1195 1609 1214 nc
1627 1194 1676 1214 nos

890 1247 944 1272 vita
963 1249 1057 1272 nostra
1075 1248 1102 1269 ct
1114 1247 1190 1269 actus
1203 1247 1235 1266 ac
1251 1246 1340 1265 mores
1356 1236 1456 1263 faciant
1467 1232 1612 1268 aliquando
1627 1232 1675 1258 de--

889 1298 1012 1327 generes,
1029 1298 1062 1317 ne
1080 1294 1105 1316 et
1117 1289 1167 1315 hoc
1182 1288 1268 1321 ipsum
1283 1283 1362 1311 nobis
1381 1282 1413 1309 ad
1427 1279 1676 1308 condemnationem

890 1321 1022 1364 ducatur,
1044 1331 1115 1366 quod
1137 1338 1198 1357 cum
1219 1336 1306 1364 genus
1324 1327 1411 1354 simus
1423 1323 1523 1352 Christi
1541 1321 1677 1355 indignis,

889 1381 916 1402 et
934 1376 1023 1407 foedis,
1040 1365 1072 1401 ac
1090 1373 1234 1401 diubolicis
1249 1371 1355 1398 actibus
1373 1368 1536 1396 serviamus.
1551 1366 1601 1399 Qui
1625 1365 1678 1391 ha-

894 1421 938 1446 l:et
955 1427 1018 1454 ergo
1049 1425 1188 1453 sponsam,
1215 1422 1333 1450 sponsus
1360 1417 1415 1440 est.
1437 1410 1521 1437 Audis
1543 1407 1678 1443 quomodo

891 1453 1008 1498 Sponsus
1024 1464 1124 1491 dicitur
1139 1461 1281 1491 Christus,
1301 1466 1400 1493 sponsa
1415 1463 1478 1484 vero
1496 1455 1588 1482 anima
1609 1453 1678 1480 dici-

50 1509 118 1528 em'“
131 1506 158 1527 el
173 1499 278 1527 duum“
290 1501 454 1544 pmtmheﬂt
468 1496 684 1544 peipmwlem'"
695 1496 789 1544 dicens,
797 1496 836 1522 ⁸³³
852 1509 873 1537 C
891 1496 943 1540 tur.
960 1517 1019 1544 qum
1034 1509 1094 1535 fidei
1112 1507 1285 1542 simplicitate
1296 1510 1323 1531 et
1337 1509 1445 1530 actuum
1463 1502 1579 1536 puritate
1594 1500 1680 1526 incor-

52 1555 61 1573 ί
72 1545 247 1581 Desponsabo
260 1550 286 1571 te
298 1543 361 1570 mihi
373 1543 397 1569 in
411 1543 470 1569 title.
483 1551 491 1567 ι
505 1540 600 1568 Omnis
611 1548 676 1575 ergo
687 1541 835 1567 scentulum

53 1592 226 1626 Apostolum,
241 1590 288 1625 qui
303 1589 329 1616 in
348 1588 458 1616 Christo
475 1591 526 1619 est,
540 1595 608 1614 nova
636 1592 760 1614 creatura
785 1590 836 1613 est.

51 1637 82 1664 Et
92 1638 164 1664 sicut
185 1636 257 1662 idem
275 1634 420 1669 Apostolus
433 1633 527 1660 dicit"
542 1642 548 1659 :
567 1642 575 1658 ι
587 1632 622 1660 Ut
640 1632 767 1659 exhibeat
780 1632 838 1666 ipse

52 1683 99 1711 sibi
115 1683 265 1717 gloriosam
282 1681 430 1708 Ecclesiam
454 1687 506 1706 non
525 1679 670 1706 habentem
692 1679 836 1711 maculam,

53 1734 96 1755 aut
114 1736 223 1763 rugam,
237 1733 285 1754 aut
300 1726 402 1761 aliquid
420 1725 565 1760 ejusmodi,
579 1725 625 1751 sed
645 1729 675 1750 ut
696 1725 730 1751 sit
744 1729 838 1751 sancta

53 1779 78 1802 et
100 1774 313 1801 immaculatan
335 1772 477 1805 Quomodo
494 1778 557 1806 ergo
574 1778 634 1797 eam
658 1777 717 1803 quae
739 1776 838 1803 rugosa

53 1827 102 1854 est,
120 1819 188 1847 facit
210 1827 273 1846 esse
298 1818 357 1846 sine
380 1825 456 1852 ruga,
471 1817 523 1843 nisi
546 1816 608 1850 quia
626 1820 742 1842 renovat
759 1815 839 1842 eam?

56 1867 202 1894 secundum
228 1865 299 1899 quod
322 1864 452 1898 scriptum
466 1867 506 1889 est
515 1862 538 1877 "
553 1870 560 1888 :
575 1869 636 1888 natn
666 1871 674 1886 ι
690 1861 741 1888 etsi
758 1861 779 1887 is
793 1861 838 1895 qui

57 1910 151 1939 deforis
165 1918 205 1938 est
225 1911 306 1937 homo
322 1916 412 1936 noster
427 1910 618 1942 corrutnpitur,
636 1909 682 1935 sed
704 1908 749 1942 qui
768 1907 839 1933 inttts

55 1962 105 1990 est,
126 1960 275 1984 renovatur
304 1955 336 1982 de
363 1955 406 1981 die
434 1955 460 1980 in
487 1954 568 1981 diem.
586 1963 595 1979 ι
618 1953 731 1980 Viduam
761 1960 839 1983 sane,

57 2008 82 2030 et
101 2002 287 2033 meretricem,
309 2005 337 2027 et
358 2000 473 2034 ejectam
497 2007 549 2026 non
576 2000 691 2034 accipiet
704 1998 838 2031 Christus,

57 2066 103 2086 nec
117 2060 201 2086 intrat
217 2058 280 2085 talis
299 2058 388 2085 anima
405 2057 553 2083 thalamum
577 2057 679 2092 sponsi.
696 2057 746 2090 Qui
768 2057 839 2084 enim

57 2105 193 2140 ingressus
209 2104 291 2131 fuerit
310 2104 373 2130 illuc
400 2112 452 2130 non
481 2104 585 2131 habens
612 2103 768 2130 indumenta
792 2112 841 2130 lltl-

57 2150 170 2184 ptialia,
189 2150 304 2183 perferet
334 2149 399 2175 illud
432 2149 504 2183 quod
544 2149 673 2182 scriptum
713 2156 772 2176 esse
791 2156 839 2176 uo-

55 2196 102 2223 stis
127 2196 155 2222 in
188 2194 347 2229 Evangelio.
376 2193 512 2228 Virginem
545 2201 611 2228 ergo
647 2193 771 2227 accipiet,
801 2184 880 2220 vi-D

58 2243 137 2268 dnam
169 2249 222 2267 non
254 2241 389 2275 accipiet,
415 2247 503 2274 neque
531 2239 703 2266 meretricem
721 2259 728 2271 ,
757 2246 844 2273 neque

57 2286 134 2321 253
150 2285 277 2319 ejectam,
292 2289 339 2311 aut
351 2285 574 2312 contaminatam.
595 2284 765 2311 Meretricem
787 2283 844 2317 qui-

57 2332 127 2364 dem,
154 2336 182 2359 et
208 2331 341 2365 abiectam
361 2331 498 2362 animam,
524 2335 551 2357 et
573 2330 701 2364 polltttam
726 2337 774 2356 cur
791 2337 842 2356 non

59 2378 189 2412 suscipiat
206 2377 334 2404 Christus
362 2377 387 2404 itt
415 2376 582 2411 conjugium,
605 2383 657 2403 non
679 2380 720 2402 cst
744 2375 844 2402 laboris

59 2431 212 2458 exponere;
229 2424 309 2450 vidua
330 2431 394 2450 vero
409 2431 457 2450 ctir
474 2431 525 2450 tton
545 2423 570 2449 in
588 2430 699 2449 uxorein
729 2421 843 2456 recipia-

61 2474 111 2501 tur,
125 2469 454 2504 diligentiusintuendum
472 2473 523 2496 est.
544 2467 642 2495 Paultts
657 2467 794 2502 apostolus
811 2467 844 2493 ad

61 2514 193 2543 Romanos
211 2517 351 2546 scribens,
366 2516 451 2542 virum
469 2515 568 2541 animae
583 2514 668 2548 legem
681 2513 744 2540 dicit
754 2533 761 2545 ,
774 2520 846 2539 ean:-

61 2567 110 2594 que
127 2568 188 2588 cum
202 2566 328 2588 mortuus
348 2560 431 2586 fuerit
450 2560 501 2592 vir,
521 2559 636 2587 solutam
651 2566 712 2585 esse
727 2566 846 2593 pronun-

92 2629 335 2663 “Levit.xxt,1/t.
374 2629 394 2644 ⁸⁸
412 2628 432 2655 ll
445 2627 507 2654 Cor.
527 2636 565 2658 XI,
581 2627 607 2653 οὶ.

60 2666 81 2681 ⁸⁸
98 2667 179 2694 Levit.
199 2674 256 2697 ni,
274 2665 318 2692 li.
359 2663 381 2679 ⁸⁷
400 2663 485 2689 lCor.
498 2662 582 2694 t'i,l'f.

94 2713 148 2748 (93)
170 2711 268 2740 Nonne
289 2712 360 2748 sicut
377 2709 527 2748 Dominjtni,
543 2708 692 2748 etc.‘Apud
715 2704 842 2748 [ιΧξΙιι-

63 2739 184 2782 terpre’tes
196 2748 308 2783 legitur,
320 2745 372 2783 ᾠχ
394 2745 432 2775 ὡς
445 2739 529 2783 simu
549 2753 581 2783 ps
600 2739 741 2783 ὲκᾶλεσᾳς.
767 2739 846 2783 Ιυιιιιυ

63 2777 143 2811 forsan
159 2777 282 2818 suspicio
295 2777 371 2807 oriri
379 2779 464 2814 possit
480 2777 689 2818 legetitlltin'csse
701 2779 751 2804 ltoc
767 2777 823 2803 luco
838 2786 843 2803 :

63 2825 171 2847 'nottne
191 2813 263 2847 sicut
300 2813 428 2846 dontlttll,
453 2823 461 2839 θ
485 2820 535 2841 Cit“.
556 2814 583 2841 ln
614 2814 724 2840 llcbra-o
744 2813 840 2847 legitur

647 2627 668 2643 δ’
684 2626 747 2654 Ose.
767 2634 796 2659 ll,
809 2626 855 2653 ‘20.

893 1559 969 1588 rupta
982 1553 1112 1587 probatur
1127 1557 1155 1578 et
1172 1551 1262 1586 virgo.
1277 1548 1348 1575 Dicit
1359 1547 1432 1574 cuitu
1447 1547 1576 1574 Dominus
1591 1550 1618 1571 et
1630 1550 1678 1578 per

891 1599 1037 1628 .lercntiam
1067 1595 1264 1633 prophetam"
1291 1603 1296 1620 :
1317 1594 1412 1621 Nonne
1438 1593 1510 1619 sicut
1535 1591 1677 1618 hominum

892 1653 934 1672 nte
950 1643 1015 1678 (98),
1033 1648 1060 1671 et
1080 1649 1184 1678 patrem
1198 1641 1313 1671 vocasti,
1328 1645 1355 1667 ct
1375 1638 1524 1673 principem
1539 1636 1679 1670 virginita-

892 1692 926 1719 tis
944 1692 1013 1718 tuaz‘l
1029 1699 1038 1716 ι

928 1738 956 1765 6.
975 1746 984 1763 ι
1004 1736 1118 1764 \‘iduam
1135 1740 1237 1766 autem,
1253 1738 1280 1761 cl
1292 1733 1417 1768 ejectatn,
1431 1736 1458 1758 et
1470 1729 1680 1758 contaminatam

893 1791 946 1810 non
968 1783 1084 1817 accipiet
1097 1781 1132 1809 ⁸⁸.
1154 1791 1163 1806 ι
1183 1780 1212 1807 Si
1230 1780 1291 1814 quis
1306 1785 1429 1806 nostruttt
1451 1767 1616 1810 peccaverit,
1630 1774 1680 1800 ab-

889 1831 977 1864 jectus
997 1833 1051 1862 est,
1063 1827 1171 1856 etiamsi
1189 1835 1241 1853 non
1256 1826 1400 1860 abjiciatur
1416 1826 1450 1850 ab
1464 1823 1608 1857 episcopo,
1624 1821 1682 1848 sive

893 1877 964 1911 quod
979 1876 1071 1906 lateat,
1092 1874 1151 1901 sive
1165 1874 1236 1907 qttod
1251 1871 1386 1899 interdum
1402 1872 1433 1896 ad
1447 1868 1561 1903 gratiam
1574 1867 1681 1901 judice—

895 1927 948 1951 tur.
961 1920 1064 1954 eiectus
1077 1924 1119 1947 est
1137 1924 1224 1945 tamen
1242 1918 1297 1952 ipsa
1311 1915 1479 1944 conscientia
1499 1913 1613 1949 peccati.
1627 1911 1683 1939 Nec

894 1968 1005 2002 prodest
1031 1965 1148 1992 hominis
1165 1964 1270 1999 gratia,
1296 1970 1358 1990 cum
1376 1960 1503 1999 Christus
1527 1957 1681 1992 hujusmodi

894 2014 1014 2040 animant
1044 2016 1171 2045 tanquam
1189 2008 1323 2043 abjcctam
1345 2015 1398 2034 non
1417 2006 1532 2040 recipiat
1548 2005 1573 2030 in
1588 2002 1683 2037 conju-

895 2061 979 2095 gium.
994 2057 1078 2093 Igitur
1091 2063 1177 2090 neque
1186 2055 1305 2087 viduam,
1322 2054 1393 2080 sicut
1403 2060 1483 2087 supra
1497 2051 1625 2080 diximus,
1639 2056 1684 2074 ac-

894 2105 985 2139 cipiet,
998 2110 1086 2138 neque
1096 2102 1210 2136 eiectam
1226 2107 1312 2134 neque
1329 2099 1470 2134 pollutatn.
1487 2096 1591 2124 Polluta
1612 2094 1683 2121 uici-

896 2156 950 2183 tur,
963 2157 1022 2185 qua!
1033 2148 1139 2176 etiamsi
1152 2155 1204 2174 non
1218 2155 1249 2174 ex
1258 2147 1364 2180 integro
1377 2142 1520 2177 complevit
1532 2145 1682 2176 peccatum,

897 2184 987 2222 tamen
1009 2194 1059 2220 hoc
1076 2193 1134 2227 ipso
1158 2191 1230 2226 quod
1247 2189 1385 2225 cogitavit,
1407 2188 1478 2223 quod
1503 2186 1598 2218 voluit,
1611 2184 1683 2220 quod

895 2239 1008 2275 optavit,
1025 2238 1131 2265 etiamsi
1147 2244 1199 2264 non
1214 2236 1334 2266 admisit,
1349 2234 1449 2270 polluta
1459 2237 1511 2265 est,
1527 2236 1577 2259 eta
1588 2237 1684 2264 magno

895 2285 1022 2320 pontifice
1051 2292 1102 2311 tton
1128 2282 1251 2317 eligitur.
1272 2281 1355 2308 Valde
1379 2279 1450 2307 enim
1471 2284 1585 2312 puram,
1607 2275 1684 2301 Valde

895 2331 1023 2358 mundam
1040 2336 1066 2358 et
1082 2331 1218 2358 sinceram
1239 2327 1354 2362 requirit
1376 2326 1505 2358 animam,
1533 2331 1613 2358 quaiti
1633 2321 1684 2347 sibi

895 2376 988 2412 jungat
1005 2385 1011 2402 :
1028 2377 1091 2410 quia
1107 2386 1116 2401 ι
1136 2377 1181 2411 qui
1198 2383 1227 2403 se
1239 2372 1360 2408 junxerit
1374 2371 1500 2402 Domino,
1520 2377 1590 2395 unus
1606 2367 1685 2401 spiri-

899 2411 1043 2449 tusest‘".
1058 2431 1067 2447 ι
1086 2421 1162 2449 Unde
1180 2421 1263 2448 etiam
1292 2418 1342 2445 ltoc
1360 2416 1523 2446 ostenditur,
1548 2413 1618 2447 quod
1632 2411 1686 2437 sint

899 2467 1057 2494 differentia:
1080 2472 1250 2502 peccatorum
1279 2470 1305 2493 et
1336 2464 1381 2498 qui
1411 2460 1563 2497 peccaverit
1591 2464 1687 2492 pecca-

900 2518 956 2540 tum
970 2515 1002 2541 ad
1017 2519 1128 2541 tnortettt
1146 2514 1266 2548 ahjectus
1281 2513 1314 2539 sit
1331 2519 1337 2537 :
1353 2511 1396 2544 qtti
1415 2513 1506 2535 autetn
1521 2513 1574 2532 non
1590 2507 1686 2538 peccat

901 2558 933 2584 ad
949 2563 1075 2591 mortem,
1090 2558 1136 2585 sed
1151 2557 1265 2585 inferius
1275 2555 1387 2590 aliquid,
1403 2553 1518 2588 pollutus
1528 2549 1684 2583 sit.Spunsn

893 2626 915 2641 ⁸³
927 2626 1024 2661 Ephes.
1037 2634 1061 2657 ν,
1084 2626 1128 2653 2'1.
1166 2626 1188 2641 ⁸³
1204 2625 1223 2652 ll
1239 2625 1301 2652 Cor.
1320 2631 1358 2655 tv,
1372 2621 1415 2648 16.
1452 2619 1474 2636 ⁸⁸
1488 2617 1587 2646 Jcrctn.
1600 2623 1641 2647 Ill,
1656 2614 1684 2641 4.

900 2706 981 2734 hodie
1004 2710 1089 2736 arma
1103 2695 1169 2733 N153
1185 2712 1193 2728 ι
1216 2710 1306 2729 nonne
1320 2699 1427 2727 amotio.
1447 2708 1456 2725 ι
1472 2696 1624 2736 Verisimile
1637 2703 1685 2722 an-

901 2733 954 2768 lcm
971 2745 1011 2767 (‘st
1025 2733 1167 2773 pruriam:
1181 2747 1197 2774 ut
1215 2737 1310 2774 antodn
1326 2745 1334 2760 i
1358 2734 1529 2774 septuaginta
1549 2733 1684 2774 lutet-pre-

902 2781 943 2803 tcs
957 2766 1054 2809 legisse
1066 2766 1156 2804 navi:
1167 2771 1248 2809 om;
1261 2780 1271 2809 μ
1291 2766 1395 2802 domus,
1415 2779 1424 2795 ι
1446 2766 1515 2795 unde
1531 2766 1681 2794 scribarum

896 2807 997 2838 incuria
1014 2809 1145 2843 prodierit
1164 2817 1172 2833 t
1193 2807 1331 2834 Dominus.
1352 2815 1360 2831 ι
