1894 3058
219 103 272 133 5ιὸ

945 94 1105 126 ORIGENIS

1789 85 1835 114 5II

223 167 313 188 autem
325 159 439 192 Christi,
458 166 547 194 neque
559 158 662 193 abiecta
674 176 682 190 ,
700 163 789 192 neque
803 157 904 192 polluta
920 159 1008 192 potest

1066 158 1118 179 cum
1132 152 1237 185 partus,
1251 147 1302 174 iste
1315 148 1475 179 conceptus,
1493 142 1544 169 ista
1560 145 1624 169 sunt
1637 144 1731 170 sancta
1747 141 1835 194 ωειζηῖ

220 210 301 235 esse,
334 203 381 231 sed
413 203 489 238 virgo
518 202 748 233 incontaminata,
778 201 953 236 incorrupta,
977 205 1005 228 et

221 249 334 276 munda.
354 248 486 275 Memento
507 248 577 275 enim
598 247 733 275 sermonis
747 246 906 280 apostolici,
924 254 1005 281 quem

220 296 300 330 paulo
312 301 375 324 ante
391 296 589 331 proposuimus,
608 295 721 322 dicentis
732 294 755 310 ³⁸
772 302 780 320 :
795 302 806 320 ι
827 294 860 321 ι]ι
876 294 1007 321 exhibeat

221 342 280 376 ipse
288 341 338 369 sibi
356 341 500 376 gloriosam
517 339 679 372 Ecclesiam,
692 347 745 367 non
760 340 904 367 habentem
917 346 1007 366 macu-

222 387 276 414 lam
290 393 378 421 neque
393 393 496 421 rugam,
512 390 558 413 aut
580 386 682 421 aliquid
698 385 840 420 ejusmodi.
858 385 905 413 sed
928 389 957 412 ut
971 385 1008 412 sit

221 437 315 460 sancta
331 436 359 460 et
369 432 555 459 immaculata.
576 440 586 458 ι

255 478 283 505 Ί.
300 479 352 505 Sed
369 483 396 505 et
410 477 583 505 meretricem
599 485 652 504 non
669 478 794 513 accipiet.
811 477 876 510 Quae
893 481 936 504 est
949 477 1009 504 ani-

221 531 263 551 ma
278 524 429 551 meretrix?
441 531 501 558 qua!
515 524 548 550 ad
561 531 590 551 se
605 524 707 559 recepit
726 528 873 555 amatores.
896 523 929 551 de
947 523 1008 558 qui-

222 571 272 597 bus
284 571 350 598 dicit
369 570 500 605 propheta
513 570 535 586 ⁸⁹
552 580 558 597 :
577 579 586 596 ι
605 569 778 597 Meretricata
803 577 832 597 es
852 574 915 604 post
929 576 1008 596 ama-

223 621 296 643 toros
311 621 382 643 tuos.
398 623 407 641 ι
424 616 475 649 ριιί
499 621 562 643 sunt
579 615 621 643 isti
647 619 784 643 amatores
797 616 842 650 qui
856 617 959 642 intrant
974 615 1008 642 ad

223 662 341 688 animant
358 662 544 693 meretricem,
570 661 620 688 nisi
638 662 782 689 contrariae
796 666 954 696 potestates,
980 665 1009 689 et

223 708 377 738 dmmones,
396 708 439 741 qui
468 706 634 733 desiderium
662 707 773 740 capiunt
797 707 1009 742 pulchritudinis

221 753 298 788 ejus?
313 753 428 781 Pulchra
446 761 564 789 namque
581 761 595 780 a
619 753 674 780 Deo
700 757 791 780 creata
810 757 850 781 est
866 753 967 785 anima.
982 757 1009 780 et

1058 197 1112 231 gia,
1133 184 1199 229 qua:
1222 191 1388 220 conveniunt
1400 195 1426 216 et
1446 192 1508 223 apta
1526 191 1589 214 sunt
1604 193 1703 231 magno
1719 184 1835 231 pontiﬁci

1057 230 1168 270 Christo
1179 239 1243 266 Iesu
1261 238 1374 264 Domino
1390 238 1495 265 nostro,
1505 231 1546 260 cui
1560 231 1644 266 gloria
1656 235 1683 258 et
1697 230 1838 265 imperium

1058 288 1084 315 in
1097 285 1193 315 smcula
1208 283 1381 312 saeculorum.
1393 280 1488 308 Amen.

1332 347 1473 377 IIOMILIA
1492 347 1561 375 XIII.

1059 411 1098 438 De
1111 410 1203 437 diebus
1228 408 1313 441 festis,
1333 411 1358 433 et
1373 405 1492 435 lucerna,
1511 408 1535 430 et
1559 400 1730 441 can-delubro,
1743 404 1767 426 et
1787 397 1838 441 oleo

1095 447 1129 472 ad
1154 437 1253 477 lumen,
1270 437 1351 470 et'de
1377 446 1484 471 mensa,
1508 443 1532 464 et
1550 437 1661 472 panibus
1683 437 1840 470 propositio-

1094 481 1134 508 m's
1148 479 1183 506 ".

1095 538 1122 565 l.
1133 536 1185 570 Qui
1202 535 1338 570 perfectus
1350 537 1408 564 est,
1422 531 1456 559 ab
1468 531 1527 565 ipso
1542 529 1597 556 Deo
1618 528 1735 555 docetur
1754 524 1787 551 de
1798 530 1839 550 so-

1059 582 1231 611 lemnitatum
1247 576 1516 611 ratione,ethomine
1530 575 1563 602 ad
1578 574 1636 600 haec
1647 570 1776 598 discenda
1787 575 1840 596 ma-

1059 629 1143 664 gistro
1165 634 1218 654 non
1235 625 1332 657 utitur,
1349 623 1397 651 sed
1417 630 1431 650 a
1457 622 1512 649 Deo
1526 619 1619 651 discit,
1640 617 1664 645 si
1682 617 1745 666 quis
1759 618 1841 666 potest

1059 661 1158 709 capere
1170 673 1217 700 Dei
1233 679 1337 699 vocem.
1353 669 1403 703 Qui
1418 673 1509 695 autem
1522 674 1575 694 non
1592 669 1633 692 est
1653 663 1727 709 talis,
1742 661 1789 689 sed
1804 661 1841 688 in-

1059 720 1155 751 ferior,
1170 719 1250 746 discit
1270 717 1305 744 ab
1321 723 1354 743 eo
1371 715 1417 749 qui
1435 712 1561 741 didicerit
1579 718 1594 738 a
1614 709 1680 736 Deo.
1705 708 1769 734 Haec
1782 713 1842 741 ergo

1059 770 1100 793 est
1111 766 1144 791 de
1153 761 1371 791 solemnitatibus
1380 759 1477 794 duplex
1486 757 1609 792 quasdam
1621 755 1692 782 ratio
1705 753 1840 780 doctrinm.

222 799 288 825 satis
309 800 418 826 decora.
443 798 511 825 Audi
539 797 675 833 quomodo
699 798 756 832 ipse
783 797 853 825 Deus
877 797 944 825 dicit
956 798 979 813 "
1000 806 1006 824 :

1066 810 1132 842 Una,
1146 816 1198 844 qua
1211 807 1360 834 illuminata
1377 811 1424 839 per
1439 802 1564 838 spiritum
1588 798 1750 848 prophetica
1771 801 1841 845 meo:

225 850 234 866 ε
247 844 390 872 Faciamus
402 845 538 871 hominem
555 844 587 871 ad
605 844 750 878 imaginem
762 848 789 871 et
803 844 1007 871 similitudinem

224 894 358 917 nostram.
376 899 384 915 ι
406 889 472 917 Vide
488 890 563 924 cujus
575 889 692 919 decoris.
709 889 787 924 cujus
801 889 1010 924 pulchritudinis

223 941 266 963 est
292 936 381 962 anima
411 943 470 969 quae
496 935 641 970 imaginem
659 935 739 962 habet
755 940 783 962 et
805 935 1009 962 similitudinem

225 979 283 1006 Dt-i.
296 978 370 1007 Hane
384 979 612 1014 pulchritudinem
625 973 770 1006 contrariae
788 983 934 1014 potestates
948 986 1009 1005 cum

224 1024 371 1058 a-pieiunt,
385 1024 411 1051 id
426 1029 467 1052 est
490 1025 615 1052 diabolus
631 1029 658 1051 et
679 1024 767 1059 angeli
788 1024 860 1058 ejus,
881 1025 1010 1058 concupi-

224 1074 304 1097 scunt
319 1070 436 1104 speciem
461 1070 559 1104 ipsius;
577 1070 622 1104 qui
644 1070 709 1104 quia
725 1077 777 1096 non
794 1074 905 1103 possunt
919 1069 1010 1104 sponsi

223 1115 283 1148 ejus
295 1114 365 1148 ﬁeri,
384 1116 551 1143 meretricari
568 1116 681 1150 cupiunt
697 1122 758 1142 cum
771 1123 813 1142 ea.
823 1115 852 1143 Si
871 1122 937 1151 ergo
950 1123 1011 1142 sus-

225 1161 342 1194 ceperis.
366 1169 382 1188 ο
409 1160 502 1194 homo,
522 1161 547 1187 in
564 1160 645 1188 cubili
670 1162 767 1188 animae
785 1165 836 1188 tua:
858 1161 1010 1188 adulterum

226 1206 372 1238 diabolum,
396 1206 568 1233 meretricata
585 1211 625 1233 est
641 1206 730 1233 anima
749 1210 793 1233 tua
815 1214 875 1234 cum
892 1206 1010 1235 diabolo.

226 1249 255 1277 Si
276 1251 413 1285 receperis
430 1251 541 1286 angelos
557 1251 626 1284 ejus,
645 1252 667 1278 si
685 1252 798 1286 spiritus
815 1252 950 1285 diversos.
965 1252 1012 1287 qui

226 1302 340 1328 peccare
356 1300 381 1323 te
394 1296 518 1329 suadent,
531 1297 707 1324 meretrieata
729 1301 771 1324 est
783 1304 844 1324 cum
866 1298 906 1325 eis
920 1299 1011 1325 anima

227 1344 272 1366 tua
288 1334 331 1372 ;si
346 1340 459 1374 spiritus
475 1342 537 1374 irae,
555 1342 576 1369 si
590 1342 710 1374 invidiae,
728 1342 749 1369 si
768 1343 912 1378 superbiae,
928 1344 949 1371 si
963 1344 1015 1371 im-

227 1384 367 1418 pudicitiae
384 1386 526 1420 ingressus
544 1386 626 1414 fuerit
640 1388 674 1414 ad
694 1387 814 1414 animam
830 1393 913 1420 tuam,
928 1393 956 1416 et
973 1396 1015 1416 re-

227 1429 333 1463 ceperis
353 1438 414 1457 eum
427 1451 435 1462 ,
456 1435 482 1458 ct
499 1432 670 1458 consenseris
686 1433 710 1459 ei
727 1433 848 1467 loquenti
878 1433 906 1460 in
932 1433 1013 1461 corde

1060 840 1182 888 docetur,
1198 861 1269 888 quae,
1287 858 1316 879 ut
1341 852 1376 878 ita
1399 850 1499 880 dicam,
1523 846 1609 881 magis
1627 844 1725 871 intuitu
1750 840 1842 868 mentis

1061 901 1174 929 discitur
1189 906 1272 934 quam
1292 904 1360 925 sono
1378 895 1464 926 vocis,
1483 902 1532 929 per
1551 899 1631 928 quam
1648 891 1755 934 veritas?
1771 888 1841 922 ipsa,

1060 954 1113 974 non
1131 933 1226 972 umbra
1247 947 1275 970 et
1290 943 1380 977 imago
1394 939 1519 967 veritatis
1541 935 1713 972 agnoscitur.
1735 933 1769 960 Hi
1784 937 1843 958 vero

1061 991 1107 1025 qui
1121 990 1206 1025 ipsam
1223 987 1269 1015 Dei
1283 986 1435 1014 claritatem
1452 989 1550 1018 capere
1570 989 1623 1009 non
1646 983 1780 1025 possunt,
1798 983 1842 1003 nec

1062 1024 1147 1063 totum
1164 1033 1298 1068 fulgorem
1316 1030 1440 1058 veritatis
1460 1029 1564 1056 intenta
1590 1026 1689 1053 mentis
1711 1024 1770 1051 acie
1784 1030 1843 1068 con-

1064 1079 1174 1116 spicari,
1184 1066 1298 1105 audiunt
1317 1077 1349 1104 de
1364 1073 1582 1113 solemnitatibus
1596 1070 1718 1099 secundo
1739 1069 1797 1116 loco
1813 1066 1843 1093 ab

1063 1114 1117 1156 his,
1134 1124 1180 1158 qui
1199 1122 1289 1158 primo
1305 1121 1473 1152 didicerunt;
1496 1123 1523 1145 et
1547 1125 1609 1144 cum
1636 1117 1689 1143 illis
1706 1114 1841 1142 veritatem

1064 1177 1155 1197 rerum
1169 1169 1228 1203 ipsa
1244 1166 1423 1201 inspectiouis
1437 1163 1591 1199 proprietas
1606 1162 1725 1191 dederit,
1736 1160 1768 1186 ad
1783 1159 1841 1185 istos

1062 1214 1186 1242 veritatis
1201 1213 1326 1240 umbram
1343 1210 1449 1245 profert
1463 1209 1538 1237 solus
1556 1208 1677 1235 auditus.
1691 1205 1775 1238 Hujus
1792 1211 1842 1238 my-

1064 1259 1138 1288 sterii
1158 1258 1302 1294 Apostolus
1319 1256 1446 1285 conscius
1465 1255 1573 1283 dicebat
1595 1253 1628 1280 de
1645 1251 1766 1283 Iudaeis,
1785 1249 1841 1284 quia

1067 1314 1077 1331 ι
1092 1305 1194 1332 umbra:
1216 1308 1243 1331 et
1263 1301 1412 1337 exemplari
1441 1299 1598 1328 deserviunt
1619 1296 1772 1325 ccelestium
1787 1295 1818 1321 ".
1832 1303 1840 1318 ι

1065 1350 1122 1385 Ipsa
1139 1350 1210 1377 enim
1226 1348 1347 1376 ctelestia
1363 1346 1465 1380 Moyses
1475 1343 1759 1374 vidisse-describitur,
1773 1346 1843 1375 typos

1065 1401 1157 1422 autem
1172 1399 1200 1422 et
1218 1394 1351 1428 imagines
1366 1399 1460 1419 eorum
1477 1398 1537 1424 qua:
1555 1390 1661 1417 viderat
1678 1387 1779 1423 populo
1796 1391 1842 1412 tra-

1066 1439 1178 1467 didisse.
1200 1439 1246 1466 Sic
1263 1439 1336 1466 enim
1352 1437 1384 1464 ad
1398 1445 1459 1464 eum
1478 1437 1595 1463 divinqu
1608 1435 1676 1462 dicit
1691 1432 1841 1467 eloquium:

228 1477 284 1505 tuo,
302 1475 452 1502 delectatus
469 1475 553 1503 fueris
567 1476 610 1503 his
627 1484 686 1511 qua:
702 1477 749 1504 tibi
771 1478 918 1505 secundum
935 1486 1012 1506 suam
1028 1481 1051 1512 ς
1068 1494 1079 1511 α
1098 1485 1175 1517 Vide,
1202 1484 1290 1519 inquit
1304 1483 1340 1515 ιθ,
1361 1483 1452 1510 omnia
1467 1482 1550 1509 facito
1566 1480 1715 1508 secundum
1737 1477 1841 1505 formam

227 1525 347 1548 mentem
370 1522 501 1556 suggerit,
523 1523 714 1550 merelricatus
728 1531 758 1550 es
774 1530 835 1550 cum
860 1531 902 1551 eo.
926 1518 1014 1552 Mere-

227 1567 324 1593 tricem
340 1574 405 1601 ergo
419 1575 470 1594 non
491 1568 608 1600 accipiet
632 1568 760 1596 sacerdos
774 1577 898 1605 magnus,
917 1574 945 1597 et
961 1577 1014 1596 non

227 1613 427 1639 contaminabit
443 1621 538 1640 semen
555 1621 632 1640 suum
647 1614 673 1640 iu
689 1615 787 1649 populo
802 1623 864 1642 suo.
883 1615 960 1648 Quod
973 1619 1016 1643 est

230 1658 304 1685 istud
322 1666 415 1685 semen
429 1659 500 1693 quod
524 1659 705 1686 contaminari
721 1667 773 1687 non
788 1660 865 1688 vult?
881 1660 908 1688 In
928 1660 1016 1688 Evan-

228 1704 306 1739 geliis
318 1705 451 1739 scriptum
469 1710 511 1733 est
526 1705 546 1721 “
562 1714 569 1731 :
587 1714 597 1731 ι
616 1705 666 1738 Qui
683 1706 819 1740 seminat,
846 1706 956 1734 verbum
973 1713 1016 1734 se-

230 1751 323 1780 minat.
341 1761 350 1777 ι
369 1751 427 1778 Non
442 1752 498 1779 vult
514 1759 577 1787 ergo
593 1753 775 1780 contaminari
789 1753 901 1781 verbum
920 1753 966 1781 Dei
982 1755 1016 1780 ab

229 1796 272 1823 his
283 1798 328 1831 qui
347 1798 495 1824 seminant.
511 1798 561 1831 Qui
579 1803 644 1826 sunt
658 1805 725 1832 ergo
741 1799 788 1833 qui
801 1799 956 1826 seminant?
970 1799 1015 1833 qui

227 1843 340 1870 verbum
367 1845 412 1871 Dei
441 1845 467 1871 in
492 1845 612 1872 Ecclesia
631 1845 784 1880 proferunt.
805 1846 924 1873 Audiant
952 1853 1016 1880 ergo

227 1890 370 1924 doctores,
399 1899 431 1918 ne
457 1891 527 1919 forte
547 1892 645 1919 animm
673 1892 883 1925 contaminata,
913 1892 1014 1920 anima

230 1937 431 1969 meretricanti,
448 1938 545 1965 animae
564 1937 756 1965 inIideliverba
774 1938 819 1964 Dei
834 1939 964 1971 credant,
983 1945 1017 1965 ne

228 1981 298 2010 forte
313 1983 421 2009 mittant
436 1990 560 2010 sanctum
576 1985 690 2011 canibus
717 1988 744 2010 et
771 1984 932 2018 margaritas
951 1988 1016 2010 ante

229 2035 345 2062 porcos:
363 2029 409 2055 sed
427 2029 533 2056 animas
549 2029 672 2060 mundus,
701 2029 823 2063 virgines
842 2029 868 2055 in
886 2029 1016 2063 simplici-

230 2079 286 2100 tate
305 2074 365 2100 ﬁdei
380 2082 440 2108 quae
454 2074 480 2101 in
499 2074 606 2102 Christo
626 2080 667 2102 est
679 2075 792 2109 eligant,
811 2074 876 2110 ipsis
892 2075 1017 2102 commit-

230 2123 289 2146 tant
302 2124 406 2147 secreta
422 2121 563 2155 mysteria,
593 2120 658 2154 ipsis
675 2120 787 2147 verbum
803 2119 859 2152 Dei,
876 2125 903 2147 et
916 2128 1014 2147 arcana

230 2164 291 2191 Iidei
310 2165 608 2200 25ﬁproloquantur.
627 2171 653 2192 ut
667 2167 692 2192 in
707 2166 771 2201 ipsis
783 2166 906 2194 Christus
916 2167 1014 2194 forme-

230 2214 272 2235 tur
286 2217 333 2243 per
347 2210 436 2237 (idem.
452 2210 491 2236 Au
509 2210 619 2237 nescitis
632 2212 695 2244 quia
715 2219 746 2237 cx
760 2212 810 2239 isto
823 2212 925 2239 semine
939 2212 1012 2239 verbi

231 2255 275 2280 Dei
293 2255 363 2289 quod
381 2255 541 2288 seminatur,
557 2256 683 2282 Christus
703 2256 822 2283 nascitur
837 2257 862 2282 in
876 2256 958 2283 corde
966 2264 1014 2283 au-

229 2300 367 2327 diturum?
383 2300 439 2327 lloc
452 2301 522 2327 cuitu
535 2301 680 2334 Apostolus
694 2301 759 2328 dicit
770 2302 792 2317 "
809 2309 815 2328 :
836 2311 845 2326 ι
857 2301 946 2328 Donec
958 2301 1014 2328 for-

230 2352 318 2373 metur
338 2347 464 2374 Christus
482 2347 507 2373 in
526 2347 612 2374 vobis.
632 2357 641 2373 I
659 2347 783 2382 Concipit
798 2355 864 2382 ergo
876 2347 965 2374 anima
981 2354 1013 2374 ex

229 2393 280 2420 hoc
302 2393 377 2419 verbi
396 2393 509 2426 semine,
526 2398 553 2420 et
575 2399 733 2428 conceptum
751 2394 849 2420 format
868 2394 894 2421 in
910 2401 939 2421 sc
954 2400 1014 2420 ver-

231 2438 306 2471 bum,
319 2439 406 2465 doncc
424 2439 513 2473 pariat
538 2439 663 2473 spirituum
681 2439 786 2466 timoris
808 2438 865 2466 Dei.
881 2439 926 2466 Sic
942 2440 1013 2465 enim

230 2492 279 2518 per
311 2485 469 2520 prophetam
501 2485 596 2512 dicunt
614 2485 711 2512 animus
731 2491 887 2512 sanctorum
902 2484 924 2500 "
942 2492 949 2510 :
970 2493 979 2509 (
996 2485 1015 2510 A

232 2532 329 2558 timore
344 2537 400 2564 tuo,
415 2531 539 2564 Domine,
556 2531 728 2565 concepimus
743 2530 768 2557 in
782 2535 868 2563 utero,
887 2535 913 2557 et
923 2535 1017 2565 partu-

232 2577 358 2609 rivimus,
372 2583 399 2603 et
417 2577 570 2612 peperimus
581 2578 705 2611 spiritum
715 2576 808 2603 salutis
825 2582 874 2603 unc
891 2584 968 2610 quem
978 2576 1017 2603 fe-

233 2624 320 2650 cimus
339 2632 420 2658 super
438 2629 551 2651 terram.
570 2633 579 2649 ι
597 2623 649 2651 Istc
669 2628 709 2650 est
725 2628 882 2651 sanctarum
910 2622 1014 2648 attinnt—

278 2689 299 2704 "‘
317 2690 416 2723 Ephes.
430 2698 455 2719 ν,
473 2690 518 2717 27.
568 2690 590 2705 ”
605 2690 701 2716 lizerh.
721 2697 774 2716 xw.
823 2689 845 2704 ⁹⁰
859 2689 927 2716 Gen.
947 2696 965 2717 ι.
981 2688 1025 2714 26.

235 2724 276 2752 18.
314 2725 337 2740 ³³
357 2724 418 2751 ch.
438 2733 502 2752 xxm
516 2730 628 2752 ctxxn'.
675 2725 698 2741 ⁹⁸
715 2725 796 2752 llebr.
814 2732 871 2755 vnl,
893 2725 918 2750 5.

957 2723 980 2739 ¹¹⁶
994 2722 1058 2749 ibid.

1065 1539 1126 1566 quae
1139 1535 1249 1558 Ostensa
1267 1534 1308 1557 cst
1324 1528 1371 1555 tibi
1391 1528 1417 1554 iu
1431 1531 1531 1554 monte.
1550 1535 1559 1552 ι
1576 1525 1641 1552 Tale
1651 1532 1718 1560 ergo
1732 1521 1842 1557 estquol

1065 1581 1093 1604 et
1105 1576 1133 1603 in
1148 1576 1199 1604 hoc
1213 1574 1273 1602 loco
1288 1574 1434 1602 recitatum
1451 1578 1507 1604 est,
1521 1573 1583 1607 quia
1600 1571 1731 1598 Dominus
1747 1571 1843 1597 locutus

1066 1622 1150 1650 fuerit
1166 1622 1200 1649 de
1213 1619 1438 1648 solemnitatibus
1455 1619 1489 1646 ad
1506 1618 1625 1653 Moysen.
1642 1616 1676 1644 Et
1689 1620 1751 1650 post
1769 1615 1821 1641 haec
1835 1621 1840 1638 :

1069 1677 1078 1694 t
1090 1668 1122 1695 Et
1138 1667 1242 1694 locutus
1253 1670 1296 1693 est.
1311 1665 1428 1700 Moyses,
1440 1664 1570 1698 inquit",
1583 1663 1642 1690 dies
1650 1658 1842 1695 soleumes(99)

1067 1713 1172 1740 Domini
1185 1712 1231 1740 Dei
1245 1712 1310 1739 [iliis
1327 1711 1419 1739 Israel.
1432 1721 1441 1737 ι
1454 1711 1599 1737 Transacto
1612 1715 1678 1736 vero
1695 1709 1728 1734 de
1742 1706 1780 1733 his
1793 1712 1842 1732 ser-

1067 1765 1147 1786 mone
1166 1758 1306 1785 videamus
1332 1756 1397 1791 quid
1420 1760 1482 1790 post
1510 1755 1568 1782 hanc
1586 1753 1717 1781 edocetur
1737 1751 1841 1785 Moyscs.

1068 1803 1159 1830 Primo
1175 1802 1208 1829 de
1221 1801 1331 1828 lucerna
1344 1804 1372 1827 et
1383 1798 1561 1830 candelabro,
1571 1802 1598 1824 et
1607 1796 1666 1823 oleo
1682 1794 1754 1830 quod
1771 1793 1793 1820 ei
1809 1792 1843 1818 in-

1067 1847 1204 1880 funditur;
1218 1846 1337 1874 secundo
1352 1845 1412 1873 loco
1428 1845 1461 1872 de
1478 1850 1568 1870 mensa
1581 1862 1589 1874 ,
1606 1847 1632 1869 et
1653 1841 1769 1876 panibus
1786 1844 1841 1872 pro-

1067 1892 1219 1927 positionis,
1237 1898 1269 1918 ac
1282 1898 1394 1918 numero
1405 1897 1507 1919 eorutn.
1521 1893 1548 1915 et
1560 1888 1606 1922 qui
1621 1889 1661 1914 eis
1671 1887 1710 1914 uti
1725 1886 1841 1913 debeant.

1067 1938 1242 1966 Intendamus
1255 1944 1321 1972 ergo
1335 1937 1456 1963 animum
1472 1934 1632 1969 diligentius
1648 1934 1692 1960 his
1708 1940 1767 1967 quae
1783 1929 1842 1958 scri-

1068 1989 1111 2018 pta
1124 1988 1196 2015 sunt,
1213 1988 1239 2010 et
1250 1983 1283 2010 ad
1297 1983 1356 2010 hanc
1373 1980 1556 2016 dignoscenda
1573 1978 1685 2006 concedi
1702 1978 1776 2005 nobis
1788 1982 1841 2010 gra-

1069 2028 1132 2054 tiatn
1160 2027 1265 2054 Domini
1288 2027 1476 2061 deprecemur,
1501 2029 1529 2051 ut
1553 2025 1578 2051 in
1601 2024 1643 2051 his
1663 2030 1724 2058 qua
1739 2021 1841 2056 legimus

1068 2072 1242 2105 Iitteris,quze
1259 2073 1295 2099 sit
1310 2073 1435 2099 voluntas
1463 2071 1549 2098 sancti
1575 2069 1695 2104 Spiritus
1723 2072 1842 2102 agnosra-

1070 2125 1139 2145 mus.
1161 2126 1170 2143 t
1189 2118 1318 2152 t’rmcipe,
1332 2116 1420 2151 inquit
1431 2116 1466 2148 ’⁸,
1483 2115 1546 2143 [iliis
1564 2114 1658 2146 Israel,
1676 2119 1706 2140 ut
1729 2111 1841 2140 deferant

1071 2164 1117 2192 tibi
1131 2164 1221 2191 oleum
1236 2163 1268 2190 de
1285 2163 1363 2190 olivis
1379 2161 1508 2189 mundum
1521 2168 1681 2195 expressum
1695 2159 1727 2186 ad
1750 2158 1839 2185 lumetb

1070 2215 1099 2237 ut
1117 2210 1210 2236 ardeat
1225 2209 1333 2236 lucerna
1358 2215 1464 2243 semper
1481 2211 1558 2235 extra
1574 2207 1663 2234 velum
1686 2207 1712 2233 in
1730 2204 1841 2231 taberna-

1071 2257 1133 2284 culo
1150 2255 1308 2288 testimonii,
1331 2259 1358 2282 et
1374 2255 1523 2281 accendent
1541 2253 1614 2280 illam
1635 2253 1726 2279 Aaron
1748 2254 1773 2277 et
1796 2247 1836 2275 ﬁlii

1069 2302 1127 2338 ejus
1141 2311 1154 2329 a
1172 2309 1284 2337 vespere
1298 2307 1382 2335 usque
1401 2300 1426 2327 in
1444 2308 1523 2327 tuane
1538 2304 1632 2326 contra
1650 2298 1790 2325 Dominum
1807 2294 1841 2320 itt-

1069 2348 1238 2379 dcsiuenler,
1246 2346 1396 2381 legitimum
1406 2345 1535 2372 mternale
1545 2345 1571 2371 itt
1585 2344 1729 2379 progenies
1737 2346 1840 2369 veslras.

1070 2394 1097 2420 In
1125 2392 1288 2419 candelabro
1306 2392 1406 2418 mundo
1428 2391 1583 2418 accendelis
1607 2390 1732 2416 lucernas
1755 2390 1839 2414 contra

1068 2437 1211 2465 Dominum
1226 2443 1309 2471 usque
1324 2443 1410 2462 mane.
1426 2444 1435 2461 ι
1450 2435 1646 2462 Candelabrum
1664 2433 1786 2460 mundum
1801 2437 1842 2455 uo-

1070 2484 1164 2515 miual,
1181 2483 1305 2510 lucernas
1331 2481 1442 2509 accendi
1469 2489 1516 2517 per
1541 2481 1695 2516 pontiﬁcem
1718 2480 1798 2515 jubet.
1818 2481 1841 2502 ct

1068 2536 1162 2555 earum
1180 2528 1268 2555 lumen
1293 2528 1441 2554 ministrari
1464 2535 1496 2554 ex
1517 2527 1576 2554 oleo
1591 2526 1663 2561 quod
1679 2526 1756 2552 datur
1770 2530 1782 2549 a
1798 2529 1838 2556 p0-

1071 2574 1134 2609 pulo
1152 2574 1290 2608 prmcepit.
1317 2573 1411 2607 Itaque
1427 2573 1477 2599 nisi
1499 2572 1604 2599 dederit
1619 2571 1707 2598 oleum
1723 2566 1837 2603 popttlua‘.

1072 2621 1131 2648 sine
1145 2620 1226 2647 dubio
1242 2619 1433 2653 exstingui-tur
1447 2619 1555 2646 lucerna
1567 2639 1574 2650 ,
1587 2622 1613 2644 et
1629 2625 1682 2644 non
1696 2616 1745 2643 crit
1761 2614 1838 2640 lutneu

1066 2687 1086 2704 ν’
1106 2686 1188 2713 Marc.
1210 2693 1246 2717 tv,
1272 2687 1313 2712 HL.
1375 2685 1496 2713 "Galat.
1513 2693 1547 2715 Iv.
1564 2685 1606 2712 I9.
1659 2683 1742 2709 "lsa.
1772 2685 1837 2708 χχιιι

1097 2722 1118 2737 υτ
1137 2721 1221 2748 Levit.
1240 2729 1320 2751 mu.
1334 2721 1377 2748 II.
1416 2722 1438 2737 ”‘
1453 2721 1538 2749 Lcrit.
1561 2727 1634 2752 xxrv,
1651 2719 1661 2745 I
1678 2725 1703 2746 ct
1717 2723 1786 2750 seqq.

271 2780 327 2814 (99)
348 2781 426 2808 Libb.
450 2782 525 2813 edui,
546 2790 555 2807 t
576 2782 608 2808 de
625 2782 719 2809 diebus
742 2780 922 2812 solemnibus,
944 2789 952 2805 ι
972 2779 1018 2806 sed
1037 2787 1099 2805 mss.
1122 2782 1148 2804 ul
1164 2778 1189 2806 in
1206 2784 1297 2806 nostro
1310 2784 1394 2806 textu.
