1894 3058
64 143 111 171 545

636 143 669 171 ΙΝ
690 143 879 172 LEVITICUM
899 142 1040 174 IIOMILIA
1056 143 1125 172 XIII.

1637 149 1694 177 546

67 207 90 232 iu
103 204 216 232 sanctis.
232 205 395 233 Secundum
411 205 529 233 litteram
541 212 606 240 ergo
620 204 677 233 hate
687 210 747 232 erat
758 213 855 233 conse-
870 210 891 237 Α
906 205 959 234 alio
976 205 1035 233 loco
1061 205 1166 235 semitm
1180 208 1290 234 aternas
1320 205 1506 234 nominantur.
1530 207 1598 241 Quia
1623 215 1690 243 ergo

67 252 190 285 quentia,
208 255 238 278 ιιι
255 252 398 279 conferret
419 251 533 286 populus
554 251 643 279 oleum
665 252 796 279 mundum
821 252 855 280 de

68 299 141 324 olivis
157 305 338 332 expressum,
359 302 389 324 ut
418 305 451 324 ex
476 305 508 324 eo
534 298 737 325 ntinistraretur
765 298 854 326 lumen

69 343 199 376 lucerna;
219 348 247 370 et
261 343 354 370 Aaron
380 343 546 370 accendebat
562 343 686 370 lucernas
703 351 718 371 a
742 351 854 379 vespera

69 397 150 423 usque
169 397 261 421 mane,
283 388 412 416 fomentis
432 389 484 416 olei
502 389 574 423 quod
591 389 745 416 contulerat
769 397 853 424 popu-

70 435 118 467 Ius,
133 435 228 484 Ιιιιιιίιιί
242 434 371 484 pabuolum
386 436 520 470 prmbens.

100 481 127 507 2.
145 479 244 508 Verum
266 479 394 515 quoniam
416 481 459 508 lex
475 480 606 515 spiritalis
623 485 681 512 est,
698 485 822 515 petamus
838 488 853 508 a

71 527 185 554 Domino
208 527 244 561 (si
262 532 355 554 tamen
374 526 497 555 conversi
522 533 615 553 sumus
641 526 674 553 ad
701 526 853 562 Dominum)

70 572 170 599 auferri
197 572 279 599 nobis
293 572 419 600 velamen
438 571 472 599 de
494 572 609 599 lectione
629 571 736 599 Veteris
758 571 853 601 Testa-

70 619 163 649 menti,
182 621 212 644 ut
229 618 367 652 possimus
380 617 520 644 advertere
532 625 591 652 qua:
613 617 682 644 ratio
695 617 731 644 sit
753 618 853 646 cande-

70 663 149 696 labri,
166 663 208 689 vel
223 663 395 689 lucernarum
409 661 467 696 ejus
482 663 630 689 secundum
649 662 854 699 intelligentiam

69 708 228 742 spiritalem.
242 708 313 735 Ante
323 708 468 735 adventum
478 707 584 735 Domini
599 706 724 735 meiJesu
738 707 854 740 Christi,

70 754 108 781 sol
119 761 173 780 non
187 755 326 781 oriebatur
342 753 439 788 populo
460 753 611 785 lsrael,sed
624 753 742 781 lucernae
755 753 855 781 lumine

69 802 203 828 utebatur.
221 800 341 827 Lucertta
356 801 429 828 enim
440 803 499 827 erat
515 800 586 834 apud
601 807 649 827 eos
666 807 757 827 sermo
775 800 853 835 legis,

68 851 93 872 et
110 853 204 873 sermo
219 845 405 880 propheticus,
422 845 492 872 intra
512 849 644 880 angustos
667 846 793 873 conclusa
807 853 855 880 pa-

69 892 164 923 rietes,
184 899 246 926 quae
269 899 322 918 non
350 894 459 926 poterat
481 890 508 917 in
534 890 628 920 orbem
654 895 733 919 terrae
764 891 854 922 lumen

67 936 218 963 eﬂ'undere.
246 937 320 966 lutra
346 936 469 964 Judatam
496 943 615 971 namque
644 936 855 967 concludebatur

68 983 182 1009 scientia
195 982 254 1015 Dei,
272 983 341 1010 sicut
353 987 380 1010 et
401 982 535 1017 Propheta
553 981 618 1009 dicit
628 983 650 999 ⁸³
669 991 676 1009 :
691 992 700 1009 t
717 982 803 1011 Nonis
827 985 855 1012 itt

67 1028 158 1056 Iuthea
179 1029 261 1056 Deus.
281 1038 291 1055 ι
308 1028 358 1056 Ubi
374 1036 438 1060 vero
454 1035 566 1057 exortus
577 1035 619 1058 est
630 1030 669 1058 sol
679 1030 791 1064 justitia:
804 1030 855 1058 Do-

69 1075 158 1102 minus
180 1079 209 1104 et
228 1075 352 1102 Salvator
367 1079 471 1108 noster,
491 1081 518 1103 et
541 1081 621 1104 natus
639 1081 681 1104 est
695 1077 737 1106 vir
752 1078 785 1104 de
801 1084 855 1111 quo

69 1121 199 1155 scriptum
211 1125 254 1148 est
267 1120 276 1135 ¹
293 1131 298 1148 ;
317 1129 327 1147 t
344 1121 415 1149 Ecce
429 1121 480 1155 vir,
499 1120 597 1149 Oriens
614 1129 711 1149 nomen
725 1127 768 1150 est
780 1123 822 1155 ei;
843 1133 852 1149 ι

68 1174 115 1200 per
135 1167 297 1194 universutn
320 1167 451 1195 mundum
474 1167 596 1195 scientite
613 1168 660 1196 Dei
675 1169 767 1196 lumen
787 1169 855 1196 τιτυ-

68 1219 125 1238 sum
137 1217 192 1240 est.
204 1212 302 1240 Sermo
316 1220 380 1248 ergo
391 1213 466 1249 legis,
476 1219 504 1242 et
512 1221 601 1241 sermo
613 1215 786 1249 propheticus
796 1220 855 1243 erat

68 1257 179 1285 lucerna
193 1258 304 1291 ardens,
320 1259 368 1287 sed
387 1259 503 1287 ardebat
525 1260 596 1287 intra
610 1260 705 1292 tndem,
722 1268 772 1288 nec
785 1260 854 1288 ultra

66 1309 174 1339 poterat
198 1305 326 1333 emittere
351 1305 525 1341 splendorem
550 1314 642 1334 suum.
662 1306 740 1340 Quod
763 1313 853 1334 autent

67 1358 157 1380 sermo
172 1350 241 1386 legis
253 1355 282 1379 et
295 1352 489 1386 prophetarum
504 1352 615 1380 lucerna
633 1352 750 1386 dicatur,
765 1353 855 1380 Domi—

68 1404 116 1424 nus
140 1397 201 1431 ipse
218 1404 270 1424 nos
283 1397 376 1425 docuit
392 1398 486 1426 dicens
509 1399 542 1426 de
566 1398 671 1427 Joanne
687 1399 806 1434 Baptista
820 1400 831 1418 ι
845 1407 852 1425 :

69 1451 79 1468 t
89 1442 135 1470 llis
148 1447 210 1470 erat
225 1442 334 1471 lucerna
351 1444 449 1472 ardens
463 1449 490 1472 et
503 1444 608 1477 lucens.
627 1449 654 1472 et
668 1453 716 1472 vos
732 1445 855 1473 voluistis

67 1489 99 1516 ad
113 1488 210 1516 horam
224 1488 362 1517 exsultare
376 1489 403 1517 in
417 1489 518 1517 lumine
530 1489 600 1525 ejus.
614 1499 623 1516 ι
635 1490 669 1517 Bt
679 1490 742 1518 alibi
757 1491 822 1518 dicit
833 1491 853 1524 ³,

66 1534 155 1583 quiat
174 1534 218 1562 lex
232 1539 260 1562 et
276 1536 415 1583 prophetat
426 1543 510 1571 usque
524 1536 559 1564 ad
571 1536 714 1583 Joannem.
725 1545 735 1563 ι
752 1536 855 1583 Lucer-
868 1553 890 1583 α

69 1588 101 1608 na
126 1581 221 1616 itaque
241 1581 342 1608 ardens
354 1580 526 1613 estJoannes,
536 1582 623 1616 inquo
636 1581 853 1610 lexconcluditur

66 1631 93 1653 et
105 1626 258 1662 prophetae.
277 1626 366 1654 Donec
376 1634 440 1661 ergo
451 1628 565 1662 populus
574 1627 620 1655 ille
633 1628 750 1655 habebat
763 1627 851 1655 oleum

67 1674 135 1708 quod
149 1673 291 1701 conferret
300 1674 333 1701 ad
347 1673 450 1707 lumen,
464 1674 577 1701 lucertta
588 1681 640 1700 non
651 1677 693 1700 est
708 1674 851 1700 exstincta.

68 1719 116 1746 Ubi
134 1727 200 1747 vero
219 1719 318 1747 defecit
335 1720 360 1747 in
376 1720 417 1747 eis
433 1719 523 1747 oleum
547 1719 749 1750 misericordiae,
764 1718 851 1746 oleum

66 1772 176 1800 operum
195 1766 340 1797 bonorum,
350 1773 399 1793 nec
412 1765 521 1793 inventa
537 1769 580 1792 est
591 1764 660 1799 apud
675 1772 722 1792 eos
736 1765 851 1799 puritas,

67 1819 162 1846 purum
175 1818 294 1846 namque
305 1811 395 1840 oleutn
406 1811 578 1846 quaerebatur
587 1811 620 1838 ad
634 1810 736 1843 lumen,
748 1815 776 1837 et
788 1810 851 1844 quia

67 1857 163 1885 deiecit
179 1857 206 1885 in
221 1858 262 1886 eis
278 1857 366 1885 oleum
387 1858 598 1890 misericordia,
625 1857 779 1885 necessario
804 1863 853 1884 ex-

65 1905 163 1933 stincta
181 1905 291 1933 lucerna
305 1908 356 1932 est.
371 1903 425 1932 Sed
439 1904 502 1939 quid
516 1904 636 1932 dicemus
647 1903 713 1939 quia
727 1903 778 1931 illis
795 1902 853 1930 haec

67 1953 227 1982 evenerunt,
242 1956 257 1976 a
275 1949 354 1977 nobis
369 1956 436 1976 vero
450 1948 542 1976 aliena
557 1953 621 1976 sunt
639 1947 709 1975 ista?
721 1947 778 1975 lmo
792 1956 849 1974 nta-

65 1997 106 2032 jor
119 2004 184 2024 cura
199 2001 242 2024 est
257 1996 414 2024 Christiano
424 1996 478 2024 olei
495 1996 683 2031 conquirendi.
698 1995 765 2023 Vide
779 1997 851 2023 enim

70 2043 146 2079 355
160 2043 297 2078 quomodo
312 2042 478 2070 Dominusin
490 2041 662 2077 Emgelils~
671 2049 721 2077 per
737 2043 852 2077 parabo-

68 2089 119 2116 lam
137 2089 236 2117 stultas
248 2089 366 2124 virgines
379 2089 580 2124 nominal,quat
594 2088 683 2116 oleum
698 2096 751 2116 non
761 2094 852 2123 porta-

68 2135 131 2162 bant
146 2136 174 2162 itt
187 2134 305 2162 vasculis
315 2135 390 2167 suis;
405 2138 432 2162 et
452 2134 589 2162 intentum
611 2134 718 2167 stultas,
736 2139 767 2161 ut
785 2141 852 2168 que-

66 2181 138 2208 niam
164 2179 251 2207 defuit
265 2179 305 2207 eis
324 2180 413 2207 oleum
430 2180 463 2207 ad
479 2180 686 2207 succendendas
710 2179 850 2215 lampades

66 2234 140 2259 suas,
156 2225 287 2254 thalamis
299 2225 416 2253 exclusae
430 2226 486 2254 sint
500 2226 667 2260 nuptiarum,
683 2233 733 2254 nec
742 2226 853 2261 pulsan-

67 2274 136 2301 tibus
151 2280 214 2308 quar.
229 2271 282 2299 olei
298 2279 392 2298 euratn
404 2272 590 2307 neglexerant,
605 2272 674 2298 ultra
686 2272 853 2307 aperirijus-

66 2319 130 2346 serit
147 2325 277 2354 sponsus.
289 2317 397 2345 Memini
421 2322 510 2344 tanten
532 2317 632 2345 dudutn
645 2325 693 2345 nos
711 2325 772 2345 eum
787 2326 853 2346 cen-

67 2365 153 2392 tesimi
180 2364 281 2392 decimi
307 2363 398 2391 octavi
426 2363 523 2398 psalmi
548 2371 749 2398 exponeremus
775 2363 851 2391 illurn

66 2410 242 2442 versiculum,
256 2409 283 2436 in
305 2416 359 2445 quo
374 2408 504 2443 scriptum
521 2414 563 2436 est
575 2409 586 2424 '
602 2415 610 2435 :
631 2417 641 2434 ι
667 2408 791 2436 Lucerna
806 2415 852 2443 pe-

66 2456 143 2485 dibus
171 2456 239 2484 meis
262 2457 305 2483 lex
328 2460 384 2489 tua,
411 2455 536 2488 Domine,
564 2460 592 2482 et
624 2455 714 2482 lumen
743 2455 852 2483 semitis

66 2503 144 2536 meis,
159 2512 170 2529 ι
185 2502 374 2530 diversitatem
397 2502 515 2529 lucerna!
541 2505 565 2528 et
584 2501 653 2528 lucis
676 2509 725 2536 pro
749 2501 854 2530 viribus

66 2547 226 2575 ostendisse.
241 2547 403 2574 Dieebamus
418 2547 491 2574 enim
508 2546 580 2581 quod
592 2546 730 2573 lucernam
744 2547 854 2581 quidem

67 2595 189 2628 pedibus,
215 2592 241 2620 id
262 2597 304 2620 cst
322 2592 496 2619 inferioribus
513 2593 635 2626 corporis
659 2592 783 2626 partibus
807 2593 854 2619 de-

68 2639 178 2672 putarit,
189 2638 279 2665 lucem
297 2645 363 2665 vero
380 2637 484 2665 sentitis
495 2637 612 2670 dederit,
634 2644 694 2672 quae
705 2638 811 2664 semita:
828 2637 854 2664 in

99 2721 121 2737 ”
136 2720 207 2748 Psal.
222 2729 315 2752 Lxth,
337 2720 362 2748 I.

69 2755 79 2771 '
92 2754 141 2783 Iob
155 2764 232 2788 xxtx.
248 2757 275 2784 ὃ.
315 2756 325 2772 ⁷
342 2755 351 2782 l
366 2754 446 2783 Ioan.
457 2763 487 2787 tt,
504 2756 546 2783 Η.

71 2790 92 2807 ¹¹
109 2791 272 2824 Leviuxxn',
286 2791 303 2818 5
328 2795 356 2818 et
376 2799 455 2825 seqq.

396 2721 404 2736 ¹
420 2720 502 2747 Zaclt.
517 2727 554 2752 vr,
568 2719 612 2748 l2.
642 2718 771 2751 ‘Joan.v,
789 2718 834 2747 55.
874 2718 884 2734 ³
900 2718 965 2746 an.
985 2726 1040 2750 xvt,
1059 2717 1083 2744 1.

585 2756 596 2772 ⁸
611 2754 739 2787 Psal.t.u,
753 2754 780 2781 8.
818 2755 829 2770 ν
844 2753 916 2781 Psal.
930 2761 1033 2786 cxxvtt,
1051 2752 1079 2780 5.

905 252 1053 280 secundum
1065 252 1211 286 quamdam
1226 252 1369 286 mysticam
1391 254 1523 282 rationem
1547 255 1690 284 inferiores

906 302 997 332 partes
1022 302 1158 326 creatura)
1175 298 1292 326 mundus
1314 298 1357 325 hic
1377 298 1548 333 intelligitur,
1569 300 1629 328 ideo
1650 300 1690 328 lu-

905 351 987 371 cerna
1006 343 1072 378 legis
1088 343 1143 376 his,
1156 343 1203 377 Qui
1231 344 1256 373 iu
1280 343 1330 371 ltoc
1349 344 1448 373 mundo
1464 350 1592 379 tauquam
1609 347 1691 374 totius

905 393 1037 417 creaturae
1058 389 1137 422 pedes
1150 393 1222 419 sunt,
1236 395 1351 416 accensa
1365 396 1541 418 memoratur.
1562 391 1619 420 Lux
1639 399 1688 419 au—

906 438 959 461 tem
983 438 1084 461 aeterna
1105 434 1160 462 erit
1180 433 1233 460 illis
1252 435 1368 466 semitis,
1389 443 1436 468 per
1459 443 1527 470 quas
1546 437 1571 465 in
1600 438 1690 467 futuro

905 479 1003 507 steculo
1015 480 1202 514 unusquisque
1221 486 1270 513 pro
1286 480 1390 509 turritis
1406 482 1522 510 incedet.
1534 483 1585 511 Sed
1601 485 1688 511 dehis

906 526 932 552 itt
947 533 997 552 suo
1013 525 1075 553 loco
1090 525 1258 553 sullicienter
1277 534 1326 561 pro
1348 528 1450 554 nostris
1465 529 1568 556 viribus
1588 531 1687 558 dictum

905 574 957 597 est.
975 569 1054 597 Nunc
1067 578 1131 605 ergo
1154 571 1282 604 quoniam
1298 578 1409 605 vespera
1427 577 1469 601 est
1493 579 1520 600 et
1534 582 1586 602 nox
1604 583 1690 610 usque

905 615 939 642 ad
952 616 1214 644 consummationem
1228 616 1332 648 smculi,
1348 621 1375 645 et
1386 625 1526 653 usquequo
1538 628 1622 648 novus
1630 622 1690 648 dies

905 661 987 689 futuri
1003 661 1095 689 saeculi
1109 667 1136 689 et
1153 670 1229 689 novae
1245 663 1314 690 lucis
1328 664 1466 699 eﬂ'ulgcat,
1482 666 1558 692 ardet
1581 667 1689 694 unicui-

905 714 958 740 que
981 712 1106 734 nostrum
1136 706 1247 734 lucerna
1274 709 1341 740 haec,
1362 709 1497 737 iutantuut
1521 712 1688 745 splendorem

904 751 1014 779 luminis
1031 753 1165 787 praebens,
1177 758 1306 787 quatttum
1326 755 1379 782 olei
1397 756 1473 790 copia
1487 757 1610 784 ubertate
1623 766 1688 792 ope—

898 805 963 825 Tum
980 798 1059 825 fuerit
1081 798 1250 827 ministrata.
1272 801 1394 835 Denique
1414 806 1441 828 et
1462 801 1513 829 ιρι)
1531 803 1556 829 in
1572 804 1688 838 quodam

905 842 974 875 loco,
988 851 1048 870 eum
1062 843 1132 871 bona
1149 852 1261 879 operum
1283 853 1394 875 suorum
1411 853 1569 882 exponeret.
1587 850 1690 877 addidit

871 884 891 911 Β
905 889 987 916 etiam
1002 889 1054 916 ltoe
1065 889 1076 905 ⁸
1091 897 1097 916 :
1118 898 1126 916 t
1140 889 1207 917 Cum
1226 890 1392 925 splenderet,
1406 891 1506 926 inquit,
1521 892 1628 920 lucem:
1646 900 1691 920 su-

904 941 952 968 per
968 939 1051 969 eaput
1079 942 1179 977 m_eunt.
1200 945 1210 962 ι
1234 935 1366 970 Splendet
1390 944 1455 971 ergo
1472 938 1616 972 unicuique
1642 946 1691 966 no-

905 984 992 1008 strum
1012 980 1122 1008 lucerna
1142 981 1211 1013 haec.
1228 982 1387 1016 inquantunt
1401 984 1462 1010 oleo
1477 984 1609 1012 bonorum
1626 992 1691 1020 ope-

905 1035 964 1054 ruut
979 1026 1061 1054 fuerit
1071 1034 1198 1055 accensa.
1211 1027 1239 1055 Si
1248 1033 1338 1055 autem
1352 1028 1423 1056 male
1434 1036 1557 1063 agamus,
1569 1035 1596 1058 et
1607 1039 1690 1066 opera

904 1078 996 1100 nostra
1013 1072 1083 1099 mala
1099 1073 1163 1105 sittt,
1179 1080 1231 1100 non
1252 1073 1341 1101 solum
1362 1081 1415 1101 non
1441 1075 1629 1108 accendimus,
1643 1076 1691 1103 sed

904 1119 1104 1154 exstinguimus
1118 1118 1196 1146 nobis
1210 1118 1291 1146 istam
1307 1118 1444 1146 lucernam
1468 1129 1475 1146 :
1496 1125 1524 1147 et
1538 1122 1690 1155 completur

905 1164 931 1191 in
958 1164 1036 1192 nobis
1061 1164 1136 1197 illud,
1147 1164 1220 1199 quod
1246 1163 1388 1199 Scriptura
1404 1165 1510 1199 dicit’,
1526 1167 1589 1201 quia
1615 1176 1625 1192 ι
1643 1168 1690 1201 qui

905 1211 975 1238 male
1003 1211 1068 1245 agit,
1099 1211 1126 1238 in
1155 1211 1275 1239 tenebris
1303 1215 1355 1242 est.
1372 1216 1399 1239 et
1422 1212 1468 1246 qui
1494 1213 1551 1240 odit
1576 1212 1689 1241 fratrem

905 1264 994 1289 suum,
1009 1257 1035 1284 in
1054 1257 1174 1285 tenebris
1185 1257 1314 1285 ambulat.
1330 1266 1339 1283 ι
1356 1258 1491 1286 Exstinxit
1514 1260 1585 1287 enim
1600 1259 1691 1288 lucer-

904 1310 968 1330 nam
984 1303 1136 1334 cltaritatis,
1152 1307 1180 1330 et
1199 1303 1260 1330 ideo
1274 1304 1299 1330 in
1311 1304 1429 1331 tenebris
1445 1304 1576 1332 ambulat.
1592 1306 1690 1333 Annon

905 1349 953 1376 tibi
966 1349 1073 1377 videtur
1088 1349 1252 1376 exstinxisse
1267 1349 1417 1381 lucernam,
1432 1351 1477 1384 qui
1493 1350 1582 1378 lumen
1598 1351 1691 1378 chari~

904 1395 969 1423 tatis
982 1395 1131 1422 exstinxit?
1141 1395 1192 1429 Qui
1209 1400 1298 1423 autent
1310 1395 1396 1430 diligit
1413 1395 1537 1429 fratrem,
1555 1397 1581 1424 it:
1599 1397 1691 1425 citari—

906 1441 972 1468 tatis
984 1441 1044 1468 luce
1058 1441 1197 1476 perdurat,
1214 1446 1314 1469 etcum
1329 1442 1427 1469 ﬁducia
1444 1447 1533 1478 potest
1547 1443 1638 1471 dicere
1652 1444 1664 1460 '
1681 1451 1688 1470 :

907 1494 917 1512 ι
936 1486 993 1521 Ego
1009 1491 1098 1515 autem
1114 1487 1185 1514 sicut
1198 1487 1268 1515 oliva
1289 1487 1428 1515 fructifera
1448 1488 1476 1516 in
1500 1489 1580 1518 douto
1604 1490 1661 1521 Dei.
1680 1502 1689 1517 ι

905 1533 957 1560 et“:
967 1533 1044 1560 (Filii
1059 1532 1117 1566 ejus
1130 1533 1200 1560 sicut
1216 1533 1327 1560 novella:
1342 1533 1473 1561 olivarutn
1483 1534 1521 1570 (l)
1537 1535 1563 1562 in
1575 1535 1691 1563 circuitu

907 1586 1007 1606 mensa:
1018 1579 1089 1614 ejus.
1107 1589 1117 1606 ι
1133 1579 1227 1607 Oleum
1242 1586 1308 1614 ergo
1323 1578 1416 1606 offerri
1430 1579 1541 1613 iubetur
1555 1588 1569 1606 tt
1581 1581 1690 1616 populo,

905 1630 933 1652 et
948 1625 1040 1652 oleum
1062 1633 1114 1656 non
1139 1625 1340 1660 qualecunque,
1363 1626 1409 1653 sed
1433 1626 1577 1659 tnundum,
1593 1632 1621 1652 ct
1636 1634 1689 1653 tton

906 1678 940 1698 ex
952 1671 1159 1706 quibusemtque
1173 1672 1324 1698 seminibus
1339 1672 1378 1705 (ut
1405 1671 1462 1698 lieri
1478 1671 1593 1699 diversis
1607 1672 1633 1698 in
1649 1679 1692 1699 re-

906 1717 1030 1752 gionibus
1048 1725 1106 1745 mos
1121 1719 1183 1750 est),
1201 1718 1248 1745 sed
1264 1718 1296 1745 de
1307 1717 1386 1744 olivis
1400 1726 1569 1752 expressum,
1586 1719 1612 1745 itt
1630 1721 1688 1753 qni-

906 1764 955 1791 bus
968 1764 1095 1791 indicium
1111 1764 1187 1798 pacis
1201 1765 1365 1791 ostenditur.
1387 1764 1479 1798 Neque
1492 1764 1566 1791 ettitn
1580 1771 1690 1798 accepta

906 1814 1019 1843 possunt
1033 1816 1094 1836 esse
1109 1808 1164 1836 Deo
1181 1815 1264 1843 opera
1282 1813 1338 1841 tua,
1358 1808 1409 1835 nisi
1426 1809 1452 1835 in
1472 1816 1538 1842 pace
1556 1816 1692 1844 peragan-

908 1860 951 1883 tur
968 1863 976 1882 :
990 1856 1062 1882 sicut
1074 1859 1101 1881 et
1113 1853 1232 1882 .laeohus
1247 1854 1387 1889 apostolus
1401 1854 1469 1881 dicit
1484 1855 1506 1870 ¹⁶
1522 1865 1528 1882 ι
1545 1862 1554 1879 ι
1574 1853 1692 1882 Fructus

905 1905 996 1928 autent
1018 1898 1131 1933 iustitia:
1157 1899 1184 1926 itt
1203 1907 1282 1934 ipace
1306 1899 1467 1926 seminatur.
1487 1908 1497 1924 ι
1521 1899 1554 1926 Et
1579 1899 1691 1932 idcirco,

905 1944 999 1974 credo.
1013 1944 1094 1974 etiam
1112 1944 1242 1972 Dominus
1257 1944 1396 1979 discipulis
1405 1945 1462 1975 suis
1476 1945 1599 1973 tradebat
1614 1945 1692 1972 fidele

905 1991 1058 2027 depositum
1074 1991 1165 2019 dieetts
1181 1991 1202 2006 “
1217 1999 1224 2018 :
1242 2001 1251 2017 ι
1268 1991 1366 2019 Pacem
1384 1998 1471 2018 meatu
1490 1991 1524 2019 do
1540 1991 1627 2022 vobis,
1643 1994 1703 2026 pa-'

904 2049 962 2070 cem
972 2050 1059 2069 tneam
1075 2040 1199 2076 relinquo
1213 2039 1298 2067 vobis.
1314 2048 1322 2064 t
1334 2038 1371 2065 De
1385 2038 1436 2065 hac
1445 2045 1511 2072 ergo
1524 2038 1594 2065 oliva
1603 2037 1691 2065 oleum

905 2094 1060 2123 premamus
1078 2094 1190 2122 operum
1202 2090 1372 2118 nostrorum,
1390 2091 1423 2110 ex
1435 2091 1488 2118 quo
1506 2083 1617 2111 lucerna
1637 2083 1690 2111 Do-

905 2135 979 2162 mino
999 2134 1084 2169 possit
1098 2133 1220 2166 accendi,
1238 2136 1266 2159 ut
1277 2139 1328 2159 non
1338 2132 1363 2158 itt
1380 2130 1498 2158 tenebris
1513 2130 1690 2158 ambulemus.

905 2179 967 2207 Ilaec
983 2179 1092 2214 quidem
1107 2186 1122 2205 a
1140 2178 1218 2206 nobis
1233 2177 1305 2205 dicta
1322 2180 1398 2209 sunt,
1409 2180 1538 2211 quantum
1550 2175 1585 2202 ad
1601 2175 1691 2203 lucet--

867 2232 890 2259 ι)
905 2233 967 2253 nam
983 2223 1141 2252 candelabri
1157 2227 1185 2251 et
1201 2223 1291 2250 oleum
1308 2222 1368 2256 ejus
1382 2226 1498 2257 spectat.

942 2271 968 2298 3.
985 2270 1062 2298 Nunc
1073 2277 1137 2297 vero
1150 2269 1290 2296 videamus
1298 2268 1362 2302 quid
1379 2267 1461 2294 ctiant
1480 2267 1505 2293 itt
1520 2272 1690 2299 consequen-

908 2318 979 2344 tibus
996 2317 1029 2343 de
1044 2316 1159 2351 panibus
1181 2313 1376 2349 propositionis
1404 2313 1537 2347 scriptum
1560 2313 1605 2340 sit.
1621 2321 1631 2338 t
1658 2312 1691 2339 Et

906 2363 1030 2395 snmetis,
1053 2361 1139 2396 inquit
1157 2360 1189 2393 ¹¹,
1211 2359 1403 2394 similaginem,
1429 2364 1456 2386 et
1483 2359 1588 2386 facietis
1607 2359 1640 2386 de
1658 2365 1691 2385 ea

905 2407 1046 2435 duodecim
1059 2414 1152 2441 panes.
1168 2405 1205 2432 De
1212 2405 1315 2432 duabus
1326 2405 1439 2432 decimis
1451 2405 1504 2432 erit
1518 2412 1586 2432 unus
1602 2404 1690 2438 panis,

905 2460 931 2483 et
943 2454 1088 2489 intpouetis
1104 2460 1151 2480 eos
1164 2453 1232 2480 duas
1244 2453 1404 2487 positiones,
1421 2459 1468 2479 sex
1480 2459 1563 2487 panes
1577 2458 1628 2477 una
1641 2459 1690 2485 po-

903 2500 968 2527 sitio
984 2507 1065 2534 super
1077 2506 1198 2526 mettsant
1220 2498 1348 2525 mundam
1365 2503 1460 2524 contra
1479 2497 1632 2523 Dontinuttt.
1659 2495 1692 2521 Et

904 2545 1050 2580 imponetis
1070 2552 1152 2579 super
1173 2544 1334 2579 positionetn
1362 2544 1423 2570 tluts
1451 2542 1593 2573 mundum,
1605 2546 1633 2568 et
1647 2548 1690 2568 sa-

904 2591 969 2624 lem,
985 2596 1012 2617 et
1027 2595 1107 2618 erunt
1124 2597 1209 2625 panes
1229 2590 1254 2616 in
1273 2589 1560 2616 commemorationem
1574 2587 1689 2621 appositi

906 2637 1020 2664 Domitto
1037 2645 1044 2663 :
1069 2636 1112 2663 die
1135 2634 1311 2663 sabbatorum
1326 2637 1512 2669 proportentur
1527 2637 1623 2659 contra
1639 2631 1689 2658 Dav

1627 2713 1690 2741 Hi5.

100 2862 136 2897 (ι)
155 2861 231 2889 Libb.
251 2862 329 2892 editi,
345 2869 354 2886 ι
372 2861 441 2887 oliva
460 2846 573 2887 novella.
596 2869 605 2885 ι
622 2860 683 2887 Mss.
703 2869 711 2884 ‹
727 2858 852 2886 “meum.

906 2863 990 2882 tIl'llllI.
1007 2864 1018 2881 Ι
