1894 3058
239 158 289 185 εει-ι

965 150 1124 180 ORIGENIS

1812 152 1860 179 513

239 216 341 242 mitium
357 221 463 249 semper
477 220 491 240 a
511 212 573 240 ﬁliis
586 211 680 244 Israel,
695 211 721 238 in
739 213 931 238 testamentum
942 213 1022 237 aeter-
1038 212 1058 239 Λ
1075 208 1125 236 bus
1144 207 1265 242 apposuit
1280 215 1287 239 ς
1319 214 1371 233 non
1389 205 1458 239 quod
1480 204 1516 231 ita
1542 212 1643 239 panper
1658 208 1744 238 esset,
1759 209 1788 231 ut
1806 211 1857 230 non

239 267 314 288 num.
327 259 358 286 Et
373 263 453 286 erunt
475 258 577 289 Aaron,
594 262 621 283 et
637 256 752 284 ﬁliorum
769 255 837 290 ejus,
856 259 883 282 et
896 255 977 282 edent
989 261 1020 281 ea

239 305 267 332 in
288 306 346 332 loco
361 308 456 331 sancto
470 311 477 329 τ
490 307 553 330 sunt
568 302 640 329 enim
655 302 756 328 Sancta
774 304 944 329 sanctorum.
963 300 1022 327 Hoc

237 351 291 379 erit
307 350 357 376 illis
384 349 417 376 de
440 348 480 375 eis
493 355 552 382 qme
566 347 721 375 offeruntur
737 347 850 375 Domino
870 346 1020 381 legitimum

237 401 366 423 azlernum
385 394 433 429 (2).
451 403 460 419 ι
478 393 631 420 Secundum
651 400 682 420 ea
699 399 759 427 quae
778 392 878 426 scripta
903 396 977 423 sunt.
993 391 1019 418 in

238 440 378 468 duodecim
392 438 510 474 panibus
527 438 667 466 duodecim
685 438 803 465 tribuum
817 437 897 465 lsracl
914 437 1020 463 videtur

237 485 459 512 commemoratio
484 487 547 510 ante
566 484 707 510 Dominum
727 482 796 514 ﬁeri,
812 487 840 510 et
854 485 1018 517 praeceptum

236 531 305 562 dari,
321 534 350 556 ut
360 530 421 557 sine
437 528 590 555 cessatione
603 528 646 555 isti
661 528 802 555 duodecim
817 534 900 562 panes
917 527 942 553 in
957 533 1020 553 con-

235 580 329 609 spectu
345 573 451 602 Domini
465 578 670 607 proponantur;
687 579 715 601 ut
731 578 758 600 et
774 572 903 600 memoria
919 571 1021 598 duode-

236 621 288 648 cim
303 621 420 647 tribuum
439 618 509 656 apud
528 626 589 646 eum
609 626 716 653 semper
735 618 877 650 habeatur,
893 624 947 652 quo
963 616 1020 644 vel-

236 665 275 692 uti
299 666 422 693 exoratio
442 666 564 700 quzedam
581 670 607 692 et
631 664 793 699 supplicatio
818 670 866 697 per
888 663 946 690 ha‘e
970 670 1020 697 pro

235 711 351 746 singulis
375 711 433 738 ﬁeri
461 712 594 738 videatur.
618 709 673 738 Sed
695 717 777 744 parva
796 709 862 736 satis
884 713 911 735 et
933 709 1021 736 tenuis

235 762 276 783 est
293 756 479 790 hujuscemodi
493 755 665 782 intercessio.
685 754 821 788 Quantum
839 754 911 782 enim
930 753 1020 788 profe-

235 802 273 829 cit
291 803 324 828 ad
346 802 589 836 repropitiandum,
617 801 661 828 ubi
691 800 904 835 uniuscujusque
935 800 1021 827 tribus

235 855 284 881 per
307 855 403 881 panem
421 847 534 880 fructus,
551 855 598 882 per
612 847 715 874 fructus
729 854 810 881 opera
823 845 1019 873 consideranda

1074 253 1202 282 habuerit
1215 252 1254 288 (6)
1265 251 1392 284 similam,
1409 251 1454 285 qui
1468 251 1493 277 iu
1506 251 1605 277 divitiis
1619 258 1671 278 non
1684 250 1801 277 inferior
1815 256 1856 283 pa-

1074 304 1134 327 trno
1153 299 1298 330 scribitur;
1315 298 1361 324 sed
1377 297 1516 330 utriusque
1533 297 1692 323 mcritorum
1707 295 1856 323 diﬂ‘erentia

1072 354 1122 382 per
1144 346 1202 373 lucc
1220 345 1377 379 designatur
1398 342 1494 369 indicia
1520 343 1612 376 :quod
1631 342 1653 368 is
1678 341 1791 375 quidem
1817 342 1856 368 cui

1072 396 1149 419 erant
1165 398 1180 417 a
1192 390 1305 417 Domino
1318 388 1444 424 mysteria
1467 387 1621 418 revelanda,
1637 392 1665 414 et
1677 387 1710 414 ad
1724 395 1804 421 quem
1820 387 1858 413 di-

1073 438 1184 464 cebatur
1197 437 1229 469 ¹⁵,
1245 445 1253 461 ι
1272 444 1324 462 non
1341 435 1434 462 celabo
1448 442 1461 461 a
1474 442 1557 468 puero
1566 441 1625 469 meo
1638 433 1778 460 Abraham
1790 433 1856 467 quod

1072 483 1194 510 facturus
1209 489 1278 514 sum,
1300 491 1310 508 ›
1330 482 1375 516 qui
1399 479 1560 507 imbuendus
1574 464 1633 507 ei-at
1659 484 1685 506 et
1705 479 1855 505 edocenst

1072 530 1106 558 de
1122 529 1236 557 occultis
1256 533 1285 555 et
1308 528 1423 555 secretis
1451 526 1511 559 Dei,
1529 526 1575 553 ille
1601 532 1683 560 panes
1703 532 1738 551 ex
1770 524 1855 552 simila

1072 576 1201 604 scribitur
1212 575 1359 606 habuisse;
1384 573 1428 600 ille
1445 580 1509 600 vero
1523 573 1555 599 ad
1570 579 1650 606 quem
1676 571 1746 598 nihil
1768 577 1855 598 sacra-

1074 621 1156 647 menti
1176 619 1358 649 deferebatur,
1384 619 1429 646 sed
1461 617 1530 644 ratio
1555 616 1696 651 prmsentis
1717 615 1812 642 salutis
1830 619 1856 641 et

1073 667 1144 699 vitae,
1160 673 1245 701 panes
1260 671 1418 693 communes
1435 671 1468 690 ex
1484 663 1542 690 sola
1561 662 1647 689 farina
1666 661 1800 688 scribitur
1810 659 1854 686 hn-

1071 712 1164 739 huisse
1183 710 1331 738 confectos.
1349 709 1381 736 Et
1398 714 1424 736 tu
1440 716 1504 743 ergo
1518 708 1539 734 si
1552 707 1635 734 habes
1650 706 1794 733 scientiam
1814 712 1855 732 se-

1072 763 1222 789 cretorum,
1239 756 1262 783 si
1289 755 1322 782 de
1344 755 1395 782 ﬁde
1414 754 1473 787 Dei,
1497 754 1529 780 de
1553 752 1682 788 mysterio
1697 752 1814 783 Christi,
1827 751 1856 778 de

1071 803 1156 831 sancti
1169 802 1286 837 Spiritus
1296 801 1399 828 unitate
1408 805 1486 835 potes
1497 799 1614 826 scienter
1625 803 1763 833 cauteque
1775 797 1855 825 disse-

1071 857 1141 880 rere,
1157 856 1240 884 panes
1261 855 1294 874 ex
1312 847 1402 875 simila
1415 845 1496 873 oﬂ‘ers
1511 845 1633 872 Domino.
1656 844 1684 871 Si
1699 851 1766 871 vero
1788 851 1856 870 com-

236 893 314 919 suut!
333 893 387 920 Sed
401 893 423 920 si
440 893 594 920 referantur
607 893 664 920 hate
677 891 709 918 ad
720 891 842 927 mysterii
856 891 1019 927 magniludi-
1034 894 1056 921 B
1070 896 1196 924 munibus
1210 894 1295 922 uteris
1321 894 1356 921 ad
1378 894 1506 928 populum
1529 891 1649 924 monitis,
1673 896 1702 918 et
1728 891 1854 918 moralem

235 945 308 970 nem,
329 939 450 966 invenies
467 938 753 966 commemorationem
767 937 847 964 istam
859 937 959 964 habere
974 937 1018 964 in-

234 987 323 1018 genlls
336 985 568 1020 repropitiationis
584 983 720 1012 eﬁ‘ectum.
738 983 766 1011 Si
782 984 877 1011 redeas
894 984 926 1011 ad
944 983 1018 1011 illum

234 1037 332 1064 panem
350 1031 395 1064 qui
411 1031 444 1057 de
464 1030 533 1057 cmlo
548 1030 697 1062 descendit,
715 1033 743 1057 et
760 1029 808 1057 dat
830 1028 895 1058 huic
918 1029 1018 1056 mundo

234 1076 316 1103 vitam
335 1084 341 1103 :
356 1077 432 1103 illum
447 1083 543 1111 panem
557 1075 766 1111 propositionis,
781 1083 861 1111 quem
875 1076 1019 1110 proposuit

235 1121 304 1149 Deus
319 1122 538 1156 propitiationem
555 1121 593 1157 (5)
608 1128 655 1156 per
666 1121 746 1148 ﬁdem
762 1121 787 1148 in
799 1121 931 1156 sanguine
944 1120 1017 1154 ejus:

233 1172 258 1194 et
270 1168 291 1194 si
309 1168 438 1202 respicias
453 1168 486 1195 ad
504 1168 576 1195 illam
589 1167 885 1198 commemorationem,
914 1166 948 1193 de
966 1174 1018 1201 qua

232 1213 299 1241 dicit
316 1214 443 1241 Dominus
457 1214 479 1230 “
495 1223 501 1241 :
523 1223 532 1240 ε
548 1213 603 1241 Hoc
617 1214 697 1241 facite
712 1214 738 1240 in
752 1221 839 1241 meam
853 1219 1018 1240 commemo-

234 1261 384 1293 rationem;
405 1269 414 1286 ν
434 1260 556 1286 invenies
576 1259 647 1293 quod
663 1259 715 1286 ista
732 1263 775 1286 est
797 1259 1019 1286 commemoratio

234 1305 302 1338 sola,
315 1312 374 1338 qua:
388 1304 533 1339 propitium
553 1303 620 1331 facit
633 1303 788 1331 hominibus
801 1304 895 1331 Deum.
909 1303 939 1331 Si
955 1311 1019 1338 ergo

234 1350 364 1376 iutentitts
378 1348 563 1376 ecclesiastica
590 1349 718 1384 mysteria
737 1349 901 1381 recorderis,
927 1350 952 1376 in
978 1349 1019 1376 his

233 1401 294 1429 quae
306 1394 347 1421 lex
361 1395 465 1426 scribit,
482 1393 580 1421 futura:
595 1394 719 1422 veritatis
734 1394 857 1422 invenies
874 1395 1018 1429 imaginem

233 1439 447 1475 prtcl'ormatam.
476 1438 529 1467 Sed
559 1440 593 1466 de
620 1439 662 1466 his
685 1447 736 1466 non
765 1444 807 1467 est
833 1439 910 1474 plura
933 1439 1018 1467 disse-

234 1493 295 1513 rere
311 1486 360 1521 (Δ),
384 1486 454 1521 quod
481 1485 670 1513 recordatione
691 1486 747 1513 sola
774 1486 886 1521 intelligi
911 1485 1018 1513 sollicit.

234 1531 382 1559 Possumus
403 1539 466 1559 vero
481 1536 508 1560 et
522 1531 601 1559 aliter
614 1532 716 1561 dicere.
747 1531 843 1560 Omnis
867 1539 957 1559 sermo
973 1532 1018 1559 Dei

234 1578 312 1610 panis
325 1583 378 1610 est,
395 1579 441 1606 sed
460 1583 503 1606 est
525 1579 677 1607 diﬁ'erentia
695 1579 721 1606 in
746 1579 870 1613 panibus.
885 1578 934 1606 Est
947 1579 1018 1606 enim

233 1625 333 1659 aliquis
360 1631 463 1656 sermo,
480 1624 526 1659 qui
543 1624 576 1652 ad
604 1632 774 1652 communem
796 1623 911 1658 proferri
937 1623 1021 1658 possit

236 1670 372 1702 auditum,
395 1674 423 1697 et
442 1670 556 1697 edocerc
579 1670 683 1704 plebem
710 1670 743 1697 de
764 1669 892 1704 operibus
913 1668 1021 1696 miseri-

233 1716 345 1748 cordim,
364 1723 396 1743 ac
412 1715 494 1743 totius
507 1716 703 1748 beneﬁcentia;
721 1720 748 1743 et
763 1716 814 1742 iste
829 1720 869 1743 est
884 1716 961 1750 panis
975 1715 1019 1750 qui

236 1761 386 1789 communis
409 1761 556 1789 videbitur.
584 1761 631 1788 Est
651 1768 715 1788 vero
744 1761 823 1794 alius,
840 1761 886 1796 qui
914 1766 1019 1788 secreta

229 1808 382 1840 contineat,
399 1812 425 1834 et
444 1807 477 1834 de
503 1807 556 1834 ﬁde
577 1807 623 1834 Dei
642 1807 724 1842 256
739 1812 767 1834 et
790 1815 879 1834 rerum
903 1807 1018 1834 scientia

233 1853 358 1881 disserat.
375 1851 426 1879 Iste
454 1853 532 1886 panis
555 1853 670 1879 mundus
685 1857 736 1885 est,
752 1857 779 1879 et
797 1860 830 1880 ex
850 1851 937 1880 simila
952 1860 1018 1880 con—

231 1898 329 1926 fectus.
345 1898 396 1925 lste
411 1898 438 1924 in
454 1902 599 1932 conspectu
615 1897 721 1924 Domini
741 1905 848 1931 semper
862 1897 899 1933 (5)
914 1905 1018 1932 ponen—

231 1945 282 1972 dus
297 1948 349 1976 est,
367 1948 394 1971 et
411 1951 493 1978 super
520 1951 641 1971 mensam
669 1943 796 1970 mundam
817 1944 1016 1977 proponendus.

202 1995 206 1999 ‘
231 1989 284 2017 Iste
311 1989 376 2016 solis
399 1989 590 2017 sacerdotibus
616 1993 809 2024 sequestratus
829 1993 881 2021 est,
907 1994 932 2016 et
958 1989 1018 2017 liliis

231 2036 321 2062 Aaron
339 2039 440 2062 aeterno
461 2043 575 2062 nmnere
593 2035 877 2063 condonatus.Verum
894 2043 927 2062 ne
941 2040 1018 2070 putes

231 2080 292 2107 hzcc
315 2087 365 2106 nos
384 2080 501 2114 propriis
528 2080 652 2107 sensibus
680 2080 835 2115 excogitata
859 2087 980 2112 narrare,
992 2085 1019 2107 et

232 2133 285 2152 non
310 2125 336 2151 in
366 2125 464 2152 divinis
489 2125 650 2153 observas:e
668 2125 862 2159 voluminibus,
882 2126 1017 2160 proferam

233 2170 280 2197 tibi
296 2171 329 2197 de
344 2170 491 2205 Scripturis
510 2171 645 2205 quomodo
666 2172 736 2205 apud
749 2171 872 2198 diversos
883 2172 956 2198 viros
972 2179 1017 2205 pa-

1070 943 1125 970 scis
1137 940 1322 969 tantummodo
1341 939 1432 966 locum
1447 942 1566 965 tractare
1582 938 1626 971 qui
1643 937 1676 964 ad
1685 944 1786 964 omnes
1802 943 1856 971 per-

1071 987 1150 1019 tinet,
1161 992 1332 1013 communem
1350 989 1376 1011 te
1393 983 1523 1011 obtulisse
1539 982 1647 1010 noveris
1661 989 1771 1016 panem.

1104 1033 1130 1060 4.
1149 1031 1201 1059 Sed
1224 1031 1363 1058 videamus
1378 1029 1432 1064 jam
1458 1036 1519 1064 quae
1534 1029 1570 1056 sit
1583 1027 1722 1056 confectio
1750 1028 1778 1055 in
1802 1028 1855 1055 istis

1070 1077 1185 1113 panibus
1197 1075 1403 1111 propositiOnis,
1416 1075 1537 1108 quiante
1553 1074 1697 1100 Dominum
1714 1073 1777 1107 poni
1791 1080 1854 1101 sein-

1070 1132 1119 1160 per
1132 1124 1272 1158 iubentur.
1290 1131 1299 1147 ‹
1321 1121 1358 1148 De
1384 1121 1498 1151 duabus,
1525 1119 1612 1154 inquit
1631 1119 1663 1152 ",
1687 1119 1806 1146 decimis
1823 1119 1853 1144 sit

1070 1171 1149 1205 panis
1168 1176 1250 1196 unus.
1271 1177 1279 1194 ι
1305 1168 1377 1195 Duas
1390 1166 1499 1201 quidem
1515 1166 1636 1193 decimas
1649 1165 1732 1198 dixit,
1751 1165 1797 1192 sed
1811 1174 1852 1190 ru-

1068 1217 1113 1252 jus
1125 1221 1258 1242 mensura:
1278 1214 1333 1241 sint
1350 1213 1409 1240 ista:
1434 1213 1546 1239 decimae
1563 1219 1614 1238 nou
1628 1211 1852 1246 comprehendu;

1070 1269 1131 1289 cum
1146 1261 1239 1295 utique
1254 1267 1425 1294 consequens
1438 1258 1544 1290 luisset,
1559 1258 1581 1285 si
1595 1257 1629 1284 de
1645 1258 1802 1292 quantitate
1819 1258 1850 1284 si-

1070 1307 1139 1335 mila:
1163 1307 1271 1334 volebat
1295 1306 1417 1342 agnosci,
1441 1305 1527 1340 ipsam
1547 1304 1624 1338 cujus
1641 1305 1711 1331 duas
1737 1304 1851 1331 decimas

1069 1352 1139 1380 sumi
1152 1352 1274 1386 jubebat,
1290 1351 1431 1378 nominare
1452 1356 1617 1376 mensuram.
1637 1348 1704 1382 Qua:
1719 1356 1786 1384 ergo
1807 1350 1848 1376 ista

1070 1406 1114 1426 res
1128 1402 1179 1431 est,
1200 1397 1277 1431 cujus
1299 1404 1425 1424 mensura
1446 1400 1473 1422 et
1496 1395 1591 1422 modus
1604 1395 1642 1430 (7)
1661 1403 1713 1423 nec
1735 1402 1849 1429 compre-

1070 1443 1150 1470 hendi
1162 1442 1249 1478 potuit
1265 1449 1315 1469 nec
1332 1441 1490 1468 numerari?
1503 1440 1599 1468 Decem
1615 1448 1748 1468 numerus
1761 1441 1850 1474 ubique

1070 1488 1208 1524 perfectus
1232 1487 1378 1514 invenitur.
1400 1486 1494 1513 Totius
1512 1486 1583 1513 enim
1605 1487 1712 1513 numeri
1742 1493 1774 1513 ex
1799 1486 1849 1519 ipso

1073 1534 1144 1561 ratio
1158 1538 1185 1561 et
1201 1534 1278 1567 origo
1290 1533 1440 1567 consurgit.
1458 1532 1652 1565 Coiupctenter
1669 1532 1753 1566 igitur
1765 1536 1849 1558 auctor

1071 1587 1101 1608 et
1115 1580 1193 1614 origo
1216 1579 1336 1606 omnium
1363 1577 1443 1609 Deus,
1469 1577 1520 1604 sub
1541 1578 1593 1604 hoc
1617 1584 1735 1604 numero
1754 1577 1849 1603 videtur

1071 1625 1189 1654 ostendi.
1205 1625 1258 1652 Sed
1273 1624 1295 1651 si
1310 1624 1336 1650 in
1356 1623 1477 1650 Ecclesia
1493 1623 1526 1650 de
1539 1623 1596 1650 solo
1613 1621 1697 1650 Patre
1713 1623 1815 1657 loquar,
1827 1625 1849 1648 et

1072 1673 1158 1707 ipsius
1172 1671 1256 1699 solius
1271 1671 1364 1698 laudes
1376 1669 1523 1703 proferam,
1540 1669 1620 1696 unius
1636 1669 1751 1696 decimae
1761 1674 1848 1704 panem

1072 1718 1135 1745 l'cci.
1152 1718 1206 1743 Aut
1232 1715 1255 1743 si
1278 1715 1312 1743 de
1331 1715 1440 1742 Christo
1460 1713 1518 1741 solo
1535 1713 1626 1741 iecero
1648 1720 1813 1744 sermonem,
1825 1715 1848 1738 α

1072 1763 1157 1797 ipsius
1168 1761 1346 1789 enuntiavero
1354 1759 1392 1794 (8)
1408 1759 1572 1794 passionem,
1588 1763 1615 1786 et
1630 1759 1847 1786 resurrectionem

1071 1808 1268 1843 prmdicavero,
1288 1806 1371 1832 unius
1385 1805 1496 1832 decima:
1513 1805 1597 1832 obtuli
1615 1812 1726 1839 panem.
1749 1803 1776 1832 Si
1792 1809 1847 1830 vero

1071 1855 1167 1882 dixero
1186 1854 1207 1870 "
1222 1854 1284 1889 quia
1300 1852 1381 1880 Pater
1395 1859 1456 1879 cum
1481 1851 1549 1878 Filio
1563 1859 1672 1886 semper
1687 1855 1740 1882 est,
1756 1855 1781 1877 et
1798 1850 1846 1883 ipse

1072 1901 1139 1927 facit
1150 1907 1232 1935 opera
1248 1907 1295 1926 sua
1311 1907 1318 1926 ε
1335 1898 1378 1925 vel
1391 1899 1472 1926 etiam
1489 1898 1511 1924 si
1526 1897 1621 1924 dixero
1651 1897 1715 1931 quia
1737 1896 1812 1924 Pater
1823 1896 1845 1922 in

1070 1947 1139 1973 Filio
1153 1951 1204 1978 est,
1218 1949 1245 1972 et
1257 1944 1341 1972 Filius
1357 1944 1384 1971 in
1398 1944 1488 1976 Patro,
1501 1947 1528 1971 et
1544 1943 1589 1976 qui
1604 1943 1677 1970 videt
1690 1943 1796 1974 Filium,
1811 1942 1846 1967 vi-

1070 1993 1114 2020 det
1129 1997 1156 2019 et
1169 1991 1288 2023 Patrem,
1305 1995 1332 2018 et
1346 1990 1408 2025 quia
1425 1989 1505 2017 Pater
1518 1994 1544 2016 et
1559 1989 1643 2016 Filius
1657 1996 1741 2016 unum
1761 1992 1817 2016 sunt
1836 1993 1843 2012 :

1070 2044 1104 2065 ex
1116 2036 1220 2064 duabus
1239 2035 1354 2062 decimis
1370 2035 1466 2062 similae
1480 2034 1587 2061 mundae
1605 2034 1689 2061 obtuli
1705 2041 1784 2062 unum
1802 2040 1844 2068 pr

1069 2090 1131 2110 nem
1152 2091 1159 2109 :
1184 2089 1280 2117 panem
1304 2089 1396 2108 verum
1422 2081 1468 2115 qui
1492 2080 1573 2107 vitam
1589 2080 1635 2106 dat
1659 2079 1724 2107 huic
1745 2077 1843 2106 mundo.

1069 2127 1193 2154 Hmretici
1207 2134 1259 2153 non
1276 2126 1379 2153 faciunt
1394 2125 1427 2153 de
1442 2125 1546 2152 duabus
1569 2125 1683 2152 decimis
1706 2131 1785 2152 unum
1801 2129 1842 2156 pa-

1069 2179 1131 2200 nem
1148 2180 1156 2199 :
1172 2175 1272 2207 negant
1286 2171 1359 2198 enim
1375 2175 1523 2197 creatorem
1537 2170 1620 2197 Deum
1635 2169 1743 2196 Patrem
1754 2166 1842 2196 Christi

232 2216 274 2243 nis
291 2216 434 2243 diversitas
449 2223 498 2250 pro
515 2216 611 2242 merito
623 2216 834 2252 uniuscujusque
845 2222 951 2244 servata
963 2222 1015 2245 est.
1032 2225 1057 2254 ι)
1071 2225 1141 2251 esse,
1160 2224 1247 2252 neque
1265 2216 1349 2244 Vetus
1373 2222 1400 2244 et
1416 2216 1521 2244 Novum
1543 2215 1747 2243 Testamentum
1769 2219 1841 2240 unum

231 2259 357 2287 Refertur
373 2261 398 2287 in
413 2261 512 2288 Genesi
529 2261 550 2277 "
563 2262 633 2295 quod
647 2261 782 2288 Abraham
801 2262 952 2296 patriarcha
968 2271 1015 2290 an-

230 2305 305 2340 gelos
335 2307 454 2341 suscepit
478 2306 605 2341 hospitio,
633 2306 758 2333 similiter
788 2313 878 2334 autem
898 2312 924 2334 el
951 2307 1013 2335 Lot.

230 2351 283 2378 Sed
295 2351 441 2384 Abraham,
455 2352 499 2386 qui
515 2353 618 2380 meritis
631 2353 812 2387 prmcellebat,
833 2361 915 2387 panes
926 2361 959 2380 ex
975 2354 1013 2381 si-

229 2398 293 2424 mila
310 2399 468 2433 apposuisse
481 2399 657 2430 describitur,
679 2407 747 2433 quos
764 2404 790 2426 et
805 2399 966 2436 ἐγκρυφίας,
987 2399 1013 2426 id

227 2448 269 2470 est
283 2445 402 2471 occultos
424 2451 454 2471 ac
473 2444 626 2472 reconditos
645 2445 804 2471 nominavit.
827 2445 874 2471 Lot
893 2452 956 2471 vcro
981 2452 1014 2471 eo

227 2482 298 2523 quod
315 2496 368 2516 non
384 2489 479 2516 habuit
504 2489 632 2523 similam,
650 2497 682 2517 ex
700 2489 786 2517 farina
803 2498 886 2525 panes
901 2491 1013 2525 hospiti-

262 2559 358 2597 “Luc.
371 2570 437 2592 xxii,
450 2562 493 2589 19.
532 2560 554 2576 ⁸⁸
574 2560 642 2588 Gen.
662 2569 738 2588 mn.
779 2563 800 2578 ’³
818 2562 897 2595 ἰὺί‹1.,
914 2563 956 2589 l7.

263 2615 300 2652 (ξ)
318 2617 410 2652 podex
431 2617 588 2652 Sangerm.,
609 2627 617 2644 ε
635 2619 775 2646 mlernalc.
793 2629 803 2646 ›

263 2651 302 2686 (ᾖ)
317 2651 400 2686 idem,
419 2661 428 2677 t
447 2651 661 2686 pro’pitiatorem.
685 2663 694 2680 ι

264 2685 302 2717 (Δ)
312 2685 362 2725 Sed
373 2686 405 2725 de
415 2685 455 2725 his
470 2685 522 2725 non
535 2693 572 2714 est
587 2689 663 2722 plura
675 2689 812 2721 disserere,
827 2694 878 2716 etv.
891 2689 969 2716 Plura
980 2690 1013 2716 de

230 2721 358 2758 mysterio
373 2721 548 2760 Eucharistia:
571 2721 892 2760 nousermocinabanlur
907 2730 1013 2751 veteres

229 2756 254 2779 in
267 2756 444 2782 concuonihus
457 2758 491 2782 ob
509 2758 680 2788 praesentiain
702 2759 960 2786 cateclnnnenorum
986 2765 1013 2786 et

229 2788 378 2820 gentilium.
398 2790 462 2826 Vide
479 2798 560 2826 supra
583 2797 675 2819 notam
697 2793 730 2821 ad
749 2793 842 2821 homil.
859 2794 876 2822 9
889 2794 914 2822 in
933 2793 1013 2821 Levi-

230 2827 322 2854 ttcum,
342 2831 414 2850 tnun.
431 2825 476 2851 10.

532 2560 554 2576 ⁸⁸
574 2560 642 2588 Gen.
662 2569 738 2588 mn.

994 2563 1015 2578 ”
1031 2562 1116 2590 chit.
1137 2570 1212 2595 utv,
1227 2563 1253 2590 5.

1068 2263 1170 2290 faciunt
1189 2269 1298 2296 panem,
1312 2269 1362 2289 nec
1381 2269 1464 2288 unum
1479 2260 1609 2295 Spiritum
1629 2260 1655 2288 in
1680 2265 1791 2293 utroque
1807 2258 1838 2284 ἰη-

1068 2313 1221 2337 strumento
1232 2308 1405 2343 proﬁtentur.
1422 2307 1476 2334 Nos
1498 2312 1586 2334 autem
1604 2307 1630 2333 in
1645 2306 1704 2342 lege
1723 2311 1749 2334 et
1764 2305 1842 2332 Evan-

1068 2354 1147 2390 geliis
1163 2362 1244 2382 unum
1260 2359 1342 2388 atque
1353 2352 1477 2380 eumdem
1491 2353 1580 2380 inesse
1588 2357 1713 2380 sanctum
1722 2351 1841 2386 Spiritum

1069 2401 1195 2433 dicimus,
1211 2404 1239 2427 et
1258 2400 1310 2427 isto
1333 2406 1440 2434 quoque
1466 2400 1546 2427 modo
1561 2406 1594 2426 ex
1616 2390 1721 2427 duabus
1740 2395 1841 2426 decimis

1068 2454 1150 2473 unum
1173 2453 1270 2481 panem
1294 2446 1487 2481 propositionis
1501 2445 1652 2473 oll‘erimus.
1670 2445 1720 2478 Qui
1733 2442 1839 2477 ergotill

1068 2495 1195 2525 Separant
1205 2491 1343 2518 Christum
1361 2499 1377 2518 a
1392 2497 1515 2519 creatore
1535 2492 1588 2519 Deo
1605 2491 1684 2518 Patre
1704 2497 1751 2518 suo
1764 2490 1841 2515 here-

1294 2563 1314 2579 ¹⁷
1328 2562 1406 2590 Joan.
1421 2570 1475 2595 xxv,
1497 2563 1524 2589 'l.

1102 2620 1139 2655 (5)
1156 2620 1321 2647 AllVf‘l‘blum
1344 2631 1352 2646 ε
1370 2628 1488 2655 semper,
1509 2629 1518 2646 ›
1536 2621 1613 2648 deest
1625 2620 1652 2646 in
1673 2618 1736 2646 libb.
1756 2615 1836 2645 editis.

1066 2656 1112 2681 sed
1127 2655 1265 2688 suppletur
1281 2663 1295 2681 e
1311 2663 1375 2682 mss.

1102 2690 1140 2723 (6;
1158 2691 1235 2717 Ltbb.
1249 2690 1326 2722 editi,
1345 2700 1354 2716 ε
1372 2698 1424 2717 non
1442 2690 1578 2723 habuerit,
1603 2699 1612 2716 ι
1627 2689 1673 2717 sed
1693 2696 1767 2718 mss..
1787 2695 1795 2711 ι
1812 2688 1836 2710 ul

1068 2732 1120 2751 non
1136 2725 1271 2751 habuerit.
1289 2735 1298 2750 ‹

1101 2758 1139 2795 (7)
1151 2759 1239 2795 Codex
1262 2759 1415 2795 Sangerin.,
1433 2769 1443 2786 ‹
1463 2759 1539 2794 cujus
1558 2767 1690 2788 mensurae
1711 2757 1808 2786 mod-cs.
1823 2762 1832 2778 ι

1101 2793 1138 2827 (8)
1165 2793 1248 2827 Idem,
1267 2804 1276 2819 ι
1293 2793 1496 2823 enumeravere.
1521 2804 1532 2821 ι

1101 2828 1138 2862 (9)
1152 2829 1235 2864 Idem,
1252 2838 1262 2856 ι
1282 2830 1344 2865 quia
1363 2837 1439 2867 ergo,
1458 2839 1467 2856 ›
1481 2833 1534 2858 ctc.
