1886 3051
46 133 93 161 549

604 129 636 156 LV
657 128 844 156 LEVITlCUM
865 128 1006 156 llOMlLIA
1021 129 1089 157 Xlll.

1615 133 1669 160 556

47 192 96 222 tiri,
110 189 134 217 e't
148 188 235 217 Judaei
249 190 294 223 qui
311 189 396 216 solum
419 188 526 215 Patrem
547 190 692 224 recipiunt,
712 194 739 215 et
759 189 826 216 \‘er-
841 190 862 219 Α
878 189 1087 223 intelligibiliter
1100 188 1221 225 intelligo
1235 197 1294 224 anc
1309 194 1481 224 apponuntur
1496 190 1556 217 tibi.
1573 200 1582 217 ι
1602 191 1667 224 Qua:

48 238 103 264 bnni
125 241 152 262 et
180 236 346 270 sapientiam
364 237 423 270 ejus
443 236 580 262 Christum
608 243 661 262 non
678 235 824 269 recipiunt,

46 290 93 309 non
110 282 213 309 faciunt
233 289 267 308 ex
288 282 393 308 duabus
409 281 521 308 decimis
539 288 620 307 unum
645 288 753 315 panem.
774 281 826 308 Nos

45 332 127 353 autem
152 334 289 353 mensura:
306 326 414 360 quidem
434 326 531 360 ipsius,
558 325 582 352 id
603 331 643 352 est
666 326 826 352 substantiae

45 379 137 398 nomen
163 371 205 398 vel
226 371 358 398 rationem
384 371 613 406 comprehendere
635 375 681 396 aut
704 370 826 397 invenire

45 425 93 443 non
108 423 253 450 possumus
271 424 279 442 :
294 417 456 442 conﬁtentes
481 420 569 441 tamen
591 414 711 446 Patrem,
731 419 756 441 et
780 414 825 441 Fi-

44 462 116 491 lium.
140 469 224 488 unum
251 460 367 487 facimus
385 456 483 495 panem
508 468 540 487 ex
560 460 663 487 duabus
688 460 824 486 decimis:

44 515 93 535 non
108 513 136 534 ut
153 507 232 542 panis
244 515 313 534 unus
325 515 358 535 ex
387 515 439 534 una
460 507 564 534 decima
587 507 644 540 ﬁat,
662 513 689 534 rt
713 507 780 534 alitis
792 515 825 534 ex

43 553 102 585 alia,
126 558 155 579 ut
179 553 234 580 sint
261 554 326 588 ipsa:
342 554 402 580 duae
419 554 532 580 decima:
548 559 690 587 separatio,
706 553 752 580 sed
771 554 826 580 sint

42 599 98 626 du.e
112 599 171 626 ista
185 599 298 626 decimae
316 606 368 625 una
394 606 495 631 massa,
515 604 543 626 et
557 607 625 626 unus
640 599 727 633 panis.
750 599 824 633 Quo-

43 643 119 669 modo
139 643 200 668 dua!
212 643 324 670 decimae
340 651 392 669 una
411 651 501 670 massa
519 643 568 670 ﬁt?
583 645 645 678 quia
662 652 715 671 non
728 652 826 678 separo

42 687 138 714 Filium
164 695 178 713 a
194 687 284 719 Patre,
301 696 351 715 nec
375 688 482 716 Patrem
500 696 516 716 α
539 688 608 716 Filio
625 699 631 717 :
651 699 660 715 ι
684 690 734 723 Qui
753 691 824 717 cnim

42 734 104 760 vidit
119 741 171 766 me,
194 734 283 768 inquit
305 734 337 767 ",
361 734 428 761 vidit
442 739 468 762 et
493 735 610 762 Patrem.
630 745 639 761 ι
658 735 740 763 Fiunt
759 743 825 771 ergo

43 786 123 813 panes
139 779 238 814 singuli
260 787 291 807 ex
320 780 424 808 duabus
449 780 575 813 decimis.
589 786 616 809 et
637 787 825 816 proponuntur

42 825 142 851 duabus
167 825 360 858 positionibus,
378 826 403 853 id
432 831 474 853 est
493 825 598 854 duobus
624 828 773 855 ordinibus.
795 829 823 856 Si

43 870 114 897 enim
129 878 184 897 una
202 871 299 906 positio
315 872 403 905 ﬁeret,
418 873 549 900 confusus
567 878 593 900 et
612 874 759 908 perinistus
781 882 825 901 es-

40 922 79 943 set
96 924 189 944 sermo
203 917 235 944 de
249 917 330 945 Patre
343 925 374 945 ac
391 918 468 945 Filio.
486 918 561 946 Nunc
572 924 660 947 autem
681 928 751 947 unus
766 921 826 955 qui-

40 961 98 988 dem
114 967 157 989 est
173 962 263 996 panis,
277 970 330 990 una
354 964 427 991 enim
445 964 572 992 voluntas
593 971 634 992 est
652 971 679 994 et
695 974 746 993 una
762 967 825 993 sub-

40 1007 137 1034 stantia
162 1015 168 1033 :
187 1007 234 1034 scd
250 1008 310 1034 dna:
327 1013 390 1035 sunt
415 1009 572 1044 positiones,
597 1011 622 1037 id
636 1015 676 1038 est
692 1011 750 1038 dum
765 1020 826 1046 per-

39 1061 167 1080 sonarum
185 1054 378 1088 proprietates.
392 1054 467 1081 llliiiii
483 1056 556 1082 enim
575 1055 694 1088 Patrem,
711 1057 756 1091 qui
772 1064 824 1084 non

39 1100 72 1125 sit
91 1099 188 1130 Filius,
201 1104 228 1126 et
242 1100 312 1126 liunc
324 1100 421 1127 Filium
435 1101 551 1129 dicimus
561 1102 605 1136 qui
619 1109 671 1129 non
684 1103 719 1130 sit
734 1103 823 1130 Pater.

39 1145 70 1171 Et
82 1146 133 1171 hor.
150 1147 230 1171 modo
250 1146 316 1173 duas
330 1146 449 1173 decimas
467 1146 493 1173 in
520 1155 572 1174 uno
590 1155 658 1180 pane
675 1155 824 1180 servamus.

39 1195 63 1217 et
77 1190 146 1218 duas
165 1191 317 1225 positiones
333 1197 396 1219 ante
413 1192 555 1219 Dominum
577 1193 746 1227 proﬁtemur.
772 1193 825 1220 Sed

39 1244 133 1263 revera
151 1237 255 1271 magni,
273 1242 303 1264 ut
320 1237 357 1264 ita
376 1238 474 1270 dicam,
498 1238 638 1272 cujusdam
665 1240 776 1274 pistoris
798 1245 826 1267 ct

38 1282 111 1309 docti
130 1281 247 1309 artiﬁcis
261 1287 312 1314 est,
327 1283 404 1310 valde
415 1284 620 1319 diligenter(lO)
634 1285 700 1312 istas
717 1293 826 1313 servare

38 1335 194 1360 mensuras,
219 1333 245 1355 et
261 1328 297 1355 ita
312 1334 465 1364 temperare
481 1330 514 1357 de
534 1329 614 1358 Patre
633 1335 660 1358 et
676 1330 744 1358 Filio
766 1339 825 1359 scr-

37 1380 159 1407 monem,
185 1373 349 1409 conjungere
379 1368 423 1403 ubi
451 1380 568 1410 oportet,
591 1381 618 1403 et
648 1384 755 1404 rursum
781 1377 826 1405 ubi

36 1420 171 1454 competit
194 1427 335 1454 separare,
361 1426 391 1447 ut
426 1428 513 1456 neque
531 1422 590 1449 dua:
610 1429 744 1450 mensura:
775 1423 825 1450 ali-

36 1466 149 1500 quando
165 1465 266 1499 desint,
287 1473 374 1501 neque
391 1474 509 1501 unquam
526 1467 579 1495 nisi
597 1475 668 1495 unus
685 1469 762 1503 panis
779 1476 826 1504 ap-

841 856 861 883 Β

878 239 920 260 e~t
938 241 1002 268 ergo
1021 242 1112 260 mensa
1135 236 1253 269 potentis
1267 257 1274 269 ,
1290 236 1342 263 nisi
1359 243 1436 263 mens
1455 236 1512 271 (Η)
1528 236 1600 263 illius
1620 245 1666 271 qui

878 280 1035 307 dicebat“:
1055 280 1170 308 «Omnia
1187 290 1297 316 possunt
1314 283 1340 308 in
1356 289 1389 309 co
1403 283 1450 317 qui
1467 289 1510 309 me
1527 283 1666 309 confortat

877 326 997 358 Christo,
1012 335 1020 352 ι
1035 332 1061 353 et
1075 327 1112 354 “:
1132 336 1141 352 ‹
1154 327 1220 354 Cum
1234 327 1367 360 iuﬁrmor,
1381 333 1444 355 tunc
1457 333 1554 362 potens
1565 329 1644 355 sum?
1655 337 1664 354 ι

877 373 905 400 In
929 373 1007 400 istius
1032 373 1149 407 potentis
1167 381 1258 401 mensa
1279 373 1377 400 munda
1391 393 1399 406 ,
1415 375 1466 401 hoc
1484 379 1525 401 est
1543 375 1568 400 in
1589 374 1667 402 istius

876 420 969 451 corde,
989 419 1014 446 in
1032 419 1116 454 ipsius
1139 424 1240 450 mente,
1257 419 1372 446 Dcinino
1390 421 1468 454 panis
1485 419 1609 449 oﬁ‘crtur.
1625 421 1666 448 Ad

878 464 958 499 liujus
971 465 1090 498 potentis
1102 465 1223 498 Apostoli
1240 473 1360 491 mensam
1375 466 1396 492 si
1410 466 1487 492 sedes
1498 471 1665 498 cmiiaturus,

877 509 1082 543 intelligibiliter
1103 510 1224 544 intellige
1249 517 1309 544 quae
1327 515 1502 544 apponuntur
1529 511 1577 538 tibi
1592 531 1600 543 ,
1615 513 1667 538 hoc

877 559 918 581 est
937 553 1095 588 spiritaliter
1118 554 1228 582 adverte
1251 563 1311 588 quas
1331 555 1460 582 dicuntur
1476 557 1509 582 ab
1524 563 1557 583 co
1570 575 1578 587 ,
1594 561 1623 582 ut
1639 561 1667 583 et

879 604 905 626 tu
923 598 1011 625 facere
1026 601 1113 633 possis
1127 599 1198 634 quod
1214 600 1332 627 additur.
1344 599 1389 626 Ait
1402 600 1474 626 enim
1490 601 1528 624 ":
1546 608 1556 625 ι
1571 599 1666 628 Sciens

877 644 940 678 quia
957 644 1019 670 talia
1037 649 1063 671 te
1077 648 1185 678 oportet
1207 637 1370 679 pricparare.
1387 653 1396 671 ι

912 690 939 717 5.
959 689 1012 717 Sed
1039 690 1180 717 videamus
1202 691 1341 725 quomodo
1367 691 1393 717 hi
1413 690 1557 718 duodecim
1582 698 1667 725 panes

877 741 1080 770 proponantur:
1101 745 1109 760 ι
1127 736 1199 768 Diuo,
1217 736 1315 771 inquit,
1331 736 1491 771 positiones,
1509 736 1534 762 in
1548 743 1601 762 una
1616 743 1666 769 po-

876 781 974 808 sitione
989 789 1036 808 sex
1051 789 1145 816 panes.
1162 791 1171 806 ι
1191 781 1320 814 Putasne,
1337 782 1423 809 otiosa
1435 786 1476 808 est
1489 780 1540 808 ista
1553 781 1668 808 divisio?

876 828 944 862 Quid
960 833 1000 855 cst
1013 829 1085 864 quod
1098 828 1274 855 duodecimus
1289 834 1420 854 numerus
1437 827 1534 854 iterum
1549 827 1667 861 partitur

877 875 902 901 in
918 874 986 901 sex?
1000 874 1084 901 liabet
1099 874 1172 900 enim
1189 872 1422 908 propinquitatem
1440 872 1586 905 quamdam
1602 879 1665 898 cum

876 921 928 947 hoc
944 920 1045 946 mundo
1060 919 1185 946 seiiarius
1207 925 1346 945 numerus.
1363 918 1391 944 ln
1412 925 1458 945 sex
1476 918 1547 944 enim
1571 917 1667 944 dii-bus

875 966 964 993 factus
986 971 1028 993 est
1043 965 1095 992 iste
1111 965 1225 992 visibilis
1240 965 1369 992 mundus.
1386 965 1445 991 Duo
1461 964 1542 998 igitur
1557 964 1668 991 ordines

878 1013 1011 1040 habentur
1027 1012 1053 1038 in
1072 1012 1123 1038 hoc
1138 1010 1249 1043 mundo,
1265 1010 1291 1037 id
1318 1015 1360 1038 cst
1379 1009 1433 1037 duo
1454 1009 1553 1044 populi,
1570 1010 1614 1044 qui
1634 1009 1667 1035 ιι-

876 1057 936 1085 dem
952 1057 1041 1084 Patris
1056 1065 1088 1084 ac
1101 1056 1162 1083 Filii
1179 1056 1205 1082 in
1225 1063 1277 1082 una
1293 1055 1412 1082 Ecrlesia
1431 1060 1558 1089 tanquam
1573 1054 1599 1080 in
1614 1061 1667 1080 una

877 1111 968 1130 mensa
997 1103 1096 1130 munda
1114 1102 1284 1130 custodiunt.
1311 1111 1320 1126 ι
1334 1101 1368 1128 Et
1395 1100 1608 1135 superponitur.
1624 1100 1668 1125 iii-

877 1148 934 1183 quit
949 1147 982 1180 ³³,
1002 1155 1083 1182 super
1103 1147 1267 1182 positionem
1289 1146 1354 1173 thus
1373 1146 1516 1173 mundum.
1534 1156 1543 1172 ι
1565 1146 1667 1175 Thuris

877 1194 981 1229 species
997 1194 1112 1220 formam
1132 1197 1205 1219 tenet
1221 1192 1386 1220 orationum.
1405 1191 1518 1226 Oportet
1535 1199 1599 1226 ergo
1617 1200 1666 1226 pa-

877 1240 957 1267 nibus
990 1239 1050 1266 ﬁdei
1081 1239 1236 1266 orationum
1265 1237 1436 1272 vigilantiam
1465 1238 1668 1272 puritateinque

876 1285 1052 1320 conjungere.
1071 1284 1140 1311 Pura
1155 1289 1243 1310 autem
1256 1283 1346 1310 oratio
1362 1286 1402 1310 est
1413 1303 1419 1315 ,
1437 1283 1508 1310 sicut
1521 1283 1666 1318 Apostolus

876 1331 943 1359 dicit
961 1331 1003 1356 ’δε
1026 1339 1035 1356 ι
1049 1330 1184 1357 Levantes
1205 1336 1286 1363 puras
1303 1336 1399 1355 manus
1414 1328 1473 1355 sine
1489 1329 1529 1355 ira
1543 1333 1570 1356 et
1583 1329 1668 1356 disce-

876 1377 1007 1413 ptatione.
1028 1386 1037 1402 ι
1064 1376 1150 1403 Simul
1170 1380 1198 1403 et
1222 1375 1315 1403 odoris
1332 1375 1453 1402 suavitas
1479 1374 1583 1409 impleri
1611 1375 1667 1411 (i2)

876 1423 943 1450 facit
959 1423 1024 1450 illud
1039 1422 1111 1457 quod
1128 1421 1260 1456 scriptum
1277 1425 1319 1448 cst
1332 1420 1370 1447 “z
1396 1429 1406 1446 ι
1417 1420 1558 1456 Dirigatur
1579 1421 1668 1448 oratio

876 1476 936 1496 mea
960 1469 1031 1496 sicut
1059 1468 1199 1495 incensum
1226 1467 1252 1493 in
1279 1470 1426 1500 conspectu
1456 1471 1510 1494 tuo.
1525 1475 1535 1492 ι
1559 1466 1586 1493 Si
1608 1467 1669 1501 quis

41 1515 145 1546 pareat.
172 1511 320 1539 Duodecim
347 1519 412 1548 ergo
437 1520 520 1548 panes
539 1521 571 1541 ex
595 1514 646 1542 ista
664 1514 751 1541 simila
768 1515 824 1543 ﬁeri
838 1521 863 1553 ε
877 1523 942 1550 ergo
956 1514 1094 1542 orationes
1107 1513 1216 1548 quidem
1233 1512 1330 1540 oﬁ‘erat
1347 1513 1402 1539 Deo
1414 1531 1422 1545 ,
1438 1520 1490 1539 non
1514 1517 1603 1539 tamen
1619 1513 1668 1539 lia-

43 1557 208 1584 inandantur
226 1558 375 1585 secundum
392 1566 535 1586 numerum
554 1559 672 1586 tribuum
685 1567 746 1594 qua:
762 1565 826 1588 tunc

43 1611 119 1632 erant
146 1605 266 1632 carnalis
291 1605 386 1634 Israel.
405 1605 433 1632 In
449 1614 505 1641 quo
524 1607 591 1634 milii
609 1607 716 1635 videtur
738 1607 826 1635 forma

40 1651 121 1678 tutius
131 1656 265 1678 creaturae
275 1652 414 1680 rationalis
429 1653 572 1682 contineri.
588 1653 734 1681 Duodecim
749 1661 826 1681 nam-

41 1702 92 1728 que
106 1700 238 1730 putantur
247 1703 306 1724 esse
319 1697 460 1732 generales
471 1697 580 1725 ordines
596 1698 737 1726 rationalis
749 1707 826 1726 crea-

42 1745 118 1774 tune,
133 1749 250 1776 quorum
262 1742 345 1777 ﬁgura
354 1748 411 1770 erat
433 1743 458 1770 in
476 1743 527 1770 illis
540 1743 680 1771 duodecim
691 1744 825 1774 tribubus.

42 1788 67 1814 In
82 1789 182 1822 quibus
198 1793 258 1816 erat
273 1797 341 1816 unus
357 1789 466 1824 quidam
481 1790 548 1817 ordo
565 1790 673 1826 regalis,
686 1791 730 1825 qui
742 1791 827 1818 Jndas

40 1832 120 1868 257
145 1833 308 1861 nominatur.
329 1834 403 1861 Alius
422 1839 481 1862 erat
505 1835 571 1862 ordo
586 1836 783 1870 sacerdotalis,
800 1841 828 1863 et

39 1877 101 1905 Levi
117 1879 281 1914 appellatur.
306 1879 371 1907 Erat
386 1885 413 1907 et
430 1880 499 1907 alius
520 1881 587 1908 ordo
603 1880 678 1908 Iudae
700 1881 805 1908 vicinus
817 1902 824 1914 ,

39 1925 82 1958 qui
113 1924 254 1958 Beniamin
270 1925 370 1952 dicitur
382 1945 390 1958 ,
417 1926 442 1952 in
461 1935 514 1961 quo
530 1927 625 1954 ordine
643 1931 671 1954 et
698 1927 824 1962 templum

40 1970 95 2003 Dei,
111 1976 142 1998 et
157 1971 244 1998 altare
261 1971 421 1999 collocatum
438 1977 487 1999 est.
503 1973 580 2000 Alius
598 1973 664 2000 ordo
679 1973 805 2001 Issacliar
817 1993 825 2006 ,

38 2021 62 2043 et
76 2017 212 2048 Zabtilon,
228 2022 253 2044 et
269 2017 396 2052 Ephrem,
414 2018 513 2053 aliique
527 2027 595 2054 quos
607 2020 766 2047 nominatim
781 2021 827 2048 de-

38 2064 127 2099 signat
152 2063 293 2099 Scriptura
312 2064 414 2096 divina,
432 2072 545 2099 quorum
570 2066 702 2093 rationem
716 2074 768 2093 non
785 2072 827 2094 est

39 2118 110 2138 nunc
130 2110 262 2144 temporis
277 2110 424 2144 explicare.
443 2110 491 2138 Est
508 2118 597 2139 tamen
613 2112 826 2148 uniuscujusque

39 2157 137 2189 tribus,
153 2155 194 2183 vel
207 2156 309 2183 ordinis
326 2157 403 2191 panis
416 2162 479 2185 ante
495 2157 648 2185 Dominum.
666 2158 698 2185 Et
712 2159 778 2186 licet
790 2160 826 2187 sit

38 2202 129 2237 aliqua
147 2201 243 2236 tribus,
258 2210 319 2237 quas
335 2210 388 2230 non
404 2210 436 2230 ex
453 2203 548 2236 libera,
565 2204 611 2231 sed
628 2212 660 2231 cx
676 2206 826 2233 concubina

39 2249 119 2276 Israel
141 2249 287 2276 descendat
299 2249 348 2282 ,"et
366 2257 398 2276 ex
415 2255 491 2284 parte
507 2250 590 2278 libera
603 2271 610 2284 ,
629 2258 661 2278 ex
678 2256 753 2286 parte
768 2259 828 2279 ser-

40 2295 98 2323 vilis
115 2296 172 2328 sit,
190 2300 279 2322 tainen
305 2303 354 2330 pro
376 2295 503 2323 omnibus
526 2303 559 2323 ex
586 2296 692 2323 duabus
716 2297 828 2324 decimis

40 2342 118 2376 panis
143 2342 305 2376 proponitur
326 2347 389 2368 ante
415 2342 577 2375 Dominum,
598 2347 626 2368 et
645 2342 673 2368 in
696 2342 828 2370 universis

39 2387 98 2414 dua:
117 2387 232 2414 decimas
258 2387 421 2422 similaginis
441 2393 575 2415 constant.
592 2383 708 2421 Pro'poni
735 2393 824 2415 autem

37 2433 169 2466 iubentur
184 2440 266 2468 supra
285 2440 404 2460 mensam
426 2433 565 2460 mundam.
589 2432 655 2466 Quis
672 2437 761 2460 autem
779 2441 827 2460 no-

40 2484 126 2506 strum
145 2483 197 2511 est,
212 2479 257 2514 qui
276 2479 311 2505 ita
325 2479 424 2506 habeat
439 2486 561 2506 mensam
577 2479 716 2510 mundam,
735 2483 763 2505 ιιι
780 2487 826 2514 pa-

41 2532 87 2551 nes
117 2532 199 2559 super
223 2532 282 2552 eam
306 2524 421 2551 Domino
447 2524 618 2551 olferantnr?
644 2534 653 2551 ι
675 2524 702 2551 Si
725 2526 827 2553 sederis

40 2570 140 2604 (inquit
163 2569 291 2597 Salomoti
310 2571 330 2586 η
345 2571 352 2604 )
370 2577 480 2597 cinnare
499 2570 533 2597 ad
550 2578 672 2598 mensam
689 2572 806 2605 potentis
819 2591 827 2604 ,

75 2641 95 2656 ¹⁸
107 2638 188 2667 Joan.
202 2647 257 2671 xiv,
273 2641 300 2668 9.
341 2640 360 2655 "
376 2639 454 2667 Prov.
475 2647 552 2671 xxiii,
574 2640 599 2666 1.

39 2683 113 2707 xxiv,
127 2675 154 2702 7.
192 2675 215 2691 "
231 2674 241 2701 l
256 2675 326 2702 Tim.
343 2682 374 2707 it,
391 2674 416 2701 8.

74 2733 131 2771 (ιο)
144 2735 221 2762 Libb.
233 2735 314 2771 pediti,
327 2744 335 2760 t
352 2739 378 2760 et
392 2734 470 2762 valde
484 2735 639 2768 artiﬁciosi,
653 2735 823 2770 diligentem

41 2771 84 2796 sed
103 2770 170 2797 inss.
186 2775 215 2797 iit
232 2770 258 2796 in
275 2775 369 2797 nostro
387 2775 473 2796 textu.

87 2805 131 2840 Η)
151 2805 229 2837 “55.,
248 2814 257 2830 ι
272 2813 358 2832 mens.
376 2814 385 2830 ι
406 2804 483 2832 Libb.
502 2805 589 2839 editi,
616 2815 626 2831 ι
641 2811 744 2833 mensa.
759 2815 768 2831 ι

89 2841 130 2877 12)
155 2840 233 2868 Libb.
258 2841 324 2868 editi
340 2862 347 2873 ,
374 2848 383 2865 ι
400 2840 525 2868 similiter
545 2846 574 2868 et
595 2840 686 2869 odoris
704 2840 824 2868 suavitas

842 2190 866 2219 D

638 2641 660 2656 ὀ
683 2641 778 2675 Philip.
796 2649 833 2673 ιν,
849 2641 893 2668 i5.

457 2676 478 2691 "
492 2675 563 2704 Psal.
580 2682 654 2709 cui,
669 2675 695 2702 2.
731 2673 759 2692 ἐ’
771 2677 859 2704 Levit.
874 2682 948 2708 xxiv,
968 2675 994 2707 7,
1011 2673 1039 2701 8.

877 1561 940 1589 beat
961 1560 1089 1588 mundam
1105 1558 1300 1586 conscientiam
1321 1558 1355 1585 ab
1373 1558 1500 1593 operibus
1515 1557 1608 1585 malis:
1625 1558 1668 1585 liic

878 1607 940 1634 thus
953 1606 1060 1641 quidem
1076 1605 1187 1632 videtur
1207 1604 1324 1639 panibus
1341 1611 1535 1639 superponere,
1551 1605 1597 1631 sed
1615 1612 1668 1631 non

877 1653 985 1689 penitus
1003 1652 1059 1687 (t3)
1075 1651 1214 1678 mundum.
1234 1649 1301 1677 Nam
1316 1650 1339 1677 si
1359 1657 1439 1677 omne
1457 1650 1521 1678 thus
1536 1650 1668 1677 mundum

877 1703 967 1731 esset,
983 1705 1035 1724 non
1051 1697 1145 1731 utique
1161 1696 1311 1723 addidisset
1328 1695 1481 1730 Scriptura,
1501 1695 1562 1723 thus
1588 1703 1669 1722 inun~

877 1743 940 1770 dum
952 1750 1034 1777 super
1050 1749 1132 1776 panes
1155 1741 1349 1775 propositionis
1364 1741 1519 1775 ponendum
1538 1746 1601 1768 ante
1618 1741 1670 1767 Do-

878 1790 992 1816 minum.
1007 1788 1061 1815 Nec
1075 1788 1148 1815 enim
1164 1792 1242 1821 putes
1257 1788 1327 1820 quod
1343 1787 1517 1820 omnipotens
1532 1787 1602 1814 Deus
1617 1787 1669 1813 hoc

879 1834 1036 1864 mandabat,
1047 1838 1073 1859 et
1089 1833 1140 1859 hoc
1155 1832 1213 1866 lege
1227 1832 1379 1863 sanciebat,
1395 1838 1425 1858 ut
1440 1831 1501 1858 ilius
1513 1832 1538 1859 ci
1555 1839 1587 1858 ex
1601 1831 1670 1858 Ara-

878 1882 921 1909 bia
937 1879 1100 1908 deferretur.
1117 1878 1170 1906 Sed
1193 1878 1244 1905 hoc
1259 1883 1300 1905 est
1317 1878 1380 1904 thus
1395 1880 1465 1912 quod
1485 1878 1554 1905 Deus
1569 1877 1602 1904 ab
1617 1877 1669 1904 lio-

878 1927 995 1955 niiiiibus
1021 1926 1071 1953 sibi
1089 1925 1187 1960 quierit
1203 1923 1293 1951 olferri
1306 1943 1314 1955 ,
1333 1931 1365 1951 ex
1383 1931 1436 1957 quo
1455 1924 1528 1958 capit
1555 1923 1668 1950 odorem

878 1973 1020 2000 suavitatis
1034 1992 1042 2004 ,
1061 1971 1201 1999 orationes
1219 1970 1352 1997 ex'corde
1368 1977 1438 2004 puro
1452 1975 1481 1997 et
1500 1969 1668 1997 conscientia

877 2020 946 2047 bona
960 2039 968 2051 ,
986 2018 1013 2045 in
1047 2018 1146 2052 quibus
1166 2024 1228 2044 vere
1255 2017 1325 2044 Deus
1353 2016 1466 2051 suscipit
1486 2015 1667 2051 fragrantiam

877 2065 1030 2093 suavitatis.
1053 2073 1062 2089 ι
1077 2063 1110 2090 Et
1125 2068 1216 2094 erunt,
1233 2062 1322 2097 inquit
1341 2062 1374 2095 ",
1397 2069 1483 2098 panes
1500 2062 1526 2089 in
1547 2069 1667 2090 comme-

878 2112 1054 2139 morationem
1068 2110 1199 2145 propositi
1215 2114 1276 2136 ante
1291 2109 1445 2136 Dominum.
1461 2109 1490 2136 lii
1503 2109 1546 2136 die
1563 2109 1671 2135 Sablia-

878 2160 969 2183 torum
986 2153 1143 2190 proponetis
1158 2161 1200 2180 ea.
1217 2164 1226 2180 ι
1247 2154 1275 2181 Si
1291 2154 1409 2181 nondum
1428 2154 1476 2181 tibi
1492 2154 1668 2181 manifestum

878 2207 919 2229 est
931 2202 988 2237 (Η)
1002 2201 1065 2235 quia
1082 2207 1168 2235 panes
1185 2200 1230 2227 isti
1243 2200 1354 2227 verbum
1368 2200 1414 2227 Dei
1428 2204 1482 2230 est,
1498 2207 1530 2226 ex
1545 2199 1587 2226 liis
1599 2207 1670 2226 nunc

879 2248 1051 2276 sermonibus
1068 2248 1239 2274 continuare.
1261 2245 1331 2279 Quid
1348 2250 1390 2273 est
1409 2246 1482 2273 enim
1505 2245 1576 2280 quod
1592 2243 1670 2271 nobis

879 2294 1167 2322 commemorationem
1190 2292 1237 2319 Dei
1257 2292 1338 2319 faciat
1353 2292 1365 2318 ?
1382 2291 1452 2325 Quid
1473 2296 1514 2319 est
1532 2292 1604 2325 quod
1621 2299 1670 2317 nos

881 2341 914 2367 ad
931 2339 1089 2366 memoriam
1104 2338 1217 2374 justitize
1230 2357 1237 2370 ,
1252 2342 1278 2365 et
1295 2337 1377 2364 totius
1395 2337 1458 2365 boni
1476 2341 1602 2368 revocet,
1617 2336 1670 2363 nisi

880 2385 991 2413 verbum
1009 2385 1080 2412 Dei?
1099 2385 1160 2411 Ideo
1186 2390 1250 2418 ergo
1267 2384 1332 2410 dicit
1347 2403 1354 2415 ,
1368 2383 1432 2418 quia
1450 2387 1530 2410 erunt
1545 2382 1571 2409 in
1593 2389 1670 2408 com-

881 2431 1104 2459 memorationem
1122 2429 1253 2464 propositi
1273 2434 1337 2456 ante
1363 2428 1516 2456 Dominum.
1541 2427 1623 2454 Addit
1641 2430 1669 2453 et

881 2478 907 2505 in
924 2478 966 2505 die
980 2477 1172 2507 Sabbatorum.
1188 2475 1214 2502 id
1238 2479 1280 2502 est
1302 2475 1329 2502 iii
1347 2474 1440 2509 requie
1455 2474 1616 2500 animarum.
1637 2472 1670 2499 Et

881 2532 940 2559 qua:
954 2523 1040 2557 major
1053 2521 1124 2549 ﬁdeli
1140 2521 1237 2548 anima:
1249 2521 1356 2555 requies
1368 2528 1448 2554 quam
1465 2519 1593 2546 memoria
1610 2517 1670 2545 Dei?

883 2578 963 2606 quam
981 2569 1007 2597 in
1022 2571 1168 2604 conspectu
1184 2567 1231 2595 Dei
1242 2567 1364 2595 versari?
1376 2573 1457 2601 quam
1470 2565 1497 2592 in
1514 2564 1566 2592 ﬁde
1580 2564 1670 2591 Putris

945 2639 966 2655 “
983 2638 1003 2665 Il
1022 2638 1085 2665 Cor.
1101 2644 1152 2670 ιιι,
1171 2636 1214 2664 10.
1253 2637 1274 2652 "
1283 2635 1363 2664 Prov.
1380 2642 1457 2668 niti,
1476 2633 1504 2661 2.
1542 2633 1565 2649 ¹³
1580 2632 1668 2660 chit.

880 2733 1011 2769 implere,
1024 2732 1185 2769 iised_mss.
1204 2735 1233 2758 ut
1251 2731 1276 2757 in
1294 2736 1388 2769 nostro
1405 2735 1490 2769 textu:

915 2763 971 2808 ('15)
994 2763 1083 2808 (index
1102 2766 1258 2800 Sangcrm.,
1285 2766 1425 2800 «penitus.
1441 2775 1451 2792 ι
1481 2764 1558 2792 Libb.
1584 2763 1666 2796 editi,

882 2813 891 2830 ι
901 2803 975 2838 ponit
990 2803 1064 2838 ilius.
1078 2811 1087 2827 ι

916 2838 971 2874 (14)
988 2837 1064 2865 Libb.
1089 2836 1171 2869 editi,
1190 2845 1199 2862 ‹
1215 2840 1274 2863 erat
1300 2843 1312 2860 ο
