1894 3058
237 131 287 160 55(

976 126 1139 154 ORIGENIS
1807 127 1850 154 55‘!

236 195 270 214 ac
287 186 347 213 Filii
375 187 558 221 permanere!
578 193 659 220 quam
675 185 815 213 orationes
835 183 951 212 Dotuitto
966 188 1025 210 tan-
1040 186 1062 213 A
1077 184 1233 218 parabolis,
1249 183 1294 218 qui
1317 183 1469 211 communis
1492 187 1535 211 est
1556 182 1641 218 vulgi.
1668 191 1677 207 t
1703 181 1849 217 chitimnnt

238 240 318 266 quam
344 232 454 258 odorem
471 232 615 259 suavitatis
631 231 749 258 oll‘erre.’
768 240 778 256 ι
798 230 1002 257 Testamentum
1015 249 1022 262 ,

238 278 328 312 inquit
342 278 375 310 ",
388 284 518 305 aeternum
532 278 585 304 erit
597 278 686 304 Aaron
700 281 727 303 et
741 276 805 303 ﬁliis
819 277 888 309 cjtts,
906 280 933 303 et
948 283 1024 302 man-

238 321 377 348 dttcabunt
388 329 419 348 ea
435 322 460 348 itt
476 321 533 348 loco
548 326 653 348 sancto.
667 330 677 346 ι
699 321 788 348 Aaron
804 325 831 348 et
844 321 890 348 lilii
905 320 962 356 ejus
979 327 1024 355 ge-

239 374 289 394 nus
305 373 346 394 est
370 367 485 395 electum
500 388 508 400 ,
530 375 616 402 genus
636 368 805 395 sacerdotale
819 388 825 400 ,
842 369 942 402 quibus
967 368 1024 395 lucc

238 413 327 446 portio
354 419 510 440 sanctorum
538 415 655 440 donatur
681 421 694 439 a
727 413 803 445 Deo,
828 414 900 448 quod
931 421 1024 441 sumus

238 464 333 483 omnes
353 458 398 492 qui
415 458 552 485 credimus
568 457 594 484 in
609 458 729 484 Christo.
742 457 843 484 Locum
859 462 947 484 autent
963 465 1025 484 san-

236 508 309 529 ctum
326 511 376 538 ego
395 505 421 529 in
449 504 530 530 terris
553 511 604 530 non
631 504 740 538 rcquiro
767 503 902 537 pOsilum,
926 503 973 530 sed
997 503 1023 530 in

237 549 328 575 corde.
348 548 433 575 Locus
450 549 521 576 enim
540 549 642 576 dicitur
657 553 787 580 sanctus,
803 549 947 575 rationalis
966 548 1025 575 ani-

238 603 291 627 ma,
309 600 418 629 propter
431 595 502 628 quod
518 600 544 621 ct
557 595 702 629 Apostolus
715 594 782 622 dicit
796 594 838 621 “:
858 603 867 619 ι
880 594 970 621 Nolite
986 595 1026 621 lo-

238 649 299 667 cum
311 640 376 667 dare
386 640 502 666 diabolo.
513 639 624 666 tAnima
631 646 758 673 ergontea
770 639 846 667 locus
857 645 908 671 est,
918 640 940 666 si
955 640 1025 668 male

236 694 298 721 ago,
312 686 411 712 diaboli
430 695 436 712 :
453 686 474 712 si
490 686 568 717 bene,
585 686 643 713 Dei.
659 685 780 720 Denique
793 691 821 713 et
836 686 948 721 spiritus
965 694 1022 713 ma-

236 731 325 766 Iignus
346 740 355 756 ι
368 739 428 758 cum
441 751 449 763 ,
466 731 553 765 inquit
567 731 600 763 ",
618 731 716 759 exierit
737 731 770 758 ab
788 731 896 759 homine
908 751 916 763 ,
930 737 957 759 et
970 732 1024 758 cir-

236 778 336 804 cuierit
351 777 408 803 loca
426 776 500 803 arida
512 797 519 808 ,
535 782 562 802 et
579 777 699 811 requiem
716 784 769 803 non
790 777 926 803 invenerit
937 796 944 808 ,
961 781 1024 803 tunc

235 821 314 848 dicit:
330 821 461 848 Revertar
475 820 507 847 ad
525 821 612 847 locttnt
628 827 717 848 meum
732 821 803 848 unde
817 821 899 848 exivi.
912 830 923 846 ›
939 820 1025 848 Locus

234 874 300 901 ergo
316 871 427 894 sanctus
442 867 531 893 anima
544 871 586 893 est
598 872 678 901 pura.
695 866 722 893 In
740 873 794 901 quo
808 866 866 894 loco
881 866 963 894 edere
975 874 1024 893 no-
1041 860 1062 888 Β

236 911 279 938 bis
293 912 435 938 mandatur
451 912 540 938 cibum
558 912 633 939 verbi
651 911 709 939 Dei.
727 911 820 947 Neque
838 911 912 939 enim
928 919 1026 939 conve-

236 955 278 982 nit
303 960 333 982 ut
354 961 446 984 sancta
467 957 549 984 verba
569 957 660 984 anima
684 964 738 984 tton
754 961 848 984 sancta
873 956 1024 991 suscipiat;

237 1001 284 1028 sed
297 1009 358 1029 cum
371 1002 557 1036 puriﬁcaverit
571 1009 600 1029 se
612 1004 645 1029 ab
657 1002 730 1029 omni
747 1002 954 1036 ittquinantettto
968 1009 1027 1028 car-

237 1048 280 1074 nis
296 1051 324 1074 et
349 1055 454 1074 morum
471 1067 478 1080 ,
505 1053 570 1075 tunc
595 1047 671 1075 locus
694 1052 805 1076 sanctus
821 1046 916 1075 eﬂ'ecta
934 1047 1025 1074 cibum

237 1092 328 1126 capiat
340 1093 418 1127 panis
430 1093 500 1120 illius
511 1093 567 1128 (I5)
577 1093 623 1128 qui
635 1094 668 1120 de
679 1093 748 1121 cmlo
762 1093 915 1121 descendit.
929 1091 1026 1120 Nonne

236 1137 333 1164 ntelins
349 1137 389 1165 sic
405 1138 567 1173 intelligitur
589 1139 664 1166 locus
680 1144 799 1172 sanctus,
815 1146 896 1174 quam
910 1139 932 1168 si
949 1144 1027 1174 puto-

235 1191 297 1210 mus
313 1188 482 1211 structuram
502 1184 619 1218 lapidum
635 1184 832 1212 ittsensibilium
855 1185 944 1212 locum
961 1191 1026 1212 san—

235 1235 310 1258 ctum
330 1230 485 1257 nominari?
507 1229 584 1257 Unde
608 1230 691 1258 simili
717 1229 796 1257 modo
813 1231 895 1260 etiam
919 1231 966 1258 tibi
984 1231 1026 1258 ch

237 1275 288 1302 ista
304 1275 474 1309 proponitur,
493 1279 523 1300 ut
538 1282 600 1302 cum
616 1276 756 1309 acceperis
770 1282 867 1309 panem
882 1276 1026 1311 mysticum

237 1320 265 1346 in
282 1319 341 1347 loco
365 1320 467 1347 mundo
485 1320 630 1347 manduces
645 1327 724 1348 eum:
741 1320 793 1347 hoc
809 1325 862 1353 est,
876 1328 910 1349 ne
924 1321 950 1347 in
967 1321 1027 1349 ani-

237 1372 281 1391 ma
298 1365 482 1392 contaminata
507 1369 535 1391 et
556 1365 676 1399 peccatis
691 1365 793 1400 polluta
809 1364 942 1393 Domittici
965 1374 1027 1394 cor-

237 1410 313 1444 poris
336 1415 508 1437 sacramcnta
538 1410 698 1444 percipias:
736 1420 745 1435 ι
772 1411 933 1446 Quicunque
955 1412 1026 1438 enim

237 1456 457 1487 manducuverit,
478 1456 565 1491 inquit
579 1456 612 1488 “,
629 1464 738 1491 panem,
754 1461 781 1484 et
795 1455 894 1485 biberit
915 1456 1027 1484 calicem

238 1501 343 1528 Domini
361 1500 481 1536 indigne,
498 1508 561 1528 reus
573 1501 626 1528 erit
641 1501 766 1534 corporis
782 1505 809 1528 et
824 1501 964 1536 sanguinis
981 1501 1028 1531 Do-

238 1547 315 1574 ntini.
332 1546 433 1574 Probet
445 1551 536 1574 atttent
553 1554 583 1575 se
597 1547 794 1582 unusquisque,
811 1552 839 1573 et
856 1551 919 1575 tunc
932 1547 964 1574 de
978 1554 1027 1582 pa-

236 1601 272 1621 nc
288 1594 441 1626 manducet,
456 1599 484 1620 et
499 1593 532 1620 de
546 1592 634 1620 calice
650 1593 733 1620 bibat.
748 1602 758 1619 ι

271 1639 298 1665 6.
321 1647 330 1664 ι
344 1638 443 1666 Sancta
460 1638 532 1667 enim
547 1642 703 1666 sanctorum
715 1642 780 1665 sunt
794 1637 828 1664 ⁸¹.
839 1647 847 1663 ι
865 1636 946 1665 Vides
959 1645 1027 1672 quo-

237 1684 318 1711 modo
340 1691 392 1711 non
418 1684 487 1711 dixit
510 1687 604 1711 sancta
624 1683 830 1716 tantummodo,
855 1682 903 1709 sed
925 1683 1026 1710 Sancta

236 1734 411 1756 sanctorum:
433 1735 462 1756 ut.
485 1729 508 1756 si
535 1729 655 1760 diceret,
672 1729 749 1756 cibus
775 1729 828 1755 iste
844 1732 955 1756 sanctus
972 1735 1025 1757 non

237 1781 280 1802 est
295 1775 448 1803 communis
463 1775 585 1802 omnium
600 1782 652 1802 nec
665 1774 851 1810 cujuscunque
864 1775 947 1810 258
957 1775 1027 1803 indi-

235 1822 280 1856 gni
294 1841 302 1853 ,
327 1821 374 1850 sed
396 1825 551 1848 sanctorum
573 1825 626 1848 est.
642 1820 751 1853 Quanto
774 1820 861 1855 magis
877 1820 929 1848 ltoc
950 1824 978 1848 et
993 1820 1027 1847 de

235 1868 319 1895 verbo
335 1868 382 1895 Dei
398 1874 473 1896 recte
489 1867 643 1901 meritoque
661 1866 793 1900 dicemus,
809 1866 855 1894 hic
868 1873 958 1894 sermo
974 1873 1026 1894 non

234 1919 275 1941 est
291 1914 413 1941 omnium
429 1933 437 1945 ,
453 1921 504 1941 nec
519 1913 706 1947 cujuscunque
718 1931 726 1945 ,
739 1912 787 1939 sed
802 1918 958 1939 sanctorum
974 1917 1026 1939 est.

234 1959 296 1988 Non
311 1960 426 1994 quiIibct
441 1959 516 1986 Verbi
535 1959 616 1993 bujus
635 1963 726 1993 potest
743 1958 839 1985 audire
856 1959 1026 1993 mysterium,

235 2013 299 2033 nam
314 2005 501 2033 tantummodo
513 2003 571 2040 (I6)
583 2004 629 2038 qui
641 2003 775 2039 puriﬁcati
790 2008 853 2031 sunt
866 2008 967 2037 mente,
982 2004 1028 2038 qui

237 2049 330 2076 mundi
351 2053 414 2076 sttnt
436 2048 536 2081 corde,
553 2049 599 2083 qui
623 2048 762 2082 simplices
779 2048 870 2076 animo
883 2067 892 2081 ,
914 2049 959 2083 qui
974 2049 1028 2077 vita

239 2094 512 2129 irreprehensibiles,
534 2095 580 2129 qui
603 2094 774 2121 conscientia
794 2094 891 2126 liberi,
908 2095 1027 2130 ipsorum

240 2145 280 2167 est
297 2139 330 2167 de
346 2140 398 2168 hoc
411 2140 507 2168 audire
523 2147 678 2167 sermonem
692 2159 699 2172 ,
725 2140 793 2174 ipsis
806 2146 921 2174 possunt
937 2140 1029 2175 expla-

239 2187 298 2214 ttari
311 2187 363 2214 ista
375 2187 515 2222 mysteria.
530 2195 539 2212 ι
551 2186 632 2214 Vobis
643 2187 715 2214 enim
728 2188 820 2214 datum
832 2191 884 2219 est,
896 2187 984 2222 ittquit
994 2187 1028 2219 3‘,

239 2241 320 2260 nosse
335 2233 462 2269 mysteria
479 2233 534 2268 (I7)
547 2233 622 2268 regni
639 2232 704 2265 Dei;
722 2242 731 2259 ι
749 2233 803 2260 illis
818 2238 920 2266 autem,
936 2233 962 2260 id
987 2237 1029 2261 est

239 2279 286 2314 qui
303 2287 355 2305 ttott
374 2284 514 2307 merentur
530 2298 539 2311 ,
558 2279 603 2313 qui
620 2286 673 2306 non
689 2284 752 2306 sunt
772 2279 841 2306 tales
856 2283 884 2305 ut
902 2286 1028 2308 merean-

241 2329 303 2357 tur,
322 2333 371 2352 nec
384 2332 497 2360 capaces
507 2332 566 2353 esse
582 2329 695 2360 possunt
713 2324 746 2351 ad
762 2325 966 2359 intelligentiam
983 2333 1028 2353 se-

239 2377 400 2404 cretorum;
427 2371 480 2398 illis
496 2378 548 2399 non
576 2374 664 2405 potest
689 2370 747 2397 dari
779 2370 824 2398 ille
851 2371 1029 2399 sacerdotalis

239 2417 328 2453 panis,
348 2417 393 2451 qui
410 2422 451 2444 est
466 2420 596 2448 secretus,
611 2421 639 2443 et
657 2417 788 2451 mysticus
812 2424 917 2451 sermo,
938 2418 985 2445 sed
1002 2417 1028 2444 itt

1075 226 1265 254 mternalcltoc
1283 227 1336 254 crit
1349 227 1381 254 ".
1398 236 1409 253 ι
1432 225 1593 261 Legitimum
1615 234 1733 261 namque
1746 231 1772 253 et
1783 231 1851 254 atter-

1075 280 1138 300 nttnt
1154 277 1195 299 est
1214 279 1294 299 ontne
1311 272 1382 306 quod
1401 273 1548 307 mysticum
1566 277 1618 300 est.
1636 272 1703 299 Nam
1719 277 1850 307 pnesentta

1075 319 1133 346 bzec
1157 324 1184 345 et
1199 318 1299 352 passim
1314 318 1446 350 visibilia,
1463 318 1623 352 temporalia
1640 323 1722 349 sunt,
1737 322 1764 344 et
1780 317 1850 344 linem

1075 366 1130 392 cito
1158 365 1312 398 acvipiunt:
1332 373 1341 389 ι
1353 364 1477 392 Ρτωιεήι
1490 365 1560 391 enint
1574 363 1683 391 habitus
1696 363 1776 396 huius
1786 370 1850 389 mnu-

1075 411 1101 437 di
1121 410 1153 436 ".
1165 419 1174 435 ι
1193 409 1269 443 Quod
1285 409 1306 436 si
1323 410 1402 443 hujus
1414 410 1507 436 muttdi
1522 409 1653 444 prteterit,
1666 407 1727 435 sine
1741 407 1816 434 dubio
1829 412 1852 433 (-t

1075 456 1171 482 litterzc
1186 455 1294 482 babittts
1311 456 1442 490 pneteril,
1453 460 1481 482 et
1496 453 1610 482 htanent
1627 454 1672 481 illa
1692 460 1752 487 quae
1763 458 1851 479 aeterna

1075 506 1150 534 sunt,
1163 509 1222 535 qua:
1233 508 1330 528 sensus
1342 501 1467 528 continet
1476 500 1618 535 spiritalis.
1633 498 1661 526 Si
1677 506 1742 534 ergo
1758 498 1852 525 intelle-

1075 547 1166 574 ximus
1181 547 1269 580 primo
1285 547 1422 582 quomodo
1439 547 1510 573 Deus
1524 546 1685 580 l0quebatur
1696 545 1730 572 ad
1744 544 1851 579 Moysen,

1075 597 1102 620 et
1118 592 1222 628 Moyses
1238 592 1301 619 filiis
1315 592 1409 626 Israel,
1425 592 1544 620 secundo
1557 591 1638 619 etiam
1656 592 1786 619 rationem
1800 598 1854 618 catt-

1077 639 1179 666 delabri
1200 639 1303 671 tttundi,
1316 644 1344 667 et
1359 639 1546 671 lucernarum,
1564 643 1645 673 a:que
1659 638 1712 665 olei
1728 639 1794 672 ejus,
1809 643 1854 664 ler-

1077 686 1113 712 tio
1127 693 1235 719 quoque
1254 693 1338 720 panes
1366 684 1559 720 propositionis
1583 691 1614 711 ex
1631 684 1738 711 duabus
1753 683 1853 711 decitnis

1076 731 1198 766 singulos
1219 730 1357 758 confectos
1375 731 1526 758 secundum
1550 728 1605 765 (Ιὸ)
1622 729 1790 756 voluntatem
1808 728 1853 762 spi-

1077 776 1147 803 ritus
1166 776 1359 807 intclleximus,
1378 776 1474 802 demus
1493 783 1602 809 operam
1617 773 1755 809 quomodo
1768 779 1795 801 et
1814 781 1854 799 nos

1077 822 1128 849 Itoc
1146 826 1220 849 tanto
1235 827 1261 848 et
1281 826 1334 848 tam
1351 820 1463 848 sublinti
1486 820 1625 848 intellectu
1649 826 1702 846 non
1721 818 1854 846 elﬁciamur

1078 866 1179 900 ittdigtti
1193 875 1200 893 :
1215 865 1263 894 sed
1286 871 1316 892 ut
1335 865 1426 894 anima
1443 870 1534 894 nostra
1555 864 1629 899 prius
1644 864 1692 891 ﬁat
1712 864 1786 892 locus
1803 871 1854 890 san—

1080 916 1141 939 ctus
1153 931 1161 943 ,
1179 916 1206 939 et
1223 912 1249 938 in
1271 911 1331 938 loco
1350 916 1444 939 sancto
1462 912 1602 946 capiamus
1625 916 1723 940 sancta
1738 909 1853 945 mysteria

1077 963 1125 991 per
1146 956 1261 990 gratiam
1290 957 1409 991 Spiritus
1425 958 1510 985 snttcti
1525 977 1532 989 ,
1553 965 1587 986 ex
1603 965 1657 992 quo
1679 955 1854 984 sanctiﬁcatur

1077 1009 1159 1030 omne
1172 1002 1244 1037 quod
1260 1007 1385 1030 sanctum
1400 1008 1452 1030 est.
1467 1002 1520 1038 Ipsi
1537 1003 1623 1038 gloria
1637 1007 1666 1030 et
1682 1001 1820 1037 imperium
1833 1000 1853 1027 in

1077 1048 1174 1076 sazeula
1194 1048 1365 1078 saeculorum.
1377 1048 1474 1076 Amen.

1353 1106 1493 1135 IIOMILIA
1514 1106 1584 1134 XIV.

1077 1161 1116 1191 De
1134 1163 1189 1200 ﬁlio
1205 1163 1323 1190 mulieris
1337 1162 1511 1200 Israelitidis,
1522 1168 1547 1200 et
1563 1162 1686 1198 Egyplii
1706 1162 1786 1200 patris
1797 1182 1804 1193 ,
1817 1160 1853 1200 qui

1115 1195 1254 1225 nominans
1269 1207 1362 1225 nomen
1376 1218 1384 1231 ,
1400 1198 1556 1231 maledixit,
1579 1195 1651 1225 είῐλε
1672 1195 1799 1224 uolentia
1816 1195 1853 1222 Dei

1115 1233 1170 1260 lata
1185 1235 1212 1260 in
1225 1242 1295 1260 eunt.

1114 1279 1141 1306 I.
1158 1277 1277 1305 Historia
1294 1278 1370 1305 nobis
1385 1278 1498 1305 recitata
1514 1282 1567 1310 est,
1587 1277 1667 1311 cujus
1686 1276 1808 1311 quamvis
1822 1275 1853 1301 vi-

1078 1324 1174 1352 deatur
1189 1328 1281 1358 aperta
1297 1323 1429 1354 narratio,
1447 1327 1537 1350 tamctt
1558 1322 1610 1350 nisi
1628 1321 1790 1355 diligentius
1802 1327 1853 1346 con~

1081 1369 1222 1397 tittentiatn
1250 1369 1309 1403 ejus
1324 1376 1383 1402 qua:
1402 1372 1444 1396 est
1463 1368 1611 1396 secundum
1633 1367 1754 1394 litteram
1774 1372 1854 1393 conse-

1079 1423 1206 1450 quamur,
1228 1415 1343 1443 interior
1359 1415 1437 1442 nobis
1458 1422 1556 1442 sensus
1573 1414 1645 1442 haud
1663 1413 1745 1441 facile
1758 1411 1852 1447 patebit.

1079 1461 1125 1490 Est
1145 1468 1208 1496 ergo
1226 1460 1374 1495 Scriptura
1394 1467 1485 1488 sermo
1500 1460 1533 1487 de
1548 1467 1602 1494 quo
1617 1459 1803 1486 disserendum
1823 1460 1854 1482 est

1079 1508 1143 1536 hic:
1165 1517 1173 1532 ι
1190 1507 1222 1534 Et
1235 1507 1314 1539 exiit,
1329 1506 1416 1539 inquit
1427 1505 1461 1536 ³⁸.
1474 1504 1545 1532 ﬁlius
1558 1504 1685 1532 tnulieris
1698 1503 1854 1534 Israelititlis,

1080 1558 1108 1582 et
1122 1553 1167 1581 hic
1184 1557 1244 1581 erat
1259 1551 1330 1579 lilius
1345 1550 1466 1585 Egyptii
1482 1551 1554 1577 inter
1569 1549 1639 1578 [ilius
1654 1549 1740 1578 Israel
1751 1558 1759 1577 :
1772 1554 1796 1576 et
1810 1548 1855 1575 liti-

1080 1602 1212 1633 gavertmt
1228 1598 1253 1624 in
1267 1595 1379 1627 castris,
1391 1595 1414 1622 is
1426 1595 1474 1630 qui
1483 1598 1542 1622 erat
1551 1602 1585 1622 ex
1596 1594 1751 1622 Israelitide
1766 1593 1825 1629 (I9),
1836 1596 1856 1618 et

1080 1643 1162 1672 homo
1174 1642 1311 1670 Israelita.
1331 1641 1364 1669 Et
1377 1642 1521 1669 nominans
1536 1642 1610 1671 lilius
1625 1640 1751 1668 mulieris
1765 1638 1855 1666 Israeli-

1081 1688 1144 1716 tidis
1158 1694 1255 1715 nomen
1272 1687 1429 1714 maledixit:
1445 1691 1472 1714 et
1487 1687 1659 1714 adduxerunt
1673 1693 1736 1714 eum
1753 1685 1784 1712 ad
1800 1683 1856 1717 Moy-

1080 1741 1129 1761 sen
1142 1742 1149 1760 :
1171 1738 1197 1761 et
1212 1740 1311 1761 nomen
1327 1733 1423 1760 matris
1434 1733 1494 1768 ejus
1508 1733 1643 1760 Salomith
1657 1732 1715 1760 lilia
1733 1730 1818 1761 Dabri.
1831 1736 1855 1756 ex

1083 1779 1154 1806 tribu
1172 1779 1229 1805 Dan
1243 1789 1249 1806 :
1267 1783 1295 1806 et
1311 1778 1442 1806 miserunt
1464 1786 1525 1805 eum
1540 1778 1734 1810 incarcerem,
1750 1781 1780 1804 ut
1796 1775 1855 1810 judi-

1081 1828 1176 1851 carent
1190 1824 1223 1851 de
1235 1824 1280 1851 illo
1293 1831 1340 1858 per
1353 1827 1520 1857 prmceptum
1533 1823 1651 1850 Domini.
1671 1823 1704 1851 Et
1716 1823 1816 1849 locutus
1825 1824 1856 1846 est

1082 1870 1212 1897 Dominus
1228 1871 1260 1897 ad
1277 1870 1385 1905 Moysen
1403 1870 1498 1897 dicens
1512 1878 1518 1896 :
1535 1869 1609 1902 Ejice
1624 1869 1705 1896 illum
1718 1868 1763 1903 qui
1786 1867 1856 1894 ntale-

1085 1917 1154 1945 dixit
1169 1921 1246 1945 extra
1265 1922 1372 1947 castra,
1395 1921 1423 1943 et
1450 1917 1587 1951 imponent
1614 1923 1713 1942 omnes
1729 1914 1773 1948 qui
1794 1912 1857 1939 auiti-

1082 1966 1162 1989 erunt
1170 1968 1267 1990 manus
1277 1968 1339 1988 suas
1346 1968 1427 1995 super
1435 1965 1519 1994 caput
1529 1960 1598 1995 ejus,
1611 1964 1637 1987 et
1645 1960 1801 1994 lapidabuttt
1810 1955 1856 1991 (ΞΟ)

1081 2013 1143 2034 eum
1164 2006 1253 2033 omnis
1267 2013 1413 2042 synagoga.
1429 2016 1438 2034 ι
1458 2005 1607 2034 Videamus
1630 2013 1698 2040 ergo
1711 2005 1793 2040 primo
1804 2000 1857 2036 quid

1082 2053 1135 2081 sibi
1148 2053 1215 2080 velit
1233 2053 1349 2080 historia
1369 2060 1450 2087 quam
1467 2052 1660 2087 proposuimus
1672 2073 1681 2085 ,
1695 2058 1723 2078 et
1746 2048 1855 2085 quamvis

1082 2098 1162 2132 plana
1180 2098 1304 2126 videatur
1318 2118 1326 2131 ,
1344 2104 1433 2126 tamen
1449 2097 1539 2125 adhuc
1560 2096 1715 2125 evidentius
1729 2103 1786 2124 eam
1806 2098 1856 2120 teu-

1084 2146 1171 2170 tcmns
1190 2143 1241 2170 sub
1257 2142 1343 2170 oculis
1366 2149 1478 2177 ponere.
1501 2141 1639 2169 Ponantus
1660 2149 1727 2177 ergo
1742 2146 1818 2167 unum
1831 2144 1854 2162 cx

1045 2206 1068 2234 Β
1083 2193 1159 2224 patre
1174 2193 1201 2215 et
1217 2194 1304 2215 matre
1320 2188 1463 2215 Israclitici
1478 2188 1598 2215 nominis
1613 2188 1794 2223 generositate
1804 2190 1857 2219 ειυ-

1083 2236 1209 2263 dentem:
1227 2234 1309 2261 alium
1325 2241 1358 2261 ex
1374 2238 1461 2261 matre
1475 2238 1580 2260 tantum
1593 2253 1601 2265 ,
1615 2240 1669 2260 non
1686 2233 1766 2260 etiam
1778 2238 1808 2258 ex
1821 2237 1857 2263 pa-

1084 2284 1135 2315 tre,
1148 2285 1176 2308 et
1192 2280 1265 2307 velut
1282 2287 1316 2306 ex
1338 2285 1416 2315 parte
1428 2279 1560 2311 nobilem,
1577 2283 1602 2306 et
1618 2286 1651 2306 ex
1669 2284 1745 2313 parte
1758 2284 1806 2304 non
1819 2283 1857 2310 pa-

1083 2327 1151 2359 tris,
1167 2333 1228 2361 quae
1246 2326 1340 2359 utique
1356 2325 1451 2352 melior
1465 2325 1574 2352 videtur
1586 2344 1594 2356 ,
1609 2324 1659 2352 sed
1682 2323 1776 2351 matris
1788 2341 1795 2353 ,
1810 2326 1858 2354 una!

1083 2373 1197 2400 inferior
1216 2376 1267 2398 est.
1290 2370 1318 2398 Si
1333 2371 1404 2398 enim
1420 2375 1498 2406 pater
1512 2371 1609 2398 fuisset
1625 2370 1759 2401 Israelita,
1774 2374 1798 2395 et
1812 2375 1858 2393 nta-

1085 2424 1124 2446 ter
1139 2417 1279 2453 Egyptia,
1295 2421 1367 2444 esset
1382 2417 1485 2451 aliquid
1504 2416 1630 2452 amplius.
1653 2415 1711 2443 IIoc
1729 2415 1796 2442 cnint
1812 2413 1858 2438 bte-

274 2487 457 2517 I7Lev.1nttv.
467 2487 492 2517 8.
504 2487 529 2514 9.
568 2487 591 2503 ’⁸
602 2487 719 2521 Eplt.-tv,
735 2487 781 2514 ‘27.
820 2487 945 2516 "Matth.
958 2496 1006 2517 χιι.
1025 2487 1069 2518 45,
1087 2486 1132 2513 44.
1171 2486 1194 2502 ³⁸
1207 2485 1216 2512 I
1229 2485 1291 2512 Cor.
1310 2493 1348 2518 tu,
1361 2484 1408 2512 2'1.
1445 2485 1467 2501 "
1483 2484 1569 2512 Levit.
1584 2491 1659 2517 xxtv,
1674 2483 1702 2511 9.
1739 2482 1762 2498 ³³
1777 2479 1858 2507 Matut-

239 2530 301 2554 xttt,
316 2523 359 2550 II.
392 2523 414 2539 ³³
428 2522 514 2549 Levit.
531 2530 605 2555 xxtv,
625 2523 652 2550 9.
689 2523 712 2539 "
727 2523 736 2550 I
752 2523 814 2550 Cor.
831 2531 880 2556 vn,
895 2523 939 2550 5|.

276 2583 330 2617 (I5)
347 2582 423 2610 Libb.
442 2582 521 2614 editi,
541 2591 550 2607 ι
566 2581 656 2617 capiat
669 2589 766 2617 panem
789 2583 874 2615 illum,
891 2592 900 2609 ι
919 2590 985 2610 mss.
1002 2586 1032 2610 ut

242 2617 269 2645 itt
287 2623 378 2644 nostro
395 2623 479 2644 textu.

279 2654 333 2686 (to)
349 2652 438 2679 Codex
461 2652 619 2686 Sangerm.,
645 2660 654 2677 ε
669 2659 719 2679 nec
732 2652 845 2687 quilibet
859 2652 930 2679 verbi
948 2651 1028 2685 ltujus

244 2692 332 2719 potest
344 2687 437 2713 audire
451 2689 618 2722 mysterium.
631 2687 840 2719 Tantummodo,
854 2697 863 2714 ι
879 2692 931 2716 etc.
943 2687 1028 2719 Infra,

248 2729 256 2746 t
271 2721 318 2756 ipsi
333 2726 444 2756 possunt
460 2721 606 2755 explanare
620 2723 671 2749 ista
687 2723 827 2756 mysteria.
843 2732 853 2749 ι

281 2755 336 2794 (1.7)
351 2755 428 2783 Libb.
444 2756 523 2789 editi,
545 2766 554 2782 ι
569 2755 740 2793 mysterium,
753 2767 762 2783 I
780 2757 827 2785 sed
842 2765 919 2790 mss.,
941 2765 950 2782 ι
969 2763 1028 2790 my-

247 2794 337 2817 Slt‘rttt.
354 2799 362 2814 ι

283 2824 337 2859 (t8)
351 2824 427 2852 Libb.
444 2825 524 2857 editi,
545 2834 555 2851 ι
573 2825 694 2860 singulos
709 2833 832 2861 quosque
848 2825 988 2855 confectos
1005 2824 1028 2852 si

978 2524 1000 2540 ³⁵
1016 2522 1102 2550 Levit.
1119 2529 1193 2554 xxtv,
1211 2521 1243 2547 I0
1259 2526 1286 2547 ct.
1302 2528 1379 2555 seqq.

1086 2581 1258 2612 secundum,
1276 2589 1286 2606 ι
1313 2584 1380 2610 etc.,
1405 2579 1453 2606 sed
1479 2576 1654 2611 utattuscripti
1681 2580 1711 2602 ut
1737 2575 1762 2602 in
1773 2577 1858 2600 ΔιιοειιὊ

1082 2621 1176 2684 will?)
1195 2649 1274 2677 Libb.
1293 2648 1376 2680 editi,
1394 2657 1403 2673 ι
1415 2655 1448 2674 ex
1462 2646 1612 2684 Israelitide
1630 2646 1756 2676 muliere,
1768 2653 1776 2668 ι
1790 2641 1858 2684 sed}

1083 2681 1148 2713 mss.
1166 2681 1198 2712 ἐι
1225 2694 1239 2711 a
1263 2684 1358 2712 Graeco
1384 2683 1554 2718 septuaginta
1590 2681 1768 2714 Interpretum
1795 2681 1857 2704 lexltl

1084 2721 1158 2748 abest
1179 2729 1188 2745 t
1204 2720 1330 2747 muliere.
1346 2727 1356 2744 ι

1119 2746 1175 2787 (20)
1189 2746 1279 2782 Codex
1298 2755 1441 2788 Sangerm.
1459 2762 1468 2779 ι
1480 2751 1652 2788 lapidabunt,
1666 2759 1676 2776 ι
1692 2747 1763 2778 LXX
1771 2746 1857 2778 Interp-

1084 2785 1299 2825 λιοοὸὸλήσςυσι.
1317 2785 1396 2818 Libb.
1415 2788 1492 2822 editi,
1507 2785 1523 2812 ί·
1537 2785 1679 2822 lapidabit.
1695 2794 1704 2811 ι
