1894 3058
42 110 84 135 553
391 109 395 112 ‘
588 103 620 130 IN
638 100 823 130 LEVITICUM
847 100 989 128 lIOMII.l.-\
1003 100 1072 127 XIV.

1599 99 1651 126 535

42 173 91 194 rant
105 166 240 193 Manasses
252 170 280 193 et
291 165 417 200 Ephrem.
435 163 511 190 Nunc
531 170 595 189 vero
617 163 748 196 scriptum
761 167 814 193 est,
829 161 850 188 Δ
868 168 932 187 vero
950 161 1017 194 prof-
1029 160 1120 186 SAIIIIIe
1136 158 1244 194 quidem
1261 158 1429 186 Christianus
1443 162 1493 190 est,
1515 158 1650 184 intellectu

43 215 94 248 quia
110 213 178 239 Illius
201 212 238 239 sit
254 211 376 238 mulieris
390 209 550 236 Israclitidis
561 229 568 240 ,
584 215 610 235 et
625 208 744 243 Egyptii
765 217 814 242 pa-

44 259 91 286 tris.
107 258 134 284 Si
150 265 217 292 ergo
233 257 381 292 diligenter
396 261 505 283 secutus
520 262 549 282 es
563 255 631 282 duos
648 255 715 281 istos
731 255 814 285 viros,

43 312 111 330 unum
129 311 161 330 ex
176 303 286 337 integro
300 303 416 329 nobilem
431 321 439 331 ,
454 301 535 328 alium
547 308 579 328 ex
597 304 675 335 parte
688 319 695 329 .
710 300 815 326 intuere

43 357 102 376 nunc
123 356 169 375 eos
193 348 337 382 litigantes
358 347 528 374 adinvicem:
553 346 579 372 in
597 354 648 380 qua
663 346 709 372 lite
732 346 754 372 is
769 346 815 380 qui

43 401 106 430 patre
119 395 250 430 Egyptio
264 400 291 422 et
306 400 395 422 matre
412 394 467 420 sola
483 393 630 420 lsraclitide
650 393 757 428 genitus
774 394 815 420 vi-

43 443 117 472 detur.
135 441 282 468 nominans
297 439 480 471 maledixerit.
496 445 523 466 et
545 440 581 466 ob
603 439 655 466 hoc
670 439 816 473 perductus

42 488 70 513 sit
83 487 102 513 is
118 487 163 521 qtti
182 486 359 513 maledixerat
379 485 413 512 ad
429 484 549 520 Moysen.
564 484 671 520 Moyses
689 493 753 511 vero
769 492 815 512 ne-

43 540 84 566 que
101 532 241 559 absolvere
266 539 328 559 eutn
347 538 428 558 ausus
443 535 503 562 est,
522 538 610 565 neque
634 530 816 557 condemnare

43 580 90 606 sine
108 579 169 606 Deo.
192 578 320 605 Tradidit
335 577 407 604 ettim
424 585 485 604 eum
502 577 631 604 custodias
645 584 784 612 usquequo
801 585 815 603 a

44 625 87 651 Deo
99 626 232 659 acciperet
249 632 408 659 responsum
423 625 487 659 quid
503 623 566 651 velit
582 623 639 650 ﬁeri
653 623 686 650 de
699 630 740 650 eo.
754 623 817 650 Hzec

44 676 76 698 est
89 671 207 698 historim
220 671 400 703 continentia,
418 678 488 698 tutnc
504 675 592 698 atttent
607 669 746 696 videamus
757 677 816 704 quae

43 717 70 742 sit
92 717 116 743 in
132 725 162 743 ea
181 717 314 752 spiritalis
338 717 406 744 ratio
418 737 426 750 ,
448 724 506 751 qua:
522 715 658 743 atdilicare
672 716 751 742 debet
767 715 816 743 Ec-

43 763 148 791 clesiam.

69 810 92 835 2.
118 809 206 836 Primo
225 808 350 835 omnium
367 816 458 835 sermo
475 807 561 839 dicit,
581 808 643 842 quia
659 807 728 834 exiit
744 808 815 835 lilius

44 853 149 882 mulieris
160 854 322 881 Israclitidis
335 859 362 880 et
379 853 497 889 Egyptii
525 854 610 888 patris
621 874 628 885 ,
643 857 670 880 et
687 854 758 880 unde
772 853 814 880 vel

43 907 86 931 quo
97 905 204 932 exierit,
221 908 275 926 non
293 901 388 928 refert.
405 900 585 927 Inveniuntur
600 901 671 927 enim
688 901 768 927 antbo
789 900 814 926 in

43 947 125 974 castris
136 948 230 981 positi,
245 947 316 974 sicut
327 948 427 974 iudicat
442 954 532 974 sermo
543 945 661 978 Domini,
677 946 769 973 dicens
781 946 815 974 ἐι

47 992 127 1020 ιΕιιυρ
138 994 275 1020 hominem
289 993 334 1027 qui
351 992 491 1019 maledixit
508 992 580 1019 I'oras
594 996 670 1018 extra
685 997 785 1019 castra.
803 1001 813 1017 ι

45 1038 67 1064 Si
85 1046 142 1073 ergo
157 1039 191 1066 de
205 1039 308 1066 castris
324 1038 465 1070 educitur,
485 1038 640 1065 necessario
666 1038 692 1065 in
718 1038 817 1066 castris

45 1088 101 1109 erat.
120 1084 185 1116 Quid
200 1091 268 1118 ergo
287 1088 328 1110 est
344 1083 416 1117 quod
434 1090 495 1110 cum
524 1083 642 1110 nondum
665 1083 766 1110 exisset
783 1083 817 1110 de

45 1129 143 1162 castris,
161 1129 226 1156 dicit
251 1129 285 1156 de
300 1136 334 1155 eo
360 1128 502 1162 Scriptura
523 1128 612 1155 divina
629 1128 650 1144 "
662 1148 669 1161 ,
687 1138 696 1154 ι
710 1133 737 1156 et
751 1129 818 1156 exiit

47 1174 104 1201 ﬁlius
122 1174 241 1202 mulieris
263 1174 446 1201 Israelitidis!
460 1183 469 1200 ι
490 1174 546 1209 Ego
560 1178 625 1208 puto
641 1175 704 1209 quia
718 1175 816 1202 docere

47 1228 84 1246 nos
96 1220 145 1247 vult
162 1228 252 1248 sermo
269 1219 389 1251 divinus,
407 1219 477 1254 quod
492 1219 537 1254 qui
554 1224 659 1254 peccat,
674 1219 818 1254 dupliciter

46 1265 107 1292 exire
119 1266 225 1293 dicitur.
239 1266 333 1293 Primo
347 1265 417 1292 enini
431 1265 488 1292 exit
503 1273 517 1291 a
536 1266 676 1300 proposito
694 1266 774 1297 bono.
791 1270 818 1294 et

48 1315 108 1337 rccta
123 1312 257 1339 sententia
272 1332 280 1344 ,
292 1311 349 1338 exit
363 1318 377 1337 a
392 1310 434 1337 via
449 1311 568 1344 justitite,
583 1312 639 1338 exit
653 1320 667 1339 a
686 1311 744 1346 lege
760 1312 817 1340 Dei.

47 1353 201 1382 Postmodum
213 1363 351 1384 veroeum
364 1356 520 1384 confutatus
537 1357 618 1383 fuerit
633 1364 683 1391 pro
695 1361 816 1391 peccato,

46 1400 91 1425 uit
102 1400 179 1427 etiam
191 1401 225 1427 de
241 1405 315 1428 cmtu
333 1405 361 1427 et
375 1400 584 1436 congregatione
600 1406 767 1428 sanctorum.
783 1400 819 1428 Ut

47 1448 64 1472 si
78 1448 146 1476 verbi
162 1456 243 1476 causa
259 1449 384 1476 dicamus
401 1459 408 1476 :
432 1448 558 1476 Peccavit
575 1449 672 1483 aliquis
690 1449 817 1482 ﬁdelium,

48 1491 88 1518 iste
98 1493 200 1521 etiamsi
219 1494 341 1521 nondum
357 1494 501 1528 abjicialur
517 1502 565 1528 per
578 1495 695 1529 episcopi
710 1502 820 1522 senten-

49 1538 110 1572 tiam,
121 1539 172 1574 jam
189 1545 281 1568 tamen
297 1547 344 1575 per
358 1540 444 1574 ipsutn
460 1544 600 1574 peccatum
617 1541 688 1575 quod
699 1540 819 1573 admisit,

49 1582 134 1616 eiectus
148 1589 206 1617 est;
233 1591 262 1612 ct
287 1585 414 1620 quamvis
431 1585 514 1613 itttret
541 1586 703 1618 ecclesiam,
729 1591 820 1613 tamen

49 1628 133 1662 eiectus
145 1635 196 1665 est,
206 1635 232 1658 et
245 1631 313 1658 I’oris
321 1635 364 1658 est
379 1636 537 1666 segregatus
546 1639 560 1658 ι
567 1631 704 1659 consortio
714 1637 741 1658 et
756 1639 822 1659 una-

50 1676 154 1704 nimitate
171 1677 305 1705 lideliutn.
327 1677 398 1704 Exiit
416 1685 482 1712 ergo
499 1677 571 1705 lilius
595 1678 679 1712 patris
697 1677 820 1714 [Egyptii

51 1726 70 1763 et
82 1723 166 1750 matris
190 1723 362 1752 Israelitidis.
380 1723 430 1756 Qui
446 1723 554 1758 penitus
565 1728 644 1750 extra
664 1723 744 1751 ﬁdem
759 1729 800 1751 est
811 1745 819 1757 ,

52 1771 110 1793 totus
130 1768 273 1804 Egyptius
294 1773 347 1796 est.
373 1769 425 1802 Qui
448 1774 539 1796 autent
565 1769 637 1796 inter
653 1777 702 1796 nos
724 1774 776 1803 est,
794 1775 822 1797 et

51 1818 144 1847 peccat,
167 1822 201 1842 ex
230 1822 287 1842 una
313 1815 424 1849 quidem
449 1820 527 1850 parte
555 1822 609 1849 qua
635 1814 691 1842 Deo
714 1815 821 1848 credit,

51 1856 281 1893 2591sraelitica:
301 1861 406 1888 videtur
421 1861 536 1896 originis
552 1871 558 1889 :
571 1868 604 1888 ex
617 1868 649 1888 ea
667 1868 732 1889 vero
745 1866 823 1896 parte

51 1910 92 1936 qua
113 1910 212 1940 peccat,
238 1905 275 1933 de
292 1905 421 1941 Egyptio
443 1913 531 1942 genus
549 1907 636 1934 ducit.
668 1907 740 1934 Duos
756 1914 823 1943 ergo

53 1949 173 1985 Scriptura
201 1953 346 1987 proposuit
374 1952 523 1987 litigantes,
548 1961 631 1980 unum
656 1959 689 1980 ex
717 1953 824 1989 integro

54 1994 194 2030 Israelitaiu,
222 1998 271 2032 qui
294 1997 410 2032 litigavit
425 1998 534 2033 qnident
549 1999 596 2026 sed
613 2006 666 2026 non
681 2000 821 2034 peccavit:

54 2041 119 2069 istum
141 2051 201 2070 vero
214 2044 298 2078 cujus
321 2048 462 2077 peccatum
491 2043 625 2080 designat.
650 2044 769 2072 maxima
789 2052 823 2073 ex

54 2094 116 2120 parte
141 2091 250 2118 mistum
282 2097 342 2118 esse
368 2090 497 2125 [Egyptio
523 2089 616 2124 generi
643 2090 822 2124 indicat,ad-

55 2141 142 2162 versum
172 2144 252 2171 quem
284 2137 371 2172 litigat
394 2137 526 2169 Israelita,
553 2141 580 2164 et
609 2136 680 2164 forte
711 2145 821 2173 compe-

55 2184 126 2208 tenter
143 2188 168 2209 et
190 2183 391 2210 rationabiliter
420 2182 517 2217 litigat.
545 2182 613 2210 Nam
638 2187 665 2210 et
691 2183 719 2210 itt
749 2183 821 2211 Exo-

56 2226 81 2253 do
100 2229 213 2257 Israelita
239 2235 271 2259 et
297 2230 444 2267 Egyptius
480 2231 598 2266 litigant,
630 2232 675 2259 ubi
700 2231 821 2260 Israelita

56 2280 155 2310 superat,
178 2277 326 2312 Egyptius
351 2277 425 2305 cadit
441 2277 475 2304 I‘.
507 2277 590 2312 Igitur
615 2282 643 2306 et
667 2286 717 2314 ego
743 2279 823 2306 hodie

57 2320 73 2345 si
95 2322 224 2350 veritatem
252 2322 410 2354 defendant,
437 2323 461 2349 si
486 2330 602 2357 pugnem
627 2330 676 2357 pro
693 2323 824 2351 ecclesia-

58 2364 110 2391 stica
123 2366 171 2394 [ide
184 2368 329 2395 adversum
347 2375 420 2399 eum,
437 2368 482 2402 qui
503 2375 536 2395 ex
550 2373 628 2402 parte
641 2368 751 2403 quidem
765 2375 826 2395 cre-

59 2410 89 2436 dit
99 2411 206 2445 Christo,
229 2419 256 2441 et
277 2413 374 2448 recipit
388 2413 556 2448 Scripturas,
582 2414 630 2441 sed
655 2421 708 2441 non
723 2413 827 2448 integre

60 2461 148 2484 sensqu
171 2466 266 2486 earnm
283 2467 332 2486 nec
350 2459 467 2486 ﬁdeliter
490 2459 610 2494 recipit:
632 2458 707 2493 litigo
730 2459 827 2486 adver-

60 2507 182 2538 tuuteum,
207 2505 252 2540 qui
277 2512 310 2532 ex
333 2509 420 2532 matre
447 2504 555 2540 quidem
581 2504 702 2532 Israelita
725 2509 777 2537 est,
793 2513 826 2532 ex

61 2554 122 2582 imre
132 2561 193 2581 vero
208 2554 367 2591 Egyptius.
394 2553 422 2581 Si
443 2553 504 2588 quis
518 2560 583 2586 ergo
601 2557 629 2580 et
653 2552 714 2579 lidei
730 2552 828 2579 credu-

62 2596 130 2631 litate,
148 2605 174 2627 et
199 2602 319 2629 nominis
345 2599 516 2637 professione
540 2599 713 2627 Christianus
738 2604 780 2627 est
801 2605 829 2627 et

62 2646 202 2680 catholicus,
218 2647 272 2676 iste
286 2656 319 2675 ex
338 2652 454 2682 utraqtte
467 2652 545 2682 parte
560 2646 680 2673 Israelita
699 2650 750 2674 est.
771 2646 822 2679 Qui

90 2726 108 2740 ἐ
122 2727 203 2756 Levit.
230 2738 306 2763 xxtv,
323 2730 368 2757 IL.
407 2730 428 2746 ³⁷
445 2730 509 2757 ibid.
526 2730 569 2757 I0.
608 2729 630 2745 ³⁸
644 2728 729 2756 Exod.
744 2736 789 2755 xx.

867 210 956 232 alitem
970 205 1030 231 fidei
1046 204 1188 231 haereticus
1205 208 1232 231 et
1245 211 1388 238 perversns
1401 209 1453 235 est,
1470 203 1521 230 iste
1538 208 1649 229 matrem

865 252 973 286 quidem
986 251 1050 278 Isra-
1063 251 1175 282 litidcnt,
1193 257 1296 284 patrem
1311 259 1374 277 vero
1389 249 1543 285 [Egyptiqu
1558 249 1648 276 habet.

865 299 1005 332 Quomodo
1029 305 1094 332 ergo
1121 298 1171 324 hoc
1187 297 1304 323 accidit?
1326 296 1392 323 Cum
1417 295 1573 331 Scripturas
1589 297 1650 330 quis

866 346 939 380 Icgit,
963 350 990 372 et
1005 345 1121 372 litteram
1139 344 1246 378 quidem
1263 345 1396 378 sequitur,
1420 343 1586 369 intellectum
1603 350 1650 369 an-

867 398 920 420 tem
936 392 1059 426 repndiat
1073 391 1235 425 spiritalem,
1250 392 1292 418 hic
1311 396 1424 418 matrem
1441 390 1549 424 quidem
1563 389 1652 416 Israe-

866 439 970 466 litieant
990 439 1081 470 habet,
1100 438 1192 470 idest,
1218 437 1336 464 litteram
1356 444 1490 464 :sensum
1506 444 1570 463 vero
1589 437 1652 470 quia

866 485 1015 520 spiritalem
1034 491 1086 510 non
1104 484 1238 518 sequitur,
1255 483 1301 509 scd
1324 483 1469 511 carnalem.
1491 483 1532 509 isti
1549 487 1589 509 cst
1605 482 1653 509 Αἰ-

867 530 975 564 gyptins
998 534 1092 564 pater;
1119 533 1146 555 et
1162 529 1222 555 ideo
1237 529 1379 555 adversum
1398 528 1608 555 ecclesiasticum
1627 533 1653 553 ct

866 574 1028 602 catholicum
1051 574 1151 608 litigat,
1179 574 1203 600 id
1226 579 1267 601 cst
1280 578 1374 600 contra
1396 581 1456 600 eum
1474 573 1518 608 qui
1533 581 1564 599 ex
1582 579 1651 599 utra-

867 628 919 654 que
937 625 1014 654 parte
1031 619 1152 646 Israelita
1172 624 1224 650 est,
1249 620 1294 654 qui
1316 623 1343 646 et
1365 620 1513 645 secundum
1538 618 1652 645 litteram

866 666 987 693 Israelita
1015 670 1066 696 cst,
1093 670 1120 692 et
1134 665 1280 692 secundum
1295 665 1432 697 spiritum,
1458 665 1519 700 quia
1537 665 1593 700 ipse
1610 672 1652 692 se-

867 712 984 739 cundum
1010 711 1126 738 litteram
1155 712 1262 745 quidem
1285 710 1404 738 Israelita
1430 716 1481 742 est.
1505 711 1652 738 secundum

867 757 991 791 spiritum
1007 764 1071 784 vero
1095 755 1250 792 Egyptius.
1282 756 1351 789 Quid
1377 765 1442 791 ergo
1467 762 1506 784 est
1532 758 1654 791 utrisque

870 803 1055 839 litigantibus?
1073 801 1232 829 Necessario
1253 803 1296 830 illc
1309 803 1353 837 qui
1377 802 1513 830 carnalem
1532 803 1655 838 sequitur

867 858 987 881 sensum,
1006 855 1134 884 tanquam
1150 849 1184 876 dc
1197 847 1324 883 Egyptio
1339 855 1424 883 genus
1438 849 1540 875 dnccns
1557 857 1653 875 nomen

868 897 999 929 nominat,
1024 901 1051 923 ct
1069 896 1218 923 maledicit.
1237 895 1365 922 Nominat
1391 896 1462 923 cuitu
1479 904 1577 923 nomen
1597 897 1654 927 Dei,

867 947 894 969 et
907 950 968 969 cum
987 942 1129 969 ntaledicto
1145 942 1268 969 nominat
1286 951 1293 968 :
1312 946 1392 976 negat
1406 943 1479 968 enim
1495 950 1556 968 eum
1572 941 1652 968 Crea~

869 993 955 1016 torem
973 996 1035 1016 esse
1050 988 1155 1022 mundi,
1173 993 1253 1022 negat
1268 995 1330 1015 esse
1346 987 1453 1015 Patrem
1468 987 1579 1015 Christi.
1603 987 1656 1015 Nos

869 1044 932 1063 vero
949 1036 993 1070 qui
1009 1043 1042 1062 ex
1057 1040 1170 1070 utroque
1186 1042 1284 1070 genere
1299 1035 1425 1062 Israelita:
1445 1044 1550 1068 sumus,
1572 1042 1598 1064 et
1614 1037 1657 1063 lit-

869 1086 956 1108 teram
970 1086 998 1108 et
1011 1081 1136 1115 spiritum
1154 1080 1179 1107 in
1192 1080 1340 1114 Scripturis
1356 1081 1457 1108 sanctis
1472 1081 1654 1113 defendimus,

868 1133 895 1154 ct
913 1127 1051 1162 litigamus
1069 1127 1211 1154 adversum
1229 1134 1289 1158 eos,
1306 1127 1351 1161 qui
1368 1133 1400 1153 ex
1420 1127 1505 1154 media
1521 1133 1598 1162 parte
1615 1127 1655 1154 Is-

872 1174 974 1201 raelitae
988 1174 1125 1205 videntur,
1143 1178 1170 1200 et
1185 1173 1300 1201 dicimus
1319 1174 1382 1207 quia
1401 1181 1487 1208 nequc
1507 1173 1654 1201 secundum

869 1219 985 1246 litteram
1000 1218 1124 1246 maledici
1142 1223 1261 1252 oportet,
1277 1226 1365 1253 neque
1381 1219 1530 1246 seeuudunt
1546 1220 1656 1254 spirita-

869 1265 921 1293 lcm
946 1265 1152 1300 intelligentiam
1183 1265 1378 1299 hlaspltemari.
1414 1265 1560 1294 Maledictis
1583 1267 1655 1293 enim

869 1320 922 1339 non
942 1311 1028 1338 solum
1054 1311 1079 1338 in
1097 1311 1190 1342 Deum.
1208 1311 1255 1338 sed
1270 1311 1352 1338 etiam
1377 1311 1403 1338 in
1418 1312 1570 1346 proximum
1588 1321 1656 1347 apo-

869 1358 930 1386 stoli
946 1357 1020 1384 Pauli
1045 1357 1182 1385 sententia
1207 1364 1222 1383 ιι
1238 1364 1320 1392 regno
1342 1356 1390 1384 Dei
1405 1357 1569 1384 excluditur.
1594 1358 1660 1385 Vide

869 1404 943 1431 enim
961 1403 1098 1438 quomodo
1114 1403 1181 1430 dicit
1206 1402 1352 1438 Apostolus
1364 1402 1385 1419 ³³
1400 1411 1408 1430 :
1426 1412 1434 1428 ι
1448 1402 1534 1430 Nolite
1555 1411 1657 1436 errare,

870 1457 956 1485 neque
972 1449 1124 1484 I'ornicarii,
1140 1456 1227 1485 neque
1241 1449 1368 1483 adulteri,
1385 1457 1472 1484 neque
1486 1449 1590 1482 molles,
1611 1458 1658 1478 ne-

833 1499 853 1528 c
871 1503 925 1530 que
940 1495 1122 1523 masculorum
1137 1495 1336 1528 concubitores,
1363 1503 1451 1530 neque
1469 1495 1552 1528 fures,
1571 1503 1659 1530 neque

871 1542 946 1569 avari
970 1541 1038 1578 (2|).
1065 1549 1151 1576 neque
1176 1541 1302 1570 maledici
1328 1550 1440 1575 regnum
1468 1542 1514 1570 Dei
1538 1543 1659 1577 posside-

871 1587 949 1614 bunt.
961 1597 971 1613 ι
995 1587 1090 1614 Videte
1107 1586 1178 1614 inter
1195 1594 1256 1621 quae
1272 1587 1399 1618 erimina,
1425 1588 1496 1615 inter
1512 1588 1658 1619 adulteros,

872 1633 943 1660 inter
958 1633 1138 1660 masculorum
1158 1632 1359 1666 concubitores,
1374 1633 1446 1660 inter
1460 1641 1570 1666 avaros,
1591 1642 1659 1668 quos

872 1679 937 1706 alibi
953 1679 1019 1706 dicit
1034 1678 1114 1706 idolis
1128 1678 1289 1710 servientes,
1302 1679 1385 1705 etiam
1400 1679 1545 1706 maledicos
1559 1679 1659 1713 posuit,

872 1730 900 1752 et
915 1733 930 1752 ι
949 1732 1031 1758 regno
1047 1725 1092 1752 Dei
1120 1724 1224 1758 pariter
1241 1731 1303 1751 cum
1320 1724 1374 1752 illis
1396 1725 1523 1752 exclusit.
1545 1725 1660 1753 Videant

872 1778 938 1806 ergo
955 1771 976 1798 si
992 1771 1038 1805 qui
1053 1778 1086 1798 os
1107 1778 1185 1798 suum
1202 1771 1361 1806 quotidiana
1378 1777 1446 1805 pene
1465 1772 1661 1799 consuetudine

874 1818 925 1846 hoc
939 1817 1006 1844 vitio
1030 1817 1197 1851 insuescunt,
1216 1817 1280 1852 quid
1305 1818 1346 1844 eis
1369 1817 1481 1852 periculi
1507 1817 1659 1845 immineat.

873 1862 1004 1890 Putantes
1017 1863 1089 1890 enim
1104 1862 1164 1890 leve
1174 1867 1201 1890 et
1214 1863 1294 1890 facile
1307 1863 1359 1890 hoc
1370 1870 1432 1890 esse
1448 1868 1586 1897 peccatum
1605 1870 1660 1890 non

876 1908 955 1936 facile
969 1912 1079 1940 cavent,
1093 1908 1140 1935 sed
1152 1908 1328 1935 considerent
1351 1907 1510 1942 Apostolqu
1524 1909 1661 1942 quomodo

875 1953 1036 1981 maledicum
1051 1961 1066 1980 a
1085 1960 1169 1988 regno
1187 1952 1232 1980 Dei
1253 1953 1383 1987 excludit,
1399 1959 1426 1980 et
1439 1953 1509 1981 Deus
1524 1960 1572 1988 per
1587 1953 1662 1989 Moy-

874 2010 921 2030 sen
936 2002 1070 2037 quomodo
1085 2001 1246 2029 maledicttm
1264 2001 1352 2035 puniri
1364 2000 1452 2034 jubet.
1483 2001 1559 2029 Unde
1573 2005 1600 2029 et
1610 2009 1662 2036 ego

875 2048 954 2076 valde
965 2048 1116 2075 adutiratus
1130 2054 1202 2079 sum,
1219 2047 1291 2081 quod
1308 2046 1333 2074 in
1349 2047 1399 2074 hoc
1412 2046 1471 2074 loco
1483 2054 1561 2082 quem
1577 2047 1658 2075 Italic.

876 2101 936 2121 mus
957 2094 983 2120 in
1007 2094 1144 2125 manibus,
1162 2093 1303 2127 Scriptura
1321 2099 1374 2119 non
1388 2097 1481 2128 aperte
1501 2093 1662 2128 designavit,

876 2140 938 2174 quia
953 2139 1004 2166 iste
1024 2140 1071 2174 qui
1091 2147 1124 2166 ex
1141 2137 1268 2174 [Egyptio
1282 2146 1366 2172 gettus
1391 2138 1477 2170 ducit,
1492 2139 1663 2166 maledixerit

874 2185 969 2218 Deum,
979 2185 1027 2212 sed
1043 2188 1145 2212 tantum
1157 2184 1246 2219 posuit
1257 2183 1320 2218 quia
1330 2184 1473 2212 nominans
1481 2184 1662 2218 maledixerit,

875 2238 903 2260 et
918 2231 1026 2267 reliquit
1043 2231 1070 2258 in
1084 2230 1173 2258 medio
1189 2230 1230 2258 vel
1245 2230 1279 2257 de
1298 2230 1363 2263 Deo,
1385 2229 1426 2257 vel
1440 2230 1474 2257 de
1491 2231 1598 2259 homine
1615 2238 1661 2258 su-

875 2278 1049 2314 spicandum.
1084 2277 1161 2305 Unde
1186 2277 1251 2304 mihi
1278 2277 1384 2304 videtnr
1418 2277 1521 2304 idcirco
1545 2277 1665 2305 noluisse

877 2329 972 2359 aperte
984 2323 1017 2351 de
1041 2323 1097 2350 Deo
1110 2322 1298 2357 pronuntiare,
1323 2329 1358 2350 ne
1371 2322 1404 2350 de
1421 2322 1577 2351 hominibus
1591 2323 1665 2350 vide-

880 2374 955 2396 retur
969 2369 1076 2396 dedisse
1093 2367 1244 2400 licentiam,
1271 2372 1299 2396 et
1314 2368 1375 2395 ideo
1390 2367 1433 2395 vel
1456 2369 1489 2396 de
1504 2368 1559 2395 Deo
1575 2367 1616 2396 vel
1631 2368 1665 2396 de

880 2415 990 2442 homine
1003 2413 1122 2444 siluisse.
1140 2418 1170 2440 ut
1186 2413 1220 2441 de
1232 2417 1350 2448 utroque
1362 2417 1514 2441 caveretur.

915 2460 942 2487 5.
963 2459 1060 2487 Verum
1074 2459 1203 2494 quoniam
1215 2459 1377 2486 sententiam
1392 2458 1512 2492 Apostoli
1528 2458 1665 2493 proposui.

882 2513 954 2537 mus,
972 2505 1017 2540 qui
1033 2504 1100 2532 dicit
1113 2504 1258 2532 maledicos
1274 2511 1288 2531 a
1305 2511 1388 2539 regno
1409 2504 1456 2531 Dei
1472 2503 1665 2536 excludendos,

881 2553 984 2588 aliquid
1001 2553 1124 2588 exposcit
1147 2552 1198 2580 iste
1225 2558 1316 2578 sermo
1333 2550 1422 2578 solatii
1440 2558 1473 2576 ne
1495 2550 1605 2576 omnino
1620 2550 1665 2576 dc-

881 2599 1062 2633 sperationem
1085 2598 1225 2625 vidcatnur
1240 2596 1359 2624 indicere
1383 2596 1426 2627 iis,
1445 2595 1490 2630 qni
1508 2595 1665 2630 quotidiana

875 2653 944 2681 pene
957 2644 1134 2672 maledicendi
1146 2643 1342 2671 consuetudine
1352 2641 1505 2676 rapiuntur,
1519 2646 1546 2669 ct
1558 2641 1599 2668 ori
1617 2648 1664 2668 suo

834 2727 857 2744 ³¹
869 2727 876 2754 l
888 2727 951 2755 Cor.
965 2734 1002 2759 vr,
1017 2726 1044 2759 9,
1060 2726 1103 2754 I0.

90 2798 134 2831 (il)
149 2800 175 2828 In
191 2802 283 2829 codice
297 2801 438 2837 Sangcrm.
451 2802 536 2833 deest,
556 2810 564 2826 ι
579 2808 665 2835 neque
679 2799 762 2832 iures,
780 2806 865 2833 nequc
879 2798 963 2825 avari.
977 2807 986 2826 .I

201 2849 336 2878 Parem.
360 2849 419 2878 (in.
445 2848 514 2877 XII.

1479 2842 1512 2870 I8
