1886 3051
233 101 287 128 555

965 96 1125 125 ORICENIS

1800 104 1842 131 55b

233 159 362 187 adhibere
387 159 539 186 custodiam
557 159 596 184 γυι
611 158 709 184 ostium
735 158 882 192 ncolignnt.
904 157 1023 184 Prnmis-
1040 158 1058 185 Λ
1077 155 1170 182 sisset.
1193 155 1263 182 Exiit
1277 157 1348 182 enint
1363 164 1376 182 a
1395 156 1521 189 veritate,
1541 157 1609 184 exiit
1628 165 1642 184 a
1660 158 1756 185 timore
1771 159 1818 193 Dei,
1830 169 1840 187 ιι

233 205 319 232 sionis
343 204 438 231 futura:
456 210 507 230 non
527 211 597 230 ttnus
612 207 653 230 cst
680 203 786 233 modus.
804 209 891 236 neque
907 201 1021 236 simplex

233 250 338 284 species
356 258 363 282 ;
379 249 425 276 sed
443 248 514 276 sicut
531 247 622 274 docuit
646 247 700 282 ipse
715 247 844 274 Dominus
858 248 883 274 in
899 247 1023 281 Evange-

233 296 270 323 lio
282 296 314 327 ⁵⁸.
339 303 400 322 cum
426 295 519 321 beatos
543 294 608 321 dicit
626 301 758 328 pauperes
772 294 880 328 spiritu,
904 299 931 320 ct
950 293 1023 328 ipso-

233 349 292 367 rum
310 340 376 367 dicit
393 347 454 366 esse
481 346 592 374 regnum
617 339 761 366 caelorum.
789 339 821 366 Et
845 339 909 366 item
928 339 1023 366 beatos

231 386 297 412 dicit
324 386 415 418 ntites,
446 393 495 413 nec
522 390 612 413 tamen
640 386 679 413 eis
707 385 836 413 ctelorum
858 393 951 420 regna,
974 387 1022 413 sed

233 438 311 458 terrae
329 431 515 459 btereditatem
540 432 685 466 promittit.
714 432 783 459 Dicit
801 433 893 460 beatos
909 438 936 459 ct
950 433 1022 467 paci-

232 478 307 509 licos,
323 477 370 504 sed
387 484 420 504 tte
437 477 502 511 ipsis
516 476 625 510 quidem
649 476 781 503 ctelormu
808 485 920 511 rcgnum
937 477 1020 509 dedit,

231 522 302 550 IIIIOS
316 527 405 550 tamen
421 529 467 550 eos
484 522 529 549 Dei
545 529 605 549 esse
623 522 790 556 pronuntiat.
809 522 841 548 Et
857 531 916 549 ctnn
933 523 1023 550 diver-

229 569 267 595 sis
283 569 390 596 diversa
408 569 591 603 repromittat,
620 576 714 596 omnes
738 571 831 596 beatos
847 569 911 596 dicit
927 569 971 604 qui
988 569 1020 596 ad

231 614 364 647 promissa
390 615 576 649 pervenerint,
605 621 657 641 non
686 619 775 641 tamen
793 615 920 641 omnibus
937 615 1019 641 cmlo-

231 667 290 685 rum
307 667 390 693 regna
415 658 539 692 promisit
557 659 624 695 (22).
648 658 740 686 Potest
758 667 825 694 ergo
842 659 912 691 ﬁeri,
928 665 956 686 ιιι
969 660 1020 687 ali-

228 704 290 737 quis
306 704 331 730 in
346 704 456 731 etcteris
471 704 539 730 forte
553 705 682 739 operibus
697 709 724 731 et
740 705 846 732 actibus
860 706 1020 733 emendatus

226 751 263 777 sit
280 756 307 778 et
319 751 466 785 perfectus,
481 751 649 786 subripiatur
662 752 686 779 ei
702 757 790 779 tamett
803 753 950 787 aliqttando
963 754 1020 781 oris

227 797 304 830 vitio,
332 796 463 831 lapsuque
481 798 615 825 sermonis
634 806 641 824 :
661 798 725 825 huic
746 799 853 826 etiamsi
868 800 1016 827 secundum

225 842 348 876 Apostoli
373 842 538 869 sententiam
558 847 691 876 negantur
706 849 787 878 regna
805 843 947 875 cmlorum,
965 851 1016 870 non
1035 837 1054 864 Ιῗ

228 893 317 914 tatuen
332 887 445 914 alterius
470 888 647 915 beatitudinis
665 887 834 915 abscinditur
860 888 943 916 locus.
966 889 1017 916 Ve-

227 938 379 961 rnmtatnen
406 941 438 961 eo
461 934 549 968 magis
573 934 595 961 si
621 934 682 968 quis
707 934 733 960 in
752 934 857 962 caeteris
881 935 1017 969 perfectus

226 984 279 1012 est,
295 980 438 1008 elaborare
455 980 536 1008 etiam
556 981 581 1007 in
596 980 648 1007 hoc
672 979 762 1013 debet,
779 987 812 1007 ne
828 980 852 1008 ei
867 981 1016 1016 subrepens

225 1032 316 1059 pravae
331 1025 536 1052 cortsuetndinis
563 1025 657 1052 vitium
677 1026 808 1053 cmlorum
834 1033 929 1060 regna,
945 1027 1016 1062 quod

225 1075 267 1097 cst
291 1070 411 1097 omnium
429 1069 626 1097 beatitudinum
651 1070 771 1102 culmen,
794 1071 902 1105 eripiat,
921 1079 1015 1106 quam-

225 1115 265 1143 vis
283 1115 412 1144 Dominus
427 1116 525 1144 dixerit
538 1116 559 1132 “
579 1127 586 1144 :
606 1125 615 1142 ι
631 1117 658 1143 In
673 1116 754 1144 dotno
768 1116 857 1144 Patris
870 1118 922 1145 mei
938 1126 1015 1145 utan-

223 1163 314 1190 sioncs
329 1162 419 1189 multa.-
432 1167 506 1189 sunt.
523 1172 531 1188 ι
552 1162 699 1190 Possumus
714 1162 803 1189 adhuc
820 1163 919 1190 addere
931 1163 1012 1191 etiam

225 1208 302 1241 illud,
328 1207 399 1242 quod
416 1213 511 1234 natttra
525 1208 627 1242 peccati
646 1208 742 1234 similis
757 1213 799 1236 cst
818 1210 938 1236 materiae
954 1217 1013 1243 quat.

225 1254 278 1288 igni
292 1253 473 1286 consumitur,
490 1261 570 1287 qttant
584 1253 713 1280 aediﬁcari
734 1253 830 1282 Paulus
845 1256 981 1289 apostolus
997 1263 1011 1282 τι

223 1299 412 1334 peccatoribus
428 1299 503 1332 dicit,
531 1300 576 1334 qui
590 1307 670 1333 supra
694 1299 898 1328 fundamentum
912 1297 1011 1329 Christi

224 1345 360 1372 aedificant
377 1345 459 1378 ligna,
479 1344 581 1377 fenum,
608 1345 734 1379 stipulam
748 1345 781 1372 δ’.
810 1346 838 1373 1η
856 1354 910 1382 quo
926 1349 1011 1374 mani-

223 1391 293 1418 feste
313 1391 463 1419 ostenditur
489 1398 549 1418 esse
573 1391 695 1425 quaedam
711 1397 821 1426 peccata
836 1394 871 1420 ita
888 1393 967 1426 levia,
983 1399 1011 1421 ut

221 1436 328 1472 stipula:
339 1441 538 1471 comparentur,
557 1437 600 1464 cui
617 1437 709 1471 utique
722 1438 792 1473 ignis
802 1438 892 1466 illatus
901 1440 945 1466 diu
957 1447 1009 1467 non

222 1488 310 1518 potest
324 1483 475 1510 immorari.
496 1483 553 1510 Alia
568 1490 633 1510 vero
655 1483 719 1511 feno
736 1491 798 1512 esse
814 1485 923 1518 similia,
948 1493 1010 1521 quae

221 1530 278 1564 ipsa
293 1537 347 1557 non
361 1528 506 1556 diﬁiculter
520 1528 591 1564 ignis
609 1529 747 1563 absumat,
763 1537 855 1558 verum
870 1531 1009 1566 aliquanto

189 1584 191 1586 ·
221 1577 327 1604 tardius
340 1584 421 1612 quant
436 1577 462 1604 in
475 1575 581 1610 stipulis
594 1577 765 1605 lmmoretur.
785 1578 843 1605 Alia
858 1586 924 1606 vero
934 1586 1008 1612 esse,

219 1629 280 1656 niue
296 1622 377 1657 lignis
391 1621 576 1656 conferantttr,
592 1623 618 1650 in
633 1623 731 1658 quibus
742 1630 792 1658 pro
805 1625 938 1659 qualitate
953 1625 1008 1653 cri-

219 1667 323 1694 minum
337 1667 471 1694 diutinum
486 1671 513 1694 et
528 1668 631 1703 grande
645 1668 773 1704 pabulum
790 1670 859 1705 ignis
875 1670 1007 1698 inveniat.

220 1713 258 1739 Ita
292 1720 357 1747 ergo
380 1713 590 1748 unumquodque
622 1718 763 1748 peccatum
790 1722 840 1750 pro
863 1715 1006 1750 qualitate,

217 1760 301 1795 260
316 1761 358 1788 vel
374 1760 528 1795 quantitate
551 1762 603 1794 sui,
620 1769 762 1796 pcenarum
775 1762 849 1797 justa
867 1763 1006 1798 persolvit.

221 1805 409 1834 Verumtamen
424 1807 488 1841 quid
507 1815 574 1842 optts
590 1813 631 1835 est
647 1808 782 1842 lidelibus,
799 1813 827 1836 et
845 1809 887 1837 IIIS
900 1809 945 1844 qui
958 1817 1006 1837 co-

218 1856 369 1887 gnoverunt
393 1852 487 1883 Deum.
514 1853 548 1879 de
565 1859 708 1888 pmnarum
734 1854 910 1888 qualitatibus
933 1855 1006 1889 cogi-

218 1898 299 1925 tare?
327 1899 398 1932 Quid
417 1907 485 1933 opus
499 1904 540 1927 est
566 1900 651 1935 ligna.
665 1900 729 1934 quid
755 1900 859 1933 fenum,
883 1901 947 1935 quid
965 1901 1005 1929 vel

219 1946 304 1979 ipsam
330 1945 456 1980 stipulam
483 1945 662 1974 fundatuento
677 1946 779 1974 Christi
805 1948 1005 1982 superponere?

217 1991 271 2018 Cur
287 1999 339 2018 non
354 1991 440 2024 magis
455 1998 564 2022 aurum.
580 1991 622 2019 vel
636 1997 790 2027 argentum,
813 1993 855 2019 vel
871 1993 1005 2027 pretiosos

217 2037 331 2072 lapides,
354 2037 473 2072 pretioso
497 2037 705 2070 superponitnus
739 2037 925 2069 fundamento,
957 2038 1002 2065 ubi

216 2091 278 2110 cum
295 2083 366 2117 ignis
381 2082 539 2114 accesserit,
555 2082 620 2109 nihil
637 2082 757 2110 inveniat
772 2083 843 2116 quod
859 2083 1004 2110 absttmat?

217 2130 282 2156 Nam
299 2130 321 2157 si
338 2129 483 2156 accesserit
509 2129 542 2155 ad
567 2128 704 2163 stipulam,
729 2136 762 2155 ex
775 2129 872 2162 stipula
897 2129 1003 2157 favillas

1077 202 1138 234 fide,
1158 210 1171 228 a
1191 202 1337 235 charitate,
1358 202 1566 237 sicutsnperius
1581 203 1709 235 diximus,
1728 208 1843 239 quomodo

1074 255 1123 281 per
1139 249 1196 274 hate
1213 248 1274 281 quis
1285 253 1363 274 excat
1379 249 1412 275 de
1423 249 1520 275 castris
1538 247 1675 280 Ect-lesizc.
1690 250 1789 278 etiamsi
1806 260 1843 286 per

1073 294 1192 328 episcopi
1212 301 1306 320 vocent
1323 294 1433 321 minime
1446 294 1600 328 abiiciatur.
1621 294 1843 324 Sicutecontrario

1075 340 1208 367 interdum
1224 339 1264 372 fit,
1278 344 1307 366 nt
1322 339 1420 374 aliquis
1435 347 1487 366 non
1506 347 1579 367 recto
1591 341 1694 375 jtt-Iicio
1706 349 1791 368 eorum
1806 343 1842 377 qui

1074 391 1194 420 prmsunt
1221 385 1350 412 Ecclesia:
1376 385 1541 419 depellatur,
1565 392 1592 413 et
1620 387 1692 414 foras
1725 389 1840 416 mittatur.

1075 433 1127 459 ὅσα
1152 433 1210 466 ipse
1234 439 1286 458 non
1307 435 1370 458 ante
1396 431 1471 463 exiit,
1493 432 1546 459 hoc
1563 437 1615 464 est,
1644 433 1665 460 si
1683 441 1735 459 non
1751 434 1781 460 ita
1798 435 1841 469 egit

1074 483 1102 504 ιιι
1121 481 1270 504 mereretur
1285 476 1372 507 exire.
1397 476 1463 504 nihil
1488 477 1595 504 keditur
1620 478 1645 504 Ill
1662 485 1705 509 eo.
1722 480 1786 513 quod
1799 487 1840 506 non

1075 527 1148 549 recto
1161 522 1265 555 judicio
1282 521 1316 548 ab
1327 521 1486 549 hominibus
1503 522 1610 550 videtur
1624 523 1759 558 expulsus.
1773 524 1800 551 Et
1813 525 1840 551 ita

1075 567 1104 594 fit
1127 571 1155 593 ut
1171 566 1306 593 interdum
1332 565 1377 592 ille
1396 566 1442 600 qui
1470 567 1543 594 foras
1560 568 1685 599 mittitur.
1712 570 1779 596 intus
1795 570 1840 597 sit:

1072 619 1099 640 et
1114 613 1158 640 ille
1171 612 1293 647 foris,qui
1308 614 1380 640 intus
1393 612 1505 640 retineri
1519 613 1636 641 videtur.
1654 614 1701 641 Vis
1714 615 1758 641 tibi
1769 620 1841 642 osten-

1072 660 1134 686 datn
1155 664 1183 686 et
1201 659 1296 692 alium,
1316 659 1363 694 qui
1386 667 1400 686 a
1420 659 1493 686 nullo
1505 659 1607 693 ejectns
1628 659 1730 687 cxiisse
1743 660 1840 687 dicitur!

1072 704 1208 738 Scriptum
1224 709 1265 731 est
1283 705 1316 731 de
1330 704 1397 732 Cain
1410 704 1443 736 “,
1464 706 1527 739 quia
1553 714 1562 729 σ
1576 705 1641 732 exiit
1658 713 1672 731 a
1691 705 1757 732 facie
1772 706 1837 733 Dei.-

1071 750 1129 782 Qno
1147 750 1213 776 exiit
1235 757 1250 776 a
1275 748 1343 777 facie
1358 749 1425 776 Dei?
1452 749 1502 777 Ubi
1528 751 1601 777 enim
1621 759 1673 777 non
1701 757 1757 778 erat
1770 752 1840 779 facies

1072 795 1141 822 Dei?
1157 795 1210 823 Sed
1225 795 1324 822 exiisse
1341 795 1450 828 dicitttr,
1474 803 1523 829 pro
1540 803 1573 822 eo
1586 797 1657 830 quod
1676 796 1760 830 legem
1775 802 1841 823 natu-

1071 850 1108 868 ra:
1131 849 1255 877 egressus
1280 846 1333 874 est,
1358 846 1383 868 et
1405 842 1528 877 ignaram
1544 843 1614 868 tanti
1632 842 1838 870 sreleristcrraat

1070 888 1191 915 fraterno
1217 889 1351 924 sanguine
1378 890 1483 924 primus
1500 888 1605 916 infecit.
1637 888 1708 916 Sunt
1726 895 1806 916 tamen
1819 894 1840 916 ct

1069 934 1113 967 qui
1130 933 1198 960 bene
1210 939 1321 967 exeunt,
1337 939 1365 962 et
1387 935 1458 962 beati
1475 939 1540 962 sunt
1557 934 1602 969 qui
1627 940 1738 962 exeunt.
1757 934 1839 962 Osten-

1067 979 1129 1005 datn
1156 978 1237 1004 etiam
1257 978 1307 1005 hoc
1333 979 1366 1006 de
1383 978 1540 1014 Scriptttris.
1562 979 1589 1006 In
1606 979 1700 1006 Exodo
1726 981 1839 1015 scriptum

1067 1027 1107 1048 cst
1120 1022 1142 1037 “
1162 1031 1168 1048 :
1189 1031 1197 1048 ε
1211 1022 1320 1054 Omnes,
1335 1024 1433 1057 ittquil,
1454 1024 1498 1058 qui
1516 1024 1675 1059 qttmrcbattl.
1692 1032 1783 1052 nomen
1797 1024 1839 1051 Do-

1067 1069 1143 1099 mini,
1162 1069 1287 1095 exierunt
1301 1068 1374 1095 foras
1399 1069 1431 1096 ad
1448 1069 1555 1105 Moysen
1568 1074 1643 1097 extra
1660 1075 1759 1097 castra.
1774 1080 1782 1095 ι
1802 1069 1839 1097 Isti

1066 1114 1135 1140 bene
1149 1114 1275 1140 cxicrttttt
1295 1119 1370 1140 extra
1387 1120 1490 1146 castra,
1509 1115 1553 1149 qui
1579 1116 1764 1148 sequebantur
1777 1115 1838 1151 Ilo}-

1066 1167 1125 1192 sen,
1143 1160 1168 1187 id
1183 1167 1235 1192 est,
1251 1160 1336 1195 legem
1348 1161 1405 1189 Dei.
1428 1161 1460 1188 Et
1475 1161 1509 1188 de
1521 1161 1583 1189 aliis
1597 1162 1699 1189 dicitur
1710 1162 1750 1189 “;
1768 1162 1838 1189 «Eri-

1067 1212 1105 1238 le,
1122 1207 1237 1241 populus
1252 1215 1339 1240 meus,
1355 1207 1387 1234 de
1403 1208 1490 1235 medio
1510 1215 1615 1240 eorum,
1640 1213 1668 1235 et
1685 1208 1798 1235 imtnund
1809 1216 1836 1234 nu

1065 1252 1154 1279 nolite'
1164 1253 1332 1288 contingere.
1347 1262 1357 1279 ι
1373 1253 1446 1281 Exiit
1458 1261 1534 1289 ergo,
1556 1254 1652 1288 inquit,
1673 1255 1742 1282 ﬁlius
1758 1264 1771 1280 n
1782 1254 1837 1280 ulev

1065 1302 1102 1328 ris
1119 1301 1288 1333 Israclitidis,
1305 1306 1330 1328 et
1346 1301 1390 1328 ltic
1403 1306 1463 1328 erat
1489 1302 1559 1328 filius
1575 1301 1709 1337 Egyptii,
1733 1302 1797 1329 inter
1811 1302 1836 1328 ft-

1064 1348 1115 1375 lios
1130 1347 1223 1379 Israel,
1239 1353 1267 1374 ct
1292 1347 1468 1382 litigaverunt
1485 1347 1511 1374 itt
1537 1348 1644 1381 castris,
1673 1348 1718 1375 ille
1733 1348 1776 1383 Qui
1789 1353 1837 1374 crat

1063 1394 1120 1429 (‘25)
1137 1401 1169 1420 ex
1187 1393 1336 1420 Israelitide
1361 1393 1474 1420 tnttlicre
1491 1397 1517 1419 et
1537 1393 1616 1420 homo
1633 1393 1765 1420 I~raeltla.
1784 1393 1835 1419 Vide

1061 1445 1161 1475 quanta
1189 1439 1294 1466 cautela
1309 1440 1458 1474 Scriptura:
1485 1439 1593 1472 divinae,
1619 1440 1641 1467 si
1656 1445 1746 1467 tamen
1761 1441 1836 1466 inten-

1061 1488 1120 1517 das,
1135 1486 1158 1513 si
1169 1486 1312 1519 diligenter
1326 1485 1455 1519 inspicias
1469 1494 1477 1512 :
1494 1485 1567 1513 illum
1585 1487 1632 1521 qui
1652 1488 1685 1514 de
1700 1486 1834 1513 Israelititle

1062 1537 1149 1560 tuatre
1174 1537 1202 1560 et
1223 1532 1257 1560 de
1287 1531 1415 1568 [Egyptio
1437 1537 1514 1567 patre
1539 1537 1618 1560 natus
1634 1538 1690 1564 est,
1713 1541 1763 1560 non
1780 1532 1834 1559 dixit

1062 1578 1201 1606 hominem
1219 1586 1226 1611 ;
1244 1578 1318 1605 illum
1337 1585 1401 1605 vero
1418 1578 1463 1612 qui
1478 1585 1510 1605 cx
1526 1583 1642 1612 utroque
1653 1585 1752 1613 genere
1763 1577 1835 1604 [πειτα

1060 1624 1108 1651 lita
1123 1629 1181 1650 erat
1199 1623 1336 1651 hominem
1355 1623 1516 1650 nominavit.
1537 1622 1669 1650 Putantus
1684 1624 1740 1652 haec
1755 1622 1834 1653 fortui-

1059 1675 1086 1697 ιιι
1104 1670 1224 1704 scripta?
1244 1669 1373 1696 Putattttts
1387 1677 1452 1696 casu
1470 1669 1619 1704 adjectum,
1636 1675 1667 1697 ut
1683 1670 1727 1696 ille
1741 1677 1788 1696 non
1801 1667 1836 1694 di-

1058 1721 1167 1743 cerctttr
1182 1715 1274 1747 homo.
1299 1719 1326 1742 et
1341 1715 1386 1742 hic
1402 1715 1559 1742 diceretur?
1576 1713 1635 1742 Non
1651 1720 1715 1742 sunt
1729 1715 1775 1741 ista
1789 1713 1831 1739 for-

1058 1762 1136 1793 tttita,
1166 1761 1236 1788 ratio
1262 1766 1315 1789 est.
1336 1759 1407 1788 Nihil
1421 1760 1493 1788 enim
1519 1761 1546 1788 itt
1566 1761 1660 1788 verbis
1677 1761 1724 1788 Dei
1747 1761 1833 1794 absque

1058 1807 1192 1843 profunda
1207 1807 1312 1835 ratione
1325 1806 1510 1841 conscriptum
1532 1811 1584 1834 est.
1606 1807 1655 1834 Ille
1670 1813 1782 1840 namque
1796 1805 1831 1840 qui

1057 1862 1089 1881 ex
1109 1859 1186 1890 parte
1204 1852 1360 1889 Egyptius,
1386 1861 1418 1880 ex
1441 1857 1519 1888 parte
1543 1852 1671 1880 Israelita
1686 1858 1755 1885 erat,
1778 1859 1834 1878 ιιοιιυ

1057 1901 1120 1927 dtnn
1139 1899 1294 1926 merebatur
1307 1898 1400 1934 ⁵Ιιοιιιο
1427 1898 1574 1926 nominari.
1595 1897 1651 1925 Iste
1668 1905 1732 1925 vero
1747 1897 1788 1933 qui
1805 1903 1830 1922 ex

1057 1945 1162 1980 integro
1175 1944 1300 1972 Israelita
1313 1948 1383 1976 erat,
1398 1943 1448 1970 hoc
1463 1948 1514 1976 est,
1537 1943 1583 1978 qui
1600 1949 1696 1971 mente
1711 1944 1786 1970 Deum
1800 1941 1832 1967 vi-

1056 1993 1146 2025 debat,
1174 1992 1226 2020 iste
1251 1992 1333 2019 homo
1357 1990 1519 2025 appellatur,
1544 1991 1588 2018 ille
1611 1992 1696 2018 homo
1722 1989 1831 2018 interior,

1055 2039 1101 2073 qui
1119 2039 1153 2065 ad
1176 2037 1320 2072 imaginem
1347 2037 1394 2065 Dei
1418 2035 1506 2064 factus
1522 2041 1575 2069 est,
1598 2042 1629 2064 et
1643 2042 1734 2072 potest
1753 2035 1832 2062 videre

1056 2084 1152 2111 Deum.

1089 2130 1118 2157 4.
1136 2129 1200 2157 Post
1217 2130 1274 2157 hec
1287 2129 1342 2163 jam
1359 2137 1418 2164 qua:
1431 2128 1457 2156 in
1475 2127 1676 2163 posterioribus
1692 2126 1832 2154 referuntur

217 2173 310 2200 reddet
319 2177 346 2199 et.
360 2172 476 2199 cineres.
497 2171 526 2198 Si
541 2178 605 2198 vero
621 2173 768 2199 accesserit
783 2173 816 2199 ad
830 2180 937 2206 aurutn,
951 2179 1000 2200 au-
1016 2181 1038 2209 υ
1055 2184 1108 2204 non
1125 2177 1227 2210 absque
1243 2176 1360 2211 quadam
1376 2175 1527 2210 quaestione
1551 2178 1629 2206 sunt,
1647 2173 1682 2200 de
1703 2179 1754 2207 qua
1767 2168 1830 2196 multi

216 2227 276 2246 rum
301 2218 395 2253 purius
419 2218 521 2244 reddet.
543 2215 606 2244 Haec
630 2217 709 2244 nobis
731 2219 802 2244 dicta
817 2218 873 2245 sint
887 2225 934 2253 pro
947 2219 1000 2250 Itis,

214 2265 260 2300 qni
275 2264 412 2299 negligunt
422 2263 478 2291 oris
491 2263 614 2290 maledici
627 2264 849 2291 consuetudinem
860 2271 1000 2293 resecare:

214 2311 258 2344 qui
274 2310 382 2338 etiamsi
398 2317 450 2336 non
477 2317 509 2336 ex
526 2309 608 2336 corde
628 2308 800 2341 maledicam.
825 2310 931 2338 etiamsi
947 2319 1000 2338 non

215 2361 277 2383 voto
293 2361 320 2384 et
346 2355 438 2382 animo
463 2354 555 2389 iniquo
581 2354 721 2389 proferant
742 2355 894 2388 tnaledieta,
911 2361 999 2383 tamen

214 2402 411 2430 immunditiam
429 2401 560 2428 lahiorum
584 2402 733 2430 secundum
747 2401 822 2429 Isaiae
839 2403 951 2431 verbum
963 2402 997 2437 ⁸³,

213 2454 237 2475 et
253 2449 458 2481 inquinamenta
474 2447 530 2474 oris
556 2448 709 2474 incurrunt.
729 2447 783 2474 Iste
800 2452 889 2475 tamen
903 2449 948 2483 qui
967 2448 1000 2476 Ii-

212 2501 255 2524 cet
270 2500 356 2523 matre
374 2495 536 2526 lsraelitide,
561 2495 688 2530 Egyptio
707 2500 796 2522 tamen
813 2500 888 2529 patre
903 2502 999 2530 proge-

213 2543 284 2569 nitus
301 2545 353 2573 cst,
370 2541 438 2568 exiit
461 2544 489 2567 et
504 2541 647 2568 nominans
672 2547 771 2567 nomen
790 2540 940 2567 maledixit.
960 2539 999 2568 De

213 2594 265 2620 quo
280 2593 330 2621 ego
352 2591 418 2620 puto
441 2585 512 2620 quod
539 2585 592 2612 nisi
606 2584 729 2616 exiisset,
743 2591 792 2612 nec
806 2584 938 2620 Iitigasset
950 2585 1000 2612 ad-

213 2638 321 2658 versum
340 2638 433 2658 verum
460 2630 620 2662 Israelitam,
649 2637 700 2658 nec
717 2630 861 2658 nominans
885 2630 998 2658 maledi-

246 2713 268 2729 ⁸ο
281 2712 374 2739 Matth.
386 2720 412 2743 v,
424 2712 450 2738 3.
506 2713 526 2728 ι’
539 2713 618 2740 Joan.
631 2721 686 2744 xlv,
698 2713 726 2740 2.
784 2713 806 2729 δ’
820 2712 902 2740 lCor.
916 2721 958 2746 ut,
973 2713 1017 2740 12,

211 2747 296 2775 “Isa.
311 2747 412 2780 Ln,H.

247 2805 302 2838 (Ξὲ)
316 2805 404 2833 Codex
420 2806 574 2839 Sangorm.,
593 2815 602 2831 ‹
615 2806 756 2833 concessit.
776 2815 784 2830 I

249 2840 303 2874 ('25)
335 2839 411 2867 Erat.

449 2747 471 2763 ‘7
485 2747 572 2774 Levit.
585 2755 659 2779 xstv,
675 2748 716 2774 If).

464 2833 543 2868 Dvccst
560 2833 585 2867 in
601 2841 664 2868 libb.
679 2839 758 2868 antc'a
769 2840 860 2874 editis,
877 2840 923 2867 sed
936 2838 1074 2874 suppletur
1088 2844 1104 2864 e
1122 2833 1326 2870 manuscriplls.

1054 2227 1218 2258 quaerentes,
1243 2230 1295 2249 non
1320 2222 1404 2249 multa
1421 2221 1557 2255 explicare
1573 2224 1736 2254 potuerunt.
1755 2216 1800 2245 Sed
1813 2213 1831 2241 si

1053 2268 1152 2296 vestris
1169 2275 1211 2294 me
1230 2266 1403 2294 orationibus
1417 2265 1558 2301 Juveritis,
1579 2264 1750 2292 tentabimus
1762 2261 1838 2288 etiam.

1053 2321 1104 2341 nos
1127 2313 1154 2340 in
1182 2311 1300 2340 medium
1325 2311 1458 2346 proferre.
1485 2318 1546 2345 quae
1570 2310 1707 2337 Dominus
1730 2306 1830 2335 dederit.

1055 2367 1063 2383 I
1077 2356 1174 2390 IIonto,
1198 2355 1330 2391 inquit",
1355 2356 1377 2382 si
1392 2355 1563 2383 maledixerit
1577 2354 1679 2387 Dettm,
1705 2358 1831 2389 peccatum

1052 2402 1178 2438 accipiet.
1199 2402 1249 2435 Qui
1271 2405 1362 2428 autem
1374 2401 1604 2428 nominatnomen
1625 2400 1744 2432 Domini,
1758 2396 1835 2443 morte;

1051 2447 1193 2474 moriatur.
1208 2455 1218 2474 ι
1252 2446 1321 2479 Quid
1338 2449 1379 2473 est
1397 2445 1465 2472 hoc?
1493 2444 1542 2477 Qui
1567 2444 1743 2472 Inaledixerit
1760 2444 1833 2480 Dento,

1051 2500 1104 2519 non
1120 2492 1202 2520 habet
1218 2499 1324 2526 plenam
1339 2491 1445 2521 mortis.
1463 2490 1508 2517 sed
1524 2491 1568 2524 qtti
1592 2489 1774 2517 nominaverit
1790 2494 1832 2523 n01

1051 2545 1112 2566 mett
1129 2537 1257 2565 Domini?
1283 2537 1378 2564 Nonne
1391 2535 1475 2563 tnulto
1490 2536 1601 2570 gravius
1623 2540 1668 2563 est
1682 2534 1831 2572 maledich

1051 2584 1145 2616 Deum,
1161 2591 1242 2618 quam
1267 2584 1418 2614 nominare,
1436 2581 1560 2616 quamvis
1582 2581 1611 2608 in
1640 2585 1739 2608 Vanum
1755 2576 1830 2606 nomid

1049 2637 1129 2657 nasse
1145 2628 1271 2657 dicatur?
1292 2627 1327 2656 Et
1350 2628 1485 2663 quomodo
1507 2627 1552 2662 qui
1578 2627 1729 2659 maledicit,
1747 2630 1829 2660 peccad

1075 2710 1097 2726 ⁵³
1110 2709 1161 2737 lsa.
1173 2716 1212 2741 Vl,
1224 2707 1251 2735 5.
1308 2707 1331 2724 “
1340 2707 1409 2736 Gen.
1423 2715 1460 2742 tv,
1473 2706 1517 2734 I6.
1559 2705 1584 2721 “
1600 2706 1688 2735 Exod.
1703 2703 1827 2735 xxxm.7t

1823 2786 1825 2798 l
