1886 3051
91 133 140 160 55!

657 130 689 158 lN
711 129 896 158 LEVlTlCUM
917 129 1059 158 llOMlLlA
1078 130 1136 158 XV.

1666 131 1718 158 533

91 198 143 220 tum
168 193 282 227 suscipit
308 196 428 228 tantum;
449 191 492 226 qui
520 196 608 218 antctn
633 192 766 224 nominat,
793 196 878 218 morte
893 192 916 220 Α
931 190 986 217 vita
1006 191 1073 217 nihil
1091 191 1231 225 patiuntur
1248 189 1365 222 adversi,
1382 191 1428 217 sed
1445 195 1540 217 runrta
1565 191 1606 219 eis
1638 198 1718 225 pros-

90 239 238 265 mnltatnr?
266 238 328 265 Haec
345 246 410 273 ergo
432 243 505 271 sunt,
529 245 588 272 quae
604 238 630 264 in
648 238 698 264 hoc
714 237 773 265 loco
789 237 878 265 solent

90 285 267 318 qmrstionem
300 291 419 316 movere,
451 291 512 318 qua:
542 283 731 318 ignorantibus
767 292 877 310 sensum

91 329 310 364 Scripturarum.
338 330 568 364 inconsequenter
597 329 668 356 dicta
695 329 820 356 videntur
852 334 879 356 et

90 374 247 409 incongrue.
269 373 368 401 Pulaut
385 374 456 402 cuitu
474 374 545 409 quod
570 374 614 402 ille
639 374 684 408 qui
709 382 807 401 nomen
832 375 877 402 Dei

92 421 239 453 maledicit,
264 421 355 447 statim
384 421 471 455 pttuiri
490 420 602 452 debeat;
621 419 664 447 ille
687 427 752 447 vero
768 420 812 454 qui
829 428 877 448 no-

93 467 248 500 minaverit,
274 466 388 494 sumciat
410 466 547 501 accepisse
570 471 720 501 peccatum.
752 467 806 493 Sed
830 474 878 493 nos

91 513 315 547 consequentiam
341 513 474 540 sermonis
499 513 544 540 tali
562 513 679 547 quodam
695 520 775 540 sensu
794 517 879 539 tente-

89 566 147 585 tnus
161 558 279 592 aperire.
301 559 387 593 Majas
405 566 465 585 esse
487 562 626 593 peccatutn
651 559 676 585 in
695 566 748 593 quo
764 558 877 585 maledi-

89 604 159 630 citur
173 604 254 637 Deus,
281 613 362 639 quam
387 605 413 632 in
432 613 484 639 quo
503 605 669 637 nominatur,
686 605 810 632 dubitare
825 613 876 632 non

91 657 245 682 possumus.
276 650 371 678 Restat
385 655 415 678 ut
439 650 614 678 ostendamus
639 650 723 677 multo
741 657 801 678 esse
816 659 879 685 gra-

91 694 150 721 vius
173 694 297 728 accipere
324 700 474 730 peceatum,
502 700 527 723 et
546 696 646 723 habere
668 703 771 727 secum,
796 704 878 730 quam

90 745 178 768 morte
202 741 319 768 multari.
352 742 422 768 Mors
450 749 510 775 qua:
533 749 619 776 pinna:
654 749 736 769 causa
764 741 879 769 infertur

88 797 138 824 pro
155 792 277 822 peccato,
294 788 419 822 purgatio
429 792 470 815 est
482 788 586 822 peccati
604 787 688 821 ipsius
704 794 752 822 pro
771 795 825 821 quo
836 787 879 821 jn-

90 837 171 863 betur
188 834 295 862 inferri.
316 834 471 860 Absolvitur
489 841 553 867 ergo
582 838 722 867 peccatum
747 841 794 867 per
820 841 878 867 pa:-

90 889 152 907 uam
179 879 285 911 mortis,
315 886 365 906 nec
389 882 513 912 superest.
539 877 652 912 aliquid,
679 878 749 912 quod
764 885 812 912 pro
826 877 877 905 hoc

88 927 204 953 crimine
227 925 321 960 iudicii
338 925 395 951 dies
412 929 439 952 et
452 931 531 957 poena
551 924 644 951 mterui
661 924 729 958 ignis
743 924 875 951 inveniat.

90 972 140 1000 Ubi
155 979 220 1000 vero
237 972 296 1006 quis
311 971 410 1006 accipit
424 975 573 1005 peccatum,
593 970 674 998 habet
688 970 752 997 illud
772 978 875 1004 secum,

89 1027 120 1047 ac
136 1024 280 1054 permanet
305 1026 366 1046 cum
382 1019 450 1053 ipso,
471 1025 520 1044 nec
535 1017 625 1052 aliquo
651 1017 782 1052 supplicio
797 1024 876 1052 poena

88 1073 149 1101 qua:
164 1065 276 1092 diluitur
291 1065 398 1096 transit,
414 1071 474 1091 cum
499 1064 556 1099 ipso
570 1070 611 1091 est
626 1064 706 1090 etiam
731 1067 790 1098 post
805 1071 877 1090 mor-

90 1117 143 1138 tem
160 1121 167 1138 :
183 1116 210 1139 et
225 1111 286 1145 qttia
311 1111 468 1145 temporalia
492 1111 536 1137 hic
553 1118 604 1137 non
621 1109 759 1144 persolvit,
777 1109 813 1136 ibi
829 1117 877 1137 ex-

88 1157 183 1193 pendit
199 1162 299 1185 :cterna
316 1157 458 1191 supplicia.
479 1156 558 1184 Vides
572 1164 637 1191 ergo
652 1161 752 1191 quanto
767 1156 876 1191 gravius

88 1205 124 1231 sit
141 1204 267 1238 accipere
289 1208 442 1238 peccatum,
462 1210 542 1238 quam
560 1208 646 1230 morte
671 1203 806 1229 mulctari.
827 1203 877 1230 llic

88 1250 161 1277 enim
181 1257 254 1276 mors
268 1256 317 1284 pro
330 1249 446 1276 vindicta
463 1249 551 1282 datur,
566 1253 593 1276 et
606 1248 676 1283 apud
689 1248 791 1283 justum
801 1247 875 1284 judi-

87 1303 147 1322 cem
165 1294 308 1321 Dominum
325 1302 376 1321 non
392 1294 545 1321 vindicatur
565 1295 607 1322 bis
623 1295 648 1321 in
667 1295 793 1329 idipsum,
807 1295 877 1322 sicut

88 1341 221 1375 propheta
233 1340 301 1367 dixit
311 1338 345 1366 ⁸⁸.
368 1339 416 1366 Ubi
429 1345 518 1366 autem
532 1347 584 1367 non
596 1345 638 1367 est
647 1340 732 1367 soluta
745 1341 875 1373 vindicta,

88 1392 229 1421 peccatum
250 1391 343 1413 manet
363 1387 416 1414 illis
436 1387 546 1414 aeternis
571 1388 677 1423 ignibus
702 1389 877 1423 exstinguen-

88 1434 163 1460 dum.
190 1433 266 1466 Quod
286 1433 442 1468 autem(24)
457 1433 513 1460 lucc
532 1434 566 1460 ita
580 1442 609 1461 se
621 1434 747 1465 habeant,
766 1442 876 1469 possunt

87 1480 135 1507 tibi
150 1485 235 1508 testes
246 1488 279 1507 ex
290 1480 390 1508 divinis
402 1481 584 1509 voluminibus
599 1481 728 1508 adhibere
740 1481 836 1509 Ruben
850 1487 877 1510 et

84 1529 184 1558 Judam
196 1530 363 1565 patriarchas
373 1530 515 1565 loquentes
526 1530 559 1557 ad
577 1534 680 1564 patrem
692 1538 770 1558 suum
780 1531 874 1564 Jacob,

84 1586 147 1606 cum
160 1579 263 1606 vellent
272 1586 411 1606 assumere
421 1587 511 1606 secum
524 1579 674 1614 Beniamin,
687 1584 714 1606 et
732 1580 831 1608 ducere
841 1581 875 1608 ad

83 1625 165 1660 261
194 1625 360 1662 Egyptum,
385 1630 496 1660 propter
515 1626 688 1660 sponsionem
708 1634 789 1660 quam
813 1634 874 1653 cum

87 1670 191 1704 .Ioseph
205 1670 291 1698 l'ratre
308 1670 474 1705 pepigerant.
491 1670 528 1698 lbi
545 1678 612 1706 ergo
639 1671 733 1699 Ruben
752 1672 787 1699 ita
810 1672 877 1700 dicit

88 1716 122 1741 ad
137 1720 244 1750 patrem
259 1715 281 1731 "
302 1726 308 1742 :
323 1725 333 1741 r
351 1716 453 1743 Ambos
470 1715 539 1744 ﬁlios
559 1723 632 1743 meos
646 1717 749 1749 occide,
766 1717 818 1745 nisi
835 1726 876 1745 re-

87 1762 194 1790 duxere
212 1761 245 1788 ad
263 1766 287 1789 te
305 1762 455 1795 Beniamin.
476 1772 486 1788 ι
503 1761 586 1790 Judas
599 1770 663 1789 vero
677 1763 714 1789 ait
728 1763 752 1780 ⁵ο
768 1772 775 1790 :
795 1764 876 1791 «Prc-

86 1811 167 1834 cator
177 1814 227 1834 ero
243 1806 270 1834 in
288 1811 314 1834 te
343 1807 394 1834 nisi
420 1809 554 1835 reduxere
582 1816 643 1835 eum
671 1808 730 1836 tibi.
753 1818 763 1835 ι
793 1809 877 1838 Jacob

86 1861 155 1888 ergo
168 1858 250 1888 pater
264 1853 383 1888 ipsorum
399 1854 488 1881 sciens
506 1854 590 1882 multo
609 1862 669 1882 esse
683 1855 791 1890 gravius
805 1856 876 1891 quod

87 1899 256 1933 promiserat
272 1899 366 1933 .Iudas,
383 1900 428 1935 qui
455 1901 571 1932 dixerat,
593 1909 603 1926 1
620 1899 752 1928 Peccator
775 1909 822 1928 cro
849 1901 877 1928 iu

86 1950 126 1977 te,
146 1955 157 1972 ι
178 1946 213 1972 ab
226 1954 259 1973 eo
269 1947 314 1980 qui
327 1946 442 1979 dixerat,
462 1956 471 1971 ι
491 1946 589 1974 Occide
604 1947 672 1975 ﬁlios
683 1955 775 1985 meos,
791 1957 802 1974 ι
823 1948 878 1975 Ru-

88 1991 142 2018 ben
159 1991 269 2026 quidem
285 1999 339 2018 non
353 1992 468 2019 credidit
485 1992 569 2019 [ilium
586 1997 713 2027 tauquam
729 1993 774 2027 qui
794 1993 878 2021 levio-

86 2046 147 2065 rem
163 2038 276 2071 elegerit
289 2038 489 2072 pinnamJudte
507 2047 570 2066 vero
581 2039 702 2074 tradidit,
719 2039 808 2067 sciens
819 2048 878 2074 gra-

84 2086 151 2112 vius
165 2093 227 2113 esse
246 2085 317 2119 quod
331 2084 460 2120 elegerat.
489 2085 546 2113 lloc
577 2093 642 2120 ergo
670 2085 751 2114 modo
778 2093 878 2113 conve-

85 2130 200 2156 nienter
213 2131 319 2164 aptavit
336 2130 474 2164 Scriptura
501 2130 591 2157 divina
613 2130 638 2157 ei
664 2130 709 2164 qui
739 2130 878 2157 maledixit

85 2175 187 2207 Deum,
208 2180 237 2202 ut
257 2179 397 2209 peccatum
414 2180 524 2208 sumat;
542 2175 567 2202 ei
583 2182 648 2202 vero
667 2175 711 2209 qui
730 2174 814 2202 levius
829 2176 877 2202 de-

84 2221 181 2255 liquit,
193 2221 265 2253 quod
279 2225 367 2248 morte
384 2221 527 2249 moriatur.
539 2221 586 2248 Vis
604 2225 693 2248 autem
707 2222 776 2248 etde
791 2220 877 2248 Evan-

82 2266 170 2301 geliis
184 2273 298 2293 noscere
312 2267 385 2301 quod
400 2266 446 2301 qui
463 2267 596 2301 receperit
619 2266 645 2293 in
672 2266 724 2293 hac
735 2266 789 2293 vita
805 2267 874 2294 mala

81 2319 151 2343 sua,
167 2312 202 2338 ibi
213 2311 270 2346 jam
287 2319 339 2339 non
355 2312 484 2347 recipiat;
498 2313 545 2347 qui
560 2317 650 2340 autem
670 2312 715 2339 hic
731 2320 783 2340 non
800 2319 877 2340 rece-

81 2358 171 2392 perit,
190 2358 225 2384 ibi
243 2363 389 2384 serventur
407 2357 432 2385 ci
455 2358 568 2385 omnia?
598 2357 683 2384 Docet
710 2365 758 2385 nos
784 2364 878 2385 exem-

81 2405 165 2438 plum
178 2403 275 2430 Lazari
292 2404 429 2439 pauperis,
441 2409 468 2431 et
483 2403 555 2431 illius
568 2403 671 2436 divitis,
686 2403 719 2431 ad
737 2411 816 2438 quem
837 2403 879 2430 di-

79 2451 163 2478 citur
179 2450 208 2476 in
224 2449 338 2477 infernis
349 2457 363 2476 a
379 2450 535 2484 patriarcha
551 2449 689 2477 Abraham
706 2450 727 2466 ⁸¹
745 2458 752 2476 ;
783 2459 792 2474 ι
822 2449 876 2477 Me-

79 2500 193 2527 mento,
210 2494 260 2526 liii,
274 2494 402 2528 quoniam
425 2499 452 2520 tu
465 2494 591 2528 recepisti
608 2495 676 2522 bona
693 2495 719 2521 in
747 2495 799 2522 vita
821 2500 876 2528 tua,

77 2545 111 2566 et
133 2539 256 2566 Lazarus
270 2539 394 2566 similiter
406 2539 488 2565 mala.
505 2539 583 2567 Nunc
605 2544 695 2566 autem
715 2544 742 2566 tu
767 2539 876 2574 quidem

78 2584 233 2616 cruciaris,
248 2583 294 2611 hic
306 2591 369 2611 vero
390 2584 545 2619 requiescit.
570 2593 580 2610 ›
608 2583 640 2610 Et
654 2584 741 2611 solent
755 2584 878 2611 homines

77 2631 247 2665 ignorantes
265 2629 367 2663 judicia
388 2629 447 2661 Dei,
466 2636 525 2663 qua:
551 2633 615 2656 sunt
639 2629 755 2663 abyssns
781 2629 877 2660 multa,

75 2675 222 2710 conqueri
237 2675 381 2702 adversum
403 2675 496 2706 Deum,
511 2679 538 2701 et
549 2675 641 2702 dicere
659 2683 665 2701 :
682 2674 736 2701 Cur
754 2675 877 2702 homines

74 2721 187 2756 iniqui,
203 2725 231 2748 et
242 2720 333 2755 injusti
350 2726 482 2756 raptores,
508 2721 595 2756 impii,
615 2721 737 2752 scelesti,
766 2721 792 2748 in
827 2722 878 2749 hac

120 2791 148 2807 υ
157 2790 275 2823 Nahum,
288 2798 307 2824 t,
319 2791 345 2824 8,
358 2791 384 2818 9.
432 2791 454 2808 ⁸³
470 2791 536 2818 Gen.
553 2799 619 2826 xui,
634 2791 679 2819 37.

725 2792 748 2807 '°
762 2791 829 2819 Gen.
844 2798 925 2825 sun,
937 2791 964 2818 9.

931 237 1004 271 peris
1021 236 1191 264 successibus
1206 237 1314 268 cedunt,
1329 237 1457 268 honores,
1482 237 1594 270 divitite,
1621 244 1717 273 poten-

930 283 977 312 tia.
991 283 1095 310 sanitas
1107 290 1215 317 quoque
1227 283 1267 310 eis
1293 284 1350 317 ipsa
1378 288 1405 310 et
1433 284 1555 318 corporis
1585 284 1715 313 habitudo

931 327 1122 355 famulantur?
1139 328 1256 356 Econtra
1270 329 1471 361 innocentibus,
1486 337 1519 357 ac
1535 330 1598 364 piis,
1622 335 1649 357 et
1668 338 1715 358 co-

930 373 1046 401 lentibus
1073 374 1156 400 Deum
1187 374 1398 401 innumerabiles
1426 382 1554 402 arrumna!
1584 383 1715 411 superve—

929 420 1018 453 niunt,
1031 419 1127 453 abiecti
1140 425 1166 446 et
1180 419 1313 451 humiles,
1330 421 1477 455 contempti
1507 425 1534 447 et
1564 422 1614 448 sub
1639 423 1715 449 cola-

930 465 991 499 phis
1006 466 1154 501 potentium
1172 467 1276 500 vivunt,
1294 475 1486 501 nonnunquam
1513 467 1594 494 etiam
1617 468 1716 495 stevius

929 510 969 537 eis
983 511 1069 537 morbi
1085 519 1193 545 quoque
1207 511 1291 545 ipsius
1309 513 1433 546 corporis
1455 513 1644 541 dominantur.
1662 513 1715 540 Sed

931 556 998 588 haec,
1012 561 1041 583 ut
1066 557 1129 588 dixi,
1158 563 1359 592 conquerantur
1382 559 1538 593 ignorantes
1552 559 1597 592 qui
1612 559 1649 585 sit
1671 566 1716 585 or-

930 603 964 628 do
982 602 1007 628 in
1024 602 1124 629 divinis
1141 602 1262 637 jndiciis.
1290 603 1398 636 Quanto
1427 603 1499 630 enim
1530 604 1639 638 gravius
1668 612 1715 631 eos

930 647 1020 681 puniri
1042 648 1144 680 volunt,
1162 648 1195 675 de
1205 655 1319 682 quorum
1337 648 1456 683 potentia
1475 653 1502 676 et
1526 649 1714 683 iniquitatibus

931 693 1123 728 ingemiscunt,
1137 698 1212 721 tanto
1228 695 1411 722 necessariqu
1430 699 1471 722 est
1490 694 1591 722 dili‘erri
1607 702 1714 729 pteuas,

930 747 989 774 qua:
1003 740 1024 766 si
1042 747 1094 767 non
1109 739 1294 773 dilTerrentur,
1307 740 1470 774 temporales
1485 741 1578 776 utique
1586 745 1615 768 et
1628 741 1714 768 levio-

931 792 974 812 rcs
986 790 1087 817 essent,
1103 787 1163 820 quia
1181 785 1259 812 tinent
1278 793 1339 812 cum
1353 791 1440 813 morte
1454 786 1625 820 reciperent;
1642 795 1714 813 nunc

930 836 994 856 vero
1023 830 1084 864 quia
1110 830 1292 862 diﬂ'eruutnr,
1315 836 1420 858 certum
1451 836 1492 858 est
1515 833 1587 866 quod
1607 837 1715 860 :etenue

929 879 1009 902 erunt
1024 867 1125 902 etcum
1138 875 1244 902 smculis
1257 876 1448 903 extenuentur.
1463 876 1580 904 Econtra
1595 878 1677 912 igitur
1691 879 1715 904 si

928 920 1011 947 velint
1031 921 1113 955 justis
1145 926 1172 949 et
1199 922 1390 949 innocentibus
1412 922 1438 949 in
1464 924 1589 956 praesenti
1616 925 1716 951 saeculo

929 967 997 994 bona
1011 967 1096 999 reddi,
1116 972 1208 995 essent
1224 967 1307 994 etiam
1325 968 1381 1002 ipsa
1405 969 1474 996 bona
1504 970 1662 1004 temporalia
1688 976 1716 998 ct

928 1012 1009 1039 celeri
1026 1013 1141 1040 termino
1155 1013 1352 1040 concludenda.
1370 1012 1480 1046 Quanto
1511 1019 1601 1041 autent
1629 1015 1716 1049 magis

928 1057 1092 1085 diﬂ‘eruntnr
1109 1058 1134 1085 in
1149 1058 1279 1091 futurum,
1298 1063 1371 1086 tanto
1386 1059 1471 1093 magis
1484 1066 1561 1086 erunt
1583 1066 1713 1095 perpetua

929 1109 956 1130 ct
969 1104 1092 1131 nescient
1109 1103 1201 1131 ﬁnem.
1216 1104 1271 1130 lloc
1285 1109 1327 1131 est
1344 1111 1420 1138 ergo,
1437 1106 1508 1139 quod
1529 1114 1579 1133 nos
1590 1107 1714 1141 Scriptu-

929 1160 965 1179 ra:
982 1151 1062 1185 hujus
1079 1152 1153 1179 locus
1183 1152 1276 1187 paucis
1299 1153 1472 1180 sermonibus
1502 1154 1714 1188 comprehensus

927 1195 1046 1227 edocuit,
1069 1195 1231 1222 utsciamus
1250 1196 1335 1223 multo
1361 1203 1422 1223 esse
1447 1198 1558 1231 gravius
1587 1199 1713 1232 accipere

928 1246 1079 1275 peccatum,
1098 1245 1124 1268 et
1136 1241 1249 1273 habere,
1267 1248 1299 1268 ac
1312 1248 1402 1268 secum
1419 1243 1451 1268 ad
1474 1243 1578 1270 inferna
1594 1244 1713 1278 deferre,

928 1294 1008 1321 quam
1025 1287 1050 1313 in
1071 1287 1196 1320 prtescnti
1212 1294 1319 1320 penam
1338 1288 1402 1314 dare
1417 1289 1566 1316 commissi.
1592 1290 1624 1316 Et
1652 1291 1711 1318 ideo

929 1333 986 1360 haec
997 1333 1088 1360 sciens
1102 1332 1230 1367 expedire
1257 1332 1381 1359 ﬁdelibus
1402 1334 1540 1367 apostolus
1559 1335 1656 1363 Paulus
1670 1337 1710 1363 di-

927 1378 1009 1405 citde
1026 1385 1059 1404 eo
1071 1377 1116 1411 qui
1132 1382 1293 1412 peccaverat
1307 1385 1314 1404 :
1329 1387 1339 1403 Ι
1356 1377 1441 1410 Quem
1458 1379 1567 1413 tradidi,
1584 1381 1712 1415 inquit",

931 1420 1039 1447 Sataue
1072 1421 1097 1447 in
1131 1421 1268 1447 interitum
1308 1423 1410 1453 carnis,
1440 1432 1451 1449 υ
1475 1423 1527 1451 hoc
1554 1429 1596 1452 est
1627 1432 1713 1454 morte

930 1465 1070 1492 multasse.
1107 1465 1157 1498 Qui
1181 1470 1271 1492 autem
1301 1466 1336 1493 sit
1368 1466 1474 1495 fructus
1500 1470 1596 1498 mortis
1621 1471 1712 1506 hujus,

929 1513 1048 1540 ostendit
1065 1513 1090 1539 in
1109 1514 1295 1547 sequentibus,
1309 1513 1402 1541 dicens
1417 1522 1424 1540 :
1437 1524 1446 1540 ι
1466 1515 1499 1542 Ut
1527 1517 1638 1551 spiritus
1658 1519 1712 1545 sal-

929 1567 978 1587 vus
993 1559 1039 1586 liat
1053 1560 1079 1585 in
1096 1559 1138 1585 die
1158 1559 1262 1585 Domini
1285 1559 1370 1586 nostri
1387 1559 1452 1587 Jesu
1469 1561 1581 1590 Christi.
1601 1572 1610 1588 ι
1634 1563 1713 1591 Vides

927 1613 991 1641 ergo
1006 1605 1141 1640 quomodo
1158 1610 1250 1639 aperte
1274 1606 1419 1640 Apostolus
1445 1608 1589 1635 utilitatem
1618 1612 1713 1638 mortis

928 1650 1007 1684 hujus
1021 1650 1155 1685 ettposuit.
1173 1649 1249 1682 Quod
1268 1651 1339 1677 enim
1353 1652 1430 1682 dicit,
1448 1651 1558 1680 Tradidi
1575 1654 1600 1681 iu
1618 1655 1713 1682 interi—

929 1701 985 1723 tum
1001 1695 1102 1729 carnis,
1117 1695 1169 1722 hoc
1183 1699 1236 1727 est,
1255 1695 1282 1722 in
1300 1694 1474 1724 aﬂlictionem
1493 1700 1626 1733 corporis,
1652 1708 1713 1734 qua:

927 1741 995 1769 solet
1005 1748 1020 1767 a
1037 1739 1230 1775 pmnitentibns
1243 1741 1370 1773 expendi,
1383 1748 1500 1775 eumque
1522 1744 1615 1771 carnis
1625 1744 1710 1772 inter-

924 1786 993 1815 itum
1030 1786 1191 1818 nominavit,
1207 1786 1250 1820 qui
1268 1790 1356 1813 tatuen
1373 1787 1464 1813 carnis
1478 1787 1614 1820 interitus,
1630 1789 1713 1816 vitam

927 1833 1032 1868 spiritui
1046 1833 1177 1860 conferat.
1191 1831 1268 1859 Unde
1281 1837 1308 1859 et
1320 1840 1392 1859 nunc
1405 1833 1428 1859 si
1438 1833 1498 1866 quis
1511 1833 1581 1861 [orte
1589 1839 1713 1862 nostrqu

929 1878 1086 1906 recordatur
1109 1878 1135 1905 iu
1159 1879 1304 1912 semetipso
1321 1878 1436 1912 alicujus
1454 1879 1558 1912 peccati
1574 1881 1715 1908 conscien-

929 1924 1004 1956 tiam,
1018 1923 1040 1951 si
1058 1924 1121 1958 quis
1133 1930 1164 1950 se
1175 1923 1324 1951 obnoxium
1340 1924 1415 1951 novit
1429 1931 1492 1951 esse
1506 1924 1604 1952 delicto
1616 1946 1625 1957 ,
1648 1933 1713 1953 cou-

928 1970 1014 2005 fugiat
1032 1970 1065 1997 ad
1095 1969 1307 2005 paenitentiam,
1331 1974 1359 1997 et
1377 1975 1556 2005 spontaneum
1583 1972 1715 2006 suscipiat

927 2017 1018 2044 carnis
1030 2016 1181 2048 interitum,
1207 2020 1237 2043 ut
1261 2020 1429 2052 expurgatus
1450 2017 1477 2044 in
1502 2019 1630 2051 prtesenti
1656 2019 1712 2046 vita

927 2063 1042 2097 spiritus
1061 2067 1163 2094 noster,
1182 2063 1299 2089 nntndus
1324 2067 1353 2089 et
1367 2069 1450 2096 purus
1466 2068 1558 2098 pergat
1577 2065 1610 2091 ad
1634 2064 1714 2092 Chri-

897 2130 901 2131 ν
928 2114 999 2136 stum
1015 2109 1157 2136 Dominum
1173 2113 1306 2140 nostrum,
1323 2108 1366 2135 cui
1379 2113 1419 2136 est
1433 2109 1518 2144 gloria
1532 2111 1711 2145 etimperium

928 2155 955 2182 in
970 2155 1067 2182 srecula
1079 2154 1249 2182 saeculorum.
1263 2155 1360 2181 Amen.

1211 2242 1349 2271 llOillLlA
1370 2242 1425 2271 XV.

965 2310 1001 2337 De
1022 2310 1216 2338 venditionibus
1238 2311 1376 2338 domorum
1396 2316 1422 2339 et
1442 2312 1676 2348 redmnptionibus.

965 2357 990 2384 I.
1007 2357 1074 2384 Tres
1087 2357 1209 2384 diversas
1228 2357 1301 2391 leges
1326 2357 1360 2384 de
1384 2358 1527 2386 domorum
1550 2360 1715 2388 venditioni-

929 2403 979 2430 bus
989 2407 1017 2430 et
1034 2403 1264 2438 redemptionibus
1276 2411 1324 2438 per
1335 2403 1443 2440 Moysen
1461 2405 1485 2431 in
1500 2404 1622 2433 Levitico
1636 2407 1717 2434 datas

931 2447 1067 2480 videmus,
1086 2455 1200 2482 quarum
1228 2448 1424 2476 continentiam
1453 2450 1539 2484 primo
1565 2452 1716 2478 secundum

931 2494 1071 2521 historiam
1087 2499 1298 2529 pertractemus.
1314 2498 1344 2521 ut
1359 2499 1420 2528 post
1432 2494 1483 2522 hoc
1494 2495 1574 2522 etiam
1587 2497 1620 2522 ad
1632 2497 1717 2531 spiri—

931 2540 1013 2566 talem
1028 2547 1136 2567 sensum
1152 2541 1289 2575 possimus
1309 2540 1466 2567 ascendere.
1485 2540 1629 2569 Domorum
1641 2549 1717 2576 qum-

931 2585 991 2612 dam
1009 2586 1115 2612 suntin
1146 2586 1258 2613 urbibus
1275 2585 1406 2617 muralis,
1430 2585 1552 2619 qnzedam
1580 2587 1607 2613 iu
1634 2589 1715 2619 vicis,

931 2630 972 2657 vel
986 2630 1059 2664 agris
1074 2638 1126 2657 non
1142 2630 1305 2658 habentibus
1320 2638 1423 2657 muros.
1437 2630 1568 2665 Aitergo,
1589 2636 1619 2659 ut
1642 2633 1664 2659 si
1688 2633 1713 2659 in

931 2675 1040 2702 civitate
1055 2680 1161 2703 murata
1181 2675 1403 2709 vendideritquis
1416 2676 1536 2710 domum,
1549 2683 1597 2711 per
1611 2685 1713 2705 annum

932 2721 1068 2756 integrum
1084 2721 1182 2748 habeat
1207 2720 1314 2755 copiatn
1337 2720 1499 2755 redimendi,
1526 2728 1586 2757 post
1613 2730 1715 2750 annum

1010 2792 1031 2807 “
1050 2791 1117 2818 Luc.
1128 2797 1185 2822 xvi,
1198 2789 1244 2817 25.
1282 2789 1305 2805 ⁵·
1325 2789 1405 2817 lCor.
1418 2797 1445 2821 v,
1458 2790 1484 2817 5.

119 2851 181 2887 (ξι)
198 2851 244 2879 Sic
263 2852 348 2880 codex
366 2852 605 2887 Sangermanensis
619 2862 626 2886 ;
643 2853 703 2880 libri
720 2860 784 2881 vero
798 2852 888 2885 editi,t
900 2851 1072 2887 exigendum.
1094 2850 1162 2884 Quia
1183 2854 1283 2882 autem,
1297 2858 1306 2874 ι
1324 2853 1376 2876 etc.
