1894 3058
201 82 253 110 559

922 83 1080 112 ORIGENIS

1772 86 1821 113 56ft

201 151 267 170 vero
287 146 409 178 potestas
426 141 602 176 recuperandi
620 141 691 168 nulla
708 142 875 170 conceditur.
900 151 909 167 ι
927 142 986 169 Erit
999 144 1022 172 Α
1037 143 1166 177 scriptum
1184 146 1225 170 est
1239 142 1302 177 quia
1315 142 1488 170 anlillcaverit
1505 143 1556 171 sibi
1572 143 1693 176 domum,
1710 144 1755 178 qui
1773 153 1823 171 non

201 191 286 222 enim,
301 188 435 224 inquit",
449 189 543 216 domus
556 188 640 222 ipsius
664 188 795 222 emptoris
821 193 896 215 certa
924 196 985 223 pos-

205 237 300 268 sessio,
316 236 338 263 si
351 235 420 263 intra
432 240 531 261 annum
547 234 664 261 liberare
677 241 736 261 eam
768 241 821 261 non
853 235 983 268 potuerit,

203 284 249 315 qui
264 282 401 309 distraxit.
422 289 433 307 ι
451 280 574 308 Secunda
589 279 629 307 lex
643 284 694 312 est,
716 284 745 306 ιιι
763 280 786 307 si
806 281 902 307 domus
927 288 986 314 quae

203 329 331 354 distracta
345 326 429 358 est,in
445 325 505 352 vico
523 324 606 352 fuerit
621 325 666 359 qui
688 332 793 351 murum
810 332 862 352 non
892 326 984 358 habet,

203 374 244 400 cui
260 378 348 400 tamen
370 372 432 399 vico
449 379 516 406 ager
544 372 675 406 adiacent,
698 371 779 398 liceat
804 371 937 398 venditori
959 376 986 398 et

202 424 261 454 post
276 426 388 450 annum,
403 423 430 445 et
446 417 662 452 quandocuuque
678 417 812 451 potuerit,
843 417 986 445 restituere

202 465 329 497 pretium,
343 469 371 491 et
383 471 545 498 recuperare
562 470 644 497 quam
670 463 833 489 distraxerat
864 463 984 490 domttm.

199 510 290 537 Tertia
305 510 346 537 lex
360 515 412 543 est,
426 514 455 536 ut
471 509 492 537 si
509 509 579 536 forte
592 509 687 535 donms
698 509 732 535 slt
744 508 853 541 chitac,
871 509 911 536 vel
939 517 984 536 sa-

198 555 329 587 cerdotis,
345 555 498 589 ubicunque
513 553 593 581 fuerit
610 553 672 580 talis
688 553 793 586 domus,
810 554 867 580 sive
881 554 906 580 in
919 554 986 581 civi-

200 606 255 628 tate
271 606 389 632 morata,
407 599 466 627 sive
482 600 508 626 in
520 599 580 627 vico
594 599 637 625 cui
656 606 749 626 murus
762 607 814 626 non
831 604 882 631 est,
907 599 986 627 licent

199 654 305 682 semper
315 651 340 674 et
358 646 384 673 in
409 645 482 673 omni
497 650 626 679 lentporc,
651 651 679 671 ut
695 647 909 680 quandocunqoe
938 653 986 680 po-

201 693 282 720 tuerit
296 692 388 720 Levita
401 692 443 720 vel
459 692 586 719 sacerdos
600 692 717 719 redimat
742 693 852 719 domum
884 701 960 720 suam
975 701 982 719 :

198 747 252 767 nec
262 745 380 773 unquam
400 738 442 765 vel
465 737 664 765 sacerdotalem
686 736 728 763 vel
748 737 898 766 Levitieam
926 745 985 772 pos-

199 785 349 812 sessionem
359 783 516 811 conlirmari
532 784 559 810 in
573 783 655 810 alium
672 783 716 817 qui
735 791 786 810 non
803 783 839 810 sit
863 784 984 817 eiusdem

198 831 314 862 ordinis,
326 830 416 857 divina
426 829 486 863 iura
498 829 668 864 pertnittunt.
681 829 740 856 Ista:
751 833 812 855 sunt
823 836 887 862 ergo
899 829 982 863 leges,

199 877 297 912 quibus
311 876 439 904 utebatur
454 875 568 909 populus
580 873 624 901 ille
640 874 722 909 prior,
740 875 822 902 etiam
835 874 982 901 secundum

199 923 250 950 hoc
264 923 352 957 ipsuttt
364 921 435 956 quod
450 927 498 955 per
513 919 655 947 historiam
674 919 840 953 designatur,
861 919 984 954 religiose

198 970 266 996 satis
279 974 307 996 et
320 969 366 1004 pie
387 966 604 995 sacerdotalibus
623 966 665 994 vel
690 965 818 993 Leviticis
841 966 983 994 ordinibus

197 1016 380 1043 consulentes.

231 1062 258 1090 2.
275 1061 328 1088 Sed
343 1060 424 1088 citius
442 1060 498 1087 hate
514 1059 665 1087 referamus
679 1059 711 1086 ad
735 1066 794 1092 nos,
813 1059 912 1094 quibus
939 1059 981 1085 lex

196 1107 310 1138 Christi,
328 1105 350 1133 si
382 1112 441 1132 eam
469 1111 636 1139 sequamur,
661 1111 710 1131 nec
741 1104 929 1139 possessiones
955 1105 981 1131 in

198 1158 280 1183 terra,
299 1158 348 1178 nec
377 1151 405 1177 in
425 1148 537 1177 urbibus
553 1149 647 1177 domos
664 1149 763 1177 habere
793 1150 936 1184 permittit.
951 1150 983 1176 Et

197 1199 261 1234 quid
277 1198 337 1225 dico
352 1196 470 1224 domos?
486 1196 541 1223 Nec
557 1196 648 1231 plures
669 1197 785 1229 tunicas,
800 1204 848 1223 nec
870 1196 980 1222 multam

196 1244 324 1272 concedit
351 1242 493 1278 possidere
509 1242 650 1276 pecuniam
670 1251 676 1268 :
705 1251 714 1267 ι
736 1241 873 1268 Habentes
897 1241 980 1275 enim,

198 1291 285 1326 inquit
300 1290 334 1321 “,
354 1289 452 1316 victutn
464 1293 492 1315 et
507 1288 644 1321 vestitum,
663 1287 705 1314 his
722 1288 842 1315 contenti
860 1289 953 1315 simus.
970 1297 980 1313 ι

197 1335 339 1370 Quomodo
352 1342 417 1370 ergo
435 1341 485 1362 nos
498 1334 575 1361 datas
589 1334 621 1361 de
632 1334 768 1366 domibus,
784 1334 841 1361 sive
857 1334 926 1361 intra
947 1334 984 1360 ci-

197 1383 307 1410 vitatem
324 1385 456 1408 muratam
475 1380 583 1415 positis,
601 1380 657 1406 sive
669 1380 695 1407 in
713 1381 780 1408 vicis
800 1381 899 1415 quibus
913 1380 981 1407 muri

196 1436 251 1456 non
266 1428 346 1464 262
359 1431 432 1459 sunt,
449 1426 655 1454 observabimus
672 1425 764 1461 leges?
792 1427 943 1454 invenimus
957 1426 981 1452 in

197 1473 259 1500 aliis
271 1473 420 1507 Scriptum
435 1471 514 1504 locis,
537 1471 608 1505 quod
624 1479 715 1498 sermo
744 1472 851 1498 divinus
882 1473 983 1506 maiore

197 1520 312 1554 quodam
328 1524 502 1546 sacramento
521 1518 642 1545 nominet
653 1519 774 1549 domum,
787 1523 815 1545 ut
831 1525 893 1545 cum
916 1519 982 1546 dicit

197 1566 230 1592 de
245 1564 341 1596 Jacob,
356 1569 383 1592 et
394 1563 470 1598 quasi
495 1570 544 1597 pro
567 1563 646 1590 laude
661 1563 720 1598 eius
750 1564 850 1598 ponit:
879 1572 889 1589 ι
917 1564 982 1591 Erat

196 1609 422 1645 enim,inquit",
438 1609 616 1637 Jacobhomo
640 1609 753 1644 simplex
783 1609 908 1637 habitans
934 1611 982 1637 do-

198 1664 283 1684 mum.
301 1665 312 1682 ι
332 1655 366 1683 Et
379 1655 476 1683 iterum
508 1655 617 1683 invenio
645 1655 679 1683 de
708 1656 903 1683 obstetricibus
929 1656 982 1683 lle-

197 1704 331 1731 brzeorum
345 1703 475 1737 scriptum
494 1711 501 1729 :
525 1712 535 1728 ‹
557 1703 589 1730 Et
607 1703 679 1737 quia,
697 1702 828 1737 inquit",
851 1703 982 1730 timebant

198 1748 283 1775 [tcum
301 1746 472 1780 obstetrices,
491 1747 613 1774 fecerant
626 1748 677 1775 sibi
700 1749 805 1775 dotnos.
827 1757 836 1774 ι
853 1747 983 1775 Videmus

195 1801 261 1828 ergo
276 1794 346 1828 quod
362 1792 552 1820 obstetricibus
565 1793 673 1827 quidem
689 1793 875 1820 faciendarum
891 1794 983 1821 dento-

197 1848 257 1868 rum
279 1847 361 1867 causa
378 1838 461 1866 fuerit
476 1839 556 1866 timor
572 1839 634 1872 Dei;
648 1838 732 1866 Jacob
744 1847 809 1866 vero
822 1840 983 1874 simplicitas

194 1891 224 1913 et
248 1884 401 1912 innocentia
417 1892 526 1911 causam
542 1883 656 1916 dederit,
670 1890 699 1911 ut
712 1884 846 1912 habitaret
860 1885 981 1911 dotnmn.

196 1931 316 1966 Denique
329 1930 412 1962 Esau,
427 1931 490 1965 quia
509 1931 596 1957 malus
612 1930 673 1962 fuit,
698 1937 750 1957 non
781 1935 823 1957 est
849 1931 981 1964 scriptum

195 1978 230 2005 de
245 1985 277 2005 eo
294 1977 357 2011 quia
374 1976 537 2004 habitaverit
553 1977 674 2008 domum,
689 1984 739 2004 nec
764 1977 797 2004 de
811 1977 864 2003 alio
893 1977 983 2011 aliquo

232 2053 254 2068 ⁵³
267 2052 353 2079 Levit.
371 2059 433 2082 xxv,
444 2052 488 2079 '50.
527 2050 572 2076 Η1
589 2051 660 2079 Tim.
675 2059 709 2083 γι,
723 2052 748 2079 8.

195 2087 240 2113 ⁸³1
260 2088 325 2114 Cor.
341 2094 381 2119 ιιι,
395 2086 422 2113 9.
446 2086 468 2101 ⁸ο
484 2086 576 2112 Matth.
592 2094 617 2118 v,
635 2087 661 2112 4.

232 2143 288 2178 (95)
307 2143 385 2169 Libh.
402 2142 478 2174 editi,
491 2142 773 2170 «hanccrudelissimo
802 2143 976 2175 feneratori,»

196 2181 243 2206 sed
261 2186 325 2204 mss.
343 2182 371 2203 ιιι
388 2178 413 2203 iu
431 2182 524 2204 nostro
544 2182 629 2203 textu.

232 2213 288 2248 ('26)
304 2211 335 2238 Si
351 2220 396 2238 nos
409 2211 594 2248 aliquu‘culpq
613 2212 732 2248 mortalis
752 2212 881 2239 invenerit
892 2232 900 2245 ,
922 2218 976 2239 etc.

195 2245 330 2276 Anionius
345 2247 478 2272 Arnaldus
494 2245 562 2272 libro
575 2245 680 2281 Gallice
691 2247 794 2281 scripto
809 2248 851 2273 cui
876 2247 979 2280 titulus,

196 2285 233 2310 De
246 2282 375 2316 frequenti
386 2281 578 2311 communione,
594 2287 654 2314 cap.
669 2280 696 2310 4,
712 2280 862 2307 scribarum
885 2283 978 2308 vitium

195 2315 310 2345 ascribit
326 2317 388 2343 huic
403 2316 522 2346 lectioni,
538 2320 565 2342 et
594 2315 662 2346 loco,
678 2325 687 2340 ι
705 2316 784 2349 culpa
817 2317 948 2349 mortalis,
968 2326 977 2342 ›

196 2355 202 2380 l
222 2353 338 2387 gendum
354 2359 415 2387 esse
424 2360 439 2387 _t
458 2350 535 2385 culpa
547 2350 667 2387 moralis,
679 2360 692 2387 ν»
710 2351 850 2378 contendit
865 2359 875 2387 γε
893 2352 919 2378 1°
929 2352 979 2378 ΕΓ·-

197 2384 252 2421 rei,
267 2387 365 2421 inquit,
380 2385 458 2421 facile
486 2384 590 2411 admitti
612 2386 698 2419 potuit
715 2387 795 2412 unius
828 2386 979 2419 adiectione

195 2420 309 2450 littera.
322 2422 350 2448 2'
362 2420 477 2447 Evidens
491 2424 542 2452 est,
559 2427 618 2446 cutn
648 2421 788 2447 manifeste
806 2428 897 2447 secum
927 2429 978 2455 pn-

195 2463 277 2493 gnent
293 2458 349 2484 haec
369 2465 408 2493 2‘:
423 2455 502 2490 culpa
521 2456 718 2493 mortalisque:
742 2463 794 2483 non
819 2455 978 2493 incrimine

195 2488 303 2520 inut-tali
318 2488 495 2520 consistatfi
513 2496 562 2517 nec
588 2488 791 2524 apud'veteres
821 2490 904 2517 ullum
929 2499 979 2517 un-

194 2536 275 2562 quam
294 2527 446 2562 reperiatur
462 2525 578 2562 positum
595 2525 828 2562 disct_‘imen__intet‘
844 2533 854 2550 ι
872 2525 978 2559 culpam

197 2559 334 2589 mortalem
349 2571 359 2587 ι
378 2566 405 2587 et
421 2569 431 2586 ι
450 2561 553 2587 crimen
569 2559 693 2586 mortale.
714 2569 723 2585 I
740 2559 856 2587 Econtra
867 2565 978 2593 apertus

194 2602 237 2624 est
250 2605 356 2628 sensus,
374 2598 395 2623 si
410 2596 526 2630 legatur,
545 2603 554 2619 ι
574 2594 651 2628 culpa
669 2596 780 2622 moralis
792 2603 852 2629 qua:
873 2603 925 2621 non
950 2595 977 2621 in

195 2632 309 2658 crimine
330 2632 450 2659 mortali.
466 2640 475 2655 ι
494 2631 521 2657 3°
542 2630 637 2657 Verbis
661 2631 835 2664 sequentibus
860 2630 978 2664 explicat

196 2665 254 2699 ipse
271 2667 399 2700 Origenes
415 2666 478 2700 quid
491 2666 573 2699 culpa:
586 2666 694 2692 moralis
715 2665 823 2691 nomine
835 2666 975 2699 intelligat,

197 2708 256 2732 qua.-
274 2708 367 2733 ncnqtc
387 2709 395 2724 ι
414 2701 454 2726 vcl
472 2701 499 2727 in
513 2702 646 2726 sermonis
664 2700 703 2726 vel
733 2702 758 2726 ιιι
785 2709 888 2726 morum
913 2700 977 2726 vnio

198 2735 341 2760 consistat.
361 2745 368 2760 ι
389 2735 415 2760 4ο
427 2735 525 2769 ιὶιιΙιιςις
547 2743 613 2768 quas
634 2736 794 2762 crimimbus
816 2737 976 2761 mortalibus

198 2769 318 2801 opponit,
335 2770 463 2801 venialcs,
478 2778 528 2795 tton
551 2771 679 2796 mortales
699 2771 780 2796 lttissc
805 2770 866 2797 inde
892 2773 974 2803 patet.

200 2804 270 2835 quod
281 2803 306 2829 in
319 2804 369 2829 line
383 2804 461 2838 huius
471 2805 519 2831 loci
536 2811 664 2831 vocentur
687 2814 696 2829 r
715 2805 867 2832 connnunia
880 2812 974 2839 pecca-

801 2052 823 2067 ⁵³
839 2051 907 2078 Gen.
924 2059 986 2084 xxv,
997 2051 1044 2080 27.

1037 189 1162 216 habuerit
1180 190 1304 216 timorem
1324 190 1384 217 Dei.
1405 190 1470 223 Qurc
1496 195 1618 224 estergo
1638 191 1689 218 ista
1715 191 1823 223 domus,

1036 238 1062 260 et
1077 234 1155 268 quale
1170 234 1312 261 mdificium
1329 239 1381 267 est,
1394 235 1493 263 Paulus
1507 236 1748 271 exponitapertins
1764 244 1824 263 cum

1036 280 1159 306 dicit":
1193 288 1202 305 ι
1223 280 1336 307 Domum
1366 281 1498 308 habemus
1524 289 1577 308 non
1602 290 1682 308 tnanu
1712 281 1824 314 factam,

1037 330 1167 352 :cternam
1182 325 1207 352 in
1220 325 1307 353 ctelis.
1329 335 1339 352 ι
1358 326 1420 354 Hrec
1445 334 1510 361 ergo
1535 333 1576 354 est
1605 328 1714 358 domus,
1743 335 1823 361 quam

1036 369 1170 398 aediﬁcare
1184 378 1264 398 nemo
1284 376 1373 405 potest
1394 372 1444 398 nisi
1463 373 1557 399 timeat
1579 373 1673 400 Deum.
1703 373 1768 400 "auc
1786 378 1826 400 est

1037 417 1132 443 domus
1144 424 1224 450 quam
1238 423 1389 451 exstruere,
1406 419 1447 445 vel
1466 419 1591 446 habitare
1616 427 1696 446 nemo
1721 425 1824 454 potest,

1037 460 1087 487 nisi
1102 461 1127 487 in
1143 461 1317 496 simplicitate
1333 464 1432 490 mentis
1459 469 1486 491 et
1505 464 1621 497 puritate
1635 465 1739 491 cordis.
1772 464 1824 491 Sed

1036 507 1162 540 anniam
1179 507 1304 535 accidere
1318 508 1399 539 solet.
1412 513 1442 535 ut
1457 509 1539 536 etiam
1552 510 1598 544 qui
1613 510 1682 537 bene
1702 509 1824 536 mlificu-

1036 551 1114 584 verit,
1126 553 1272 585 etIdomum
1290 553 1342 580 sibi
1355 554 1494 581 caelestem
1512 554 1579 582 bene
1596 557 1699 589 agendo
1713 560 1742 582 et
1756 557 1825 583 bene

1036 597 1162 631 vivemlo,
1180 606 1211 626 ac
1228 604 1302 626 recte
1316 601 1453 627 credendo
1475 602 1669 633 construxerit,
1700 602 1825 628 incurrat

1036 642 1150 676 alicujus
1168 644 1271 678 peccati
1298 645 1430 678 dchitmn,
1460 650 1486 673 et
1504 646 1573 673 hanc
1590 654 1604 672 a
1632 647 1824 675 crudelissimo

1036 688 1192 716 feneratore
1223 690 1280 725 (‘25)
1307 694 1462 719 venundate
1496 699 1625 727 cogatur,
1655 701 1687 719 ac
1715 694 1825 720 labores

1036 742 1100 762 suos
1117 735 1308 764 transfundere
1336 738 1362 763 in
1389 739 1482 770 alium,
1512 738 1596 773 pietas
1620 743 1648 765 et
1677 739 1823 766 clementia

1037 780 1199 816 legis-latoris
1217 783 1364 815 succurrit,
1381 789 1409 810 ut
1437 783 1507 810 intra
1524 790 1626 810 certttm
1649 789 1758 818 tempus
1782 792 1826 811 re-

1036 826 1099 852 dimi
1116 827 1209 861 possit.
1231 836 1239 852 I
1254 827 1282 854 Si
1299 832 1387 855 latueu
1417 828 1560 860 invenerit,
1574 829 1658 863 inquit
1673 829 1710 861 ⁵³,
1728 837 1826 856 manus

1037 876 1080 898 tua
1097 873 1211 906 pretium
1233 873 1303 908 quod
1320 874 1462 901 restituas.
1478 883 1488 900 ι
1505 875 1590 907 Quale
1608 875 1749 909 pretium?
1764 875 1827 902 Pa:-

1035 917 1157 944 nitcntiae
1173 917 1232 944 sine
1245 917 1325 945 dubio
1347 918 1474 954 lacrymis
1491 926 1699 955 congregatum,
1722 926 1749 947 et
1767 929 1827 948 tm:—

1034 962 1124 993 nibus.
1155 963 1181 989 id
1198 968 1236 990 est
1264 963 1358 991 labore
1373 964 1435 991 boni
1458 965 1547 998 operis
1565 966 1712 992 inventum.
1731 967 1827 993 Annos

1033 1012 1122 1034 autem
1140 1008 1191 1035 iste
1205 1008 1317 1044 intelligi
1335 1014 1423 1043 potest
1435 1018 1515 1045 quem
1528 1010 1600 1037 venit
1613 1018 1712 1038 vocare
1728 1011 1822 1038 Domi-

1034 1062 1087 1081 nus
1097 1062 1198 1081 annum
1218 1060 1370 1089 acceptum,
1399 1063 1452 1090 quo
1472 1056 1593 1083 dimittat
1615 1057 1772 1085 confractus
1797 1059 1824 1084 in

1034 1100 1236 1133 remissioaem,
1251 1105 1278 1127 et
1291 1101 1406 1128 salutctn
1425 1101 1521 1129 delicta
1552 1109 1600 1129 sua
1625 1103 1825 1131 confitentibus

1034 1148 1161 1181 praibeat.
1177 1145 1254 1178 Quod
1265 1151 1355 1173 autem
1371 1147 1436 1174 dicit
1454 1147 1563 1174 domum
1583 1148 1608 1175 in
1630 1149 1741 1176 civitate
1763 1158 1826 1176 tnu-

1036 1196 1115 1218 vata:
1135 1196 1217 1224 recte,
1231 1197 1259 1218 ot
1276 1199 1326 1226 ego
1344 1192 1474 1225 arbitror,
1490 1193 1586 1221 domus
1610 1201 1670 1228 quae
1694 1195 1721 1221 in
1750 1195 1826 1222 cmlo

1034 1244 1094 1264 esse
1121 1237 1230 1270 dicitur,
1247 1238 1272 1264 in
1296 1238 1406 1265 civitate
1429 1245 1536 1266 morata
1558 1248 1618 1267 csse
1649 1241 1825 1277 intelligitur.

1033 1281 1127 1309 Murus
1143 1287 1185 1309 est
1196 1283 1267 1310 enim
1280 1283 1434 1317 huiusmodi
1452 1284 1578 1312 domibus
1594 1286 1681 1320 ipsum
1696 1288 1757 1314 caeli
1778 1287 1826 1314 lir-

1035 1332 1212 1354 mamentum.
1227 1328 1279 1355 Sed
1301 1328 1382 1356 talem
1400 1329 1508 1356 domum
1526 1332 1580 1358 rari
1600 1333 1700 1368 quique
1721 1333 1828 1362 habere

1035 1378 1156 1408 possunt,
1171 1374 1208 1400 illi
1228 1374 1352 1402 fortassis
1364 1376 1409 1410 qui
1430 1384 1512 1410 super
1533 1381 1632 1404 terrant
1648 1379 1829 1407 ambulantes

1034 1420 1268 1447 conversationem
1283 1420 1382 1448 habent
1394 1422 1420 1448 in
1435 1423 1521 1454 ccelis,
1539 1428 1565 1450 et
1583 1423 1616 1450 de
1637 1424 1739 1458 quibus
1758 1427 1827 1454 dicit

996 1485 1017 1514 α
1034 1465 1179 1500 Apostolus
1197 1465 1239 1490 "z
1258 1473 1267 1490 ι
1285 1465 1331 1492 Dei
1343 1466 1486 1494 aediﬁcatio
1500 1467 1574 1495 estis.
1591 1477 1601 1494 ι
1617 1468 1713 1496 (λειω-ί
1730 1475 1826 1498 autem

1035 1509 1080 1545 qui
1100 1510 1126 1536 in
1143 1509 1210 1536 vicis
1224 1509 1322 1537 habent
1336 1510 1442 1544 domos,
1460 1512 1557 1546 quibus
1580 1520 1635 1540 non
1651 1519 1693 1541 cst
1714 1523 1825 1549 murus,

1032 1561 1074 1584 est
1091 1561 1180 1584 tamen
1197 1557 1236 1584 eis
1254 1557 1380 1592 adiacens
1397 1565 1460 1593 ager
1481 1557 1622 1589 fecttndtts,
1640 1558 1678 1584 illi
1697 1558 1827 1587 fortassis

1031 1605 1076 1640 qui
1091 1614 1103 1633 s
1117 1606 1141 1632 bi
1157 1606 1338 1633 habitaculum
1361 1611 1513 1641 praeparant
1528 1606 1554 1633 in
1570 1612 1641 1633 terra
1655 1607 1824 1642 viventium,

1031 1658 1059 1681 et
1074 1654 1100 1680 in
1116 1654 1158 1681 illa
1173 1660 1244 1682 terra
1259 1663 1338 1690 quam
1356 1657 1506 1683 mansuetis
1520 1655 1650 1684 Dominus
1672 1659 1823 1691 promittit,

1031 1702 1125 1730 dicens
1137 1703 1159 1718 ⁶⁰
1175 1713 1180 1729 :
1201 1713 1209 1729 ι
1228 1703 1301 1731 Beati
1324 1705 1418 1736 miles,
1441 1705 1569 1739 quoniam
1594 1705 1643 1740 ipsi
1660 1706 1823 1735 haereditate

1030 1749 1207 1784 possidebunt
1234 1755 1341 1776 terram.
1366 1760 1375 1775 ι
1398 1750 1465 1778 lstas
1485 1760 1549 1787 ergo
1573 1752 1683 1783 domos,
1706 1754 1728 1779 si
1751 1754 1822 1781 forte

1035 1796 1127 1829 alicui,
1145 1796 1216 1823 sicut
1245 1804 1327 1831 supra
1355 1797 1542 1831 exposuimus,
1567 1797 1660 1832 lapsus
1680 1798 1826 1829 acciderit,

1034 1845 1140 1876 semper
1151 1847 1191 1869 cst
1206 1843 1383 1876 recuperandi
1399 1842 1524 1875 facultas,
1540 1848 1568 1870 ut
1581 1843 1654 1869 verbi
1677 1844 1768 1876 gratia
1784 1845 1827 1871 di-

1034 1895 1140 1920 camus,
1157 1889 1178 1915 si
1194 1896 1243 1916 nos
1259 1889 1347 1923 aliqua
1364 1889 1440 1924 cttlpa
1458 1889 1581 1916 mortalis
1602 1889 1737 1916 invenerit
1754 1890 1825 1926 ('26),

1035 1940 1095 1966 qua:
1121 1941 1174 1960 nou
1200 1934 1226 1960 itt
1247 1935 1361 1961 crimine
1385 1934 1505 1966 mortali,
1521 1942 1572 1961 non
1599 1934 1626 1961 in
1653 1935 1827 1970 blasphemia

1037 1978 1109 2011 fidei,
1125 1986 1184 2012 qua:
1210 1987 1287 2006 tnnro
1302 1979 1479 2006 ecclesiastici
1497 1984 1524 2006 et
1549 1979 1690 2014 apostolici
1709 1981 1827 2016 dogma-

1083 2052 1106 2068 “
1119 2053 1205 2079 Exod.
1223 2053 1294 2085 t,‘2|.
1331 2053 1353 2068 "’
1364 2053 1384 2079 ll
1395 2053 1490 2086 Conv,
1500 2053 1525 2081 l.
1563 2053 1586 2068 ⁵⁸
1598 2052 1687 2080 Levit.
1700 2061 1764 2087 xxv,
1777 2056 1825 2082 28.

1032 2147 1056 2169 ta
1070 2151 1128 2178 quae
1147 2144 1302 2179 frequenter
1314 2145 1490 2178 incurrimus,
1503 2151 1610 2178 semper
1626 2145 1821 2179 paenitentiam

996 2174 1017 2200 ί)
1031 2174 1178 2213 recipiunt,
1194 2174 1222 2206 et
1237 2180 1294 2207 sine
1321 2174 1521 2207 intermissione
1550 2174 1732 2207 redimuntur.
1751 2190 1760 2206 ι
1789 2183 1825 2208 At

1033 2221 1097 2240 vero
1109 2214 1168 2249 quis
1188 2215 1320 2241 tantillum
1335 2214 1360 2241 in
1380 2215 1495 2241 lectione
1514 2214 1624 2240 Patrum
1640 2221 1767 2242 versatus
1797 2224 1823 2242 tn

1031 2248 1151 2275 animum
1169 2249 1220 2275 sibi
1244 2250 1353 2275 inducat
1383 2250 1464 2276 tertio
1489 2249 1616 2275 Ecclesia:
1639 2250 1740 2277 sa-cnlo
1766 2256 1823 2277 tam

1031 2283 1137 2318 facilem
1157 2284 1240 2310 fatese
1255 2289 1426 2318 peceatornm
1443 2284 1582 2311 lethalium
1605 2285 1796 2311 remissionem
1813 2286 1826 2313 Υ

1029 2317 1058 2343 5·
1073 2318 1180 2345 Addere
1193 2323 1298 2352 poterat
1313 2319 1459 2350 Arnaldus,
1483 2320 1508 2345 in
1523 2318 1644 2344 editione
1657 2319 1822 2351 Basilcensi,

1030 2358 1056 2378 ct
1071 2353 1095 2378 itt
1109 2353 1194 2379 altera
1210 2353 1308 2380 (ἰήιιωί
1326 2355 1413 2380 locant
1434 2361 1494 2380 esse
1509 2354 1601 2379 datunt
1618 2353 1681 2380 huic
1697 2354 1821 2385 lectioni,

1037 2395 1046 2412 ι
1064 2387 1085 2413 si
1099 2395 1148 2414 nos
1159 2388 1248 2421 aliqua
1271 2389 1348 2421 culpa
1364 2388 1474 2414 moralis
1488 2387 1631 2417 invenerit.
1652 2396 1662 2413 ι
1678 2393 1733 2416 etc.
1768 2388 1822 2416 γε·

1030 2428 1087 2448 rum
1108 2421 1171 2450 licet
1189 2423 1254 2449 mihi
1273 2423 1386 2449 tttulttttn
1401 2422 1679 2449 arrideatArnaldina
1710 2431 1823 2451 correc-

1030 2457 1078 2489 tio,
1095 2458 1239 2490 quominus
1269 2462 1360 2484 tamen
1375 2465 1435 2484 eam
1466 2465 1574 2491 sequar,
1607 2457 1691 2484 multa
1726 2459 1824 2485 deter-

1030 2496 1091 2526 rent
1105 2499 1112 2517 :
1131 2493 1157 2518 l°
1168 2491 1246 2518 Nulla
1262 2493 1507 2526 manuscriptorum
1530 2492 1694 2519 auctoritate
1708 2493 1820 2520 ttititur.

1028 2525 1058 2552 2°
1075 2526 1103 2553 Si
1118 2526 1198 2553 lectio
1211 2535 1271 2561 qua:
1285 2525 1408 2554 Arnaldo’
1421 2527 1583 2561 displicebat
1601 2526 1752 2560 reiicienda
1777 2529 1820 2554 fo-

1030 2567 1081 2592 ret,
1100 2561 1236 2588 lubentius
1265 2562 1447 2594 amplecterer
1460 2563 1573 2588 alteram
1588 2569 1670 2596 quam
1695 2568 1821 2596 quatuor

1028 2603 1096 2632 quos
1105 2597 1238 2632 consului,
1253 2597 1430 2632 manuscripti
1450 2597 1567 2628 codices,
1579 2603 1648 2622 unus
1657 2596 1819 2629 Beccensis,

1029 2630 1099 2665 alter
1122 2630 1328 2664 Gemeticensis,
1360 2630 1456 2659 tertius
1485 2631 1673 2663 liadomcusis,
1698 2637 1817 2665 quartus

1028 2664 1272 2699 Saogct'mancnsis
1287 2672 1327 2693 sat
1342 2675 1446 2699 recens,
1464 2667 1591 2693 exhibent
1616 2665 1660 2693 his
1685 2664 1780 2694 verbis
1806 2675 1815 2694 :

1031 2708 1039 2724 ι
1057 2701 1083 2726 Si
1103 2701 1192 2735 aliqua
1209 2702 1286 2735 culpa
1304 2702 1449 2733 invenitur,
1472 2709 1523 2728 non
1546 2701 1571 2727 in
1595 2700 1713 2728 crimine
1741 2709 1817 2729 mor-

1029 2736 1085 2762 tali.
1104 2744 1112 2760 ι
1129 2737 1164 2761 Ini
1180 2743 1228 2763 nec
1248 2737 1366 2767 morale,
1381 2745 1431 2763 nec
1451 2736 1569 2761 ιιιιινιηιιι
1599 2735 1678 2770 culpa
1694 2738 1813 2770 opponi-

1027 2772 1071 2795 tur
1083 2770 1185 2796 crimini
1208 2771 1322 2797 mortali.
1340 2773 1374 2798 At
1399 2771 1562 2805 suspicionis
1588 2776 1678 2797 notant
1703 2779 1758 2804 pne
1780 2779 1811 2798 se

1027 2804 1077 2831 l‘et't
1093 2805 1226 2840 ejusmodi
1242 2806 1321 2833 lectio
1350 2814 1364 2833 e
1383 2804 1499 2840 quatuor
1529 2805 1589 2832 licet
1614 2807 1810 2840 mattuscriptis
