  <div class='ocr_page' id='page_1' title='image "/cluster/home/n/w/nwhite01/storage/ocr_20150623/12/njp.32101077772422/308.png"; bbox 0 0 1894 3058; ppageno 0'>
   <div class='ocr_carea' id='block_1_1' title="bbox 93 143 141 170">
    <p class='ocr_par' dir='ltr' id='par_1_1' title="bbox 93 143 141 170">
     <span class='ocr_line' id='line_1_1' title="bbox 93 143 141 170; baseline -0.021 0"><span class='ocrx_word' id='word_1_1' title='bbox 93 143 141 170; x_wconf 83' lang='grc'><strong>561</strong></span> 
     </span>
    </p>
   </div>
   <div class='ocr_carea' id='block_1_2' title="bbox 658 136 1146 166">
    <p class='ocr_par' dir='ltr' id='par_1_2' title="bbox 658 136 1146 166">
     <span class='ocr_line' id='line_1_2' title="bbox 658 136 1146 166; baseline -0.006 0"><span class='ocrx_word' id='word_1_2' title='bbox 658 140 689 166; x_wconf 68' lang='lat' dir='ltr'><strong>IN</strong></span> <span class='ocrx_word' id='word_1_3' title='bbox 711 137 896 166; x_wconf 73' lang='lat' dir='ltr'><strong>LEVlTlCUM</strong></span> <span class='ocrx_word' id='word_1_4' title='bbox 917 136 1059 165; x_wconf 63' lang='lat' dir='ltr'><strong>llOillldA</strong></span> <span class='ocrx_word' id='word_1_5' title='bbox 1077 136 1146 164; x_wconf 76' lang='lat' dir='ltr'><strong>XVI.</strong></span> 
     </span>
    </p>
   </div>
   <div class='ocr_carea' id='block_1_3' title="bbox 1661 135 1713 164">
    <p class='ocr_par' dir='ltr' id='par_1_3' title="bbox 1661 135 1713 164">
     <span class='ocr_line' id='line_1_3' title="bbox 1661 135 1713 164; baseline 0.038 -3"><span class='ocrx_word' id='word_1_6' title='bbox 1661 135 1713 164; x_wconf 61' lang='grc' dir='ltr'><strong>ΞΜ</strong></span> 
     </span>
    </p>
   </div>
   <div class='ocr_carea' id='block_1_4' title="bbox 94 196 1711 237">
    <p class='ocr_par' dir='ltr' id='par_1_4' title="bbox 94 196 1711 237">
     <span class='ocr_line' id='line_1_4' title="bbox 94 196 1711 237; baseline -0.005 -7"><span class='ocrx_word' id='word_1_7' title='bbox 94 204 128 230; x_wconf 84' lang='lat' dir='ltr'><strong>tis</strong></span> <span class='ocrx_word' id='word_1_8' title='bbox 142 204 228 231; x_wconf 81' lang='lat' dir='ltr'><strong>cincta</strong></span> <span class='ocrx_word' id='word_1_9' title='bbox 244 209 297 234; x_wconf 78' lang='lat' dir='ltr'><strong>est.</strong></span> <span class='ocrx_word' id='word_1_10' title='bbox 313 203 362 230; x_wconf 73' lang='lat' dir='ltr'><strong>sed</strong></span> <span class='ocrx_word' id='word_1_11' title='bbox 377 203 417 230; x_wconf 85' lang='lat' dir='ltr'><strong>vel</strong></span> <span class='ocrx_word' id='word_1_12' title='bbox 440 203 466 229; x_wconf 87' lang='lat' dir='ltr'><strong>in</strong></span> <span class='ocrx_word' id='word_1_13' title='bbox 481 201 615 230; x_wconf 77' lang='lat' dir='ltr'><strong>sr-rmouis</strong></span> <span class='ocrx_word' id='word_1_14' title='bbox 631 201 700 237; x_wconf 78' lang='lat'><strong>(‘27),</strong></span> <span class='ocrx_word' id='word_1_15' title='bbox 718 202 758 229; x_wconf 90' lang='lat' dir='ltr'><strong>vel</strong></span> <span class='ocrx_word' id='word_1_16' title='bbox 775 202 800 228; x_wconf 90' lang='lat' dir='ltr'><strong>in</strong></span> <span class='ocrx_word' id='word_1_17' title='bbox 819 209 878 228; x_wconf 87' lang='lat' dir='ltr'><strong>tno-</strong></span> <span class='ocrx_word' id='word_1_18' title='bbox 894 204 916 232; x_wconf 76' lang='grc' dir='ltr'>Α</span> <span class='ocrx_word' id='word_1_19' title='bbox 931 207 1019 226; x_wconf 84' lang='lat' dir='ltr'><strong>rerum</strong></span> <span class='ocrx_word' id='word_1_20' title='bbox 1038 199 1189 225; x_wconf 86' lang='lat' dir='ltr'><strong>futurarum</strong></span> <span class='ocrx_word' id='word_1_21' title='bbox 1202 198 1234 229; x_wconf 69' lang='lat'><strong>“.</strong></span> <span class='ocrx_word' id='word_1_22' title='bbox 1246 205 1297 224; x_wconf 90' lang='lat' dir='ltr'><strong>non</strong></span> <span class='ocrx_word' id='word_1_23' title='bbox 1313 197 1410 231; x_wconf 80' lang='lat' dir='ltr'><strong>quibus</strong></span> <span class='ocrx_word' id='word_1_24' title='bbox 1424 200 1601 231; x_wconf 77' lang='lat' dir='ltr'><strong>arguerentur</strong></span> <span class='ocrx_word' id='word_1_25' title='bbox 1612 196 1711 223; x_wconf 65' lang='lat' dir='ltr'><strong>delicta</strong></span> 
     </span>
    </p>
   </div>
   <div class='ocr_carea' id='block_1_5' title="bbox 92 249 875 278">
    <p class='ocr_par' dir='ltr' id='par_1_5' title="bbox 92 249 875 278">
     <span class='ocr_line' id='line_1_5' title="bbox 92 249 875 278; baseline -0.004 -1"><span class='ocrx_word' id='word_1_26' title='bbox 92 259 152 277; x_wconf 84' lang='lat' dir='ltr'><strong>rum</strong></span> <span class='ocrx_word' id='word_1_27' title='bbox 163 251 231 277; x_wconf 89' lang='lat' dir='ltr'><strong>vitio</strong></span> <span class='ocrx_word' id='word_1_28' title='bbox 244 251 402 278; x_wconf 84' lang='lat' dir='ltr'><strong>consistat:</strong></span> <span class='ocrx_word' id='word_1_29' title='bbox 431 250 480 276; x_wconf 89' lang='lat' dir='ltr'><strong>ltoc</strong></span> <span class='ocrx_word' id='word_1_30' title='bbox 507 254 547 276; x_wconf 71' lang='lat' dir='ltr'><strong>est</strong></span> <span class='ocrx_word' id='word_1_31' title='bbox 575 249 727 276; x_wconf 74' lang='lat' dir='ltr'><strong>vendidisse</strong></span> <span class='ocrx_word' id='word_1_32' title='bbox 756 249 875 278; x_wconf 86' lang='lat' dir='ltr'><strong>domum.</strong></span> 
     </span>
    </p>
   </div>
   <div class='ocr_carea' id='block_1_6' title="bbox 93 295 876 330">
    <p class='ocr_par' dir='ltr' id='par_1_6' title="bbox 93 295 876 330">
     <span class='ocr_line' id='line_1_6' title="bbox 93 295 876 330; baseline -0.004 -8"><span class='ocrx_word' id='word_1_33' title='bbox 93 303 152 330; x_wconf 64' lang='lat' dir='ltr'><strong>quae</strong></span> <span class='ocrx_word' id='word_1_34' title='bbox 167 296 193 322; x_wconf 89' lang='lat' dir='ltr'><strong>itt</strong></span> <span class='ocrx_word' id='word_1_35' title='bbox 211 303 279 330; x_wconf 87' lang='lat' dir='ltr'><strong>agro</strong></span> <span class='ocrx_word' id='word_1_36' title='bbox 296 301 348 328; x_wconf 88' lang='lat' dir='ltr'><strong>cst,</strong></span> <span class='ocrx_word' id='word_1_37' title='bbox 367 295 407 322; x_wconf 92' lang='lat' dir='ltr'><strong>vel</strong></span> <span class='ocrx_word' id='word_1_38' title='bbox 422 295 448 322; x_wconf 93' lang='lat' dir='ltr'><strong>iu</strong></span> <span class='ocrx_word' id='word_1_39' title='bbox 463 295 523 322; x_wconf 79' lang='lat' dir='ltr'><strong>vico</strong></span> <span class='ocrx_word' id='word_1_40' title='bbox 547 295 590 322; x_wconf 87' lang='lat' dir='ltr'><strong>cui</strong></span> <span class='ocrx_word' id='word_1_41' title='bbox 624 303 718 322; x_wconf 86' lang='lat' dir='ltr'><strong>nturus</strong></span> <span class='ocrx_word' id='word_1_42' title='bbox 748 302 800 321; x_wconf 90' lang='lat' dir='ltr'><strong>non</strong></span> <span class='ocrx_word' id='word_1_43' title='bbox 824 298 876 320; x_wconf 87' lang='lat' dir='ltr'><strong>est.</strong></span> 
     </span>
    </p>
   </div>
   <div class='ocr_carea' id='block_1_7' title="bbox 93 339 878 374">
    <p class='ocr_par' dir='ltr' id='par_1_7' title="bbox 93 339 878 374">
     <span class='ocr_line' id='line_1_7' title="bbox 93 339 878 374; baseline -0.003 -8"><span class='ocrx_word' id='word_1_44' title='bbox 93 339 155 366; x_wconf 80' lang='lat' dir='ltr'><strong>lla-c</strong></span> <span class='ocrx_word' id='word_1_45' title='bbox 184 347 251 374; x_wconf 89' lang='lat' dir='ltr'><strong>ergo</strong></span> <span class='ocrx_word' id='word_1_46' title='bbox 269 340 391 366; x_wconf 89' lang='lat' dir='ltr'><strong>vemlitio</strong></span> <span class='ocrx_word' id='word_1_47' title='bbox 409 344 436 366; x_wconf 84' lang='lat' dir='ltr'><strong>et</strong></span> <span class='ocrx_word' id='word_1_48' title='bbox 461 339 648 372; x_wconf 67' lang='lat' dir='ltr'><strong>hujuscemodi</strong></span> <span class='ocrx_word' id='word_1_49' title='bbox 668 339 745 371; x_wconf 84' lang='lat' dir='ltr'><strong>culpa</strong></span> <span class='ocrx_word' id='word_1_50' title='bbox 771 345 878 372; x_wconf 85' lang='lat' dir='ltr'><strong>semper</strong></span> 
     </span>
    </p>
   </div>
   <div class='ocr_carea' id='block_1_8' title="bbox 95 384 879 420">
    <p class='ocr_par' dir='ltr' id='par_1_8' title="bbox 95 384 879 420">
     <span class='ocr_line' id='line_1_8' title="bbox 95 384 879 420; baseline 0.001 -10"><span class='ocrx_word' id='word_1_51' title='bbox 95 385 216 419; x_wconf 72' lang='lat' dir='ltr'><strong>reparari</strong></span> <span class='ocrx_word' id='word_1_52' title='bbox 233 389 334 420; x_wconf 91' lang='lat' dir='ltr'><strong>potest,</strong></span> <span class='ocrx_word' id='word_1_53' title='bbox 350 393 398 412; x_wconf 83' lang='lat' dir='ltr'><strong>nec</strong></span> <span class='ocrx_word' id='word_1_54' title='bbox 410 385 557 420; x_wconf 90' lang='lat' dir='ltr'><strong>aliquando</strong></span> <span class='ocrx_word' id='word_1_55' title='bbox 577 385 625 412; x_wconf 83' lang='lat' dir='ltr'><strong>tibi</strong></span> <span class='ocrx_word' id='word_1_56' title='bbox 649 384 820 412; x_wconf 81' lang='lat' dir='ltr'><strong>interdicitur</strong></span> <span class='ocrx_word' id='word_1_57' title='bbox 845 384 879 411; x_wconf 88' lang='lat' dir='ltr'><strong>de</strong></span> 
     </span>
    </p>
   </div>
   <div class='ocr_carea' id='block_1_9' title="bbox 91 431 876 466">
    <p class='ocr_par' dir='ltr' id='par_1_9' title="bbox 91 431 876 466">
     <span class='ocr_line' id='line_1_9' title="bbox 91 431 876 466; baseline -0.004 -7"><span class='ocrx_word' id='word_1_58' title='bbox 91 431 246 459; x_wconf 83' lang='lat' dir='ltr'><strong>commissis</strong></span> <span class='ocrx_word' id='word_1_59' title='bbox 261 431 415 466; x_wconf 72' lang='lat' dir='ltr'><strong>huiusmodi</strong></span> <span class='ocrx_word' id='word_1_60' title='bbox 434 431 631 463; x_wconf 69' lang='lat' dir='ltr'><strong>paenitudinem</strong></span> <span class='ocrx_word' id='word_1_61' title='bbox 648 438 739 465; x_wconf 79' lang='lat' dir='ltr'><strong>agere.</strong></span> <span class='ocrx_word' id='word_1_62' title='bbox 766 432 793 458; x_wconf 89' lang='lat' dir='ltr'><strong>In</strong></span> <span class='ocrx_word' id='word_1_63' title='bbox 813 438 876 465; x_wconf 85' lang='lat' dir='ltr'><strong>gra-</strong></span> 
     </span>
    </p>
   </div>
   <div class='ocr_carea' id='block_1_10' title="bbox 91 475 878 511">
    <p class='ocr_par' dir='ltr' id='par_1_10' title="bbox 91 475 878 511">
     <span class='ocr_line' id='line_1_10' title="bbox 91 475 878 511; baseline 0.001 -10"><span class='ocrx_word' id='word_1_64' title='bbox 91 476 215 504; x_wconf 81' lang='lat' dir='ltr'><strong>vioribus</strong></span> <span class='ocrx_word' id='word_1_65' title='bbox 231 476 307 504; x_wconf 91' lang='lat' dir='ltr'><strong>enim</strong></span> <span class='ocrx_word' id='word_1_66' title='bbox 324 475 485 503; x_wconf 83' lang='lat' dir='ltr'><strong>criminibus</strong></span> <span class='ocrx_word' id='word_1_67' title='bbox 497 475 581 503; x_wconf 90' lang='lat' dir='ltr'><strong>semel</strong></span> <span class='ocrx_word' id='word_1_68' title='bbox 605 481 708 502; x_wconf 85' lang='lat' dir='ltr'><strong>tantum</strong></span> <span class='ocrx_word' id='word_1_69' title='bbox 743 476 878 511; x_wconf 66' lang='lat' dir='ltr'><strong>poeniten-</strong></span> 
     </span>
    </p>
   </div>
   <div class='ocr_carea' id='block_1_11' title="bbox 91 521 874 556">
    <p class='ocr_par' dir='ltr' id='par_1_11' title="bbox 91 521 874 556">
     <span class='ocr_line' id='line_1_11' title="bbox 91 521 874 556; baseline -0.001 -8"><span class='ocrx_word' id='word_1_70' title='bbox 91 521 135 548; x_wconf 72' lang='lat' dir='ltr'><strong>tiae</strong></span> <span class='ocrx_word' id='word_1_71' title='bbox 152 521 210 556; x_wconf 76' lang='lat'><strong>(28)</strong></span> <span class='ocrx_word' id='word_1_72' title='bbox 235 521 398 549; x_wconf 84' lang='lat' dir='ltr'><strong>conceditur</strong></span> <span class='ocrx_word' id='word_1_73' title='bbox 421 521 520 554; x_wconf 88' lang='lat' dir='ltr'><strong>locus;</strong></span> <span class='ocrx_word' id='word_1_74' title='bbox 546 521 595 548; x_wconf 85' lang='lat' dir='ltr'><strong>ista</strong></span> <span class='ocrx_word' id='word_1_75' title='bbox 618 529 682 549; x_wconf 88' lang='lat' dir='ltr'><strong>vero</strong></span> <span class='ocrx_word' id='word_1_76' title='bbox 712 522 874 552; x_wconf 87' lang='lat' dir='ltr'><strong>communia,</strong></span> 
     </span>
    </p>
   </div>
   <div class='ocr_carea' id='block_1_12' title="bbox 89 567 876 601">
    <p class='ocr_par' dir='ltr' id='par_1_12' title="bbox 89 567 876 601">
     <span class='ocr_line' id='line_1_12' title="bbox 89 567 876 601; baseline 0.003 -9"><span class='ocrx_word' id='word_1_77' title='bbox 89 574 150 601; x_wconf 67' lang='lat' dir='ltr'><strong>qua</strong></span> <span class='ocrx_word' id='word_1_78' title='bbox 163 567 321 601; x_wconf 79' lang='lat' dir='ltr'><strong>frequenter</strong></span> <span class='ocrx_word' id='word_1_79' title='bbox 349 567 534 600; x_wconf 78' lang='lat' dir='ltr'><strong>incurrimus,</strong></span> <span class='ocrx_word' id='word_1_80' title='bbox 556 574 663 601; x_wconf 80' lang='lat' dir='ltr'><strong>semper</strong></span> <span class='ocrx_word' id='word_1_81' title='bbox 690 567 876 601; x_wconf 57' lang='lat' dir='ltr'><strong>paenitentiam</strong></span> 
     </span>
    </p>
   </div>
   <div class='ocr_carea' id='block_1_13' title="bbox 90 611 770 646">
    <p class='ocr_par' dir='ltr' id='par_1_13' title="bbox 90 611 770 646">
     <span class='ocr_line' id='line_1_13' title="bbox 90 611 770 646; baseline -0.001 -7"><span class='ocrx_word' id='word_1_82' title='bbox 90 612 236 646; x_wconf 83' lang='lat' dir='ltr'><strong>recipiunt.</strong></span> <span class='ocrx_word' id='word_1_83' title='bbox 251 617 279 639; x_wconf 89' lang='lat' dir='ltr'><strong>et</strong></span> <span class='ocrx_word' id='word_1_84' title='bbox 302 612 361 639; x_wconf 82' lang='lat' dir='ltr'><strong>sine</strong></span> <span class='ocrx_word' id='word_1_85' title='bbox 375 611 574 639; x_wconf 81' lang='lat' dir='ltr'><strong>intermissione</strong></span> <span class='ocrx_word' id='word_1_86' title='bbox 591 612 770 639; x_wconf 78' lang='lat' dir='ltr'><strong>redimuntur.</strong></span> 
     </span>
    </p>
   </div>
   <div class='ocr_carea' id='block_1_14' title="bbox 123 656 876 692">
    <p class='ocr_par' dir='ltr' id='par_1_14' title="bbox 123 656 876 692">
     <span class='ocr_line' id='line_1_14' title="bbox 123 656 876 692; baseline -0.001 -7"><span class='ocrx_word' id='word_1_87' title='bbox 123 658 150 685; x_wconf 74' lang='lat'><strong>5.</strong></span> <span class='ocrx_word' id='word_1_88' title='bbox 163 658 255 691; x_wconf 71' lang='lat' dir='ltr'><strong>«Quod</strong></span> <span class='ocrx_word' id='word_1_89' title='bbox 263 657 285 684; x_wconf 95' lang='lat' dir='ltr'><strong>si</strong></span> <span class='ocrx_word' id='word_1_90' title='bbox 294 657 471 685; x_wconf 77' lang='lat' dir='ltr'><strong>sacerdotalis</strong></span> <span class='ocrx_word' id='word_1_91' title='bbox 478 656 569 689; x_wconf 85' lang='lat' dir='ltr'><strong>fuerit,</strong></span> <span class='ocrx_word' id='word_1_92' title='bbox 584 657 670 692; x_wconf 86' lang='lat' dir='ltr'><strong>inquit</strong></span> <span class='ocrx_word' id='word_1_93' title='bbox 678 658 711 689; x_wconf 80' lang='grc'><strong>⁸¹,</strong></span> <span class='ocrx_word' id='word_1_94' title='bbox 722 659 770 685; x_wconf 89' lang='lat' dir='ltr'><strong>ista</strong></span> <span class='ocrx_word' id='word_1_95' title='bbox 781 658 876 685; x_wconf 88' lang='lat' dir='ltr'><strong>domus</strong></span> 
     </span>
    </p>
   </div>
   <div class='ocr_carea' id='block_1_15' title="bbox 90 703 876 738">
    <p class='ocr_par' dir='ltr' id='par_1_15' title="bbox 90 703 876 738">
     <span class='ocr_line' id='line_1_15' title="bbox 90 703 876 738; baseline 0.003 -9"><span class='ocrx_word' id='word_1_96' title='bbox 90 705 130 731; x_wconf 89' lang='lat' dir='ltr'><strong>vel</strong></span> <span class='ocrx_word' id='word_1_97' title='bbox 142 704 272 736; x_wconf 82' lang='lat' dir='ltr'><strong>Levitica,</strong></span> <span class='ocrx_word' id='word_1_98' title='bbox 292 704 446 738; x_wconf 87' lang='lat' dir='ltr'><strong>ubicunque</strong></span> <span class='ocrx_word' id='word_1_99' title='bbox 461 703 556 737; x_wconf 79' lang='lat' dir='ltr'><strong>fuerit,</strong></span> <span class='ocrx_word' id='word_1_100' title='bbox 572 705 631 733; x_wconf 84' lang='lat' dir='ltr'><strong>sive</strong></span> <span class='ocrx_word' id='word_1_101' title='bbox 649 706 674 732; x_wconf 94' lang='lat' dir='ltr'><strong>in</strong></span> <span class='ocrx_word' id='word_1_102' title='bbox 685 705 806 737; x_wconf 78' lang='lat' dir='ltr'><strong>civitate,</strong></span> <span class='ocrx_word' id='word_1_103' title='bbox 819 705 876 732; x_wconf 87' lang='lat' dir='ltr'><strong>sive</strong></span> 
     </span>
    </p>
   </div>
   <div class='ocr_carea' id='block_1_16' title="bbox 90 751 876 788">
    <p class='ocr_par' dir='ltr' id='par_1_16' title="bbox 90 751 876 788">
     <span class='ocr_line' id='line_1_16' title="bbox 90 751 876 788; baseline 0.005 -11"><span class='ocrx_word' id='word_1_104' title='bbox 90 751 116 778; x_wconf 90' lang='lat' dir='ltr'><strong>in</strong></span> <span class='ocrx_word' id='word_1_105' title='bbox 131 759 208 786; x_wconf 80' lang='lat' dir='ltr'><strong>agro,</strong></span> <span class='ocrx_word' id='word_1_106' title='bbox 224 759 332 786; x_wconf 86' lang='lat' dir='ltr'><strong>semper</strong></span> <span class='ocrx_word' id='word_1_107' title='bbox 346 752 428 779; x_wconf 81' lang='lat' dir='ltr'><strong>habet</strong></span> <span class='ocrx_word' id='word_1_108' title='bbox 444 753 685 788; x_wconf 67' lang='lat' dir='ltr'><strong>redemptionem.»</strong></span> <span class='ocrx_word' id='word_1_109' title='bbox 699 753 726 781; x_wconf 94' lang='lat' dir='ltr'><strong>ln</strong></span> <span class='ocrx_word' id='word_1_110' title='bbox 747 754 798 782; x_wconf 92' lang='lat' dir='ltr'><strong>hoc</strong></span> <span class='ocrx_word' id='word_1_111' title='bbox 817 754 876 781; x_wconf 88' lang='lat' dir='ltr'><strong>loco</strong></span> 
     </span>
    </p>
   </div>
   <div class='ocr_carea' id='block_1_17' title="bbox 89 797 874 834">
    <p class='ocr_par' dir='ltr' id='par_1_17' title="bbox 89 797 874 834">
     <span class='ocr_line' id='line_1_17' title="bbox 89 797 874 834; baseline 0.001 -9"><span class='ocrx_word' id='word_1_112' title='bbox 89 797 287 825; x_wconf 83' lang='lat' dir='ltr'><strong>sacerdotalem</strong></span> <span class='ocrx_word' id='word_1_113' title='bbox 316 803 464 826; x_wconf 86' lang='lat' dir='ltr'><strong>seusumct</strong></span> <span class='ocrx_word' id='word_1_114' title='bbox 490 799 638 826; x_wconf 88' lang='lat' dir='ltr'><strong>Leviticam</strong></span> <span class='ocrx_word' id='word_1_115' title='bbox 668 799 874 834; x_wconf 76' lang='lat' dir='ltr'><strong>intelligentiam</strong></span> 
     </span>
    </p>
   </div>
   <div class='ocr_carea' id='block_1_18' title="bbox 88 844 874 880">
    <p class='ocr_par' dir='ltr' id='par_1_18' title="bbox 88 844 874 880">
     <span class='ocr_line' id='line_1_18' title="bbox 88 844 874 880; baseline 0.004 -9"><span class='ocrx_word' id='word_1_116' title='bbox 88 853 188 880; x_wconf 64' lang='lat' dir='ltr'><strong>quiem.</strong></span> <span class='ocrx_word' id='word_1_117' title='bbox 206 844 264 873; x_wconf 80' lang='lat' dir='ltr'><strong>Non</strong></span> <span class='ocrx_word' id='word_1_118' title='bbox 282 846 354 872; x_wconf 88' lang='lat' dir='ltr'><strong>enim</strong></span> <span class='ocrx_word' id='word_1_119' title='bbox 374 845 486 874; x_wconf 82' lang='lat' dir='ltr'><strong>inferior</strong></span> <span class='ocrx_word' id='word_1_120' title='bbox 498 854 558 874; x_wconf 83' lang='lat' dir='ltr'><strong>esse</strong></span> <span class='ocrx_word' id='word_1_121' title='bbox 569 847 649 874; x_wconf 82' lang='lat' dir='ltr'><strong>debet</strong></span> <span class='ocrx_word' id='word_1_122' title='bbox 664 847 770 874; x_wconf 88' lang='lat' dir='ltr'><strong>auditor</strong></span> <span class='ocrx_word' id='word_1_123' title='bbox 778 847 874 874; x_wconf 90' lang='lat' dir='ltr'><strong>horum</strong></span> 
     </span>
    </p>
   </div>
   <div class='ocr_carea' id='block_1_19' title="bbox 88 892 873 928">
    <p class='ocr_par' dir='ltr' id='par_1_19' title="bbox 88 892 873 928">
     <span class='ocr_line' id='line_1_19' title="bbox 88 892 873 928; baseline 0.001 -8"><span class='ocrx_word' id='word_1_124' title='bbox 88 892 155 928; x_wconf 75' lang='lat'><strong>(29),</strong></span> <span class='ocrx_word' id='word_1_125' title='bbox 171 892 192 918; x_wconf 74' lang='lat' dir='ltr'><strong>si</strong></span> <span class='ocrx_word' id='word_1_126' title='bbox 205 892 263 919; x_wconf 84' lang='lat' dir='ltr'><strong>fieri</strong></span> <span class='ocrx_word' id='word_1_127' title='bbox 284 896 371 925; x_wconf 79' lang='lat' dir='ltr'><strong>potest</strong></span> <span class='ocrx_word' id='word_1_128' title='bbox 388 912 395 924; x_wconf 89' lang='lat'><strong>,</strong></span> <span class='ocrx_word' id='word_1_129' title='bbox 422 892 467 920; x_wconf 90' lang='lat' dir='ltr'><strong>illo</strong></span> <span class='ocrx_word' id='word_1_130' title='bbox 483 893 541 927; x_wconf 87' lang='lat' dir='ltr'><strong>ipso</strong></span> <span class='ocrx_word' id='word_1_131' title='bbox 558 893 603 928; x_wconf 87' lang='lat' dir='ltr'><strong>qui</strong></span> <span class='ocrx_word' id='word_1_132' title='bbox 629 893 686 921; x_wconf 66' lang='lat' dir='ltr'><strong>haec</strong></span> <span class='ocrx_word' id='word_1_133' title='bbox 710 894 820 928; x_wconf 82' lang='lat' dir='ltr'><strong>scripsit</strong></span> <span class='ocrx_word' id='word_1_134' title='bbox 845 900 873 921; x_wconf 89' lang='lat' dir='ltr'><strong>et</strong></span> 
     </span>
    </p>
   </div>
   <div class='ocr_carea' id='block_1_20' title="bbox 89 937 872 973">
    <p class='ocr_par' dir='ltr' id='par_1_20' title="bbox 89 937 872 973">
     <span class='ocr_line' id='line_1_20' title="bbox 89 937 872 973; baseline 0.005 -10"><span class='ocrx_word' id='word_1_135' title='bbox 89 938 191 964; x_wconf 83' lang='lat' dir='ltr'><strong>sanxit.</strong></span> <span class='ocrx_word' id='word_1_136' title='bbox 203 937 273 971; x_wconf 87' lang='lat' dir='ltr'><strong>Quid</strong></span> <span class='ocrx_word' id='word_1_137' title='bbox 290 942 331 964; x_wconf 87' lang='lat' dir='ltr'><strong>est</strong></span> <span class='ocrx_word' id='word_1_138' title='bbox 350 945 414 972; x_wconf 85' lang='lat' dir='ltr'><strong>ergo</strong></span> <span class='ocrx_word' id='word_1_139' title='bbox 432 940 503 973; x_wconf 89' lang='lat' dir='ltr'><strong>quod</strong></span> <span class='ocrx_word' id='word_1_140' title='bbox 521 940 652 967; x_wconf 84' lang='lat' dir='ltr'><strong>sacerdos</strong></span> <span class='ocrx_word' id='word_1_141' title='bbox 668 944 695 967; x_wconf 88' lang='lat' dir='ltr'><strong>et</strong></span> <span class='ocrx_word' id='word_1_142' title='bbox 718 940 809 967; x_wconf 81' lang='lat' dir='ltr'><strong>Levita</strong></span> <span class='ocrx_word' id='word_1_143' title='bbox 826 941 872 968; x_wconf 84' lang='lat' dir='ltr'><strong>do-</strong></span> 
     </span>
    </p>
   </div>
   <div class='ocr_carea' id='block_1_21' title="bbox 90 984 874 1019">
    <p class='ocr_par' dir='ltr' id='par_1_21' title="bbox 90 984 874 1019">
     <span class='ocr_line' id='line_1_21' title="bbox 90 984 874 1019; baseline 0.005 -10"><span class='ocrx_word' id='word_1_144' title='bbox 90 990 148 1010; x_wconf 91' lang='lat' dir='ltr'><strong>mus</strong></span> <span class='ocrx_word' id='word_1_145' title='bbox 166 990 222 1010; x_wconf 74' lang='lat' dir='ltr'><strong>sua:</strong></span> <span class='ocrx_word' id='word_1_146' title='bbox 237 990 354 1017; x_wconf 84' lang='lat' dir='ltr'><strong>semper.</strong></span> <span class='ocrx_word' id='word_1_147' title='bbox 374 987 402 1010; x_wconf 91' lang='lat' dir='ltr'><strong>ct</strong></span> <span class='ocrx_word' id='word_1_148' title='bbox 426 984 580 1019; x_wconf 88' lang='lat' dir='ltr'><strong>ubicunque</strong></span> <span class='ocrx_word' id='word_1_149' title='bbox 605 984 697 1017; x_wconf 86' lang='lat' dir='ltr'><strong>fuerit,</strong></span> <span class='ocrx_word' id='word_1_150' title='bbox 721 985 802 1013; x_wconf 83' lang='lat' dir='ltr'><strong>habet</strong></span> <span class='ocrx_word' id='word_1_151' title='bbox 831 994 874 1013; x_wconf 88' lang='lat' dir='ltr'><strong>re-</strong></span> 
     </span>
    </p>
   </div>
   <div class='ocr_carea' id='block_1_22' title="bbox 89 1026 874 1066">
    <p class='ocr_par' dir='ltr' id='par_1_22' title="bbox 89 1026 874 1066">
     <span class='ocr_line' id='line_1_22' title="bbox 89 1026 874 1066; baseline 0.004 -12"><span class='ocrx_word' id='word_1_152' title='bbox 89 1027 298 1062; x_wconf 73' lang='lat' dir='ltr'><strong>demptionem?</strong></span> <span class='ocrx_word' id='word_1_153' title='bbox 339 1026 494 1055; x_wconf 88' lang='lat' dir='ltr'><strong>Secundum</strong></span> <span class='ocrx_word' id='word_1_154' title='bbox 530 1029 680 1063; x_wconf 84' lang='lat' dir='ltr'><strong>spiritalem</strong></span> <span class='ocrx_word' id='word_1_155' title='bbox 722 1030 874 1066; x_wconf 80' lang='lat' dir='ltr'><strong>intelligen-</strong></span> 
     </span>
    </p>
   </div>
   <div class='ocr_carea' id='block_1_23' title="bbox 89 1072 872 1108">
    <p class='ocr_par' dir='ltr' id='par_1_23' title="bbox 89 1072 872 1108">
     <span class='ocr_line' id='line_1_23' title="bbox 89 1072 872 1108; baseline 0.006 -10"><span class='ocrx_word' id='word_1_156' title='bbox 89 1072 151 1099; x_wconf 89' lang='lat' dir='ltr'><strong>tiam</strong></span> <span class='ocrx_word' id='word_1_157' title='bbox 179 1073 310 1100; x_wconf 76' lang='lat' dir='ltr'><strong>sacerdos</strong></span> <span class='ocrx_word' id='word_1_158' title='bbox 337 1080 413 1100; x_wconf 88' lang='lat' dir='ltr'><strong>meus</strong></span> <span class='ocrx_word' id='word_1_159' title='bbox 440 1072 494 1100; x_wconf 83' lang='lat' dir='ltr'><strong>Deo</strong></span> <span class='ocrx_word' id='word_1_160' title='bbox 523 1079 685 1102; x_wconf 86' lang='lat' dir='ltr'><strong>consecrata</strong></span> <span class='ocrx_word' id='word_1_161' title='bbox 711 1075 820 1108; x_wconf 88' lang='lat' dir='ltr'><strong>dicitur,</strong></span> <span class='ocrx_word' id='word_1_162' title='bbox 846 1081 872 1104; x_wconf 90' lang='lat' dir='ltr'><strong>ct</strong></span> 
     </span>
    </p>
   </div>
   <div class='ocr_carea' id='block_1_24' title="bbox 87 1117 874 1154">
    <p class='ocr_par' dir='ltr' id='par_1_24' title="bbox 87 1117 874 1154">
     <span class='ocr_line' id='line_1_24' title="bbox 87 1117 874 1154; baseline 0.009 -11"><span class='ocrx_word' id='word_1_163' title='bbox 87 1117 167 1154; x_wconf 69' lang='lat'><strong>263</strong></span> <span class='ocrx_word' id='word_1_164' title='bbox 192 1117 256 1145; x_wconf 84' lang='lat' dir='ltr'><strong>Levi</strong></span> <span class='ocrx_word' id='word_1_165' title='bbox 284 1118 433 1153; x_wconf 82' lang='lat' dir='ltr'><strong>appellatur</strong></span> <span class='ocrx_word' id='word_1_166' title='bbox 452 1119 475 1145; x_wconf 87' lang='lat' dir='ltr'><strong>is</strong></span> <span class='ocrx_word' id='word_1_167' title='bbox 491 1119 536 1154; x_wconf 87' lang='lat' dir='ltr'><strong>qtti</strong></span> <span class='ocrx_word' id='word_1_168' title='bbox 568 1120 750 1148; x_wconf 85' lang='lat' dir='ltr'><strong>indesinenter</strong></span> <span class='ocrx_word' id='word_1_169' title='bbox 770 1122 874 1150; x_wconf 84' lang='lat' dir='ltr'><strong>assistit</strong></span> 
     </span>
    </p>
   </div>
   <div class='ocr_carea' id='block_1_25' title="bbox 89 1163 872 1202">
    <p class='ocr_par' dir='ltr' id='par_1_25' title="bbox 89 1163 872 1202">
     <span class='ocr_line' id='line_1_25' title="bbox 89 1163 872 1202; baseline 0.006 -12"><span class='ocrx_word' id='word_1_170' title='bbox 89 1163 141 1190; x_wconf 86' lang='lat' dir='ltr'><strong>Deo</strong></span> <span class='ocrx_word' id='word_1_171' title='bbox 159 1168 186 1190; x_wconf 87' lang='lat' dir='ltr'><strong>et</strong></span> <span class='ocrx_word' id='word_1_172' title='bbox 203 1163 335 1191; x_wconf 84' lang='lat' dir='ltr'><strong>voluntati</strong></span> <span class='ocrx_word' id='word_1_173' title='bbox 357 1164 414 1198; x_wconf 78' lang='lat' dir='ltr'><strong>ejus</strong></span> <span class='ocrx_word' id='word_1_174' title='bbox 430 1165 577 1192; x_wconf 81' lang='lat' dir='ltr'><strong>ministrat.</strong></span> <span class='ocrx_word' id='word_1_175' title='bbox 600 1165 734 1194; x_wconf 79' lang='lat' dir='ltr'><strong>Perfectio</strong></span> <span class='ocrx_word' id='word_1_176' title='bbox 757 1174 822 1202; x_wconf 83' lang='lat' dir='ltr'><strong>ergo</strong></span> <span class='ocrx_word' id='word_1_177' title='bbox 845 1168 872 1195; x_wconf 88' lang='lat' dir='ltr'><strong>itt</strong></span> 
     </span>
    </p>
   </div>
   <div class='ocr_carea' id='block_1_26' title="bbox 87 1208 873 1244">
    <p class='ocr_par' dir='ltr' id='par_1_26' title="bbox 87 1208 873 1244">
     <span class='ocr_line' id='line_1_26' title="bbox 87 1208 873 1244; baseline 0.009 -10"><span class='ocrx_word' id='word_1_178' title='bbox 87 1208 224 1236; x_wconf 87' lang='lat' dir='ltr'><strong>intellectu</strong></span> <span class='ocrx_word' id='word_1_179' title='bbox 251 1213 278 1236; x_wconf 88' lang='lat' dir='ltr'><strong>et</strong></span> <span class='ocrx_word' id='word_1_180' title='bbox 302 1217 396 1244; x_wconf 83' lang='lat' dir='ltr'><strong>opere,</strong></span> <span class='ocrx_word' id='word_1_181' title='bbox 415 1210 442 1237; x_wconf 90' lang='lat' dir='ltr'><strong>in</strong></span> <span class='ocrx_word' id='word_1_182' title='bbox 459 1210 509 1237; x_wconf 82' lang='lat' dir='ltr'><strong>fide</strong></span> <span class='ocrx_word' id='word_1_183' title='bbox 524 1215 551 1238; x_wconf 88' lang='lat' dir='ltr'><strong>et</strong></span> <span class='ocrx_word' id='word_1_184' title='bbox 567 1211 673 1239; x_wconf 80' lang='lat' dir='ltr'><strong>actibus</strong></span> <span class='ocrx_word' id='word_1_185' title='bbox 695 1214 823 1241; x_wconf 85' lang='lat' dir='ltr'><strong>sacerdos</strong></span> <span class='ocrx_word' id='word_1_186' title='bbox 847 1218 873 1241; x_wconf 84' lang='lat' dir='ltr'><strong>et</strong></span> 
     </span>
    </p>
   </div>
   <div class='ocr_carea' id='block_1_27' title="bbox 89 1253 872 1291">
    <p class='ocr_par' dir='ltr' id='par_1_27' title="bbox 89 1253 872 1291">
     <span class='ocr_line' id='line_1_27' title="bbox 89 1253 872 1291; baseline 0.006 -10"><span class='ocrx_word' id='word_1_187' title='bbox 89 1253 176 1282; x_wconf 80' lang='lat' dir='ltr'><strong>Levita</strong></span> <span class='ocrx_word' id='word_1_188' title='bbox 194 1254 372 1289; x_wconf 84' lang='lat' dir='ltr'><strong>accipicudus</strong></span> <span class='ocrx_word' id='word_1_189' title='bbox 390 1260 442 1283; x_wconf 81' lang='lat' dir='ltr'><strong>est.</strong></span> <span class='ocrx_word' id='word_1_190' title='bbox 461 1255 528 1283; x_wconf 90' lang='lat' dir='ltr'><strong>lluic</strong></span> <span class='ocrx_word' id='word_1_191' title='bbox 544 1256 634 1291; x_wconf 79' lang='lat' dir='ltr'><strong>itaque</strong></span> <span class='ocrx_word' id='word_1_192' title='bbox 649 1256 776 1291; x_wconf 69' lang='lat' dir='ltr'><strong>perfectae</strong></span> <span class='ocrx_word' id='word_1_193' title='bbox 787 1258 872 1286; x_wconf 86' lang='lat' dir='ltr'><strong>menti</strong></span> 
     </span>
    </p>
   </div>
   <div class='ocr_carea' id='block_1_28' title="bbox 87 1299 873 1335">
    <p class='ocr_par' dir='ltr' id='par_1_28' title="bbox 87 1299 873 1335">
     <span class='ocr_line' id='line_1_28' title="bbox 87 1299 873 1335; baseline 0.005 -9"><span class='ocrx_word' id='word_1_194' title='bbox 87 1300 108 1327; x_wconf 82' lang='lat' dir='ltr'><strong>si</strong></span> <span class='ocrx_word' id='word_1_195' title='bbox 119 1300 251 1327; x_wconf 85' lang='lat' dir='ltr'><strong>acciderit</strong></span> <span class='ocrx_word' id='word_1_196' title='bbox 267 1299 412 1334; x_wconf 84' lang='lat' dir='ltr'><strong>aliquando</strong></span> <span class='ocrx_word' id='word_1_197' title='bbox 427 1300 548 1333; x_wconf 87' lang='lat' dir='ltr'><strong>domuttt,</strong></span> <span class='ocrx_word' id='word_1_198' title='bbox 561 1308 640 1335; x_wconf 90' lang='lat' dir='ltr'><strong>quam</strong></span> <span class='ocrx_word' id='word_1_199' title='bbox 655 1301 735 1329; x_wconf 82' lang='lat' dir='ltr'><strong>habet</strong></span> <span class='ocrx_word' id='word_1_200' title='bbox 747 1310 800 1330; x_wconf 89' lang='lat' dir='ltr'><strong>non</strong></span> <span class='ocrx_word' id='word_1_201' title='bbox 816 1310 873 1330; x_wconf 86' lang='lat' dir='ltr'><strong>ma-</strong></span> 
     </span>
    </p>
   </div>
   <div class='ocr_carea' id='block_1_29' title="bbox 86 1344 873 1378">
    <p class='ocr_par' dir='ltr' id='par_1_29' title="bbox 86 1344 873 1378">
     <span class='ocr_line' id='line_1_29' title="bbox 86 1344 873 1378; baseline 0.005 -7"><span class='ocrx_word' id='word_1_202' title='bbox 86 1353 120 1372; x_wconf 88' lang='lat' dir='ltr'><strong>nu</strong></span> <span class='ocrx_word' id='word_1_203' title='bbox 137 1344 237 1373; x_wconf 83' lang='lat' dir='ltr'><strong>factam</strong></span> <span class='ocrx_word' id='word_1_204' title='bbox 255 1350 384 1372; x_wconf 60' lang='lat' dir='ltr'><strong>aeternam</strong></span> <span class='ocrx_word' id='word_1_205' title='bbox 402 1346 428 1372; x_wconf 90' lang='lat' dir='ltr'><strong>in</strong></span> <span class='ocrx_word' id='word_1_206' title='bbox 454 1346 541 1378; x_wconf 74' lang='lat' dir='ltr'><strong>caelis.</strong></span> <span class='ocrx_word' id='word_1_207' title='bbox 559 1346 676 1374; x_wconf 81' lang='lat' dir='ltr'><strong>vendere</strong></span> <span class='ocrx_word' id='word_1_208' title='bbox 693 1351 720 1375; x_wconf 88' lang='lat' dir='ltr'><strong>et</strong></span> <span class='ocrx_word' id='word_1_209' title='bbox 734 1347 759 1374; x_wconf 91' lang='lat' dir='ltr'><strong>in</strong></span> <span class='ocrx_word' id='word_1_210' title='bbox 777 1355 873 1376; x_wconf 86' lang='lat' dir='ltr'><strong>manus</strong></span> 
     </span>
    </p>
   </div>
   <div class='ocr_carea' id='block_1_30' title="bbox 86 1391 872 1429">
    <p class='ocr_par' dir='ltr' id='par_1_30' title="bbox 86 1391 872 1429">
     <span class='ocr_line' id='line_1_30' title="bbox 86 1391 872 1429; baseline 0.005 -13"><span class='ocrx_word' id='word_1_211' title='bbox 86 1391 195 1418; x_wconf 81' lang='lat' dir='ltr'><strong>alterius</strong></span> <span class='ocrx_word' id='word_1_212' title='bbox 215 1391 279 1418; x_wconf 90' lang='lat' dir='ltr'><strong>dare</strong></span> <span class='ocrx_word' id='word_1_213' title='bbox 294 1398 302 1418; x_wconf 85' lang='lat'><strong>:</strong></span> <span class='ocrx_word' id='word_1_214' title='bbox 326 1391 395 1418; x_wconf 86' lang='lat' dir='ltr'><strong>sicut</strong></span> <span class='ocrx_word' id='word_1_215' title='bbox 420 1392 533 1426; x_wconf 81' lang='lat' dir='ltr'><strong>contigit</strong></span> <span class='ocrx_word' id='word_1_216' title='bbox 550 1391 695 1426; x_wconf 82' lang='lat' dir='ltr'><strong>aliquando</strong></span> <span class='ocrx_word' id='word_1_217' title='bbox 713 1401 810 1428; x_wconf 84' lang='lat' dir='ltr'><strong>magno</strong></span> <span class='ocrx_word' id='word_1_218' title='bbox 823 1401 872 1429; x_wconf 88' lang='lat' dir='ltr'><strong>pa-</strong></span> 
     </span>
    </p>
   </div>
   <div class='ocr_carea' id='block_1_31' title="bbox 87 1436 873 1465">
    <p class='ocr_par' dir='ltr' id='par_1_31' title="bbox 87 1436 873 1465">
     <span class='ocr_line' id='line_1_31' title="bbox 87 1436 873 1465; baseline 0.003 -3"><span class='ocrx_word' id='word_1_219' title='bbox 87 1436 211 1462; x_wconf 69' lang='lat' dir='ltr'><strong>triarchae</strong></span> <span class='ocrx_word' id='word_1_220' title='bbox 234 1436 328 1465; x_wconf 83' lang='lat' dir='ltr'><strong>David.</strong></span> <span class='ocrx_word' id='word_1_221' title='bbox 346 1443 406 1462; x_wconf 90' lang='lat' dir='ltr'><strong>cum</strong></span> <span class='ocrx_word' id='word_1_222' title='bbox 424 1436 540 1463; x_wconf 78' lang='lat' dir='ltr'><strong>detecto</strong></span> <span class='ocrx_word' id='word_1_223' title='bbox 560 1444 609 1463; x_wconf 90' lang='lat' dir='ltr'><strong>suo</strong></span> <span class='ocrx_word' id='word_1_224' title='bbox 629 1436 700 1464; x_wconf 60' lang='lat' dir='ltr'><strong>Uria!</strong></span> <span class='ocrx_word' id='word_1_225' title='bbox 716 1437 816 1464; x_wconf 74' lang='lat' dir='ltr'><strong>Cethtei</strong></span> <span class='ocrx_word' id='word_1_226' title='bbox 831 1445 873 1464; x_wconf 90' lang='lat' dir='ltr'><strong>as-</strong></span> 
     </span>
    </p>
   </div>
   <div class='ocr_carea' id='block_1_32' title="bbox 87 1482 871 1517">
    <p class='ocr_par' dir='ltr' id='par_1_32' title="bbox 87 1482 871 1517">
     <span class='ocr_line' id='line_1_32' title="bbox 87 1482 871 1517; baseline 0.001 -9"><span class='ocrx_word' id='word_1_227' title='bbox 87 1482 157 1516; x_wconf 81' lang='lat' dir='ltr'><strong>pexit</strong></span> <span class='ocrx_word' id='word_1_228' title='bbox 169 1489 283 1509; x_wconf 82' lang='lat' dir='ltr'><strong>uxorem</strong></span> <span class='ocrx_word' id='word_1_229' title='bbox 302 1490 308 1507; x_wconf 88' lang='lat'><strong>:</strong></span> <span class='ocrx_word' id='word_1_230' title='bbox 329 1482 420 1508; x_wconf 90' lang='lat' dir='ltr'><strong>statim</strong></span> <span class='ocrx_word' id='word_1_231' title='bbox 436 1489 494 1509; x_wconf 78' lang='lat' dir='ltr'><strong>eam</strong></span> <span class='ocrx_word' id='word_1_232' title='bbox 515 1483 632 1514; x_wconf 88' lang='lat' dir='ltr'><strong>redimit,</strong></span> <span class='ocrx_word' id='word_1_233' title='bbox 649 1484 740 1510; x_wconf 88' lang='lat' dir='ltr'><strong>statim</strong></span> <span class='ocrx_word' id='word_1_234' title='bbox 753 1490 871 1517; x_wconf 73' lang='lat' dir='ltr'><strong>reptrat,</strong></span> 
     </span>
    </p>
   </div>
   <div class='ocr_carea' id='block_1_33' title="bbox 85 1528 871 1566">
    <p class='ocr_par' dir='ltr' id='par_1_33' title="bbox 85 1528 871 1566">
     <span class='ocr_line' id='line_1_33' title="bbox 85 1528 871 1566; baseline 0.005 -12"><span class='ocrx_word' id='word_1_235' title='bbox 85 1528 173 1555; x_wconf 83' lang='lat' dir='ltr'><strong>statim</strong></span> <span class='ocrx_word' id='word_1_236' title='bbox 194 1528 267 1555; x_wconf 88' lang='lat' dir='ltr'><strong>enim</strong></span> <span class='ocrx_word' id='word_1_237' title='bbox 287 1528 354 1555; x_wconf 71' lang='lat' dir='ltr'><strong>dixit</strong></span> <span class='ocrx_word' id='word_1_238' title='bbox 371 1529 412 1556; x_wconf 79' lang='lat'><strong>“:</strong></span> <span class='ocrx_word' id='word_1_239' title='bbox 430 1538 439 1554; x_wconf 74' lang='grc' dir='ltr'><strong>ι</strong></span> <span class='ocrx_word' id='word_1_240' title='bbox 456 1528 582 1557; x_wconf 84' lang='lat' dir='ltr'><strong>Peccavi.</strong></span> <span class='ocrx_word' id='word_1_241' title='bbox 597 1539 606 1556; x_wconf 73' lang='grc' dir='ltr'><strong>ι</strong></span> <span class='ocrx_word' id='word_1_242' title='bbox 627 1529 682 1558; x_wconf 86' lang='grc' dir='ltr'>Ιιιιο</span> <span class='ocrx_word' id='word_1_243' title='bbox 696 1538 759 1558; x_wconf 88' lang='lat' dir='ltr'><strong>vero</strong></span> <span class='ocrx_word' id='word_1_244' title='bbox 772 1531 871 1566; x_wconf 89' lang='lat' dir='ltr'><strong>aliquid</strong></span> 
     </span>
    </p>
   </div>
   <div class='ocr_carea' id='block_1_34' title="bbox 87 1573 871 1611">
    <p class='ocr_par' dir='ltr' id='par_1_34' title="bbox 87 1573 871 1611">
     <span class='ocr_line' id='line_1_34' title="bbox 87 1573 871 1611; baseline 0.004 -11"><span class='ocrx_word' id='word_1_245' title='bbox 87 1574 171 1600; x_wconf 90' lang='lat' dir='ltr'><strong>adhuc</strong></span> <span class='ocrx_word' id='word_1_246' title='bbox 190 1573 336 1601; x_wconf 84' lang='lat' dir='ltr'><strong>sublimius</strong></span> <span class='ocrx_word' id='word_1_247' title='bbox 361 1574 387 1601; x_wconf 93' lang='lat' dir='ltr'><strong>in</strong></span> <span class='ocrx_word' id='word_1_248' title='bbox 404 1575 455 1601; x_wconf 82' lang='lat' dir='ltr'><strong>hoc</strong></span> <span class='ocrx_word' id='word_1_249' title='bbox 471 1582 550 1601; x_wconf 81' lang='lat' dir='ltr'><strong>sensu</strong></span> <span class='ocrx_word' id='word_1_250' title='bbox 566 1574 620 1610; x_wconf 62' lang='lat'><strong>(50)</strong></span> <span class='ocrx_word' id='word_1_251' title='bbox 637 1575 763 1603; x_wconf 82' lang='lat' dir='ltr'><strong>debemus</strong></span> <span class='ocrx_word' id='word_1_252' title='bbox 788 1577 871 1611; x_wconf 76' lang='lat' dir='ltr'><strong>inspi-</strong></span> 
     </span>
    </p>
   </div>
   <div class='ocr_carea' id='block_1_35' title="bbox 85 1620 870 1654">
    <p class='ocr_par' dir='ltr' id='par_1_35' title="bbox 85 1620 870 1654">
     <span class='ocr_line' id='line_1_35' title="bbox 85 1620 870 1654; baseline 0.003 -8"><span class='ocrx_word' id='word_1_253' title='bbox 85 1627 157 1651; x_wconf 77' lang='lat' dir='ltr'><strong>cere,</strong></span> <span class='ocrx_word' id='word_1_254' title='bbox 172 1620 312 1654; x_wconf 88' lang='lat' dir='ltr'><strong>quomodo</strong></span> <span class='ocrx_word' id='word_1_255' title='bbox 326 1620 421 1646; x_wconf 88' lang='lat' dir='ltr'><strong>domus</strong></span> <span class='ocrx_word' id='word_1_256' title='bbox 440 1621 609 1647; x_wconf 84' lang='lat' dir='ltr'><strong>sacerdotum</strong></span> <span class='ocrx_word' id='word_1_257' title='bbox 623 1626 649 1647; x_wconf 91' lang='lat' dir='ltr'><strong>et</strong></span> <span class='ocrx_word' id='word_1_258' title='bbox 663 1620 828 1652; x_wconf 79' lang='lat' dir='ltr'><strong>chitarum,</strong></span> <span class='ocrx_word' id='word_1_259' title='bbox 845 1622 870 1648; x_wconf 92' lang='lat' dir='ltr'><strong>id</strong></span> 
     </span>
    </p>
   </div>
   <div class='ocr_carea' id='block_1_36' title="bbox 84 1664 871 1700">
    <p class='ocr_par' dir='ltr' id='par_1_36' title="bbox 84 1664 871 1700">
     <span class='ocr_line' id='line_1_36' title="bbox 84 1664 871 1700; baseline 0.003 -10"><span class='ocrx_word' id='word_1_260' title='bbox 84 1669 134 1696; x_wconf 87' lang='lat' dir='ltr'><strong>est,</strong></span> <span class='ocrx_word' id='word_1_261' title='bbox 149 1664 335 1698; x_wconf 81' lang='lat' dir='ltr'><strong>perfectarum</strong></span> <span class='ocrx_word' id='word_1_262' title='bbox 347 1665 490 1695; x_wconf 86' lang='lat' dir='ltr'><strong>mentium,</strong></span> <span class='ocrx_word' id='word_1_263' title='bbox 507 1665 717 1700; x_wconf 80' lang='lat' dir='ltr'><strong>scmpcrdclirta</strong></span> <span class='ocrx_word' id='word_1_264' title='bbox 736 1667 871 1693; x_wconf 86' lang='lat' dir='ltr'><strong>rediman-</strong></span> 
     </span>
    </p>
   </div>
   <div class='ocr_carea' id='block_1_37' title="bbox 87 1710 869 1746">
    <p class='ocr_par' dir='ltr' id='par_1_37' title="bbox 87 1710 869 1746">
     <span class='ocr_line' id='line_1_37' title="bbox 87 1710 869 1746; baseline 0.005 -12"><span class='ocrx_word' id='word_1_265' title='bbox 87 1715 134 1741; x_wconf 89' lang='lat' dir='ltr'><strong>tur.</strong></span> <span class='ocrx_word' id='word_1_266' title='bbox 160 1717 327 1744; x_wconf 86' lang='lat' dir='ltr'><strong>semperqtte</strong></span> <span class='ocrx_word' id='word_1_267' title='bbox 354 1715 511 1745; x_wconf 73' lang='lat' dir='ltr'><strong>purgentur.</strong></span> <span class='ocrx_word' id='word_1_268' title='bbox 537 1710 565 1737; x_wconf 84' lang='lat' dir='ltr'><strong>Si</strong></span> <span class='ocrx_word' id='word_1_269' title='bbox 586 1711 695 1745; x_wconf 86' lang='lat' dir='ltr'><strong>quando</strong></span> <span class='ocrx_word' id='word_1_270' title='bbox 711 1711 869 1746; x_wconf 81' lang='lat' dir='ltr'><strong>Scriptut&#39;as</strong></span> 
     </span>
    </p>
   </div>
   <div class='ocr_carea' id='block_1_38' title="bbox 85 1755 868 1791">
    <p class='ocr_par' dir='ltr' id='par_1_38' title="bbox 85 1755 868 1791">
     <span class='ocr_line' id='line_1_38' title="bbox 85 1755 868 1791; baseline 0.006 -11"><span class='ocrx_word' id='word_1_271' title='bbox 85 1755 188 1783; x_wconf 81' lang='lat' dir='ltr'><strong>divitias</strong></span> <span class='ocrx_word' id='word_1_272' title='bbox 202 1756 330 1791; x_wconf 76' lang='lat' dir='ltr'><strong>legimus,</strong></span> <span class='ocrx_word' id='word_1_273' title='bbox 345 1761 372 1782; x_wconf 87' lang='lat' dir='ltr'><strong>ct</strong></span> <span class='ocrx_word' id='word_1_274' title='bbox 386 1760 542 1783; x_wconf 90' lang='lat' dir='ltr'><strong>sanctorum</strong></span> <span class='ocrx_word' id='word_1_275' title='bbox 559 1756 669 1783; x_wconf 83' lang='lat' dir='ltr'><strong>Patrum</strong></span> <span class='ocrx_word' id='word_1_276' title='bbox 685 1757 711 1784; x_wconf 93' lang='lat' dir='ltr'><strong>in</strong></span> <span class='ocrx_word' id='word_1_277' title='bbox 725 1757 758 1784; x_wconf 91' lang='lat' dir='ltr'><strong>iis</strong></span> <span class='ocrx_word' id='word_1_278' title='bbox 771 1758 868 1785; x_wconf 88' lang='lat' dir='ltr'><strong>delicta</strong></span> 
     </span>
    </p>
   </div>
   <div class='ocr_carea' id='block_1_39' title="bbox 86 1801 868 1836">
    <p class='ocr_par' dir='ltr' id='par_1_39' title="bbox 86 1801 868 1836">
     <span class='ocr_line' id='line_1_39' title="bbox 86 1801 868 1836; baseline 0.005 -10"><span class='ocrx_word' id='word_1_279' title='bbox 86 1801 172 1836; x_wconf 87' lang='lat' dir='ltr'><strong>aliqua</strong></span> <span class='ocrx_word' id='word_1_280' title='bbox 187 1808 362 1828; x_wconf 84' lang='lat' dir='ltr'><strong>recensemus</strong></span> <span class='ocrx_word' id='word_1_281' title='bbox 378 1810 385 1828; x_wconf 88' lang='lat'><strong>:</strong></span> <span class='ocrx_word' id='word_1_282' title='bbox 400 1801 422 1828; x_wconf 91' lang='lat' dir='ltr'><strong>si</strong></span> <span class='ocrx_word' id='word_1_283' title='bbox 435 1802 581 1828; x_wconf 89' lang='lat' dir='ltr'><strong>secundum</strong></span> <span class='ocrx_word' id='word_1_284' title='bbox 594 1801 706 1836; x_wconf 85' lang='lat' dir='ltr'><strong>apostoli</strong></span> <span class='ocrx_word' id='word_1_285' title='bbox 720 1802 793 1829; x_wconf 89' lang='lat' dir='ltr'><strong>Pauli</strong></span> <span class='ocrx_word' id='word_1_286' title='bbox 806 1810 868 1830; x_wconf 90' lang='lat' dir='ltr'><strong>seu-</strong></span> 
     </span>
    </p>
   </div>
   <div class='ocr_carea' id='block_1_40' title="bbox 87 1845 870 1880">
    <p class='ocr_par' dir='ltr' id='par_1_40' title="bbox 87 1845 870 1880">
     <span class='ocr_line' id='line_1_40' title="bbox 87 1845 870 1880; baseline 0.003 -9"><span class='ocrx_word' id='word_1_287' title='bbox 87 1846 194 1872; x_wconf 81' lang='lat' dir='ltr'><strong>tcntiam</strong></span> <span class='ocrx_word' id='word_1_288' title='bbox 206 1845 322 1872; x_wconf 88' lang='lat' dir='ltr'><strong>dicimus</strong></span> <span class='ocrx_word' id='word_1_289' title='bbox 334 1845 366 1876; x_wconf 70' lang='grc'><strong>⁸³,</strong></span> <span class='ocrx_word' id='word_1_290' title='bbox 384 1845 446 1879; x_wconf 88' lang='lat' dir='ltr'><strong>quia</strong></span> <span class='ocrx_word' id='word_1_291' title='bbox 463 1854 472 1870; x_wconf 73' lang='grc' dir='ltr'><strong>ι</strong></span> <span class='ocrx_word' id='word_1_292' title='bbox 492 1845 548 1872; x_wconf 75' lang='lat' dir='ltr'><strong>htec</strong></span> <span class='ocrx_word' id='word_1_293' title='bbox 560 1845 649 1872; x_wconf 86' lang='lat' dir='ltr'><strong>omnia</strong></span> <span class='ocrx_word' id='word_1_294' title='bbox 667 1845 692 1871; x_wconf 91' lang='lat' dir='ltr'><strong>in</strong></span> <span class='ocrx_word' id='word_1_295' title='bbox 707 1845 791 1880; x_wconf 81' lang='lat' dir='ltr'><strong>ﬁgura</strong></span> <span class='ocrx_word' id='word_1_296' title='bbox 804 1853 870 1873; x_wconf 89' lang='lat' dir='ltr'><strong>cou-</strong></span> 
     </span>
    </p>
   </div>
   <div class='ocr_carea' id='block_1_41' title="bbox 86 1890 870 1926">
    <p class='ocr_par' dir='ltr' id='par_1_41' title="bbox 86 1890 870 1926">
     <span class='ocr_line' id='line_1_41' title="bbox 86 1890 870 1926; baseline 0.003 -10"><span class='ocrx_word' id='word_1_297' title='bbox 86 1890 223 1925; x_wconf 80' lang='lat' dir='ltr'><strong>tingebant</strong></span> <span class='ocrx_word' id='word_1_298' title='bbox 239 1890 302 1923; x_wconf 87' lang='lat' dir='ltr'><strong>illis,</strong></span> <span class='ocrx_word' id='word_1_299' title='bbox 324 1890 425 1924; x_wconf 88' lang='lat' dir='ltr'><strong>scripta</strong></span> <span class='ocrx_word' id='word_1_300' title='bbox 438 1894 502 1917; x_wconf 89' lang='lat' dir='ltr'><strong>sunt</strong></span> <span class='ocrx_word' id='word_1_301' title='bbox 518 1895 608 1918; x_wconf 89' lang='lat' dir='ltr'><strong>autem</strong></span> <span class='ocrx_word' id='word_1_302' title='bbox 624 1896 733 1926; x_wconf 91' lang='lat' dir='ltr'><strong>propter</strong></span> <span class='ocrx_word' id='word_1_303' title='bbox 747 1898 870 1918; x_wconf 90' lang='lat' dir='ltr'><strong>commo—</strong></span> 
     </span>
    </p>
   </div>
   <div class='ocr_carea' id='block_1_42' title="bbox 86 1936 871 1971">
    <p class='ocr_par' dir='ltr' id='par_1_42' title="bbox 86 1936 871 1971">
     <span class='ocr_line' id='line_1_42' title="bbox 86 1936 871 1971; baseline 0.001 -9"><span class='ocrx_word' id='word_1_304' title='bbox 86 1936 212 1964; x_wconf 88' lang='lat' dir='ltr'><strong>nitionem</strong></span> <span class='ocrx_word' id='word_1_305' title='bbox 226 1941 361 1969; x_wconf 89' lang='lat' dir='ltr'><strong>nostram;</strong></span> <span class='ocrx_word' id='word_1_306' title='bbox 375 1946 384 1962; x_wconf 73' lang='grc' dir='ltr'><strong>ι</strong></span> <span class='ocrx_word' id='word_1_307' title='bbox 402 1936 453 1964; x_wconf 90' lang='lat' dir='ltr'><strong>hoc</strong></span> <span class='ocrx_word' id='word_1_308' title='bbox 462 1936 541 1964; x_wconf 89' lang='lat' dir='ltr'><strong>modo</strong></span> <span class='ocrx_word' id='word_1_309' title='bbox 555 1943 664 1971; x_wconf 87' lang='lat' dir='ltr'><strong>semper</strong></span> <span class='ocrx_word' id='word_1_310' title='bbox 674 1937 769 1964; x_wconf 90' lang='lat' dir='ltr'><strong>domus</strong></span> <span class='ocrx_word' id='word_1_311' title='bbox 777 1944 871 1963; x_wconf 85' lang='lat' dir='ltr'><strong>eorum</strong></span> 
     </span>
    </p>
   </div>
   <div class='ocr_carea' id='block_1_43' title="bbox 88 1980 871 2016">
    <p class='ocr_par' dir='ltr' id='par_1_43' title="bbox 88 1980 871 2016">
     <span class='ocr_line' id='line_1_43' title="bbox 88 1980 871 2016; baseline 0.005 -11"><span class='ocrx_word' id='word_1_312' title='bbox 88 1980 237 2013; x_wconf 88' lang='lat' dir='ltr'><strong>reditnitur,</strong></span> <span class='ocrx_word' id='word_1_313' title='bbox 252 1982 314 2015; x_wconf 88' lang='lat' dir='ltr'><strong>quia</strong></span> <span class='ocrx_word' id='word_1_314' title='bbox 339 1989 447 2014; x_wconf 85' lang='lat' dir='ltr'><strong>semper</strong></span> <span class='ocrx_word' id='word_1_315' title='bbox 467 1989 515 2015; x_wconf 89' lang='lat' dir='ltr'><strong>pro</strong></span> <span class='ocrx_word' id='word_1_316' title='bbox 529 1981 616 2016; x_wconf 90' lang='lat' dir='ltr'><strong>culpis</strong></span> <span class='ocrx_word' id='word_1_317' title='bbox 634 1989 727 2009; x_wconf 89' lang='lat' dir='ltr'><strong>eorum</strong></span> <span class='ocrx_word' id='word_1_318' title='bbox 744 1981 871 2016; x_wconf 82' lang='lat' dir='ltr'><strong>purgatio</strong></span> 
     </span>
    </p>
   </div>
   <div class='ocr_carea' id='block_1_44' title="bbox 88 2026 870 2060">
    <p class='ocr_par' dir='ltr' id='par_1_44' title="bbox 88 2026 870 2060">
     <span class='ocr_line' id='line_1_44' title="bbox 88 2026 870 2060; baseline 0.004 -9"><span class='ocrx_word' id='word_1_319' title='bbox 88 2030 113 2051; x_wconf 88' lang='lat' dir='ltr'><strong>et</strong></span> <span class='ocrx_word' id='word_1_320' title='bbox 129 2026 279 2053; x_wconf 73' lang='lat' dir='ltr'><strong>satisfactio</strong></span> <span class='ocrx_word' id='word_1_321' title='bbox 295 2034 309 2052; x_wconf 77' lang='grc' dir='ltr'><strong>ιι</strong></span> <span class='ocrx_word' id='word_1_322' title='bbox 325 2027 481 2054; x_wconf 86' lang='lat' dir='ltr'><strong>doctoribus</strong></span> <span class='ocrx_word' id='word_1_323' title='bbox 496 2027 650 2060; x_wconf 88' lang='lat' dir='ltr'><strong>adhibetur,</strong></span> <span class='ocrx_word' id='word_1_324' title='bbox 664 2027 870 2054; x_wconf 86' lang='lat' dir='ltr'><strong>ostendentibus</strong></span> 
     </span>
    </p>
   </div>
   <div class='ocr_carea' id='block_1_45' title="bbox 89 2072 869 2108">
    <p class='ocr_par' dir='ltr' id='par_1_45' title="bbox 89 2072 869 2108">
     <span class='ocr_line' id='line_1_45' title="bbox 89 2072 869 2108; baseline 0.004 -10"><span class='ocrx_word' id='word_1_325' title='bbox 89 2078 120 2098; x_wconf 77' lang='lat' dir='ltr'><strong>ex</strong></span> <span class='ocrx_word' id='word_1_326' title='bbox 133 2072 230 2100; x_wconf 82' lang='lat' dir='ltr'><strong>divinis</strong></span> <span class='ocrx_word' id='word_1_327' title='bbox 248 2073 398 2108; x_wconf 85' lang='lat' dir='ltr'><strong>Scripturis</strong></span> <span class='ocrx_word' id='word_1_328' title='bbox 411 2073 512 2101; x_wconf 87' lang='lat' dir='ltr'><strong>fortnas</strong></span> <span class='ocrx_word' id='word_1_329' title='bbox 527 2073 611 2101; x_wconf 81' lang='lat' dir='ltr'><strong>fuisse</strong></span> <span class='ocrx_word' id='word_1_330' title='bbox 624 2074 682 2101; x_wconf 72' lang='lat' dir='ltr'><strong>haec</strong></span> <span class='ocrx_word' id='word_1_331' title='bbox 697 2079 723 2101; x_wconf 91' lang='lat' dir='ltr'><strong>et</strong></span> <span class='ocrx_word' id='word_1_332' title='bbox 738 2073 869 2108; x_wconf 78' lang='lat' dir='ltr'><strong>imagines</strong></span> 
     </span>
    </p>
   </div>
   <div class='ocr_carea' id='block_1_46' title="bbox 120 2128 691 2162">
    <p class='ocr_par' dir='ltr' id='par_1_46' title="bbox 120 2128 691 2162">
     <span class='ocr_line' id='line_1_46' title="bbox 120 2128 691 2162; baseline 0.002 -7"><span class='ocrx_word' id='word_1_333' title='bbox 120 2129 139 2147; x_wconf 77' lang='lat'>“</span> <span class='ocrx_word' id='word_1_334' title='bbox 159 2129 247 2156; x_wconf 85' lang='lat' dir='ltr'><strong>Levit.</strong></span> <span class='ocrx_word' id='word_1_335' title='bbox 266 2136 331 2159; x_wconf 72' lang='lat' dir='ltr'><strong>xxv,</strong></span> <span class='ocrx_word' id='word_1_336' title='bbox 346 2128 390 2155; x_wconf 73' lang='lat'><strong>52.</strong></span> <span class='ocrx_word' id='word_1_337' title='bbox 430 2129 451 2145; x_wconf 75' lang='lat'><strong>‘&quot;</strong></span> <span class='ocrx_word' id='word_1_338' title='bbox 464 2129 482 2155; x_wconf 97' lang='lat' dir='ltr'><strong>Il</strong></span> <span class='ocrx_word' id='word_1_339' title='bbox 498 2129 565 2162; x_wconf 76' lang='lat' dir='ltr'><strong>Reg.</strong></span> <span class='ocrx_word' id='word_1_340' title='bbox 584 2137 632 2162; x_wconf 80' lang='lat' dir='ltr'><strong>xtl,</strong></span> <span class='ocrx_word' id='word_1_341' title='bbox 649 2129 691 2157; x_wconf 78' lang='lat' dir='ltr'><strong>i3.</strong></span> 
     </span>
    </p>
   </div>
   <div class='ocr_carea' id='block_1_47' title="bbox 89 2163 568 2197">
    <p class='ocr_par' dir='ltr' id='par_1_47' title="bbox 89 2163 568 2197">
     <span class='ocr_line' id='line_1_47' title="bbox 89 2163 568 2197; baseline 0.002 -7"><span class='ocrx_word' id='word_1_342' title='bbox 89 2171 115 2197; x_wconf 91' lang='lat' dir='ltr'><strong>tt,</strong></span> <span class='ocrx_word' id='word_1_343' title='bbox 129 2164 172 2191; x_wconf 71' lang='lat'><strong>20.</strong></span> <span class='ocrx_word' id='word_1_344' title='bbox 211 2163 255 2191; x_wconf 83' lang='lat' dir='ltr'><strong>&quot;l</strong></span> <span class='ocrx_word' id='word_1_345' title='bbox 271 2163 334 2191; x_wconf 81' lang='lat' dir='ltr'><strong>Cor.</strong></span> <span class='ocrx_word' id='word_1_346' title='bbox 352 2163 568 2197; x_wconf 68' lang='grc' dir='ltr'><strong>111,10,Η,¹⁴2.</strong></span> 
     </span>
    </p>
   </div>
   <div class='ocr_carea' id='block_1_48' title="bbox 742 2127 974 2162">
    <p class='ocr_par' dir='ltr' id='par_1_48' title="bbox 742 2127 974 2162">
     <span class='ocr_line' id='line_1_48' title="bbox 742 2127 974 2162; baseline 0 -6"><span class='ocrx_word' id='word_1_347' title='bbox 742 2128 765 2145; x_wconf 69' lang='grc'><strong>⁸³</strong></span> <span class='ocrx_word' id='word_1_348' title='bbox 787 2127 873 2156; x_wconf 86' lang='lat' dir='ltr'><strong>lCor.</strong></span> <span class='ocrx_word' id='word_1_349' title='bbox 887 2136 915 2162; x_wconf 83' lang='lat' dir='ltr'><strong>x,</strong></span> <span class='ocrx_word' id='word_1_350' title='bbox 930 2129 974 2156; x_wconf 84' lang='lat' dir='ltr'><strong>ll.</strong></span> 
     </span>
    </p>
   </div>
   <div class='ocr_carea' id='block_1_49' title="bbox 928 243 1713 278">
    <p class='ocr_par' dir='ltr' id='par_1_49' title="bbox 928 243 1713 278">
     <span class='ocr_line' id='line_1_49' title="bbox 928 243 1713 278; baseline -0.005 -6"><span class='ocrx_word' id='word_1_351' title='bbox 928 249 1094 276; x_wconf 81' lang='lat' dir='ltr'><strong>sanctorum,</strong></span> <span class='ocrx_word' id='word_1_352' title='bbox 1119 243 1164 270; x_wconf 83' lang='lat' dir='ltr'><strong>sed</strong></span> <span class='ocrx_word' id='word_1_353' title='bbox 1180 243 1278 278; x_wconf 80' lang='lat' dir='ltr'><strong>quibus</strong></span> <span class='ocrx_word' id='word_1_354' title='bbox 1296 243 1484 270; x_wconf 87' lang='lat' dir='ltr'><strong>ostenderetur</strong></span> <span class='ocrx_word' id='word_1_355' title='bbox 1505 247 1661 277; x_wconf 74' lang='lat' dir='ltr'><strong>peccatores</strong></span> <span class='ocrx_word' id='word_1_356' title='bbox 1685 246 1713 268; x_wconf 83' lang='lat' dir='ltr'><strong>et</strong></span> 
     </span>
    </p>
   </div>
   <div class='ocr_carea' id='block_1_50' title="bbox 927 289 1711 325">
    <p class='ocr_par' dir='ltr' id='par_1_50' title="bbox 927 289 1711 325">
     <span class='ocr_line' id='line_1_50' title="bbox 927 289 1711 325; baseline -0.003 -8"><span class='ocrx_word' id='word_1_357' title='bbox 927 291 1023 325; x_wconf 86' lang='lat' dir='ltr'><strong>impios</strong></span> <span class='ocrx_word' id='word_1_358' title='bbox 1031 291 1056 317; x_wconf 89' lang='lat' dir='ltr'><strong>lu</strong></span> <span class='ocrx_word' id='word_1_359' title='bbox 1070 295 1172 325; x_wconf 86' lang='lat' dir='ltr'><strong>partem</strong></span> <span class='ocrx_word' id='word_1_360' title='bbox 1183 295 1337 317; x_wconf 83' lang='lat' dir='ltr'><strong>sanctorum</strong></span> <span class='ocrx_word' id='word_1_361' title='bbox 1347 290 1558 323; x_wconf 77' lang='lat' dir='ltr'><strong>societatemque</strong></span> <span class='ocrx_word' id='word_1_362' title='bbox 1566 289 1711 316; x_wconf 81' lang='lat' dir='ltr'><strong>conscisci.</strong></span> 
     </span>
    </p>
   </div>
   <div class='ocr_carea' id='block_1_51' title="bbox 927 334 1712 370">
    <p class='ocr_par' dir='ltr' id='par_1_51' title="bbox 927 334 1712 370">
     <span class='ocr_line' id='line_1_51' title="bbox 927 334 1712 370; baseline -0.004 -9"><span class='ocrx_word' id='word_1_363' title='bbox 927 334 1068 369; x_wconf 81' lang='lat' dir='ltr'><strong>Nunquam</strong></span> <span class='ocrx_word' id='word_1_364' title='bbox 1089 343 1154 369; x_wconf 83' lang='lat' dir='ltr'><strong>ergo</strong></span> <span class='ocrx_word' id='word_1_365' title='bbox 1178 335 1353 362; x_wconf 84' lang='lat' dir='ltr'><strong>sacerdotalis</strong></span> <span class='ocrx_word' id='word_1_366' title='bbox 1367 335 1501 370; x_wconf 85' lang='lat' dir='ltr'><strong>possessio</strong></span> <span class='ocrx_word' id='word_1_367' title='bbox 1527 341 1541 360; x_wconf 89' lang='lat' dir='ltr'><strong>a</strong></span> <span class='ocrx_word' id='word_1_368' title='bbox 1569 334 1712 360; x_wconf 74' lang='lat' dir='ltr'><strong>sacerdote</strong></span> 
     </span>
    </p>
   </div>
   <div class='ocr_carea' id='block_1_52' title="bbox 926 379 1711 415">
    <p class='ocr_par' dir='ltr' id='par_1_52' title="bbox 926 379 1711 415">
     <span class='ocr_line' id='line_1_52' title="bbox 926 379 1711 415; baseline -0.001 -9"><span class='ocrx_word' id='word_1_369' title='bbox 926 386 1078 413; x_wconf 73' lang='lat' dir='ltr'><strong>separatur,</strong></span> <span class='ocrx_word' id='word_1_370' title='bbox 1093 380 1199 406; x_wconf 88' lang='lat' dir='ltr'><strong>etiamsi</strong></span> <span class='ocrx_word' id='word_1_371' title='bbox 1215 380 1247 406; x_wconf 89' lang='lat' dir='ltr'><strong>ad</strong></span> <span class='ocrx_word' id='word_1_372' title='bbox 1267 385 1370 415; x_wconf 88' lang='lat' dir='ltr'><strong>tempus</strong></span> <span class='ocrx_word' id='word_1_373' title='bbox 1391 380 1472 407; x_wconf 85' lang='lat' dir='ltr'><strong>fuerit</strong></span> <span class='ocrx_word' id='word_1_374' title='bbox 1485 379 1586 410; x_wconf 79' lang='lat' dir='ltr'><strong>ablata,</strong></span> <span class='ocrx_word' id='word_1_375' title='bbox 1604 379 1711 405; x_wconf 82' lang='lat' dir='ltr'><strong>etiamsi</strong></span> 
     </span>
    </p>
   </div>
   <div class='ocr_carea' id='block_1_53' title="bbox 927 425 1712 460">
    <p class='ocr_par' dir='ltr' id='par_1_53' title="bbox 927 425 1712 460">
     <span class='ocr_line' id='line_1_53' title="bbox 927 425 1712 460; baseline -0.004 -8"><span class='ocrx_word' id='word_1_376' title='bbox 927 425 1009 453; x_wconf 81' lang='lat' dir='ltr'><strong>fuerit</strong></span> <span class='ocrx_word' id='word_1_377' title='bbox 1028 426 1169 459; x_wconf 85' lang='lat' dir='ltr'><strong>distracta,</strong></span> <span class='ocrx_word' id='word_1_378' title='bbox 1184 432 1290 460; x_wconf 86' lang='lat' dir='ltr'><strong>semper</strong></span> <span class='ocrx_word' id='word_1_379' title='bbox 1304 425 1454 458; x_wconf 83' lang='lat' dir='ltr'><strong>redimitur,</strong></span> <span class='ocrx_word' id='word_1_380' title='bbox 1471 432 1578 459; x_wconf 79' lang='lat' dir='ltr'><strong>semper</strong></span> <span class='ocrx_word' id='word_1_381' title='bbox 1601 431 1712 458; x_wconf 76' lang='lat' dir='ltr'><strong>repara-</strong></span> 
     </span>
    </p>
   </div>
   <div class='ocr_carea' id='block_1_54' title="bbox 928 470 1710 506">
    <p class='ocr_par' dir='ltr' id='par_1_54' title="bbox 928 470 1710 506">
     <span class='ocr_line' id='line_1_54' title="bbox 928 470 1710 506; baseline 0 -10"><span class='ocrx_word' id='word_1_382' title='bbox 928 475 979 502; x_wconf 86' lang='lat' dir='ltr'><strong>tur,</strong></span> <span class='ocrx_word' id='word_1_383' title='bbox 990 470 1062 497; x_wconf 88' lang='lat' dir='ltr'><strong>velut</strong></span> <span class='ocrx_word' id='word_1_384' title='bbox 1072 471 1094 497; x_wconf 91' lang='lat' dir='ltr'><strong>si</strong></span> <span class='ocrx_word' id='word_1_385' title='bbox 1111 471 1229 498; x_wconf 87' lang='lat' dir='ltr'><strong>diceret:</strong></span> <span class='ocrx_word' id='word_1_386' title='bbox 1243 480 1252 496; x_wconf 75' lang='grc' dir='ltr'>σ</span> <span class='ocrx_word' id='word_1_387' title='bbox 1265 471 1401 504; x_wconf 82' lang='lat' dir='ltr'><strong>Charitas,</strong></span> <span class='ocrx_word' id='word_1_388' title='bbox 1416 480 1425 496; x_wconf 78' lang='grc' dir='ltr'><strong>ι</strong></span> <span class='ocrx_word' id='word_1_389' title='bbox 1446 478 1507 505; x_wconf 70' lang='lat' dir='ltr'><strong>qua:</strong></span> <span class='ocrx_word' id='word_1_390' title='bbox 1523 470 1641 506; x_wconf 86' lang='lat' dir='ltr'><strong>perfecta</strong></span> <span class='ocrx_word' id='word_1_391' title='bbox 1658 474 1710 501; x_wconf 82' lang='lat' dir='ltr'><strong>est.</strong></span> 
     </span>
    </p>
   </div>
   <div class='ocr_carea' id='block_1_55' title="bbox 929 516 1711 552">
    <p class='ocr_par' dir='ltr' id='par_1_55' title="bbox 929 516 1711 552">
     <span class='ocr_line' id='line_1_55' title="bbox 929 516 1711 552; baseline -0.003 -10"><span class='ocrx_word' id='word_1_392' title='bbox 929 526 938 542; x_wconf 72' lang='grc' dir='ltr'><strong>ι</strong></span> <span class='ocrx_word' id='word_1_393' title='bbox 956 517 1046 544; x_wconf 90' lang='lat' dir='ltr'><strong>omnia</strong></span> <span class='ocrx_word' id='word_1_394' title='bbox 1065 517 1176 551; x_wconf 85' lang='lat' dir='ltr'><strong>patitur,</strong></span> <span class='ocrx_word' id='word_1_395' title='bbox 1198 517 1288 544; x_wconf 87' lang='lat' dir='ltr'><strong>omnia</strong></span> <span class='ocrx_word' id='word_1_396' title='bbox 1303 521 1394 551; x_wconf 87' lang='lat' dir='ltr'><strong>sperat</strong></span> <span class='ocrx_word' id='word_1_397' title='bbox 1410 516 1476 552; x_wconf 78' lang='lat' dir='ltr'><strong>(3t),</strong></span> <span class='ocrx_word' id='word_1_398' title='bbox 1496 516 1585 543; x_wconf 91' lang='lat' dir='ltr'><strong>omnia</strong></span> <span class='ocrx_word' id='word_1_399' title='bbox 1600 516 1711 546; x_wconf 85' lang='lat' dir='ltr'><strong>tolerat,</strong></span> 
     </span>
    </p>
   </div>
   <div class='ocr_carea' id='block_1_56' title="bbox 927 561 1712 597">
    <p class='ocr_par' dir='ltr' id='par_1_56' title="bbox 927 561 1712 597">
     <span class='ocr_line' id='line_1_56' title="bbox 927 561 1712 597; baseline -0.004 -8"><span class='ocrx_word' id='word_1_400' title='bbox 927 561 1044 590; x_wconf 89' lang='lat' dir='ltr'><strong>charitas</strong></span> <span class='ocrx_word' id='word_1_401' title='bbox 1067 569 1203 597; x_wconf 89' lang='lat' dir='ltr'><strong>nunquam</strong></span> <span class='ocrx_word' id='word_1_402' title='bbox 1219 562 1292 589; x_wconf 89' lang='lat' dir='ltr'><strong>cadit</strong></span> <span class='ocrx_word' id='word_1_403' title='bbox 1311 562 1344 588; x_wconf 77' lang='grc'><strong><em>⁸⁵⁵.</em></strong></span> <span class='ocrx_word' id='word_1_404' title='bbox 1364 571 1374 588; x_wconf 74' lang='grc' dir='ltr'><strong>ι</strong></span> <span class='ocrx_word' id='word_1_405' title='bbox 1395 561 1440 588; x_wconf 91' lang='lat' dir='ltr'><strong>Sic</strong></span> <span class='ocrx_word' id='word_1_406' title='bbox 1459 568 1523 597; x_wconf 78' lang='lat' dir='ltr'><strong>ergo</strong></span> <span class='ocrx_word' id='word_1_407' title='bbox 1535 566 1562 587; x_wconf 89' lang='lat' dir='ltr'><strong>et</strong></span> <span class='ocrx_word' id='word_1_408' title='bbox 1577 561 1712 595; x_wconf 80' lang='lat' dir='ltr'><strong>possessio</strong></span> 
     </span>
    </p>
   </div>
   <div class='ocr_carea' id='block_1_57' title="bbox 926 607 1712 642">
    <p class='ocr_par' dir='ltr' id='par_1_57' title="bbox 926 607 1712 642">
     <span class='ocr_line' id='line_1_57' title="bbox 926 607 1712 642; baseline -0.005 -7"><span class='ocrx_word' id='word_1_409' title='bbox 926 615 958 635; x_wconf 87' lang='lat' dir='ltr'><strong>ac</strong></span> <span class='ocrx_word' id='word_1_410' title='bbox 973 608 1068 635; x_wconf 87' lang='lat' dir='ltr'><strong>domus</strong></span> <span class='ocrx_word' id='word_1_411' title='bbox 1084 613 1242 635; x_wconf 90' lang='lat' dir='ltr'><strong>sanctorum</strong></span> <span class='ocrx_word' id='word_1_412' title='bbox 1256 615 1394 642; x_wconf 86' lang='lat' dir='ltr'><strong>nunquam</strong></span> <span class='ocrx_word' id='word_1_413' title='bbox 1411 607 1495 640; x_wconf 87' lang='lat' dir='ltr'><strong>cadit,</strong></span> <span class='ocrx_word' id='word_1_414' title='bbox 1514 614 1652 641; x_wconf 88' lang='lat' dir='ltr'><strong>nunquam</strong></span> <span class='ocrx_word' id='word_1_415' title='bbox 1667 614 1712 632; x_wconf 84' lang='lat' dir='ltr'><strong>au-</strong></span> 
     </span>
    </p>
   </div>
   <div class='ocr_carea' id='block_1_58' title="bbox 926 653 1712 690">
    <p class='ocr_par' dir='ltr' id='par_1_58' title="bbox 926 653 1712 690">
     <span class='ocr_line' id='line_1_58' title="bbox 926 653 1712 690; baseline -0.001 -9"><span class='ocrx_word' id='word_1_416' title='bbox 926 655 1022 686; x_wconf 79' lang='lat' dir='ltr'><strong>fertur.</strong></span> <span class='ocrx_word' id='word_1_417' title='bbox 1036 662 1171 689; x_wconf 85' lang='lat' dir='ltr'><strong>nunquam</strong></span> <span class='ocrx_word' id='word_1_418' title='bbox 1184 655 1217 682; x_wconf 88' lang='lat' dir='ltr'><strong>ab</strong></span> <span class='ocrx_word' id='word_1_419' title='bbox 1228 663 1320 683; x_wconf 91' lang='lat' dir='ltr'><strong>eorutn</strong></span> <span class='ocrx_word' id='word_1_420' title='bbox 1334 655 1394 690; x_wconf 84' lang='lat' dir='ltr'><strong>jure</strong></span> <span class='ocrx_word' id='word_1_421' title='bbox 1406 658 1556 688; x_wconf 87' lang='lat' dir='ltr'><strong>separatur.</strong></span> <span class='ocrx_word' id='word_1_422' title='bbox 1571 653 1712 686; x_wconf 80' lang='lat' dir='ltr'><strong>Quomodo</strong></span> 
     </span>
    </p>
   </div>
   <div class='ocr_carea' id='block_1_59' title="bbox 925 699 1709 735">
    <p class='ocr_par' dir='ltr' id='par_1_59' title="bbox 925 699 1709 735">
     <span class='ocr_line' id='line_1_59' title="bbox 925 699 1709 735; baseline -0.004 -7"><span class='ocrx_word' id='word_1_423' title='bbox 925 699 1046 735; x_wconf 82' lang='lat' dir='ltr'><strong>separari</strong></span> <span class='ocrx_word' id='word_1_424' title='bbox 1064 707 1078 726; x_wconf 92' lang='lat' dir='ltr'><strong>a</strong></span> <span class='ocrx_word' id='word_1_425' title='bbox 1090 701 1277 728; x_wconf 84' lang='lat' dir='ltr'><strong>sacerdotibus</strong></span> <span class='ocrx_word' id='word_1_426' title='bbox 1292 705 1380 735; x_wconf 88' lang='lat' dir='ltr'><strong>potest</strong></span> <span class='ocrx_word' id='word_1_427' title='bbox 1395 700 1490 727; x_wconf 85' lang='lat' dir='ltr'><strong>domus</strong></span> <span class='ocrx_word' id='word_1_428' title='bbox 1504 706 1564 734; x_wconf 72' lang='lat' dir='ltr'><strong>qua:</strong></span> <span class='ocrx_word' id='word_1_429' title='bbox 1576 699 1709 726; x_wconf 73' lang='lat' dir='ltr'><strong>aedificata</strong></span> 
     </span>
    </p>
   </div>
   <div class='ocr_carea' id='block_1_60' title="bbox 925 746 1711 781">
    <p class='ocr_par' dir='ltr' id='par_1_60' title="bbox 925 746 1711 781">
     <span class='ocr_line' id='line_1_60' title="bbox 925 746 1711 781; baseline -0.003 -9"><span class='ocrx_word' id='word_1_430' title='bbox 925 750 967 773; x_wconf 85' lang='lat' dir='ltr'><strong>est</strong></span> <span class='ocrx_word' id='word_1_431' title='bbox 987 753 1068 780; x_wconf 88' lang='lat' dir='ltr'><strong>supra</strong></span> <span class='ocrx_word' id='word_1_432' title='bbox 1094 746 1297 774; x_wconf 80' lang='lat' dir='ltr'><strong>fundamentum</strong></span> <span class='ocrx_word' id='word_1_433' title='bbox 1320 746 1507 781; x_wconf 85' lang='lat' dir='ltr'><strong>apostolorum</strong></span> <span class='ocrx_word' id='word_1_434' title='bbox 1524 750 1550 772; x_wconf 87' lang='lat' dir='ltr'><strong>et</strong></span> <span class='ocrx_word' id='word_1_435' title='bbox 1563 746 1711 780; x_wconf 88' lang='lat' dir='ltr'><strong>propheta-</strong></span> 
     </span>
    </p>
   </div>
   <div class='ocr_carea' id='block_1_61' title="bbox 926 791 1713 827">
    <p class='ocr_par' dir='ltr' id='par_1_61' title="bbox 926 791 1713 827">
     <span class='ocr_line' id='line_1_61' title="bbox 926 791 1713 827; baseline 0 -9"><span class='ocrx_word' id='word_1_436' title='bbox 926 799 998 823; x_wconf 87' lang='lat' dir='ltr'><strong>rum,</strong></span> <span class='ocrx_word' id='word_1_437' title='bbox 1012 792 1095 826; x_wconf 90' lang='lat' dir='ltr'><strong>inqua</strong></span> <span class='ocrx_word' id='word_1_438' title='bbox 1106 793 1164 826; x_wconf 89' lang='lat' dir='ltr'><strong>ipse</strong></span> <span class='ocrx_word' id='word_1_439' title='bbox 1175 796 1216 819; x_wconf 85' lang='lat' dir='ltr'><strong>est</strong></span> <span class='ocrx_word' id='word_1_440' title='bbox 1228 792 1366 827; x_wconf 82' lang='lat' dir='ltr'><strong>angularis</strong></span> <span class='ocrx_word' id='word_1_441' title='bbox 1378 792 1444 826; x_wconf 84' lang='lat' dir='ltr'><strong>lapis</strong></span> <span class='ocrx_word' id='word_1_442' title='bbox 1452 791 1530 819; x_wconf 68' lang='lat' dir='ltr'><strong>Iesus</strong></span> <span class='ocrx_word' id='word_1_443' title='bbox 1538 791 1662 818; x_wconf 77' lang='lat' dir='ltr'><strong>Christus</strong></span> <span class='ocrx_word' id='word_1_444' title='bbox 1671 791 1713 818; x_wconf 83' lang='lat'>“?</span> 
     </span>
    </p>
   </div>
   <div class='ocr_carea' id='block_1_62' title="bbox 926 835 1710 872">
    <p class='ocr_par' dir='ltr' id='par_1_62' title="bbox 926 835 1710 872">
     <span class='ocr_line' id='line_1_62' title="bbox 926 835 1710 872; baseline 0.001 -10"><span class='ocrx_word' id='word_1_445' title='bbox 926 837 1002 870; x_wconf 84' lang='lat' dir='ltr'><strong>Quod</strong></span> <span class='ocrx_word' id='word_1_446' title='bbox 1017 842 1105 864; x_wconf 83' lang='lat' dir='ltr'><strong>autent</strong></span> <span class='ocrx_word' id='word_1_447' title='bbox 1127 838 1212 872; x_wconf 89' lang='lat' dir='ltr'><strong>possit</strong></span> <span class='ocrx_word' id='word_1_448' title='bbox 1227 835 1372 872; x_wconf 83' lang='lat' dir='ltr'><strong>aliquando</strong></span> <span class='ocrx_word' id='word_1_449' title='bbox 1393 837 1490 865; x_wconf 84' lang='lat' dir='ltr'><strong>domus</strong></span> <span class='ocrx_word' id='word_1_450' title='bbox 1507 837 1558 864; x_wconf 87' lang='lat' dir='ltr'><strong>ista</strong></span> <span class='ocrx_word' id='word_1_451' title='bbox 1583 836 1710 869; x_wconf 82' lang='lat' dir='ltr'><strong>distrahi,</strong></span> 
     </span>
    </p>
   </div>
   <div class='ocr_carea' id='block_1_63' title="bbox 891 881 1709 917">
    <p class='ocr_par' dir='ltr' id='par_1_63' title="bbox 891 881 1709 917">
     <span class='ocr_line' id='line_1_63' title="bbox 891 881 1709 917; baseline -0.001 -8"><span class='ocrx_word' id='word_1_452' title='bbox 891 881 911 909; x_wconf 87' lang='grc' dir='ltr'><strong>Β</strong></span> <span class='ocrx_word' id='word_1_453' title='bbox 927 882 976 909; x_wconf 92' lang='lat' dir='ltr'><strong>hoc</strong></span> <span class='ocrx_word' id='word_1_454' title='bbox 990 887 1041 915; x_wconf 89' lang='lat' dir='ltr'><strong>est,</strong></span> <span class='ocrx_word' id='word_1_455' title='bbox 1057 883 1207 916; x_wconf 70' lang='lat' dir='ltr'><strong>huiusmodi</strong></span> <span class='ocrx_word' id='word_1_456' title='bbox 1222 883 1367 910; x_wconf 65' lang='lat' dir='ltr'><strong>aediﬁcatio</strong></span> <span class='ocrx_word' id='word_1_457' title='bbox 1383 883 1503 910; x_wconf 88' lang='lat' dir='ltr'><strong>incidere</strong></span> <span class='ocrx_word' id='word_1_458' title='bbox 1515 882 1541 909; x_wconf 91' lang='lat' dir='ltr'><strong>in</strong></span> <span class='ocrx_word' id='word_1_459' title='bbox 1555 887 1709 917; x_wconf 86' lang='lat' dir='ltr'><strong>peccatum,</strong></span> 
     </span>
    </p>
   </div>
   <div class='ocr_carea' id='block_1_64' title="bbox 925 928 1711 964">
    <p class='ocr_par' dir='ltr' id='par_1_64' title="bbox 925 928 1711 964">
     <span class='ocr_line' id='line_1_64' title="bbox 925 928 1711 964; baseline -0.001 -8"><span class='ocrx_word' id='word_1_460' title='bbox 925 930 984 956; x_wconf 85' lang='lat' dir='ltr'><strong>audi</strong></span> <span class='ocrx_word' id='word_1_461' title='bbox 1003 930 1139 964; x_wconf 81' lang='lat' dir='ltr'><strong>apostolus</strong></span> <span class='ocrx_word' id='word_1_462' title='bbox 1163 929 1261 957; x_wconf 82' lang='lat' dir='ltr'><strong>Paulus</strong></span> <span class='ocrx_word' id='word_1_463' title='bbox 1286 930 1421 962; x_wconf 87' lang='lat' dir='ltr'><strong>quomodo</strong></span> <span class='ocrx_word' id='word_1_464' title='bbox 1443 929 1476 956; x_wconf 89' lang='lat' dir='ltr'><strong>de</strong></span> <span class='ocrx_word' id='word_1_465' title='bbox 1502 928 1604 956; x_wconf 85' lang='lat' dir='ltr'><strong>talibus</strong></span> <span class='ocrx_word' id='word_1_466' title='bbox 1621 928 1711 956; x_wconf 86' lang='lat' dir='ltr'><strong>dicit:</strong></span> 
     </span>
    </p>
   </div>
   <div class='ocr_carea' id='block_1_65' title="bbox 927 973 1710 1010">
    <p class='ocr_par' dir='ltr' id='par_1_65' title="bbox 927 973 1710 1010">
     <span class='ocr_line' id='line_1_65' title="bbox 927 973 1710 1010; baseline 0 -10"><span class='ocrx_word' id='word_1_467' title='bbox 927 984 936 1000; x_wconf 77' lang='grc' dir='ltr'><strong>ι</strong></span> <span class='ocrx_word' id='word_1_468' title='bbox 958 975 992 1002; x_wconf 87' lang='lat' dir='ltr'><strong>Ut</strong></span> <span class='ocrx_word' id='word_1_469' title='bbox 1015 975 1123 1010; x_wconf 87' lang='lat' dir='ltr'><strong>sapiens</strong></span> <span class='ocrx_word' id='word_1_470' title='bbox 1142 975 1308 1002; x_wconf 81' lang='lat' dir='ltr'><strong>architectus</strong></span> <span class='ocrx_word' id='word_1_471' title='bbox 1325 974 1540 1006; x_wconf 81' lang='lat' dir='ltr'><strong>fundamentum.</strong></span> <span class='ocrx_word' id='word_1_472' title='bbox 1561 973 1649 1008; x_wconf 90' lang='lat' dir='ltr'><strong>inquit</strong></span> <span class='ocrx_word' id='word_1_473' title='bbox 1673 973 1710 1006; x_wconf 86' lang='lat'><strong>&quot;,</strong></span> 
     </span>
    </p>
   </div>
   <div class='ocr_carea' id='block_1_66' title="bbox 924 1019 1712 1056">
    <p class='ocr_par' dir='ltr' id='par_1_66' title="bbox 924 1019 1712 1056">
     <span class='ocr_line' id='line_1_66' title="bbox 924 1019 1712 1056; baseline -0.004 -8"><span class='ocrx_word' id='word_1_474' title='bbox 924 1021 1010 1055; x_wconf 85' lang='lat' dir='ltr'><strong>posui,</strong></span> <span class='ocrx_word' id='word_1_475' title='bbox 1024 1021 1092 1048; x_wconf 78' lang='lat' dir='ltr'><strong>alius</strong></span> <span class='ocrx_word' id='word_1_476' title='bbox 1101 1020 1308 1055; x_wconf 72' lang='lat' dir='ltr'><strong>super-zedilieat,</strong></span> <span class='ocrx_word' id='word_1_477' title='bbox 1322 1021 1509 1056; x_wconf 87' lang='lat' dir='ltr'><strong>uuttsquisque</strong></span> <span class='ocrx_word' id='word_1_478' title='bbox 1519 1024 1609 1047; x_wconf 89' lang='lat' dir='ltr'><strong>autetn</strong></span> <span class='ocrx_word' id='word_1_479' title='bbox 1620 1019 1712 1046; x_wconf 87' lang='lat' dir='ltr'><strong>videat</strong></span> 
     </span>
    </p>
   </div>
   <div class='ocr_carea' id='block_1_67' title="bbox 924 1064 1710 1100">
    <p class='ocr_par' dir='ltr' id='par_1_67' title="bbox 924 1064 1710 1100">
     <span class='ocr_line' id='line_1_67' title="bbox 924 1064 1710 1100; baseline -0.001 -7"><span class='ocrx_word' id='word_1_480' title='bbox 924 1066 1063 1100; x_wconf 85' lang='lat' dir='ltr'><strong>quomodo</strong></span> <span class='ocrx_word' id='word_1_481' title='bbox 1079 1066 1286 1100; x_wconf 68' lang='lat' dir='ltr'><strong>supermdilicet.</strong></span> <span class='ocrx_word' id='word_1_482' title='bbox 1310 1065 1524 1093; x_wconf 76' lang='lat' dir='ltr'><strong>Fundamentum</strong></span> <span class='ocrx_word' id='word_1_483' title='bbox 1543 1066 1616 1094; x_wconf 89' lang='lat' dir='ltr'><strong>enim</strong></span> <span class='ocrx_word' id='word_1_484' title='bbox 1638 1064 1710 1093; x_wconf 76' lang='lat' dir='ltr'><strong>alitd</strong></span> 
     </span>
    </p>
   </div>
   <div class='ocr_carea' id='block_1_68' title="bbox 925 1111 1711 1147">
    <p class='ocr_par' dir='ltr' id='par_1_68' title="bbox 925 1111 1711 1147">
     <span class='ocr_line' id='line_1_68' title="bbox 925 1111 1711 1147; baseline 0 -9"><span class='ocrx_word' id='word_1_485' title='bbox 925 1119 1002 1139; x_wconf 87' lang='lat' dir='ltr'><strong>nemo</strong></span> <span class='ocrx_word' id='word_1_486' title='bbox 1010 1117 1097 1145; x_wconf 85' lang='lat' dir='ltr'><strong>potest</strong></span> <span class='ocrx_word' id='word_1_487' title='bbox 1106 1119 1204 1146; x_wconf 88' lang='lat' dir='ltr'><strong>ponere</strong></span> <span class='ocrx_word' id='word_1_488' title='bbox 1219 1117 1317 1147; x_wconf 62' lang='lat' dir='ltr'><strong>praeter</strong></span> <span class='ocrx_word' id='word_1_489' title='bbox 1330 1112 1354 1139; x_wconf 89' lang='lat' dir='ltr'><strong>id</strong></span> <span class='ocrx_word' id='word_1_490' title='bbox 1366 1112 1436 1147; x_wconf 90' lang='lat' dir='ltr'><strong>qttod</strong></span> <span class='ocrx_word' id='word_1_491' title='bbox 1449 1112 1564 1146; x_wconf 85' lang='lat' dir='ltr'><strong>positum</strong></span> <span class='ocrx_word' id='word_1_492' title='bbox 1573 1116 1627 1143; x_wconf 76' lang='lat' dir='ltr'><strong>est.</strong></span> <span class='ocrx_word' id='word_1_493' title='bbox 1638 1111 1711 1146; x_wconf 83' lang='lat' dir='ltr'><strong>quod</strong></span> 
     </span>
    </p>
   </div>
   <div class='ocr_carea' id='block_1_69' title="bbox 923 1155 1708 1191">
    <p class='ocr_par' dir='ltr' id='par_1_69' title="bbox 923 1155 1708 1191">
     <span class='ocr_line' id='line_1_69' title="bbox 923 1155 1708 1191; baseline 0 -9"><span class='ocrx_word' id='word_1_494' title='bbox 923 1161 964 1182; x_wconf 87' lang='lat' dir='ltr'><strong>est</strong></span> <span class='ocrx_word' id='word_1_495' title='bbox 983 1156 1106 1182; x_wconf 74' lang='lat' dir='ltr'><strong>Christus</strong></span> <span class='ocrx_word' id='word_1_496' title='bbox 1121 1155 1210 1183; x_wconf 80' lang='lat' dir='ltr'><strong>Jcsus.</strong></span> <span class='ocrx_word' id='word_1_497' title='bbox 1232 1155 1259 1183; x_wconf 88' lang='lat' dir='ltr'><strong>Si</strong></span> <span class='ocrx_word' id='word_1_498' title='bbox 1271 1157 1332 1191; x_wconf 88' lang='lat' dir='ltr'><strong>quis</strong></span> <span class='ocrx_word' id='word_1_499' title='bbox 1347 1161 1435 1183; x_wconf 85' lang='lat' dir='ltr'><strong>autem</strong></span> <span class='ocrx_word' id='word_1_500' title='bbox 1450 1163 1530 1191; x_wconf 84' lang='lat' dir='ltr'><strong>supra</strong></span> <span class='ocrx_word' id='word_1_501' title='bbox 1548 1155 1708 1182; x_wconf 84' lang='lat' dir='ltr'><strong>fundamen-</strong></span> 
     </span>
    </p>
   </div>
   <div class='ocr_carea' id='block_1_70' title="bbox 925 1193 1708 1237">
    <p class='ocr_par' dir='ltr' id='par_1_70' title="bbox 925 1193 1708 1237">
     <span class='ocr_line' id='line_1_70' title="bbox 925 1193 1708 1237; baseline 0.001 -11"><span class='ocrx_word' id='word_1_502' title='bbox 925 1206 980 1227; x_wconf 88' lang='lat' dir='ltr'><strong>tum</strong></span> <span class='ocrx_word' id='word_1_503' title='bbox 997 1201 1047 1228; x_wconf 91' lang='lat' dir='ltr'><strong>hoc</strong></span> <span class='ocrx_word' id='word_1_504' title='bbox 1057 1201 1173 1228; x_wconf 69' lang='lat' dir='ltr'><strong>aediﬁcat</strong></span> <span class='ocrx_word' id='word_1_505' title='bbox 1188 1193 1469 1237; x_wconf 37' lang='lat' dir='ltr'><strong>aururnfargentutn,</strong></span> <span class='ocrx_word' id='word_1_506' title='bbox 1485 1201 1587 1236; x_wconf 85' lang='lat' dir='ltr'><strong>lapides</strong></span> <span class='ocrx_word' id='word_1_507' title='bbox 1604 1201 1708 1236; x_wconf 83' lang='lat' dir='ltr'><strong>pretio-</strong></span> 
     </span>
    </p>
   </div>
   <div class='ocr_carea' id='block_1_71' title="bbox 924 1246 1709 1283">
    <p class='ocr_par' dir='ltr' id='par_1_71' title="bbox 924 1246 1709 1283">
     <span class='ocr_line' id='line_1_71' title="bbox 924 1246 1709 1283; baseline 0 -9"><span class='ocrx_word' id='word_1_508' title='bbox 924 1255 979 1279; x_wconf 89' lang='lat' dir='ltr'><strong>sos,</strong></span> <span class='ocrx_word' id='word_1_509' title='bbox 995 1247 1078 1282; x_wconf 78' lang='lat' dir='ltr'><strong>ligna,</strong></span> <span class='ocrx_word' id='word_1_510' title='bbox 1090 1246 1192 1281; x_wconf 81' lang='lat' dir='ltr'><strong>fenum,</strong></span> <span class='ocrx_word' id='word_1_511' title='bbox 1205 1247 1341 1282; x_wconf 75' lang='lat' dir='ltr'><strong>stipulam.</strong></span> <span class='ocrx_word' id='word_1_512' title='bbox 1358 1257 1367 1274; x_wconf 71' lang='grc' dir='ltr'><strong>ι</strong></span> <span class='ocrx_word' id='word_1_513' title='bbox 1384 1248 1464 1276; x_wconf 80' lang='lat' dir='ltr'><strong>\‘ides</strong></span> <span class='ocrx_word' id='word_1_514' title='bbox 1477 1255 1542 1283; x_wconf 85' lang='lat' dir='ltr'><strong>ergo</strong></span> <span class='ocrx_word' id='word_1_515' title='bbox 1552 1248 1614 1282; x_wconf 91' lang='lat' dir='ltr'><strong>quia</strong></span> <span class='ocrx_word' id='word_1_516' title='bbox 1629 1252 1709 1281; x_wconf 85' lang='lat' dir='ltr'><strong>potes</strong></span> 
     </span>
    </p>
   </div>
   <div class='ocr_carea' id='block_1_72' title="bbox 924 1293 1708 1329">
    <p class='ocr_par' dir='ltr' id='par_1_72' title="bbox 924 1293 1708 1329">
     <span class='ocr_line' id='line_1_72' title="bbox 924 1293 1708 1329; baseline 0 -10"><span class='ocrx_word' id='word_1_517' title='bbox 924 1301 1005 1328; x_wconf 85' lang='lat' dir='ltr'><strong>supra</strong></span> <span class='ocrx_word' id='word_1_518' title='bbox 1020 1293 1224 1321; x_wconf 83' lang='lat' dir='ltr'><strong>fundamentum</strong></span> <span class='ocrx_word' id='word_1_519' title='bbox 1236 1294 1336 1322; x_wconf 84' lang='lat' dir='ltr'><strong>Christi</strong></span> <span class='ocrx_word' id='word_1_520' title='bbox 1351 1295 1487 1323; x_wconf 80' lang='lat' dir='ltr'><strong>tedilicare</strong></span> <span class='ocrx_word' id='word_1_521' title='bbox 1508 1295 1591 1329; x_wconf 78' lang='lat' dir='ltr'><strong>ligna,</strong></span> <span class='ocrx_word' id='word_1_522' title='bbox 1603 1294 1708 1326; x_wconf 84' lang='lat' dir='ltr'><strong>fenum,</strong></span> 
     </span>
    </p>
   </div>
   <div class='ocr_carea' id='block_1_73' title="bbox 924 1339 1704 1376">
    <p class='ocr_par' dir='ltr' id='par_1_73' title="bbox 924 1339 1704 1376">
     <span class='ocr_line' id='line_1_73' title="bbox 924 1339 1704 1376; baseline 0 -10"><span class='ocrx_word' id='word_1_523' title='bbox 924 1340 1061 1375; x_wconf 88' lang='lat' dir='ltr'><strong>stipulam,</strong></span> <span class='ocrx_word' id='word_1_524' title='bbox 1074 1340 1124 1368; x_wconf 91' lang='lat' dir='ltr'><strong>hoc</strong></span> <span class='ocrx_word' id='word_1_525' title='bbox 1135 1345 1277 1375; x_wconf 86' lang='lat' dir='ltr'><strong>est.opera</strong></span> <span class='ocrx_word' id='word_1_526' title='bbox 1293 1341 1412 1375; x_wconf 82' lang='lat' dir='ltr'><strong>peccati:</strong></span> <span class='ocrx_word' id='word_1_527' title='bbox 1428 1348 1487 1376; x_wconf 68' lang='lat' dir='ltr'><strong>qua:</strong></span> <span class='ocrx_word' id='word_1_528' title='bbox 1500 1339 1612 1367; x_wconf 81' lang='lat' dir='ltr'><strong>aediﬁcat</strong></span> <span class='ocrx_word' id='word_1_529' title='bbox 1623 1340 1704 1375; x_wconf 71' lang='grc' dir='ltr'><strong>(δι’),</strong></span> 
     </span>
    </p>
   </div>
   <div class='ocr_carea' id='block_1_74' title="bbox 924 1385 1711 1420">
    <p class='ocr_par' dir='ltr' id='par_1_74' title="bbox 924 1385 1711 1420">
     <span class='ocr_line' id='line_1_74' title="bbox 924 1385 1711 1420; baseline -0.001 -8"><span class='ocrx_word' id='word_1_530' title='bbox 924 1386 983 1412; x_wconf 71' lang='lat' dir='ltr'><strong>sine</strong></span> <span class='ocrx_word' id='word_1_531' title='bbox 1008 1385 1089 1413; x_wconf 86' lang='lat' dir='ltr'><strong>dubio</strong></span> <span class='ocrx_word' id='word_1_532' title='bbox 1104 1386 1223 1413; x_wconf 82' lang='lat' dir='ltr'><strong>vendidit</strong></span> <span class='ocrx_word' id='word_1_533' title='bbox 1238 1386 1346 1414; x_wconf 91' lang='lat' dir='ltr'><strong>domum</strong></span> <span class='ocrx_word' id='word_1_534' title='bbox 1369 1393 1444 1413; x_wconf 88' lang='lat' dir='ltr'><strong>suam</strong></span> <span class='ocrx_word' id='word_1_535' title='bbox 1459 1386 1574 1420; x_wconf 87' lang='lat' dir='ltr'><strong>emptori</strong></span> <span class='ocrx_word' id='word_1_536' title='bbox 1593 1385 1711 1420; x_wconf 87' lang='lat' dir='ltr'><strong>pessimo</strong></span> 
     </span>
    </p>
   </div>
   <div class='ocr_carea' id='block_1_75' title="bbox 924 1431 1710 1468">
    <p class='ocr_par' dir='ltr' id='par_1_75' title="bbox 924 1431 1710 1468">
     <span class='ocr_line' id='line_1_75' title="bbox 924 1431 1710 1468; baseline -0.001 -9"><span class='ocrx_word' id='word_1_537' title='bbox 924 1431 1041 1463; x_wconf 84' lang='lat' dir='ltr'><strong>diabolo,</strong></span> <span class='ocrx_word' id='word_1_538' title='bbox 1054 1439 1069 1458; x_wconf 86' lang='lat' dir='ltr'><strong>a</strong></span> <span class='ocrx_word' id='word_1_539' title='bbox 1085 1439 1138 1466; x_wconf 91' lang='lat' dir='ltr'><strong>quo</strong></span> <span class='ocrx_word' id='word_1_540' title='bbox 1156 1432 1340 1467; x_wconf 90' lang='lat' dir='ltr'><strong>unusquisque</strong></span> <span class='ocrx_word' id='word_1_541' title='bbox 1349 1432 1519 1468; x_wconf 88' lang='lat' dir='ltr'><strong>peccantium</strong></span> <span class='ocrx_word' id='word_1_542' title='bbox 1536 1432 1710 1467; x_wconf 88' lang='lat' dir='ltr'><strong>peccatiprc-</strong></span> 
     </span>
    </p>
   </div>
   <div class='ocr_carea' id='block_1_76' title="bbox 924 1477 1709 1513">
    <p class='ocr_par' dir='ltr' id='par_1_76' title="bbox 924 1477 1709 1513">
     <span class='ocr_line' id='line_1_76' title="bbox 924 1477 1709 1513; baseline 0.001 -9"><span class='ocrx_word' id='word_1_543' title='bbox 924 1478 992 1504; x_wconf 89' lang='lat' dir='ltr'><strong>tium</strong></span> <span class='ocrx_word' id='word_1_544' title='bbox 1015 1478 1070 1513; x_wconf 72' lang='lat'><strong>(52)</strong></span> <span class='ocrx_word' id='word_1_545' title='bbox 1091 1478 1266 1512; x_wconf 89' lang='lat' dir='ltr'><strong>consequitttr</strong></span> <span class='ocrx_word' id='word_1_546' title='bbox 1284 1478 1495 1506; x_wconf 83' lang='lat' dir='ltr'><strong>satisfactionem</strong></span> <span class='ocrx_word' id='word_1_547' title='bbox 1515 1477 1639 1505; x_wconf 85' lang='lat' dir='ltr'><strong>desiderii</strong></span> <span class='ocrx_word' id='word_1_548' title='bbox 1657 1478 1709 1505; x_wconf 89' lang='lat' dir='ltr'><strong>sui.</strong></span> 
     </span>
    </p>
   </div>
   <div class='ocr_carea' id='block_1_77' title="bbox 924 1523 1711 1558">
    <p class='ocr_par' dir='ltr' id='par_1_77' title="bbox 924 1523 1711 1558">
     <span class='ocr_line' id='line_1_77' title="bbox 924 1523 1711 1558; baseline 0.001 -8"><span class='ocrx_word' id='word_1_549' title='bbox 924 1523 980 1550; x_wconf 85' lang='lat' dir='ltr'><strong>Hoc</strong></span> <span class='ocrx_word' id='word_1_550' title='bbox 997 1523 1018 1550; x_wconf 91' lang='lat' dir='ltr'><strong>si</strong></span> <span class='ocrx_word' id='word_1_551' title='bbox 1035 1523 1103 1551; x_wconf 84' lang='lat' dir='ltr'><strong>forte</strong></span> <span class='ocrx_word' id='word_1_552' title='bbox 1118 1523 1265 1550; x_wconf 81' lang='lat' dir='ltr'><strong>incurrerit</strong></span> <span class='ocrx_word' id='word_1_553' title='bbox 1277 1523 1385 1558; x_wconf 82' lang='lat' dir='ltr'><strong>aliquis,</strong></span> <span class='ocrx_word' id='word_1_554' title='bbox 1401 1524 1473 1558; x_wconf 88' lang='lat' dir='ltr'><strong>quod</strong></span> <span class='ocrx_word' id='word_1_555' title='bbox 1489 1523 1575 1551; x_wconf 90' lang='lat' dir='ltr'><strong>absit!</strong></span> <span class='ocrx_word' id='word_1_556' title='bbox 1592 1524 1647 1551; x_wconf 91' lang='lat' dir='ltr'><strong>cito</strong></span> <span class='ocrx_word' id='word_1_557' title='bbox 1668 1532 1711 1551; x_wconf 87' lang='lat' dir='ltr'><strong>re-</strong></span> 
     </span>
    </p>
   </div>
   <div class='ocr_carea' id='block_1_78' title="bbox 922 1569 1708 1605">
    <p class='ocr_par' dir='ltr' id='par_1_78' title="bbox 922 1569 1708 1605">
     <span class='ocr_line' id='line_1_78' title="bbox 922 1569 1708 1605; baseline 0.003 -10"><span class='ocrx_word' id='word_1_558' title='bbox 922 1569 1018 1601; x_wconf 88' lang='lat' dir='ltr'><strong>dimat,</strong></span> <span class='ocrx_word' id='word_1_559' title='bbox 1030 1570 1084 1596; x_wconf 89' lang='lat' dir='ltr'><strong>cito</strong></span> <span class='ocrx_word' id='word_1_560' title='bbox 1099 1574 1215 1604; x_wconf 85' lang='lat' dir='ltr'><strong>reparet,</strong></span> <span class='ocrx_word' id='word_1_561' title='bbox 1227 1570 1289 1597; x_wconf 90' lang='lat' dir='ltr'><strong>dmn</strong></span> <span class='ocrx_word' id='word_1_562' title='bbox 1306 1575 1409 1604; x_wconf 87' lang='lat' dir='ltr'><strong>tempus</strong></span> <span class='ocrx_word' id='word_1_563' title='bbox 1422 1575 1462 1597; x_wconf 88' lang='lat' dir='ltr'><strong>est</strong></span> <span class='ocrx_word' id='word_1_564' title='bbox 1474 1571 1627 1605; x_wconf 86' lang='lat' dir='ltr'><strong>rcparandi,</strong></span> <span class='ocrx_word' id='word_1_565' title='bbox 1644 1570 1708 1598; x_wconf 88' lang='lat' dir='ltr'><strong>dmn</strong></span> 
     </span>
    </p>
   </div>
   <div class='ocr_carea' id='block_1_79' title="bbox 924 1615 1711 1650">
    <p class='ocr_par' dir='ltr' id='par_1_79' title="bbox 924 1615 1711 1650">
     <span class='ocr_line' id='line_1_79' title="bbox 924 1615 1711 1650; baseline 0.001 -8"><span class='ocrx_word' id='word_1_566' title='bbox 924 1615 1090 1650; x_wconf 76' lang='lat' dir='ltr'><strong>ptenitculia:</strong></span> <span class='ocrx_word' id='word_1_567' title='bbox 1108 1615 1242 1648; x_wconf 87' lang='lat' dir='ltr'><strong>locusest,</strong></span> <span class='ocrx_word' id='word_1_568' title='bbox 1264 1616 1439 1650; x_wconf 88' lang='lat' dir='ltr'><strong>deprecantes</strong></span> <span class='ocrx_word' id='word_1_569' title='bbox 1455 1617 1480 1643; x_wconf 91' lang='lat' dir='ltr'><strong>in</strong></span> <span class='ocrx_word' id='word_1_570' title='bbox 1498 1624 1651 1648; x_wconf 79' lang='lat' dir='ltr'><strong>commune,</strong></span> <span class='ocrx_word' id='word_1_571' title='bbox 1677 1625 1711 1643; x_wconf 84' lang='lat' dir='ltr'><strong>ne</strong></span> 
     </span>
    </p>
   </div>
   <div class='ocr_carea' id='block_1_80' title="bbox 923 1661 1712 1697">
    <p class='ocr_par' dir='ltr' id='par_1_80' title="bbox 923 1661 1712 1697">
     <span class='ocr_line' id='line_1_80' title="bbox 923 1661 1712 1697; baseline 0.001 -9"><span class='ocrx_word' id='word_1_572' title='bbox 923 1667 1029 1688; x_wconf 57' lang='lat' dir='ltr'><strong>eterna:</strong></span> <span class='ocrx_word' id='word_1_573' title='bbox 1038 1661 1132 1689; x_wconf 87' lang='lat' dir='ltr'><strong>domus</strong></span> <span class='ocrx_word' id='word_1_574' title='bbox 1144 1662 1310 1689; x_wconf 89' lang='lat' dir='ltr'><strong>habitatione</strong></span> <span class='ocrx_word' id='word_1_575' title='bbox 1325 1661 1495 1695; x_wconf 87' lang='lat' dir='ltr'><strong>fraudentur,</strong></span> <span class='ocrx_word' id='word_1_576' title='bbox 1512 1663 1559 1689; x_wconf 92' lang='lat' dir='ltr'><strong>sed</strong></span> <span class='ocrx_word' id='word_1_577' title='bbox 1573 1662 1645 1697; x_wconf 89' lang='lat' dir='ltr'><strong>digni</strong></span> <span class='ocrx_word' id='word_1_578' title='bbox 1663 1662 1712 1689; x_wconf 82' lang='lat' dir='ltr'><strong>ha-</strong></span> 
     </span>
    </p>
   </div>
   <div class='ocr_carea' id='block_1_81' title="bbox 924 1708 1709 1743">
    <p class='ocr_par' dir='ltr' id='par_1_81' title="bbox 924 1708 1709 1743">
     <span class='ocr_line' id='line_1_81' title="bbox 924 1708 1709 1743; baseline 0.003 -9"><span class='ocrx_word' id='word_1_579' title='bbox 924 1709 1036 1735; x_wconf 89' lang='lat' dir='ltr'><strong>beamur</strong></span> <span class='ocrx_word' id='word_1_580' title='bbox 1052 1708 1133 1743; x_wconf 86' lang='lat' dir='ltr'><strong>recipi</strong></span> <span class='ocrx_word' id='word_1_581' title='bbox 1149 1709 1174 1735; x_wconf 93' lang='lat' dir='ltr'><strong>in</strong></span> <span class='ocrx_word' id='word_1_582' title='bbox 1197 1713 1296 1735; x_wconf 67' lang='lat' dir='ltr'><strong>aeterna</strong></span> <span class='ocrx_word' id='word_1_583' title='bbox 1313 1708 1496 1740; x_wconf 86' lang='lat' dir='ltr'><strong>tabernacula,</strong></span> <span class='ocrx_word' id='word_1_584' title='bbox 1511 1716 1559 1743; x_wconf 89' lang='lat' dir='ltr'><strong>per</strong></span> <span class='ocrx_word' id='word_1_585' title='bbox 1571 1709 1709 1736; x_wconf 80' lang='lat' dir='ltr'><strong>Christum</strong></span> 
     </span>
    </p>
   </div>
   <div class='ocr_carea' id='block_1_82' title="bbox 923 1753 1710 1790">
    <p class='ocr_par' dir='ltr' id='par_1_82' title="bbox 923 1753 1710 1790">
     <span class='ocr_line' id='line_1_82' title="bbox 923 1753 1710 1790; baseline 0.001 -10"><span class='ocrx_word' id='word_1_586' title='bbox 923 1753 1066 1781; x_wconf 87' lang='lat' dir='ltr'><strong>Dominum</strong></span> <span class='ocrx_word' id='word_1_587' title='bbox 1088 1758 1219 1784; x_wconf 87' lang='lat' dir='ltr'><strong>nostrum,</strong></span> <span class='ocrx_word' id='word_1_588' title='bbox 1235 1754 1278 1781; x_wconf 92' lang='lat' dir='ltr'><strong>cui</strong></span> <span class='ocrx_word' id='word_1_589' title='bbox 1299 1759 1340 1781; x_wconf 85' lang='lat' dir='ltr'><strong>est</strong></span> <span class='ocrx_word' id='word_1_590' title='bbox 1350 1754 1435 1789; x_wconf 82' lang='lat' dir='ltr'><strong>gloria</strong></span> <span class='ocrx_word' id='word_1_591' title='bbox 1452 1755 1634 1790; x_wconf 85' lang='lat' dir='ltr'><strong>etimperium</strong></span> <span class='ocrx_word' id='word_1_592' title='bbox 1652 1755 1710 1790; x_wconf 75' lang='lat'><strong>(35)</strong></span> 
     </span>
    </p>
   </div>
   <div class='ocr_carea' id='block_1_83' title="bbox 924 1799 1366 1827">
    <p class='ocr_par' dir='ltr' id='par_1_83' title="bbox 924 1799 1366 1827">
     <span class='ocr_line' id='line_1_83' title="bbox 924 1799 1366 1827; baseline -0.005 0"><span class='ocrx_word' id='word_1_593' title='bbox 924 1799 951 1827; x_wconf 89' lang='lat' dir='ltr'><strong>in</strong></span> <span class='ocrx_word' id='word_1_594' title='bbox 966 1799 1062 1827; x_wconf 65' lang='lat' dir='ltr'><strong>saecula</strong></span> <span class='ocrx_word' id='word_1_595' title='bbox 1080 1799 1252 1826; x_wconf 73' lang='lat' dir='ltr'><strong>steculorum.</strong></span> <span class='ocrx_word' id='word_1_596' title='bbox 1271 1800 1366 1826; x_wconf 77' lang='lat' dir='ltr'><strong>Amen.</strong></span> 
     </span>
    </p>
   </div>
   <div class='ocr_carea' id='block_1_84' title="bbox 1203 1843 1429 1872">
    <p class='ocr_par' dir='ltr' id='par_1_84' title="bbox 1203 1843 1429 1872">
     <span class='ocr_line' id='line_1_84' title="bbox 1203 1843 1429 1872; baseline 0.004 -2"><span class='ocrx_word' id='word_1_597' title='bbox 1203 1844 1343 1871; x_wconf 79' lang='lat' dir='ltr'><strong>llUMlLIA</strong></span> <span class='ocrx_word' id='word_1_598' title='bbox 1359 1843 1429 1872; x_wconf 76' lang='lat' dir='ltr'><strong>XVI.</strong></span> 
     </span>
    </p>
   </div>
   <div class='ocr_carea' id='block_1_85' title="bbox 1104 1889 1534 1916">
    <p class='ocr_par' dir='ltr' id='par_1_85' title="bbox 1104 1889 1534 1916">
     <span class='ocr_line' id='line_1_85' title="bbox 1104 1889 1534 1916; baseline -0.005 0"><span class='ocrx_word' id='word_1_599' title='bbox 1104 1889 1141 1916; x_wconf 88' lang='lat' dir='ltr'><strong>De</strong></span> <span class='ocrx_word' id='word_1_600' title='bbox 1169 1889 1391 1916; x_wconf 75' lang='lat' dir='ltr'><strong>benedictionibus</strong></span> <span class='ocrx_word' id='word_1_601' title='bbox 1413 1889 1534 1915; x_wconf 77' lang='lat' dir='ltr'><strong>eritici.</strong></span> 
     </span>
    </p>
   </div>
   <div class='ocr_carea' id='block_1_86' title="bbox 961 1934 1710 1969">
    <p class='ocr_par' dir='ltr' id='par_1_86' title="bbox 961 1934 1710 1969">
     <span class='ocr_line' id='line_1_86' title="bbox 961 1934 1710 1969; baseline -0.001 -7"><span class='ocrx_word' id='word_1_602' title='bbox 961 1935 987 1962; x_wconf 74' lang='grc' dir='ltr'><strong>Ι.</strong></span> <span class='ocrx_word' id='word_1_603' title='bbox 1013 1934 1041 1961; x_wconf 89' lang='lat' dir='ltr'><strong>lu</strong></span> <span class='ocrx_word' id='word_1_604' title='bbox 1068 1934 1198 1968; x_wconf 79' lang='lat' dir='ltr'><strong>agonibus</strong></span> <span class='ocrx_word' id='word_1_605' title='bbox 1221 1934 1407 1969; x_wconf 85' lang='lat' dir='ltr'><strong>corporalibus</strong></span> <span class='ocrx_word' id='word_1_606' title='bbox 1429 1934 1529 1969; x_wconf 84' lang='lat' dir='ltr'><strong>gradus</strong></span> <span class='ocrx_word' id='word_1_607' title='bbox 1544 1934 1654 1968; x_wconf 87' lang='lat' dir='ltr'><strong>quidam</strong></span> <span class='ocrx_word' id='word_1_608' title='bbox 1683 1939 1710 1961; x_wconf 77' lang='grc' dir='ltr'><strong>ιιι</strong></span> 
     </span>
    </p>
   </div>
   <div class='ocr_carea' id='block_1_87' title="bbox 924 1980 1709 2016">
    <p class='ocr_par' dir='ltr' id='par_1_87' title="bbox 924 1980 1709 2016">
     <span class='ocr_line' id='line_1_87' title="bbox 924 1980 1709 2016; baseline -0.003 -7"><span class='ocrx_word' id='word_1_609' title='bbox 924 1980 1084 2009; x_wconf 75' lang='lat' dir='ltr'><strong>dillerenlite</strong></span> <span class='ocrx_word' id='word_1_610' title='bbox 1100 1981 1268 2016; x_wconf 88' lang='lat' dir='ltr'><strong>singulortttu</strong></span> <span class='ocrx_word' id='word_1_611' title='bbox 1291 1988 1460 2016; x_wconf 88' lang='lat' dir='ltr'><strong>quorttmque</strong></span> <span class='ocrx_word' id='word_1_612' title='bbox 1474 1981 1613 2008; x_wconf 63' lang='lat' dir='ltr'><strong>observari</strong></span> <span class='ocrx_word' id='word_1_613' title='bbox 1635 1981 1709 2007; x_wconf 80' lang='lat' dir='ltr'><strong>ardi-</strong></span> 
     </span>
    </p>
   </div>
   <div class='ocr_carea' id='block_1_88' title="bbox 923 2026 1708 2062">
    <p class='ocr_par' dir='ltr' id='par_1_88' title="bbox 923 2026 1708 2062">
     <span class='ocr_line' id='line_1_88' title="bbox 923 2026 1708 2062; baseline -0.003 -8"><span class='ocrx_word' id='word_1_614' title='bbox 923 2034 988 2054; x_wconf 91' lang='lat' dir='ltr'><strong>num</strong></span> <span class='ocrx_word' id='word_1_615' title='bbox 1001 2026 1100 2059; x_wconf 87' lang='lat' dir='ltr'><strong>solent,</strong></span> <span class='ocrx_word' id='word_1_616' title='bbox 1117 2031 1146 2054; x_wconf 92' lang='lat' dir='ltr'><strong>ut</strong></span> <span class='ocrx_word' id='word_1_617' title='bbox 1160 2035 1209 2062; x_wconf 91' lang='lat' dir='ltr'><strong>pro</strong></span> <span class='ocrx_word' id='word_1_618' title='bbox 1225 2027 1358 2062; x_wconf 87' lang='lat' dir='ltr'><strong>qualitate</strong></span> <span class='ocrx_word' id='word_1_619' title='bbox 1383 2027 1575 2060; x_wconf 82' lang='lat' dir='ltr'><strong>certaminum,</strong></span> <span class='ocrx_word' id='word_1_620' title='bbox 1597 2028 1708 2062; x_wconf 81' lang='lat' dir='ltr'><strong>pranuio</strong></span> 
     </span>
    </p>
   </div>
   <div class='ocr_carea' id='block_1_89' title="bbox 923 2073 1709 2108">
    <p class='ocr_par' dir='ltr' id='par_1_89' title="bbox 923 2073 1709 2108">
     <span class='ocr_line' id='line_1_89' title="bbox 923 2073 1709 2108; baseline 0.001 -8"><span class='ocrx_word' id='word_1_621' title='bbox 923 2078 1114 2100; x_wconf 86' lang='lat' dir='ltr'><strong>remuneretur</strong></span> <span class='ocrx_word' id='word_1_622' title='bbox 1123 2073 1309 2108; x_wconf 85' lang='lat' dir='ltr'><strong>unusquisque</strong></span> <span class='ocrx_word' id='word_1_623' title='bbox 1322 2073 1453 2102; x_wconf 58' lang='lat' dir='ltr'><strong>victoriae.</strong></span> <span class='ocrx_word' id='word_1_624' title='bbox 1472 2073 1554 2101; x_wconf 83' lang='lat' dir='ltr'><strong>Verbi</strong></span> <span class='ocrx_word' id='word_1_625' title='bbox 1572 2073 1669 2108; x_wconf 82' lang='lat' dir='ltr'><strong>gratia,</strong></span> <span class='ocrx_word' id='word_1_626' title='bbox 1685 2073 1709 2101; x_wconf 76' lang='lat' dir='ltr'><strong>si</strong></span> 
     </span>
    </p>
   </div>
   <div class='ocr_carea' id='block_1_90' title="bbox 1015 2128 1716 2165">
    <p class='ocr_par' dir='ltr' id='par_1_90' title="bbox 1015 2128 1716 2165">
     <span class='ocr_line' id='line_1_90' title="bbox 1015 2128 1716 2165; baseline 0.003 -9"><span class='ocrx_word' id='word_1_627' title='bbox 1015 2129 1037 2145; x_wconf 75' lang='lat'><strong>“</strong></span> <span class='ocrx_word' id='word_1_628' title='bbox 1050 2128 1132 2156; x_wconf 87' lang='lat' dir='ltr'><strong>Hebr.</strong></span> <span class='ocrx_word' id='word_1_629' title='bbox 1145 2137 1172 2162; x_wconf 75' lang='grc' dir='ltr'><strong>κ,</strong></span> <span class='ocrx_word' id='word_1_630' title='bbox 1192 2129 1217 2156; x_wconf 85' lang='grc'><strong>1.</strong></span> <span class='ocrx_word' id='word_1_631' title='bbox 1257 2129 1278 2145; x_wconf 81' lang='grc'><strong>⁸⁵</strong></span> <span class='ocrx_word' id='word_1_632' title='bbox 1294 2129 1303 2156; x_wconf 98' lang='lat' dir='ltr'><strong>l</strong></span> <span class='ocrx_word' id='word_1_633' title='bbox 1318 2129 1381 2157; x_wconf 88' lang='lat' dir='ltr'><strong>Cor.</strong></span> <span class='ocrx_word' id='word_1_634' title='bbox 1396 2137 1456 2163; x_wconf 82' lang='lat' dir='ltr'><strong>xttt,</strong></span> <span class='ocrx_word' id='word_1_635' title='bbox 1469 2129 1532 2162; x_wconf 79' lang='lat'><strong>7,8.</strong></span> <span class='ocrx_word' id='word_1_636' title='bbox 1573 2130 1594 2145; x_wconf 85' lang='lat'><strong>“</strong></span> <span class='ocrx_word' id='word_1_637' title='bbox 1605 2129 1716 2165; x_wconf 55' lang='lat' dir='ltr'><strong>Ephcs-</strong></span> 
     </span>
    </p>
   </div>
   <div class='ocr_carea' id='block_1_91' title="bbox 87 2218 1710 2254">
    <p class='ocr_par' dir='ltr' id='par_1_91' title="bbox 87 2218 1710 2254">
     <span class='ocr_line' id='line_1_91' title="bbox 87 2218 1710 2254; baseline 0 -7"><span class='ocrx_word' id='word_1_638' title='bbox 87 2220 339 2254; x_wconf 38' lang='lat' dir='ltr'><strong>consignatapnam</strong></span> <span class='ocrx_word' id='word_1_639' title='bbox 363 2219 388 2245; x_wconf 92' lang='lat' dir='ltr'><strong>in</strong></span> <span class='ocrx_word' id='word_1_640' title='bbox 406 2219 492 2246; x_wconf 91' lang='lat' dir='ltr'><strong>locum</strong></span> <span class='ocrx_word' id='word_1_641' title='bbox 509 2219 608 2254; x_wconf 79' lang='lat' dir='ltr'><strong>veteris</strong></span> <span class='ocrx_word' id='word_1_642' title='bbox 630 2218 708 2253; x_wconf 87' lang='lat' dir='ltr'><strong>cujus</strong></span> <span class='ocrx_word' id='word_1_643' title='bbox 733 2218 870 2254; x_wconf 89' lang='lat' dir='ltr'><strong>scriptura</strong></span> <span class='ocrx_word' id='word_1_644' title='bbox 885 2222 907 2250; x_wconf 86' lang='lat' dir='ltr'><strong>D</strong></span> <span class='ocrx_word' id='word_1_645' title='bbox 923 2223 966 2254; x_wconf 77' lang='lat' dir='ltr'><strong>est</strong></span> <span class='ocrx_word' id='word_1_646' title='bbox 978 2218 1110 2254; x_wconf 83' lang='lat' dir='ltr'><strong>ejusmodi</strong></span> <span class='ocrx_word' id='word_1_647' title='bbox 1126 2218 1285 2254; x_wconf 78' lang='lat' dir='ltr'><strong>particulam</strong></span> <span class='ocrx_word' id='word_1_648' title='bbox 1312 2218 1443 2252; x_wconf 76' lang='lat' dir='ltr'><strong>adiectam</strong></span> <span class='ocrx_word' id='word_1_649' title='bbox 1469 2219 1552 2248; x_wconf 86' lang='lat' dir='ltr'><strong>luisse</strong></span> <span class='ocrx_word' id='word_1_650' title='bbox 1584 2229 1598 2247; x_wconf 87' lang='lat' dir='ltr'><strong>a</strong></span> <span class='ocrx_word' id='word_1_651' title='bbox 1629 2221 1710 2249; x_wconf 80' lang='lat' dir='ltr'><strong>Scuto</strong></span> 
     </span>
    </p>
   </div>
   <div class='ocr_carea' id='block_1_92' title="bbox 87 2253 870 2288">
    <p class='ocr_par' dir='ltr' id='par_1_92' title="bbox 87 2253 870 2288">
     <span class='ocr_line' id='line_1_92' title="bbox 87 2253 870 2288; baseline 0 -7"><span class='ocrx_word' id='word_1_652' title='bbox 87 2253 228 2286; x_wconf 31' lang='lat' dir='ltr'><strong>erasa’est,</strong></span> <span class='ocrx_word' id='word_1_653' title='bbox 248 2253 404 2281; x_wconf 87' lang='lat' dir='ltr'><strong>obtruditur</strong></span> <span class='ocrx_word' id='word_1_654' title='bbox 424 2254 450 2281; x_wconf 91' lang='lat' dir='ltr'><strong>in</strong></span> <span class='ocrx_word' id='word_1_655' title='bbox 467 2253 561 2281; x_wconf 85' lang='lat' dir='ltr'><strong>codice</strong></span> <span class='ocrx_word' id='word_1_656' title='bbox 577 2262 636 2281; x_wconf 81' lang='lat' dir='ltr'><strong>mox</strong></span> <span class='ocrx_word' id='word_1_657' title='bbox 649 2255 732 2281; x_wconf 88' lang='lat' dir='ltr'><strong>citan</strong></span> <span class='ocrx_word' id='word_1_658' title='bbox 750 2253 870 2288; x_wconf 85' lang='lat' dir='ltr'><strong>Saitger—</strong></span> 
     </span>
    </p>
   </div>
   <div class='ocr_carea' id='block_1_93' title="bbox 87 2288 870 2323">
    <p class='ocr_par' dir='ltr' id='par_1_93' title="bbox 87 2288 870 2323">
     <span class='ocr_line' id='line_1_93' title="bbox 87 2288 870 2323; baseline -0.001 -7"><span class='ocrx_word' id='word_1_659' title='bbox 87 2289 215 2317; x_wconf 79' lang='lat' dir='ltr'><strong>tnnnensi.</strong></span> <span class='ocrx_word' id='word_1_660' title='bbox 230 2290 260 2316; x_wconf 80' lang='lat'><strong>5°</strong></span> <span class='ocrx_word' id='word_1_661' title='bbox 275 2289 367 2316; x_wconf 84' lang='lat' dir='ltr'><strong>Lectio</strong></span> <span class='ocrx_word' id='word_1_662' title='bbox 389 2297 395 2315; x_wconf 92' lang='lat'>:</span> <span class='ocrx_word' id='word_1_663' title='bbox 416 2298 426 2315; x_wconf 70' lang='grc' dir='ltr'>ί</span> <span class='ocrx_word' id='word_1_664' title='bbox 450 2288 477 2315; x_wconf 90' lang='lat' dir='ltr'><strong>Si</strong></span> <span class='ocrx_word' id='word_1_665' title='bbox 495 2296 544 2316; x_wconf 89' lang='lat' dir='ltr'><strong>nos</strong></span> <span class='ocrx_word' id='word_1_666' title='bbox 562 2289 650 2323; x_wconf 88' lang='lat' dir='ltr'><strong>aliqtta</strong></span> <span class='ocrx_word' id='word_1_667' title='bbox 669 2289 747 2322; x_wconf 88' lang='lat' dir='ltr'><strong>cttlpa</strong></span> <span class='ocrx_word' id='word_1_668' title='bbox 767 2295 870 2316; x_wconf 89' lang='lat' dir='ltr'><strong>morta-</strong></span> 
     </span>
    </p>
   </div>
   <div class='ocr_carea' id='block_1_94' title="bbox 88 2323 869 2358">
    <p class='ocr_par' dir='ltr' id='par_1_94' title="bbox 88 2323 869 2358">
     <span class='ocr_line' id='line_1_94' title="bbox 88 2323 869 2358; baseline 0.001 -8"><span class='ocrx_word' id='word_1_669' title='bbox 88 2324 116 2351; x_wconf 88' lang='lat' dir='ltr'><strong>lts</strong></span> <span class='ocrx_word' id='word_1_670' title='bbox 133 2326 348 2358; x_wconf 68' lang='lat' dir='ltr'><strong>invenerit,quae</strong></span> <span class='ocrx_word' id='word_1_671' title='bbox 366 2332 418 2351; x_wconf 93' lang='lat' dir='ltr'><strong>non</strong></span> <span class='ocrx_word' id='word_1_672' title='bbox 435 2324 461 2350; x_wconf 89' lang='lat' dir='ltr'><strong>itt</strong></span> <span class='ocrx_word' id='word_1_673' title='bbox 487 2323 604 2358; x_wconf 79' lang='lat' dir='ltr'><strong>crimine</strong></span> <span class='ocrx_word' id='word_1_674' title='bbox 619 2325 739 2355; x_wconf 86' lang='lat' dir='ltr'><strong>mortali,</strong></span> <span class='ocrx_word' id='word_1_675' title='bbox 765 2333 774 2349; x_wconf 70' lang='grc' dir='ltr'><strong>ι</strong></span> <span class='ocrx_word' id='word_1_676' title='bbox 804 2329 869 2356; x_wconf 87' lang='lat' dir='ltr'><strong>etc.,</strong></span> 
     </span>
    </p>
   </div>
   <div class='ocr_carea' id='block_1_95' title="bbox 88 2357 871 2393">
    <p class='ocr_par' dir='ltr' id='par_1_95' title="bbox 88 2357 871 2393">
     <span class='ocr_line' id='line_1_95' title="bbox 88 2357 871 2393; baseline -0.003 -7"><span class='ocrx_word' id='word_1_677' title='bbox 88 2366 262 2393; x_wconf 58' lang='lat' dir='ltr'><strong>praterquam</strong></span> <span class='ocrx_word' id='word_1_678' title='bbox 283 2357 355 2392; x_wconf 80' lang='lat' dir='ltr'><strong>quod</strong></span> <span class='ocrx_word' id='word_1_679' title='bbox 369 2360 469 2386; x_wconf 77' lang='lat' dir='ltr'><strong>c&#39;ttatttr</strong></span> <span class='ocrx_word' id='word_1_680' title='bbox 485 2357 582 2385; x_wconf 88' lang='lat' dir='ltr'><strong>iisdem</strong></span> <span class='ocrx_word' id='word_1_681' title='bbox 598 2359 691 2386; x_wconf 88' lang='lat' dir='ltr'><strong>verbis</strong></span> <span class='ocrx_word' id='word_1_682' title='bbox 707 2367 721 2384; x_wconf 84' lang='lat' dir='ltr'><strong>a</strong></span> <span class='ocrx_word' id='word_1_683' title='bbox 743 2358 871 2393; x_wconf 78' lang='lat' dir='ltr'><strong>Magistro</strong></span> 
     </span>
    </p>
   </div>
   <div class='ocr_carea' id='block_1_96' title="bbox 88 2393 871 2428">
    <p class='ocr_par' dir='ltr' id='par_1_96' title="bbox 88 2393 871 2428">
     <span class='ocr_line' id='line_1_96' title="bbox 88 2393 871 2428; baseline -0.003 -6"><span class='ocrx_word' id='word_1_684' title='bbox 88 2395 281 2422; x_wconf 83' lang='lat' dir='ltr'><strong>sententiarum</strong></span> <span class='ocrx_word' id='word_1_685' title='bbox 293 2394 339 2420; x_wconf 90' lang='lat' dir='ltr'><strong>lib.</strong></span> <span class='ocrx_word' id='word_1_686' title='bbox 356 2393 526 2425; x_wconf 81' lang='lat' dir='ltr'><strong>tv,distinct.</strong></span> <span class='ocrx_word' id='word_1_687' title='bbox 547 2393 590 2423; x_wconf 74' lang='grc'><strong>14,</strong></span> <span class='ocrx_word' id='word_1_688' title='bbox 606 2394 741 2428; x_wconf 91' lang='lat' dir='ltr'><strong>reperitur</strong></span> <span class='ocrx_word' id='word_1_689' title='bbox 760 2393 871 2427; x_wconf 86' lang='lat' dir='ltr'><strong>insuper</strong></span> 
     </span>
    </p>
   </div>
   <div class='ocr_carea' id='block_1_97' title="bbox 89 2428 871 2463">
    <p class='ocr_par' dir='ltr' id='par_1_97' title="bbox 89 2428 871 2463">
     <span class='ocr_line' id='line_1_97' title="bbox 89 2428 871 2463; baseline -0.001 -8"><span class='ocrx_word' id='word_1_690' title='bbox 89 2429 111 2455; x_wconf 90' lang='lat' dir='ltr'><strong>in</strong></span> <span class='ocrx_word' id='word_1_691' title='bbox 128 2430 254 2457; x_wconf 86' lang='lat' dir='ltr'><strong>omnibus</strong></span> <span class='ocrx_word' id='word_1_692' title='bbox 272 2428 470 2456; x_wconf 87' lang='lat' dir='ltr'><strong>vetustioribus</strong></span> <span class='ocrx_word' id='word_1_693' title='bbox 492 2429 695 2463; x_wconf 84' lang='lat' dir='ltr'><strong>manuscriptis,</strong></span> <span class='ocrx_word' id='word_1_694' title='bbox 715 2429 790 2454; x_wconf 87' lang='lat' dir='ltr'><strong>verbi</strong></span> <span class='ocrx_word' id='word_1_695' title='bbox 808 2437 871 2463; x_wconf 82' lang='lat' dir='ltr'><strong>gra-</strong></span> 
     </span>
    </p>
   </div>
   <div class='ocr_carea' id='block_1_98' title="bbox 89 2463 872 2498">
    <p class='ocr_par' dir='ltr' id='par_1_98' title="bbox 89 2463 872 2498">
     <span class='ocr_line' id='line_1_98' title="bbox 89 2463 872 2498; baseline 0.003 -10"><span class='ocrx_word' id='word_1_696' title='bbox 89 2465 121 2490; x_wconf 89' lang='lat' dir='ltr'><strong>tia</strong></span> <span class='ocrx_word' id='word_1_697' title='bbox 135 2463 365 2498; x_wconf 83' lang='lat' dir='ltr'><strong>Sangcrmanensi</strong></span> <span class='ocrx_word' id='word_1_698' title='bbox 381 2463 426 2497; x_wconf 90' lang='lat' dir='ltr'><strong>qtti</strong></span> <span class='ocrx_word' id='word_1_699' title='bbox 444 2471 476 2490; x_wconf 80' lang='lat' dir='ltr'><strong>ex</strong></span> <span class='ocrx_word' id='word_1_700' title='bbox 493 2463 655 2491; x_wconf 86' lang='lat' dir='ltr'><strong>charactere</strong></span> <span class='ocrx_word' id='word_1_701' title='bbox 676 2463 774 2490; x_wconf 89' lang='lat' dir='ltr'><strong>ttnciali</strong></span> <span class='ocrx_word' id='word_1_702' title='bbox 793 2468 872 2490; x_wconf 82' lang='lat' dir='ltr'><strong>sexto</strong></span> 
     </span>
    </p>
   </div>
   <div class='ocr_carea' id='block_1_99' title="bbox 88 2498 870 2533">
    <p class='ocr_par' dir='ltr' id='par_1_99' title="bbox 88 2498 870 2533">
     <span class='ocr_line' id='line_1_99' title="bbox 88 2498 870 2533; baseline -0.001 -8"><span class='ocrx_word' id='word_1_703' title='bbox 88 2499 124 2525; x_wconf 65' lang='lat' dir='ltr'><strong>vel</strong></span> <span class='ocrx_word' id='word_1_704' title='bbox 138 2500 254 2533; x_wconf 89' lang='lat' dir='ltr'><strong>septimo</strong></span> <span class='ocrx_word' id='word_1_705' title='bbox 270 2498 399 2525; x_wconf 78' lang='lat' dir='ltr'><strong>Ecclesia:</strong></span> <span class='ocrx_word' id='word_1_706' title='bbox 415 2498 515 2524; x_wconf 68' lang='lat' dir='ltr'><strong>saeculo</strong></span> <span class='ocrx_word' id='word_1_707' title='bbox 531 2498 649 2532; x_wconf 82' lang='lat' dir='ltr'><strong>Scriptus</strong></span> <span class='ocrx_word' id='word_1_708' title='bbox 664 2498 785 2530; x_wconf 92' lang='lat' dir='ltr'><strong>videtur,</strong></span> <span class='ocrx_word' id='word_1_709' title='bbox 802 2503 829 2524; x_wconf 89' lang='lat' dir='ltr'><strong>et</strong></span> <span class='ocrx_word' id='word_1_710' title='bbox 844 2498 870 2524; x_wconf 90' lang='lat' dir='ltr'><strong>in</strong></span> 
     </span>
    </p>
   </div>
   <div class='ocr_carea' id='block_1_100' title="bbox 88 2533 870 2567">
    <p class='ocr_par' dir='ltr' id='par_1_100' title="bbox 88 2533 870 2567">
     <span class='ocr_line' id='line_1_100' title="bbox 88 2533 870 2567; baseline 0.001 -9"><span class='ocrx_word' id='word_1_711' title='bbox 88 2534 167 2562; x_wconf 89' lang='lat' dir='ltr'><strong>altero</strong></span> <span class='ocrx_word' id='word_1_712' title='bbox 183 2533 353 2564; x_wconf 77' lang='lat' dir='ltr'><strong>FnSsatcnsi.</strong></span> <span class='ocrx_word' id='word_1_713' title='bbox 374 2540 446 2559; x_wconf 90' lang='lat' dir='ltr'><strong>nunc</strong></span> <span class='ocrx_word' id='word_1_714' title='bbox 463 2533 693 2567; x_wconf 84' lang='lat' dir='ltr'><strong>Sangennanensi</strong></span> <span class='ocrx_word' id='word_1_715' title='bbox 719 2533 763 2567; x_wconf 91' lang='lat' dir='ltr'><strong>qtti</strong></span> <span class='ocrx_word' id='word_1_716' title='bbox 787 2533 870 2559; x_wconf 86' lang='lat' dir='ltr'><strong>etiam</strong></span> 
     </span>
    </p>
   </div>
   <div class='ocr_carea' id='block_1_101' title="bbox 86 2567 525 2602">
    <p class='ocr_par' dir='ltr' id='par_1_101' title="bbox 86 2567 525 2602">
     <span class='ocr_line' id='line_1_101' title="bbox 86 2567 525 2602; baseline 0 -8"><span class='ocrx_word' id='word_1_717' title='bbox 86 2573 185 2595; x_wconf 66' lang='lat' dir='ltr'><strong>a&#39;latem</strong></span> <span class='ocrx_word' id='word_1_718' title='bbox 205 2568 260 2596; x_wconf 81' lang='lat'><strong>800</strong></span> <span class='ocrx_word' id='word_1_719' title='bbox 273 2575 408 2594; x_wconf 88' lang='lat' dir='ltr'><strong>aunorunt</strong></span> <span class='ocrx_word' id='word_1_720' title='bbox 426 2567 525 2602; x_wconf 88' lang='lat' dir='ltr'><strong>argttit.</strong></span> 
     </span>
    </p>
   </div>
   <div class='ocr_carea' id='block_1_102' title="bbox 116 2601 871 2638">
    <p class='ocr_par' dir='ltr' id='par_1_102' title="bbox 116 2601 871 2638">
     <span class='ocr_line' id='line_1_102' title="bbox 116 2601 871 2638; baseline -0.001 -8"><span class='ocrx_word' id='word_1_721' title='bbox 116 2603 170 2638; x_wconf 70' lang='lat'><strong>(27)</strong></span> <span class='ocrx_word' id='word_1_722' title='bbox 181 2603 288 2638; x_wconf 70' lang='lat' dir='ltr'><strong>Omnes</strong></span> <span class='ocrx_word' id='word_1_723' title='bbox 306 2610 386 2634; x_wconf 89' lang='lat' dir='ltr'><strong>mss.,</strong></span> <span class='ocrx_word' id='word_1_724' title='bbox 402 2611 411 2627; x_wconf 72' lang='grc' dir='ltr'><strong>ι</strong></span> <span class='ocrx_word' id='word_1_725' title='bbox 426 2601 591 2629; x_wconf 72' lang='lat' dir='ltr'><strong>sermonis.)</strong></span> <span class='ocrx_word' id='word_1_726' title='bbox 609 2601 686 2629; x_wconf 88' lang='lat' dir='ltr'><strong>Libb.</strong></span> <span class='ocrx_word' id='word_1_727' title='bbox 701 2602 778 2634; x_wconf 87' lang='lat' dir='ltr'><strong>editi,</strong></span> <span class='ocrx_word' id='word_1_728' title='bbox 797 2610 871 2629; x_wconf 71' lang='grc' dir='ltr'>(εει--</span> 
     </span>
    </p>
   </div>
   <div class='ocr_carea' id='block_1_103' title="bbox 87 2637 868 2672">
    <p class='ocr_par' dir='ltr' id='par_1_103' title="bbox 87 2637 868 2672">
     <span class='ocr_line' id='line_1_103' title="bbox 87 2637 868 2672; baseline 0 -8"><span class='ocrx_word' id='word_1_729' title='bbox 87 2637 213 2672; x_wconf 79' lang='lat' dir='ltr'><strong>monibus.</strong></span> <span class='ocrx_word' id='word_1_730' title='bbox 238 2648 248 2665; x_wconf 83' lang='grc'><strong>›</strong></span> <span class='ocrx_word' id='word_1_731' title='bbox 278 2637 350 2664; x_wconf 86' lang='lat' dir='ltr'><strong>Infra</strong></span> <span class='ocrx_word' id='word_1_732' title='bbox 380 2644 456 2668; x_wconf 90' lang='lat' dir='ltr'><strong>mss.,</strong></span> <span class='ocrx_word' id='word_1_733' title='bbox 488 2646 497 2662; x_wconf 77' lang='grc' dir='ltr'><strong>ι</strong></span> <span class='ocrx_word' id='word_1_734' title='bbox 530 2637 726 2672; x_wconf 77' lang='lat' dir='ltr'><strong>pwnitndiucm</strong></span> <span class='ocrx_word' id='word_1_735' title='bbox 750 2645 840 2672; x_wconf 68' lang='lat' dir='ltr'><strong>agt-re.</strong></span> <span class='ocrx_word' id='word_1_736' title='bbox 859 2647 868 2663; x_wconf 70' lang='grc' dir='ltr'><strong>ι</strong></span> 
     </span>
    </p>
   </div>
   <div class='ocr_carea' id='block_1_104' title="bbox 85 2671 646 2708">
    <p class='ocr_par' dir='ltr' id='par_1_104' title="bbox 85 2671 646 2708">
     <span class='ocr_line' id='line_1_104' title="bbox 85 2671 646 2708; baseline -0.002 -9"><span class='ocrx_word' id='word_1_737' title='bbox 85 2671 156 2701; x_wconf 76' lang='lat' dir='ltr'><strong>Liblt.</strong></span> <span class='ocrx_word' id='word_1_738' title='bbox 171 2673 249 2705; x_wconf 87' lang='lat' dir='ltr'><strong>editi,</strong></span> <span class='ocrx_word' id='word_1_739' title='bbox 269 2682 278 2698; x_wconf 74' lang='grc' dir='ltr'><strong>ι</strong></span> <span class='ocrx_word' id='word_1_740' title='bbox 298 2672 495 2707; x_wconf 58' lang='lat' dir='ltr'><strong>paenitudinem</strong></span> <span class='ocrx_word' id='word_1_741' title='bbox 510 2671 614 2708; x_wconf 80' lang='lat' dir='ltr'><strong>gerere.</strong></span> <span class='ocrx_word' id='word_1_742' title='bbox 638 2681 646 2698; x_wconf 82' lang='lat' dir='ltr'><strong>I</strong></span> 
     </span>
    </p>
   </div>
   <div class='ocr_carea' id='block_1_105' title="bbox 115 2707 869 2744">
    <p class='ocr_par' dir='ltr' id='par_1_105' title="bbox 115 2707 869 2744">
     <span class='ocr_line' id='line_1_105' title="bbox 115 2707 869 2744; baseline -0.004 -7"><span class='ocrx_word' id='word_1_743' title='bbox 115 2709 169 2744; x_wconf 69' lang='grc'><strong>(28)</strong></span> <span class='ocrx_word' id='word_1_744' title='bbox 187 2708 279 2736; x_wconf 81' lang='lat' dir='ltr'><strong>Semel</strong></span> <span class='ocrx_word' id='word_1_745' title='bbox 292 2714 395 2744; x_wconf 69' lang='lat' dir='ltr'><strong>tantttm</strong></span> <span class='ocrx_word' id='word_1_746' title='bbox 422 2707 581 2744; x_wconf 64' lang='lat' dir='ltr'><strong>mentientia:</strong></span> <span class='ocrx_word' id='word_1_747' title='bbox 595 2727 602 2738; x_wconf 91' lang='lat'><strong>,</strong></span> <span class='ocrx_word' id='word_1_748' title='bbox 622 2713 674 2744; x_wconf 62' lang='lat' dir='ltr'><strong>etc.</strong></span> <span class='ocrx_word' id='word_1_749' title='bbox 698 2707 774 2744; x_wconf 78' lang='lat' dir='ltr'><strong>Lihb.</strong></span> <span class='ocrx_word' id='word_1_750' title='bbox 805 2708 869 2735; x_wconf 91' lang='lat' dir='ltr'><strong>editi</strong></span> 
     </span>
    </p>
   </div>
   <div class='ocr_carea' id='block_1_106' title="bbox 85 2742 869 2776">
    <p class='ocr_par' dir='ltr' id='par_1_106' title="bbox 85 2742 869 2776">
     <span class='ocr_line' id='line_1_106' title="bbox 85 2742 869 2776; baseline -0.001 -6"><span class='ocrx_word' id='word_1_751' title='bbox 85 2742 187 2775; x_wconf 78' lang='lat' dir='ltr'><strong>habent,</strong></span> <span class='ocrx_word' id='word_1_752' title='bbox 204 2753 214 2769; x_wconf 76' lang='grc' dir='ltr'><strong>ε</strong></span> <span class='ocrx_word' id='word_1_753' title='bbox 234 2743 321 2770; x_wconf 82' lang='lat' dir='ltr'><strong>semel</strong></span> <span class='ocrx_word' id='word_1_754' title='bbox 339 2747 444 2768; x_wconf 89' lang='lat' dir='ltr'><strong>tantum</strong></span> <span class='ocrx_word' id='word_1_755' title='bbox 461 2742 501 2768; x_wconf 85' lang='lat' dir='ltr'><strong>vel</strong></span> <span class='ocrx_word' id='word_1_756' title='bbox 523 2750 584 2768; x_wconf 89' lang='lat' dir='ltr'><strong>raro</strong></span> <span class='ocrx_word' id='word_1_757' title='bbox 600 2742 793 2776; x_wconf 55' lang='lat' dir='ltr'><strong>paenitentia,»</strong></span> <span class='ocrx_word' id='word_1_758' title='bbox 815 2748 869 2769; x_wconf 74' lang='lat' dir='ltr'><strong>etc.</strong></span> 
     </span>
    </p>
   </div>
   <div class='ocr_carea' id='block_1_107' title="bbox 82 2777 869 2806">
    <p class='ocr_par' dir='ltr' id='par_1_107' title="bbox 82 2777 869 2806">
     <span class='ocr_line' id='line_1_107' title="bbox 82 2777 869 2806; baseline -0.001 -1"><span class='ocrx_word' id='word_1_759' title='bbox 82 2780 214 2806; x_wconf 72' lang='lat' dir='ltr'><strong>Sedistud</strong></span> <span class='ocrx_word' id='word_1_760' title='bbox 244 2787 254 2804; x_wconf 79' lang='grc' dir='ltr'><strong>ι</strong></span> <span class='ocrx_word' id='word_1_761' title='bbox 273 2777 316 2805; x_wconf 84' lang='lat' dir='ltr'><strong>vel</strong></span> <span class='ocrx_word' id='word_1_762' title='bbox 340 2785 403 2804; x_wconf 82' lang='lat' dir='ltr'><strong>raro</strong></span> <span class='ocrx_word' id='word_1_763' title='bbox 424 2786 433 2801; x_wconf 85' lang='grc'><strong>›</strong></span> <span class='ocrx_word' id='word_1_764' title='bbox 458 2777 534 2804; x_wconf 85' lang='lat' dir='ltr'><strong>abest</strong></span> <span class='ocrx_word' id='word_1_765' title='bbox 566 2778 598 2803; x_wconf 86' lang='lat' dir='ltr'><strong>ah</strong></span> <span class='ocrx_word' id='word_1_766' title='bbox 622 2777 748 2803; x_wconf 90' lang='lat' dir='ltr'><strong>omnibus</strong></span> <span class='ocrx_word' id='word_1_767' title='bbox 773 2785 869 2804; x_wconf 86' lang='lat' dir='ltr'><strong>manu-</strong></span> 
     </span>
    </p>
   </div>
   <div class='ocr_carea' id='block_1_108' title="bbox 82 2811 870 2848">
    <p class='ocr_par' dir='ltr' id='par_1_108' title="bbox 82 2811 870 2848">
     <span class='ocr_line' id='line_1_108' title="bbox 82 2811 870 2848; baseline 0 -9"><span class='ocrx_word' id='word_1_768' title='bbox 82 2815 186 2848; x_wconf 73' lang='lat' dir='ltr'><strong>tcriptis</strong></span> <span class='ocrx_word' id='word_1_769' title='bbox 201 2814 348 2842; x_wconf 86' lang='lat' dir='ltr'><strong>codicibus</strong></span> <span class='ocrx_word' id='word_1_770' title='bbox 365 2820 415 2848; x_wconf 80' lang='lat' dir='ltr'><strong>nec</strong></span> <span class='ocrx_word' id='word_1_771' title='bbox 434 2812 590 2848; x_wconf 78' lang='lat' dir='ltr'><strong>agnoscitur</strong></span> <span class='ocrx_word' id='word_1_772' title='bbox 610 2819 624 2838; x_wconf 91' lang='lat' dir='ltr'><strong>a</strong></span> <span class='ocrx_word' id='word_1_773' title='bbox 647 2811 776 2844; x_wconf 77' lang='lat' dir='ltr'><strong>Magistro</strong></span> <span class='ocrx_word' id='word_1_774' title='bbox 804 2821 870 2839; x_wconf 84' lang='lat' dir='ltr'><strong>sett—</strong></span> 
     </span>
    </p>
   </div>
   <div class='ocr_carea' id='block_1_109' title="bbox 84 2846 870 2882">
    <p class='ocr_par' dir='ltr' id='par_1_109' title="bbox 84 2846 870 2882">
     <span class='ocr_line' id='line_1_109' title="bbox 84 2846 870 2882; baseline 0 -8"><span class='ocrx_word' id='word_1_775' title='bbox 84 2846 221 2878; x_wconf 73' lang='lat' dir='ltr'><strong>tentiuruni</strong></span> <span class='ocrx_word' id='word_1_776' title='bbox 240 2849 291 2876; x_wconf 90' lang='lat' dir='ltr'><strong>lib.</strong></span> <span class='ocrx_word' id='word_1_777' title='bbox 308 2855 346 2881; x_wconf 84' lang='lat' dir='ltr'><strong>IV,</strong></span> <span class='ocrx_word' id='word_1_778' title='bbox 364 2847 428 2874; x_wconf 86' lang='lat' dir='ltr'><strong>dist.</strong></span> <span class='ocrx_word' id='word_1_779' title='bbox 438 2846 463 2873; x_wconf 70' lang='grc'><strong>4.</strong></span> <span class='ocrx_word' id='word_1_780' title='bbox 481 2846 556 2874; x_wconf 86' lang='lat' dir='ltr'><strong>Unde</strong></span> <span class='ocrx_word' id='word_1_781' title='bbox 583 2848 721 2874; x_wconf 80' lang='lat' dir='ltr'><strong>nonnullis</strong></span> <span class='ocrx_word' id='word_1_782' title='bbox 748 2849 870 2882; x_wconf 78' lang='lat' dir='ltr'><strong>suspicio</strong></span> 
     </span>
    </p>
   </div>
   <div class='ocr_carea' id='block_1_110' title="bbox 922 2253 1708 2294">
    <p class='ocr_par' dir='ltr' id='par_1_110' title="bbox 922 2253 1708 2294">
     <span class='ocr_line' id='line_1_110' title="bbox 922 2253 1708 2294; baseline 0.008 -16"><span class='ocrx_word' id='word_1_783' title='bbox 922 2253 967 2294; x_wconf 68' lang='lat' dir='ltr'><strong>qui</strong></span> <span class='ocrx_word' id='word_1_784' title='bbox 983 2254 1083 2294; x_wconf 80' lang='lat' dir='ltr'><strong>veteris</strong></span> <span class='ocrx_word' id='word_1_785' title='bbox 1091 2253 1216 2294; x_wconf 60' lang='lat' dir='ltr'><strong>Ecclesitc</strong></span> <span class='ocrx_word' id='word_1_786' title='bbox 1228 2254 1355 2294; x_wconf 77' lang='lat' dir='ltr'><strong>ignorans</strong></span> <span class='ocrx_word' id='word_1_787' title='bbox 1366 2254 1535 2294; x_wconf 83' lang='lat' dir='ltr'><strong>disciplinam</strong></span> <span class='ocrx_word' id='word_1_788' title='bbox 1552 2264 1604 2294; x_wconf 84' lang='lat' dir='ltr'><strong>qua</strong></span> <span class='ocrx_word' id='word_1_789' title='bbox 1621 2256 1708 2284; x_wconf 85' lang='lat' dir='ltr'><strong>letha-</strong></span> 
     </span>
    </p>
   </div>
   <div class='ocr_carea' id='block_1_111' title="bbox 923 2288 1710 2324">
    <p class='ocr_par' dir='ltr' id='par_1_111' title="bbox 923 2288 1710 2324">
     <span class='ocr_line' id='line_1_111' title="bbox 923 2288 1710 2324; baseline 0.004 -9"><span class='ocrx_word' id='word_1_790' title='bbox 923 2288 1148 2324; x_wconf 24' lang='lat' dir='ltr'><strong>lilllanflllllnlllll</strong></span> <span class='ocrx_word' id='word_1_791' title='bbox 1164 2289 1217 2315; x_wconf 87' lang='lat' dir='ltr'><strong>reis</strong></span> <span class='ocrx_word' id='word_1_792' title='bbox 1233 2289 1317 2316; x_wconf 88' lang='lat' dir='ltr'><strong>setnel</strong></span> <span class='ocrx_word' id='word_1_793' title='bbox 1337 2293 1440 2316; x_wconf 86' lang='lat' dir='ltr'><strong>tantum</strong></span> <span class='ocrx_word' id='word_1_794' title='bbox 1458 2288 1618 2324; x_wconf 74' lang='lat' dir='ltr'><strong>pmnitehtia</strong></span> <span class='ocrx_word' id='word_1_795' title='bbox 1645 2300 1710 2318; x_wconf 83' lang='lat' dir='ltr'><strong>cott—</strong></span> 
     </span>
    </p>
   </div>
   <div class='ocr_carea' id='block_1_112' title="bbox 922 2323 1712 2358">
    <p class='ocr_par' dir='ltr' id='par_1_112' title="bbox 922 2323 1712 2358">
     <span class='ocr_line' id='line_1_112' title="bbox 922 2323 1712 2358; baseline 0.004 -8"><span class='ocrx_word' id='word_1_796' title='bbox 922 2323 1080 2354; x_wconf 84' lang='lat' dir='ltr'><strong>eedebalur,</strong></span> <span class='ocrx_word' id='word_1_797' title='bbox 1095 2323 1221 2358; x_wconf 87' lang='lat' dir='ltr'><strong>Origcuis</strong></span> <span class='ocrx_word' id='word_1_798' title='bbox 1233 2324 1319 2350; x_wconf 88' lang='lat' dir='ltr'><strong>loctttu</strong></span> <span class='ocrx_word' id='word_1_799' title='bbox 1334 2324 1368 2350; x_wconf 88' lang='lat' dir='ltr'><strong>ad</strong></span> <span class='ocrx_word' id='word_1_800' title='bbox 1385 2323 1556 2352; x_wconf 83' lang='lat' dir='ltr'><strong>conttituuettt</strong></span> <span class='ocrx_word' id='word_1_801' title='bbox 1569 2326 1610 2352; x_wconf 87' lang='lat' dir='ltr'><strong>sui</strong></span> <span class='ocrx_word' id='word_1_802' title='bbox 1641 2331 1712 2353; x_wconf 85' lang='lat' dir='ltr'><strong>teut-</strong></span> 
     </span>
    </p>
   </div>
   <div class='ocr_carea' id='block_1_113' title="bbox 923 2358 1695 2395">
    <p class='ocr_par' dir='ltr' id='par_1_113' title="bbox 923 2358 1695 2395">
     <span class='ocr_line' id='line_1_113' title="bbox 923 2358 1695 2395; baseline 0.003 -10"><span class='ocrx_word' id='word_1_803' title='bbox 923 2358 996 2391; x_wconf 87' lang='lat' dir='ltr'><strong>poris</strong></span> <span class='ocrx_word' id='word_1_804' title='bbox 1009 2359 1234 2395; x_wconf 69' lang='lat' dir='ltr'><strong>scholasticorum</strong></span> <span class='ocrx_word' id='word_1_805' title='bbox 1252 2359 1404 2395; x_wconf 74' lang='lat' dir='ltr'><strong>opinionem</strong></span> <span class='ocrx_word' id='word_1_806' title='bbox 1425 2361 1517 2394; x_wconf 89' lang='lat' dir='ltr'><strong>paucis</strong></span> <span class='ocrx_word' id='word_1_807' title='bbox 1536 2361 1650 2395; x_wconf 86' lang='lat' dir='ltr'><strong>adjectis</strong></span> <span class='ocrx_word' id='word_1_808' title='bbox 1667 2370 1695 2388; x_wconf 86' lang='lat' dir='ltr'><strong>re</strong></span> 
     </span>
    </p>
   </div>
   <div class='ocr_carea' id='block_1_114' title="bbox 923 2393 1710 2429">
    <p class='ocr_par' dir='ltr' id='par_1_114' title="bbox 923 2393 1710 2429">
     <span class='ocr_line' id='line_1_114' title="bbox 923 2393 1710 2429; baseline 0.004 -10"><span class='ocrx_word' id='word_1_809' title='bbox 923 2400 1019 2429; x_wconf 84' lang='lat' dir='ltr'><strong>vocare</strong></span> <span class='ocrx_word' id='word_1_810' title='bbox 1036 2394 1158 2420; x_wconf 86' lang='lat' dir='ltr'><strong>tentavit.</strong></span> <span class='ocrx_word' id='word_1_811' title='bbox 1172 2393 1255 2420; x_wconf 82' lang='lat' dir='ltr'><strong>Porro</strong></span> <span class='ocrx_word' id='word_1_812' title='bbox 1268 2395 1311 2427; x_wconf 92' lang='lat' dir='ltr'><strong>qui</strong></span> <span class='ocrx_word' id='word_1_813' title='bbox 1323 2393 1388 2420; x_wconf 92' lang='lat' dir='ltr'><strong>olim</strong></span> <span class='ocrx_word' id='word_1_814' title='bbox 1402 2393 1460 2429; x_wconf 84' lang='lat' dir='ltr'><strong>post</strong></span> <span class='ocrx_word' id='word_1_815' title='bbox 1471 2401 1557 2422; x_wconf 87' lang='lat' dir='ltr'><strong>actatn</strong></span> <span class='ocrx_word' id='word_1_816' title='bbox 1570 2393 1710 2429; x_wconf 51' lang='lat' dir='ltr'><strong>poeniten-</strong></span> 
     </span>
    </p>
   </div>
   <div class='ocr_carea' id='block_1_115' title="bbox 923 2428 1708 2464">
    <p class='ocr_par' dir='ltr' id='par_1_115' title="bbox 923 2428 1708 2464">
     <span class='ocr_line' id='line_1_115' title="bbox 923 2428 1708 2464; baseline 0.004 -11"><span class='ocrx_word' id='word_1_817' title='bbox 923 2428 986 2454; x_wconf 88' lang='lat' dir='ltr'><strong>tiatu</strong></span> <span class='ocrx_word' id='word_1_818' title='bbox 1004 2428 1029 2454; x_wconf 92' lang='lat' dir='ltr'><strong>in</strong></span> <span class='ocrx_word' id='word_1_819' title='bbox 1046 2429 1139 2464; x_wconf 81' lang='lat' dir='ltr'><strong>eadem</strong></span> <span class='ocrx_word' id='word_1_820' title='bbox 1164 2433 1211 2454; x_wconf 87' lang='lat' dir='ltr'><strong>attt</strong></span> <span class='ocrx_word' id='word_1_821' title='bbox 1237 2429 1334 2455; x_wconf 90' lang='lat' dir='ltr'><strong>similia</strong></span> <span class='ocrx_word' id='word_1_822' title='bbox 1364 2429 1524 2456; x_wconf 84' lang='lat' dir='ltr'><strong>labebantur</strong></span> <span class='ocrx_word' id='word_1_823' title='bbox 1543 2428 1653 2464; x_wconf 73' lang='lat' dir='ltr'><strong>ﬂagitia,</strong></span> <span class='ocrx_word' id='word_1_824' title='bbox 1675 2433 1708 2458; x_wconf 84' lang='lat' dir='ltr'><strong>ab</strong></span> 
     </span>
    </p>
   </div>
   <div class='ocr_carea' id='block_1_116' title="bbox 922 2463 1710 2498">
    <p class='ocr_par' dir='ltr' id='par_1_116' title="bbox 922 2463 1710 2498">
     <span class='ocr_line' id='line_1_116' title="bbox 922 2463 1710 2498; baseline 0.004 -9"><span class='ocrx_word' id='word_1_825' title='bbox 922 2464 995 2489; x_wconf 88' lang='lat' dir='ltr'><strong>omni</strong></span> <span class='ocrx_word' id='word_1_826' title='bbox 1010 2463 1138 2497; x_wconf 82' lang='lat' dir='ltr'><strong>deinceps</strong></span> <span class='ocrx_word' id='word_1_827' title='bbox 1161 2464 1219 2490; x_wconf 87' lang='lat' dir='ltr'><strong>sive</strong></span> <span class='ocrx_word' id='word_1_828' title='bbox 1239 2464 1346 2497; x_wconf 87' lang='lat' dir='ltr'><strong>publica</strong></span> <span class='ocrx_word' id='word_1_829' title='bbox 1365 2464 1422 2491; x_wconf 86' lang='lat' dir='ltr'><strong>sive</strong></span> <span class='ocrx_word' id='word_1_830' title='bbox 1442 2466 1546 2498; x_wconf 87' lang='lat' dir='ltr'><strong>privata</strong></span> <span class='ocrx_word' id='word_1_831' title='bbox 1578 2463 1710 2498; x_wconf 70' lang='lat' dir='ltr'><strong>pmtdtru-</strong></span> 
     </span>
    </p>
   </div>
   <div class='ocr_carea' id='block_1_117' title="bbox 923 2498 1708 2532">
    <p class='ocr_par' dir='ltr' id='par_1_117' title="bbox 923 2498 1708 2532">
     <span class='ocr_line' id='line_1_117' title="bbox 923 2498 1708 2532; baseline 0.003 -8"><span class='ocrx_word' id='word_1_832' title='bbox 923 2499 959 2524; x_wconf 84' lang='lat' dir='ltr'><strong>tia</strong></span> <span class='ocrx_word' id='word_1_833' title='bbox 986 2498 1106 2532; x_wconf 79' lang='lat' dir='ltr'><strong>repulsos</strong></span> <span class='ocrx_word' id='word_1_834' title='bbox 1132 2498 1216 2524; x_wconf 78' lang='lat' dir='ltr'><strong>fuisse</strong></span> <span class='ocrx_word' id='word_1_835' title='bbox 1246 2499 1352 2526; x_wconf 80' lang='lat' dir='ltr'><strong>abunde</strong></span> <span class='ocrx_word' id='word_1_836' title='bbox 1372 2499 1561 2526; x_wconf 86' lang='lat' dir='ltr'><strong>demonstrant</strong></span> <span class='ocrx_word' id='word_1_837' title='bbox 1587 2501 1708 2526; x_wconf 73' lang='lat' dir='ltr'><strong>Marinus</strong></span> 
     </span>
    </p>
   </div>
   <div class='ocr_carea' id='block_1_118' title="bbox 923 2532 1707 2566">
    <p class='ocr_par' dir='ltr' id='par_1_118' title="bbox 923 2532 1707 2566">
     <span class='ocr_line' id='line_1_118' title="bbox 923 2532 1707 2566; baseline 0.005 -8"><span class='ocrx_word' id='word_1_838' title='bbox 923 2532 969 2559; x_wconf 89' lang='lat' dir='ltr'><strong>lib.</strong></span> <span class='ocrx_word' id='word_1_839' title='bbox 987 2541 1012 2563; x_wconf 79' lang='grc' dir='ltr'><strong>ν.</strong></span> <span class='ocrx_word' id='word_1_840' title='bbox 1028 2540 1088 2566; x_wconf 88' lang='lat' dir='ltr'><strong>cap.</strong></span> <span class='ocrx_word' id='word_1_841' title='bbox 1101 2533 1147 2566; x_wconf 77' lang='grc'><strong>27,</strong></span> <span class='ocrx_word' id='word_1_842' title='bbox 1164 2539 1187 2560; x_wconf 86' lang='grc' dir='ltr'><strong>ει</strong></span> <span class='ocrx_word' id='word_1_843' title='bbox 1201 2532 1328 2560; x_wconf 76' lang='lat' dir='ltr'><strong>Petavius</strong></span> <span class='ocrx_word' id='word_1_844' title='bbox 1343 2535 1368 2560; x_wconf 91' lang='lat' dir='ltr'><strong>iu</strong></span> <span class='ocrx_word' id='word_1_845' title='bbox 1402 2535 1458 2561; x_wconf 77' lang='lat' dir='ltr'><strong>suis</strong></span> <span class='ocrx_word' id='word_1_846' title='bbox 1482 2535 1707 2562; x_wconf 74' lang='lat' dir='ltr'><strong>Aduolationibue</strong></span> 
     </span>
    </p>
   </div>
   <div class='ocr_carea' id='block_1_119' title="bbox 922 2566 1359 2600">
    <p class='ocr_par' dir='ltr' id='par_1_119' title="bbox 922 2566 1359 2600">
     <span class='ocr_line' id='line_1_119' title="bbox 922 2566 1359 2600; baseline 0.005 -8"><span class='ocrx_word' id='word_1_847' title='bbox 922 2567 957 2593; x_wconf 81' lang='lat' dir='ltr'><strong>ad</strong></span> <span class='ocrx_word' id='word_1_848' title='bbox 978 2566 1167 2600; x_wconf 78' lang='lat' dir='ltr'><strong>Epiphaniam,</strong></span> <span class='ocrx_word' id='word_1_849' title='bbox 1185 2567 1279 2594; x_wconf 61' lang='lat' dir='ltr'><strong>haeres.</strong></span> <span class='ocrx_word' id='word_1_850' title='bbox 1304 2576 1359 2595; x_wconf 80' lang='lat' dir='ltr'><strong>th.</strong></span> 
     </span>
    </p>
   </div>
   <div class='ocr_carea' id='block_1_120' title="bbox 959 2601 1656 2637">
    <p class='ocr_par' dir='ltr' id='par_1_120' title="bbox 959 2601 1656 2637">
     <span class='ocr_line' id='line_1_120' title="bbox 959 2601 1656 2637; baseline 0.004 -9"><span class='ocrx_word' id='word_1_851' title='bbox 959 2601 1014 2637; x_wconf 68' lang='lat'>(29)</span> <span class='ocrx_word' id='word_1_852' title='bbox 1027 2603 1117 2628; x_wconf 63' lang='lat' dir='ltr'><strong>(index</strong></span> <span class='ocrx_word' id='word_1_853' title='bbox 1134 2603 1292 2636; x_wconf 82' lang='lat' dir='ltr'><strong>Sangerm.,</strong></span> <span class='ocrx_word' id='word_1_854' title='bbox 1310 2612 1318 2628; x_wconf 72' lang='grc' dir='ltr'><strong>ι</strong></span> <span class='ocrx_word' id='word_1_855' title='bbox 1340 2607 1434 2630; x_wconf 87' lang='lat' dir='ltr'><strong>auctor</strong></span> <span class='ocrx_word' id='word_1_856' title='bbox 1447 2611 1555 2636; x_wconf 85' lang='lat' dir='ltr'><strong>aurum,</strong></span> <span class='ocrx_word' id='word_1_857' title='bbox 1575 2614 1583 2630; x_wconf 80' lang='grc' dir='ltr'><strong>ι</strong></span> <span class='ocrx_word' id='word_1_858' title='bbox 1602 2611 1656 2631; x_wconf 88' lang='lat' dir='ltr'><strong>etc.</strong></span> 
     </span>
    </p>
   </div>
   <div class='ocr_carea' id='block_1_121' title="bbox 957 2637 1708 2675">
    <p class='ocr_par' dir='ltr' id='par_1_121' title="bbox 957 2637 1708 2675">
     <span class='ocr_line' id='line_1_121' title="bbox 957 2637 1708 2675; baseline 0.004 -13"><span class='ocrx_word' id='word_1_859' title='bbox 957 2638 1013 2669; x_wconf 72' lang='lat'><strong>(50)</strong></span> <span class='ocrx_word' id='word_1_860' title='bbox 1030 2637 1125 2664; x_wconf 73' lang='lat' dir='ltr'><strong>Sensit.</strong></span> <span class='ocrx_word' id='word_1_861' title='bbox 1144 2638 1226 2675; x_wconf 78' lang='lat' dir='ltr'><strong>Deest</strong></span> <span class='ocrx_word' id='word_1_862' title='bbox 1243 2638 1270 2663; x_wconf 89' lang='lat' dir='ltr'><strong>in</strong></span> <span class='ocrx_word' id='word_1_863' title='bbox 1287 2637 1351 2664; x_wconf 85' lang='lat' dir='ltr'><strong>libb.</strong></span> <span class='ocrx_word' id='word_1_864' title='bbox 1371 2643 1450 2665; x_wconf 75' lang='lat' dir='ltr'><strong>antea</strong></span> <span class='ocrx_word' id='word_1_865' title='bbox 1471 2640 1562 2670; x_wconf 87' lang='lat' dir='ltr'><strong>editis.</strong></span> <span class='ocrx_word' id='word_1_866' title='bbox 1578 2642 1625 2667; x_wconf 83' lang='lat' dir='ltr'><strong>scd</strong></span> <span class='ocrx_word' id='word_1_867' title='bbox 1644 2649 1708 2675; x_wconf 76' lang='lat' dir='ltr'><strong>sttp~</strong></span> 
     </span>
    </p>
   </div>
   <div class='ocr_carea' id='block_1_122' title="bbox 922 2671 1254 2706">
    <p class='ocr_par' dir='ltr' id='par_1_122' title="bbox 922 2671 1254 2706">
     <span class='ocr_line' id='line_1_122' title="bbox 922 2671 1254 2706; baseline 0 -8"><span class='ocrx_word' id='word_1_868' title='bbox 922 2671 1013 2706; x_wconf 86' lang='lat' dir='ltr'><strong>pletnr</strong></span> <span class='ocrx_word' id='word_1_869' title='bbox 1027 2680 1040 2698; x_wconf 88' lang='lat' dir='ltr'><strong>e</strong></span> <span class='ocrx_word' id='word_1_870' title='bbox 1053 2673 1254 2706; x_wconf 74' lang='lat' dir='ltr'><strong>manuscriptis.</strong></span> 
     </span>
    </p>
   </div>
   <div class='ocr_carea' id='block_1_123' title="bbox 957 2706 1704 2745">
    <p class='ocr_par' dir='ltr' id='par_1_123' title="bbox 957 2706 1704 2745">
     <span class='ocr_line' id='line_1_123' title="bbox 957 2706 1704 2745; baseline 0.007 -12"><span class='ocrx_word' id='word_1_871' title='bbox 957 2706 1013 2745; x_wconf 57' lang='grc' dir='ltr'>(ξι)</span> <span class='ocrx_word' id='word_1_872' title='bbox 1025 2707 1118 2745; x_wconf 53' lang='grc' dir='ltr'>Διδεηι</span> <span class='ocrx_word' id='word_1_873' title='bbox 1127 2707 1329 2745; x_wconf 65' lang='lat' dir='ltr'><strong>omniasperat.</strong></span> <span class='ocrx_word' id='word_1_874' title='bbox 1343 2707 1432 2745; x_wconf 17' lang='lat' dir='ltr'><strong>iLribb.</strong></span> <span class='ocrx_word' id='word_1_875' title='bbox 1444 2708 1611 2741; x_wconf 78' lang='lat' dir='ltr'><strong>ed.,tomnia</strong></span> <span class='ocrx_word' id='word_1_876' title='bbox 1621 2717 1679 2745; x_wconf 89' lang='lat' dir='ltr'><strong>sup.</strong></span> <span class='ocrx_word' id='word_1_877' title='bbox 1696 2722 1704 2737; x_wconf 82' lang='grc' dir='ltr'><strong>ι</strong></span> 
     </span>
    </p>
   </div>
   <div class='ocr_carea' id='block_1_124' title="bbox 959 2741 1486 2777">
    <p class='ocr_par' dir='ltr' id='par_1_124' title="bbox 959 2741 1486 2777">
     <span class='ocr_line' id='line_1_124' title="bbox 959 2741 1486 2777; baseline 0.002 -9"><span class='ocrx_word' id='word_1_878' title='bbox 959 2743 1026 2775; x_wconf 68' lang='lat' dir='ltr'><strong>(St&#39;)</strong></span> <span class='ocrx_word' id='word_1_879' title='bbox 1038 2741 1102 2770; x_wconf 82' lang='lat' dir='ltr'><strong>Fort</strong></span> <span class='ocrx_word' id='word_1_880' title='bbox 1112 2742 1191 2777; x_wconf 80' lang='lat' dir='ltr'><strong>leg_,t</strong></span> <span class='ocrx_word' id='word_1_881' title='bbox 1204 2742 1253 2774; x_wconf 81' lang='lat' dir='ltr'><strong>Qui</strong></span> <span class='ocrx_word' id='word_1_882' title='bbox 1272 2743 1327 2770; x_wconf 62' lang='lat' dir='ltr'><strong>haec</strong></span> <span class='ocrx_word' id='word_1_883' title='bbox 1341 2744 1486 2771; x_wconf 64' lang='lat' dir='ltr'><strong>aedificat.)</strong></span> 
     </span>
    </p>
   </div>
   <div class='ocr_carea' id='block_1_125' title="bbox 959 2777 1703 2814">
    <p class='ocr_par' dir='ltr' id='par_1_125' title="bbox 959 2777 1703 2814">
     <span class='ocr_line' id='line_1_125' title="bbox 959 2777 1703 2814; baseline 0.005 -12"><span class='ocrx_word' id='word_1_884' title='bbox 959 2778 1017 2814; x_wconf 48' lang='lat' dir='ltr'><strong>(b2)</strong></span> <span class='ocrx_word' id='word_1_885' title='bbox 1034 2777 1107 2814; x_wconf 47' lang='lat' dir='ltr'><strong>lites”</strong></span> <span class='ocrx_word' id='word_1_886' title='bbox 1118 2786 1127 2801; x_wconf 85' lang='grc'><strong><em>‹</em></strong></span> <span class='ocrx_word' id='word_1_887' title='bbox 1141 2778 1265 2814; x_wconf 71' lang='lat' dir='ltr'><strong>pretium.</strong></span> <span class='ocrx_word' id='word_1_888' title='bbox 1287 2787 1296 2802; x_wconf 84' lang='grc'><strong>›</strong></span> <span class='ocrx_word' id='word_1_889' title='bbox 1313 2778 1389 2805; x_wconf 84' lang='lat' dir='ltr'><strong>Libb.</strong></span> <span class='ocrx_word' id='word_1_890' title='bbox 1405 2779 1481 2810; x_wconf 84' lang='lat' dir='ltr'><strong>editi,</strong></span> <span class='ocrx_word' id='word_1_891' title='bbox 1497 2789 1506 2806; x_wconf 74' lang='lat' dir='ltr'><strong>c</strong></span> <span class='ocrx_word' id='word_1_892' title='bbox 1524 2781 1672 2814; x_wconf 73' lang='lat' dir='ltr'><strong>prmtniutu.</strong></span> <span class='ocrx_word' id='word_1_893' title='bbox 1694 2790 1703 2806; x_wconf 76' lang='grc' dir='ltr'><strong>ι</strong></span> 
     </span>
    </p>
   </div>
   <div class='ocr_carea' id='block_1_126' title="bbox 958 2808 1706 2850">
    <p class='ocr_par' dir='ltr' id='par_1_126' title="bbox 958 2808 1706 2850">
     <span class='ocr_line' id='line_1_126' title="bbox 958 2808 1706 2850; baseline 0.007 -14"><span class='ocrx_word' id='word_1_894' title='bbox 958 2808 1014 2846; x_wconf 73' lang='grc'><strong>(55)</strong></span> <span class='ocrx_word' id='word_1_895' title='bbox 1031 2808 1064 2837; x_wconf 79' lang='lat' dir='ltr'><strong>Et</strong></span> <span class='ocrx_word' id='word_1_896' title='bbox 1077 2808 1322 2850; x_wconf 36' lang='lat' dir='ltr'><strong>imper-iuunnbccst</strong></span> <span class='ocrx_word' id='word_1_897' title='bbox 1342 2814 1367 2839; x_wconf 92' lang='lat' dir='ltr'><strong>iu</strong></span> <span class='ocrx_word' id='word_1_898' title='bbox 1387 2814 1463 2841; x_wconf 77' lang='lat' dir='ltr'><strong>libris</strong></span> <span class='ocrx_word' id='word_1_899' title='bbox 1476 2808 1570 2848; x_wconf 55' lang='grc' dir='ltr'><strong>Μῦς,</strong></span> <span class='ocrx_word' id='word_1_900' title='bbox 1584 2817 1630 2843; x_wconf 76' lang='lat' dir='ltr'><strong>sed</strong></span> <span class='ocrx_word' id='word_1_901' title='bbox 1645 2824 1706 2850; x_wconf 68' lang='lat' dir='ltr'><strong>sup-</strong></span> 
     </span>
    </p>
   </div>
   <div class='ocr_carea' id='block_1_127' title="bbox 922 2846 1459 2882">
    <p class='ocr_par' dir='ltr' id='par_1_127' title="bbox 922 2846 1459 2882">
     <span class='ocr_line' id='line_1_127' title="bbox 922 2846 1459 2882; baseline 0.007 -10"><span class='ocrx_word' id='word_1_902' title='bbox 922 2847 1009 2881; x_wconf 86' lang='lat' dir='ltr'><strong>plctur</strong></span> <span class='ocrx_word' id='word_1_903' title='bbox 1021 2854 1036 2874; x_wconf 84' lang='grc' dir='ltr'><strong>ε</strong></span> <span class='ocrx_word' id='word_1_904' title='bbox 1048 2854 1098 2875; x_wconf 83' lang='lat' dir='ltr'><strong>ms.</strong></span> <span class='ocrx_word' id='word_1_905' title='bbox 1110 2846 1206 2874; x_wconf 76' lang='lat' dir='ltr'><strong>codice</strong></span> <span class='ocrx_word' id='word_1_906' title='bbox 1220 2847 1459 2882; x_wconf 77' lang='lat' dir='ltr'><strong>Saugermaucusi.</strong></span> 
     </span>
    </p>
   </div>
  </div>
