1894 3058
156 138 208 165 503

876 132 1036 162 ORlGENlS

1728 124 1779 151 δθι

158 195 229 222 inter
248 203 347 230 pueros
357 196 419 230 quis
437 196 534 223 habeat
554 203 678 230 agonem,
692 195 714 222 si
735 195 804 222 inter
816 194 939 229 juvenes.
957 195 978 223 Α
995 199 1047 218 non
1070 194 1169 222 tamen,
1185 194 1212 217 ul
1227 188 1388 224 quibusdam
1403 186 1521 218 videtttr,
1545 184 1580 212 ita
1598 184 1626 211 in
1638 182 1700 211 illos
1708 183 1781 210 solos

159 242 181 268 si
198 242 269 268 inter
291 242 375 274 viros,
391 249 450 276 qua:
462 249 510 276 per
531 241 652 276 singulos
665 241 775 268 ordines
788 239 942 268 observatio

159 287 252 314 haberi
276 288 383 318 debeat,
399 287 463 321 quid
487 287 544 314 lieri
559 287 647 320 liceat,
663 287 762 322 quidve
775 294 829 313 non
850 285 942 317 liceat,

160 339 187 359 et
201 341 262 367 qum
273 334 431 360 certaminis
447 333 538 368 regula
557 333 701 365 custodiri,
713 332 778 367 quid
789 331 871 359 etiam
883 334 945 365 post

162 379 218 404 lucc
231 379 457 406 remunerationis
475 384 612 406 mereatur
623 378 712 413 palma
724 377 867 409 vincentis.
879 375 944 411 ipsis

161 423 336 450 nihilominus
366 424 488 458 agonicis
513 424 617 460 legibus
644 429 751 451 caututn
773 427 825 451 est.
853 422 891 449 lla
918 427 945 449 et

162 476 232 495 nunc
239 469 409 503 omnipotens
426 469 497 497 Deus
509 470 686 497 observandas
700 469 768 504 legis
779 476 834 496 suae
852 468 878 495 in
895 468 946 495 hoc

162 515 260 541 mundo
269 522 383 549 agonem
401 515 561 543 mortalibus
572 523 686 550 ponens,
699 520 873 551 posteaquam
891 519 946 541 tra-

161 559 228 586 didit
243 561 413 588 observanda
424 561 634 597 quamplurima,
651 567 678 589 et
694 561 758 596 quid
778 561 835 588 lleri
847 561 948 596 quidve

162 612 214 632 non
225 605 282 633 ﬁeri
290 606 399 639 debeat,
413 607 540 642 ascripsit
556 608 767 641 ;convenienter
775 607 809 634 ad
823 606 947 634 ultimum

158 649 218 684 jam
236 651 350 679 Levitiei
374 652 484 686 librum,
501 653 527 680 in
542 661 596 688 quo
610 654 645 682 de
662 653 776 689 singulis
796 653 949 688 quibusque

161 696 399 725 observationibus
418 699 595 726 constitutum
607 703 660 731 est,
676 698 742 733 quid
767 698 887 725 muneris
906 704 949 724 re-

163 746 252 775 portet
263 742 308 776 qui
323 743 484 777 impleverit,
504 749 533 770 et
547 744 613 778 quid
623 751 709 778 preme
724 744 821 771 subeat
836 742 880 778 qui
896 751 948 770 non

163 787 361 820 observaverit,
374 789 506 816 enuntiat.
523 788 577 816 Sed
600 789 623 817 si
639 789 683 816 lex
704 789 853 817 secundum
877 789 949 823 quod

163 832 246 859 Jtttltcl
260 833 362 865 volunt,
377 839 405 861 et
423 835 450 862 hi
469 835 514 870 qui
528 842 622 864 eorum
640 842 721 862 sensu
738 833 893 869 Scripturas
909 833 951 860 in-

166 878 324 913 telligendas
341 884 447 914 putauit,
467 888 521 908 non
547 885 590 909 est
604 880 744 916 spiritalis,
759 880 805 908 sed
821 880 949 913 carnalis,

165 925 274 952 dubium
293 933 345 953 non
361 931 403 954 est
418 926 484 961 quin
500 927 642 954 observata
660 926 819 959 carnaliter,
840 926 951 953 benedi-

166 971 268 998 ctioncs
285 979 393 1007 quoque
413 972 538 1000 carnales
552 972 763 1000 observantibus
783 973 895 999 tribuat.
921 971 950 1000 Si

164 1023 240 1048 vero,
257 1021 285 1044 ut
299 1017 383 1044 Paulo
402 1017 509 1044 videtur
527 1017 659 1052 apostolo,
679 1018 722 1045 lex
739 1018 869 1052 spiritalis
897 1023 951 1051 est,

166 1062 224 1090 sine
235 1063 316 1089 dubio
333 1067 360 1089 et
376 1063 536 1098 spiritaliter
549 1063 719 1091 observanda
731 1068 784 1095 est,
799 1068 828 1090 et
841 1063 952 1098 spirita-

167 1107 199 1134 lis
215 1115 246 1134 ex
261 1115 291 1134 ea
305 1108 521 1136 benedictionnm
540 1110 676 1144 speranda
690 1109 881 1136 remuneratio.
896 1108 951 1135 Tn-

167 1154 220 1180 tius
247 1161 364 1187 nutuque
389 1155 595 1189 consequentia:
621 1159 674 1187 est,
698 1154 848 1189 spiritalem
866 1154 951 1188 legem

165 1199 370 1227 benedictiones
386 1200 452 1228 dare
462 1201 616 1238 _spiritales,
641 1205 669 1229 et
683 1200 801 1235 ejusdem
816 1201 954 1228 nihilomi—

167 1253 218 1272 nus
243 1247 444 1280 consequentiae
460 1251 512 1279 est,
535 1247 619 1274 etiam
639 1247 782 1274 maledicta
803 1251 830 1274 et
851 1247 953 1274 conde-

167 1290 318 1318 muatiottes
332 1291 397 1325 legis
406 1291 537 1326 spiritalis
551 1299 605 1318 non
615 1298 677 1319 esse
687 1298 845 1326 corporeas.
858 1290 911 1317 Sed
926 1295 955 1318 ut

169 1335 349 1362 indubitatmn
370 1336 406 1363 sit
417 1337 487 1371 quod
501 1337 629 1368 dicimus,
644 1336 730 1372 ipsius
743 1335 821 1364 Pauli
839 1336 954 1371 apostoli

168 1387 235 1407 voce
251 1385 370 1413 utamur,
385 1389 437 1415 qua
453 1382 486 1409 ad
501 1382 632 1416 Ephesios
643 1382 765 1410 scribens
783 1382 815 1409 de
829 1382 955 1417 spiritua-

170 1425 239 1452 libus
255 1424 487 1453 benedictionibus
499 1427 549 1454 hoc
559 1427 638 1454 modo
650 1427 822 1461 pronuntiat:
843 1436 852 1452 ι
868 1426 953 1454 Bene-

170 1470 370 1506 dictus,-inquit
382 1472 415 1504 ⁸⁸,
436 1472 507 1500 Deus
525 1477 552 1500 ct
571 1472 652 1500 Pater
664 1473 770 1500 Domini
796 1472 879 1500 nostri
891 1471 953 1499 Jesu

992 237 1159 272 diriguntur,
1180 240 1210 262 ut
1225 235 1294 262 alius
1310 241 1342 261 ex
1357 233 1400 260 his
1419 231 1585 267 participare
1602 237 1655 256 non
1675 228 1779 263 possit:

994 283 1096 311 idcirco
1113 289 1160 309 eas
1179 280 1316 316 spiritales
1338 277 1482 314 Apostolus
1500 275 1660 306 nominavit,
1677 278 1707 301 ut
1723 273 1782 308 qui-

994 335 1099 363 cunque
1125 327 1195 354 eﬂici
1222 325 1341 361 potuerit
1356 325 1382 351 in
1405 323 1507 350 virtute
1522 327 1549 348 ct
1571 320 1678 355 spiritu,
1707 319 1780 346 verbi

994 374 1092 409 gratia,
1114 372 1189 405 Sem,
1205 371 1246 398 vel
1261 370 1369 405 Japhet,
1389 368 1431 395 vel
1448 368 1559 402 Ioseph,
1574 371 1621 393 aut
1633 365 1720 396 Isaac,
1737 368 1782 391 aut

993 420 1088 453 Jacob,
1112 419 1183 446 sicut
1206 416 1369 451 etJoannes
1388 414 1439 442 t‘uit
1463 414 1489 441 in
1515 412 1612 448 spiritu
1639 416 1667 438 et.
1684 410 1783 437 virtute

995 467 1069 498 Elite,
1083 465 1168 501 possit
1178 464 1261 491 etiam
1278 463 1338 498 ipse
1352 460 1549 489 benedictionis
1562 457 1633 485 illius
1648 456 1783 490 particeps

999 512 1069 544 ﬁeri,
1084 512 1161 545 cujus
1179 510 1307 536 virtutem
1322 511 1349 535 et
1366 506 1491 542 spiritum
1509 503 1632 539 gesserit.

1031 557 1060 584 2.
1073 557 1126 585 Sed
1140 556 1280 583 videamus
1299 560 1372 580 nunc
1385 552 1411 579 in
1426 550 1549 578 Levitico
1564 548 1783 576 benedictionum

996 603 1068 639 quod
1078 603 1114 630 sit
1125 601 1276 629 exordium.
1291 607 1300 624 ε
1315 598 1356 630 Si,
1371 597 1459 632 inquit
1470 596 1504 629 ",
1518 595 1545 622 in
1561 594 1705 629 praeceptis
1718 593 1786 619 meis

998 638 1215 678 ambulaveritis,
1230 649 1257 672 et
1271 643 1398 672 tnandata
1416 649 1474 669 mea
1496 639 1683 668 custodieritis
1701 642 1729 665 et
1746 638 1785 665 le-

998 694 1091 723 ceritis
1106 701 1149 722 ea.
1164 703 1173 720 ι
1193 692 1257 720 Tria
1268 694 1330 719 sunt
1346 696 1407 724 quae
1419 687 1486 715 dicit
1500 695 1508 714 :
1523 687 1548 714 in
1567 684 1712 720 praeceptis
1729 691 1786 711 am-

998 740 1155 770 bulandmn,
1176 737 1302 764 mandata
1317 733 1506 764 custodienda,
1529 736 1556 759 et
1581 730 1705 758 facienda
1727 736 1787 763 quae

999 786 1124 814 mandata
1146 788 1219 812 sunt.
1241 782 1318 811 Unde
1330 780 1437 808 videtur
1450 777 1515 805 mihi
1537 781 1701 811 praeceptum
1715 782 1787 806 esse,

999 831 1074 859 verbi
1087 831 1185 865 gratia,
1201 836 1263 856 cum
1275 827 1386 862 iubetur
1401 829 1430 852 ut
1445 825 1491 852 ille
1503 824 1548 858 qui
1565 822 1717 849 Sabbatum
1732 828 1785 846 non

1001 877 1133 908 servavit,
1146 877 1180 903 ab
1194 873 1266 902 omni
1281 879 1416 908 synagoga
1435 870 1569 906 lapidetur
1582 876 1590 894 :
1607 872 1654 894 aut
1669 866 1715 901 qui
1732 874 1788 892 tua-

1001 924 1096 951 ledixit
1114 921 1256 950 Dominum
1277 924 1305 946 ut
1317 917 1452 954 lapidibus
1471 916 1634 951 perimatur,
1651 918 1679 941 et
1694 912 1717 940 si
1735 920 1786 946 qua

998 968 1128 1004 jubeutur
1155 964 1321 1001 hujusmodi.
1350 963 1475 990 Mandata
1498 968 1563 988 vero
1585 966 1657 990 esse,
1689 958 1789 992 quibus

999 1002 1120 1048 iubetur,
1145 1012 1219 1040 verbi
1246 1017 1340 1043 causa,
1362 1008 1482 1035 decimas
1500 1004 1592 1034 oﬂ‘erri
1607 1003 1720 1035 Levitis,
1747 1002 1788 1028 vel

1004 1059 1079 1086 terin
1095 1065 1165 1085 anno
1180 1063 1313 1091 apparere
1327 1054 1453 1086 Domino,
1470 1052 1512 1080 vel
1527 1059 1579 1079 non
1594 1057 1730 1086 apparere
1742 1056 1790 1075 va-

1003 1112 1081 1131 ctunu
1110 1103 1136 1129 in
1164 1105 1311 1136 conspectu
1341 1097 1458 1126 Domini.
1488 1096 1632 1124 Custodire
1657 1098 1701 1122 est
1725 1101 1791 1127 ergo

1004 1150 1173 1180 mandatum,
1187 1147 1340 1181 intelligere
1355 1144 1397 1171 vel
1412 1144 1554 1170 advertere
1570 1149 1629 1177 quae
1644 1141 1790 1175 jubentur.

1003 1195 1104 1222 Facere
1118 1199 1205 1221 autem
1218 1191 1386 1224 mandatmn,
1400 1195 1441 1217 est
1454 1189 1568 1224 implere
1581 1186 1790 1222 qumjubcntur.

1005 1240 1050 1267 Sic
1074 1247 1139 1274 ergo
1154 1237 1357 1273 intelligendum
1379 1240 1445 1270 puto
1465 1234 1536 1270 quod
1558 1233 1650 1260 dixit:
1674 1241 1683 1257 ι
1708 1231 1737 1258 Si
1765 1231 1791 1256 in

1004 1285 1145 1321 prtcceptis
1164 1284 1232 1311 meis
1251 1281 1468 1313 ambulaveritis,
1484 1285 1511 1308 et
1525 1279 1652 1307 mandata
1671 1285 1730 1305 mea
1745 1285 1793 1306 cue

1006 1332 1164 1363 stodieritis,
1182 1336 1209 1357 et
1227 1329 1350 1357 feceritis
1366 1335 1409 1355 ea.
1428 1337 1439 1354 ι
1457 1327 1508 1354 Sed
1525 1326 1666 1353 videamus
1682 1331 1744 1357 qum
1758 1322 1794 1348 sit

1006 1378 1092 1413 prima
1110 1376 1262 1404 benedictio
1282 1375 1315 1402 iis
1328 1375 1373 1409 qui
1389 1381 1421 1401 ea
1440 1381 1501 1408 qua:
1517 1372 1680 1399 mandantur
1695 1368 1790 1404 imple-

1005 1424 1105 1451 verint.
1116 1433 1124 1449 Ι
1141 1422 1226 1455 Dabo,
1244 1421 1331 1457 inquit
1343 1420 1377 1452 7",
1392 1419 1510 1454 pluviam
1526 1417 1603 1444 vobis
1620 1416 1647 1443 in
1667 1421 1792 1449 tempore

1007 1477 1066 1497 suo.
1085 1478 1094 1494 ι
1116 1467 1199 1503 Igitur
1213 1466 1300 1501 primo
1315 1465 1347 1492 ad
1363 1463 1469 1491 Iudaeos
1491 1462 1623 1492 dicamus,
1645 1464 1673 1487 et
1686 1466 1734 1486 eos
1747 1458 1794 1492 qui

171 1516 282 1550 Christi,
295 1504 339 1552 qdi
357 1517 492 1545 benedixit
507 1526 555 1546 nos
571 1518 597 1545 in
613 1518 687 1546 onmi
700 1519 888 1546 benedictione
901 1518 956 1552 spi‘
969 1526 990 1555 ρ
1007 1514 1166 1549 simpliciter
1188 1512 1231 1539 vel
1248 1510 1427 1546 corporaliter
1453 1509 1511 1535 haec
1535 1506 1713 1540 intelligenda
1735 1504 1792 1538 opi-

173 1562 243 1589 ritali
262 1563 288 1589 in
302 1563 459 1591 coelestibus
479 1564 505 1591 in
525 1563 646 1592 Christo.
671 1574 680 1590 ι
698 1565 831 1598 Quoniam
847 1565 955 1599 quidem

172 1608 274 1636 sciebat
285 1609 429 1637 nonnullos
443 1609 564 1644 legentes
577 1611 610 1638 de
623 1611 856 1638 benedictionibus
878 1618 957 1644 posse

173 1653 200 1679 in
217 1653 242 1679 id
259 1654 374 1688 prolabi,
386 1660 415 1681 ut
427 1662 472 1681 eas
482 1654 774 1689 corporalcsputarent
785 1659 812 1681 et
824 1660 955 1686 terrenas,

173 1699 258 1726 voluit
272 1699 312 1726 eis
325 1701 477 1727 evidentius
495 1700 602 1736 aperire
619 1708 678 1735 qua:
692 1701 726 1727 sit
743 1700 895 1727 divinarum
911 1700 956 1727 be.

174 1745 356 1773 nedictionum
374 1752 481 1780 natura,
496 1747 536 1774 vel
551 1746 593 1774 ubi
612 1747 767 1780 quaerenda,
780 1751 808 1773 et
821 1746 881 1773 ideo
897 1746 934 1773 ait
950 1755 956 1774 :

176 1799 186 1814 ι
201 1789 250 1822 Qui
267 1791 403 1818 benedixit
417 1799 466 1818 nos
478 1792 504 1818 in
525 1791 598 1818 omni
610 1791 798 1818 benedictione
811 1790 892 1826 264
904 1791 959 1824 spi-

174 1835 246 1862 ritali
264 1837 288 1863 itt
309 1837 466 1864 caelestibus
484 1838 510 1864 in
525 1837 644 1864 Christo.
661 1845 672 1862 ι
693 1836 745 1863 Sed
764 1840 792 1863 el.
807 1836 858 1863 hoc
886 1835 958 1870 quod

173 1883 288 1916 addidit,
310 1893 318 1909 ι
340 1883 365 1910 in
382 1884 456 1911 omni
474 1883 661 1912 benedictione
677 1882 804 1918 spiritali,
821 1892 831 1908 ι
852 1889 906 1909 non
918 1887 960 1909 cst

173 1927 301 1960 otiosum.
318 1929 364 1956 sed
380 1929 536 1963 apostolica:
551 1929 732 1956 vehemenlim
754 1929 873 1963 plenutn.
891 1927 958 1954 Nam

173 1973 235 2007 quia
252 1974 356 2000 sciebat
371 1974 452 2001 tnulta
472 1982 534 2002 esse
550 1974 696 2009 implenda,
715 1981 775 2008 quae
797 1973 961 2000 mandantur

175 2018 200 2044 in
215 2018 282 2053 lege,
295 2024 322 2045 et
336 2019 362 2045 in
380 2027 541 2054 unoquoque
558 2020 684 2046 mandato
696 2019 820 2053 proprios
828 2018 961 2046 exsistere

175 2072 285 2098 agones,
303 2064 329 2091 in
355 2065 454 2099 quibus
477 2073 525 2099 per
542 2065 648 2099 singula
668 2064 886 2092 benedictionem
914 2064 960 2098 qui

175 2109 297 2135 vinceret
315 2115 473 2142 mereretur,
490 2109 549 2136 ideo
564 2109 630 2136 dixit
645 2116 650 2133 ε
668 2121 676 2134 ι
695 2109 743 2142 Qui
763 2108 960 2136 benedixitnos

175 2154 202 2180 in
220 2155 294 2181 omni
322 2154 510 2181 benedictione
526 2155 658 2189 spiritali;
678 2164 688 2180 ι
715 2159 782 2181 tttet
798 2155 889 2189 plures
914 2163 960 2182 eas

175 2201 334 2226 ostenderet
352 2207 422 2231 esse,
446 2205 473 2227 et
490 2200 637 2235 spiritales.
651 2200 743 2228 Potest
765 2206 854 2228 autem
869 2201 895 2228 in
909 2201 959 2228 hoc
977 2192 998 2218 Ι)

175 2252 300 2272 sermone
313 2253 367 2279 quo
384 2245 421 2271 ait
439 2255 449 2270 ι
468 2246 494 2272 in
508 2246 581 2273 ontni
598 2246 784 2273 benedictione
802 2247 928 2281 spiritali,
947 2256 956 2272 ι

175 2295 202 2317 et
218 2289 282 2316 illud
301 2291 433 2325 intelligi,
449 2296 489 2324 ut,
510 2291 583 2318 verbi
606 2292 703 2326 gratia,
714 2292 805 2326 justus
820 2293 921 2327 quique
932 2297 961 2319 et

175 2336 314 2368 perfectus
341 2337 431 2370 capiat
444 2337 647 2364 hencdictioues
670 2336 794 2369 Levitici,
812 2337 845 2364 de
863 2338 961 2371 quibus

175 2389 247 2409 nunc
260 2390 350 2409 sermo
363 2388 403 2410 est
419 2392 425 2409 :
442 2384 530 2417 capiat
551 2389 578 2410 ct
596 2391 643 2410 eas
653 2391 713 2418 qua:
731 2383 756 2410 in
779 2383 846 2410 libro
862 2383 960 2409 Nume-

175 2435 266 2455 rorutn
280 2429 389 2463 scripta:
400 2433 474 2460 sunt,
495 2429 542 2456 sed
555 2435 582 2456 et
598 2429 656 2456 illas
668 2436 728 2463 qua:
744 2430 769 2455 in
787 2429 855 2455 libro
873 2428 960 2456 Gene-

174 2474 212 2502 sis
223 2475 400 2502 continentur
415 2475 613 2502 bencdictioncs
623 2474 679 2502 Noe
694 2475 725 2501 ad
736 2474 797 2501 Sent
812 2480 839 2500 et
852 2473 959 2508 Japltet,

173 2525 201 2547 et
214 2521 417 2548 benedictiones
432 2518 507 2548 lsaac
521 2521 554 2547 ad
570 2520 663 2552 Jacob,
688 2524 715 2546 et
729 2519 791 2546 item
807 2519 891 2548 .lacob
916 2519 961 2546 be-

174 2567 343 2593 nedictioucs
354 2567 386 2593 ad
400 2565 510 2600 Joseph,
527 2570 553 2593 et
568 2567 694 2600 Ephrem,
713 2569 739 2592 et
756 2565 917 2598 Manassem,
934 2570 961 2592 et

175 2616 236 2646 post
245 2612 301 2639 haec
311 2613 344 2638 ad
357 2612 500 2640 duodecim
511 2613 693 2647 patriarchas.
706 2611 772 2645 Quia
786 2619 850 2647 ergo
870 2611 960 2638 multa:

175 2657 447 2686 suutbcncdictiones
461 2659 554 2693 positae
570 2658 596 2685 in
613 2659 711 2686 divinis
728 2659 887 2693 Scripturis,
899 2666 959 2692 quae

176 2705 300 2732 videntur
313 2706 421 2739 quidem
436 2707 470 2733 ad
481 2713 699 2741 unumquemque
715 2710 882 2737 sanctorutn,
897 2713 959 2731 ver-

177 2750 202 2777 bi
229 2751 326 2783 gratia,
351 2750 384 2776 ad
403 2751 476 2782 Sem,
495 2750 535 2776 vel
555 2750 661 2785 Japhet,
676 2755 724 2777 aut
748 2749 846 2784 Joseph
869 2749 959 2784 dirigi,

213 2837 234 2851 ”
248 2839 345 2874 Epltes.
365 2848 383 2874 ι,
402 2841 428 2867 5.
471 2842 490 2857 ⁵⁸
515 2841 600 2869 Levit.
616 2850 687 2874 uva,
707 2842 733 2868 3.

772 2842 795 2858 "
811 2841 876 2869 ibid
893 2841 919 2868 ι.
958 2841 977 2855 ⁷¹
996 2839 1088 2867 Matth.
1115 2847 1139 2871 \',
1162 2839 1206 2866 45,

1009 1565 1127 1588 nantur:
1153 1559 1175 1586 si
1192 1557 1282 1593 pluvia
1304 1557 1361 1584 haec
1387 1561 1515 1589 tanquam
1536 1551 1723 1579 remuneratio
1746 1557 1795 1585 pro

1007 1605 1144 1633 laboribus
1164 1603 1244 1630 datur
1263 1602 1296 1628 iis
1313 1601 1358 1635 qui
1383 1598 1510 1626 tnandata
1539 1596 1707 1628 custodiunt,
1724 1601 1794 1628 quo-

1008 1653 1088 1680 tnodo
1103 1655 1130 1678 et
1153 1650 1186 1678 iis
1203 1650 1249 1684 qui
1267 1650 1392 1675 mandata
1414 1654 1468 1673 non
1484 1647 1606 1675 servant,
1632 1650 1686 1669 una
1713 1645 1797 1675 atque

1008 1698 1101 1725 eadem
1117 1697 1196 1724 datur
1213 1694 1304 1730 pluvia
1327 1691 1493 1727 temporibus
1513 1689 1578 1720 suis,
1598 1693 1626 1715 ct
1650 1687 1797 1713 universus

1010 1741 1124 1770 mundus
1142 1739 1330 1768 communibus
1357 1730 1441 1764 utitur
1466 1734 1562 1770 pluviis
1585 1741 1600 1759 a
1625 1732 1681 1759 Deo
1706 1731 1796 1758 datis!

1008 1789 1081 1816 Pluit
1095 1788 1167 1815 enim
1183 1793 1264 1820 super
1275 1785 1397 1819 justoset
1412 1781 1527 1816 injustos
1540 1781 1574 1806 ⁷¹.
1591 1778 1667 1813 Quod
1681 1778 1703 1805 si
1713 1776 1797 1811 justis

1009 1840 1035 1863 et
1051 1834 1158 1869 injustis
1171 1834 1251 1860 datur
1266 1831 1368 1867 pluvia,
1384 1837 1436 1856 non
1450 1827 1502 1854 erit
1516 1826 1615 1854 eximia
1634 1831 1796 1851 remuneraa

1011 1881 1047 1908 tio
1068 1881 1100 1907 iis
1127 1880 1172 1914 qui
1192 1878 1318 1905 mandata
1343 1875 1524 1904 servaverint.
1552 1872 1617 1899 Vide
1642 1877 1707 1906 ergo
1732 1869 1796 1903 quia

1009 1926 1115 1954 etiamsi
1137 1925 1221 1952 Judaei
1242 1931 1294 1951 non
1310 1922 1487 1956 acquiescant
1501 1919 1590 1946 verbis
1609 1917 1672 1944 Jcsu
1688 1916 1796 1943 Domini

1011 1973 1106 2004 nostri,
1127 1977 1153 1998 tu
1169 1975 1258 1997 tatnen
1270 1969 1316 2004 qui
1330 1967 1439 1995 nomine
1453 1966 1511 2001 ejus
1525 1963 1659 1994 censeris,
1675 1967 1703 1989 et
1718 1962 1798 1989 Chri-

1011 2018 1115 2044 stianus
1140 2014 1295 2051 appellaris,
1313 2013 1398 2040 debes
1416 2012 1441 2039 ei
1456 2012 1569 2038 credere
1596 2008 1709 2040 dicenti,
1736 2007 1796 2041 quia

1011 2063 1088 2090 Pater
1102 2069 1165 2089 suus
1182 2061 1304 2088 caelestis
1317 2065 1489 2086 communem
1510 2057 1580 2084 hanc
1594 2055 1714 2090 pluviam
1731 2053 1797 2087 pluit

1011 2109 1188 2144 superjustos
1203 2111 1229 2134 et
1245 2105 1358 2140 iniustos
1373 2113 1380 2132 :
1400 2109 1428 2132 et
1452 2112 1504 2130 non
1519 2103 1601 2130 debes
1616 2105 1722 2136 pularc,
1736 2099 1798 2133 quia

1009 2156 1089 2191 justis
1103 2154 1228 2181 eximiam
1258 2150 1427 2187 separaverit
1447 2150 1598 2184 portionem
1617 2147 1688 2174 hanc
1717 2153 1798 2180 quam

1013 2208 1184 2230 communem
1204 2200 1295 2234 posuit
1314 2199 1395 2226 etiam
1414 2204 1475 2224 cum
1496 2194 1616 2230 iujustis.
1637 2192 1800 2225 Quaeramus

1013 2255 1077 2282 ergo
1091 2249 1116 2274 in
1137 2246 1288 2280 Scripturis
1300 2251 1359 2279 quae
1372 2243 1407 2271 sit
1426 2242 1530 2276 pluvia,
1547 2248 1606 2274 qua:
1622 2239 1726 2266 sanctis
1741 2243 1801 2264 tan-

1013 2293 1152 2320 tummodo
1165 2292 1256 2324 datur,
1278 2294 1305 2317 et
1331 2290 1364 2316 de
1389 2296 1440 2323 qua
1465 2287 1610 2314 mandatur
1626 2284 1743 2311 nubibus
1768 2290 1801 2309 ne

1015 2340 1107 2374 pluant
1129 2338 1247 2373 pluviatu
1267 2338 1346 2364 istam
1364 2343 1445 2369 super
1467 2333 1591 2368 injustas.
1608 2331 1673 2365 Quzc
1686 2338 1754 2365 ergo
1767 2330 1801 2356 sit

1014 2387 1065 2412 ista
1081 2385 1180 2420 pluvia,
1202 2385 1260 2418 ipse
1277 2390 1326 2410 nos
1348 2382 1453 2417 Moyses
1466 2380 1561 2407 borum
1584 2378 1724 2413 lcgislator
1737 2377 1800 2403 edu—

1013 2436 1084 2459 ceat.
1102 2431 1160 2465 Ipse
1173 2430 1246 2456 enim
1263 2428 1328 2455 tlicit
1353 2428 1380 2454 in
1394 2424 1638 2453 Deuteronomio"
1652 2431 1659 2449 :
1680 2432 1689 2448 ε
1706 2423 1800 2449 Atten-

1014 2477 1056 2509 dc,
1072 2476 1182 2509 coelum,
1196 2479 1223 2502 et
1239 2474 1342 2508 loquar,
1364 2477 1391 2500 et
1406 2471 1498 2499 audiat
1515 2475 1588 2496 terra
1605 2468 1687 2496 verba
1701 2475 1735 2494 ex
1753 2475 1800 2494 ore

1014 2529 1084 2554 meo,
1101 2524 1273 2554 exspectetur
1295 2519 1366 2545 sicut
1389 2517 1477 2552 pluvia
1500 2515 1636 2549 eloquium
1660 2521 1764 2540 meum.
1787 2522 1797 2538 ι

1015 2567 1139 2601 Nunquid
1158 2573 1217 2593 mea
1240 2565 1320 2591 verba
1341 2569 1405 2591 sunt
1424 2562 1496 2589 ista?
1513 2560 1637 2594 Nunquid
1654 2558 1799 2586 rhetoricis

1015 2612 1179 2648 argumentis
1194 2618 1303 2638 sensum
1322 2609 1420 2637 divina:
1443 2607 1510 2641 legis
1524 2606 1660 2633 violenter
1683 2604 1800 2631 inﬂecti-

1014 2658 1092 2685 ntus?
1108 2657 1202 2684 Nonne
1214 2656 1318 2690 Moyses
1332 2658 1373 2682 est
1388 2654 1432 2688 qui
1448 2653 1513 2680 dicit
1526 2652 1644 2686 pluviam
1660 2649 1800 2684 essequod

1013 2703 1150 2737 loquitur?
1164 2712 1173 2728 ι
1192 2701 1382 2735 Exspectetur,
1397 2699 1485 2734 inquit
1499 2698 1532 2730 ",
1552 2697 1624 2724 sicut
1639 2696 1732 2729 pluvia
1743 2696 1800 2723 clo-

1014 2750 1107 2784 quium
1128 2755 1230 2781 meum,
1249 2751 1275 2774 et
1295 2745 1461 2774 descendant
1476 2744 1547 2772 sicut
1562 2750 1606 2770 ros
1625 2742 1708 2769 verba
1728 2747 1798 2774 mea,

1245 2839 1267 2854 "
1285 2838 1361 2865 Deut.
1387 2843 1473 2869 xxxtt,
1490 2835 1544 2867 ιθ..
1582 2834 1606 2850 ⁷³
1621 2834 1687 2861 ibid.
