1894 3058
79 137 130 164 555

637 134 669 161 ΙΝ
688 132 875 161 LEVlTlCL'M
895 132 1035 161 ll0.\llLlA
1057 133 1124 161 XVI.

1640 138 1692 165 5ϋὸ

79 197 144 223 sicut
163 196 247 222 imber
263 202 345 229 super
359 202 484 228 gramen,
505 199 533 221 et
557 195 630 222 sicut
650 195 695 222 nix
714 202 795 229 super
813 194 854 221 fe-
870 196 891 223 Α
907 193 932 220 in
949 198 1089 228 tempore:
1108 195 1178 222 sicut
1190 197 1216 220 ct
1231 193 1312 221 tritici
1328 202 1482 222 ntensuram
1499 204 1593 223 servus
1608 197 1694 225 lldelis

79 250 148 268 num.
163 250 172 267 ι
185 241 293 268 Intende
306 241 459 275 diligenter,
470 240 587 273 attditor,
603 249 637 268 tte
647 246 724 275 putes
739 248 788 267 nos
801 241 854 267 vint

79 287 163 314 facere
178 286 325 321 Scriptura:
347 286 455 318 divinae,
476 293 537 313 cum
553 286 682 314 docentes
703 286 853 314 Ecclesium

78 333 186 360 dicimus
199 333 238 360 vel
248 333 386 366 aquas,vel
397 333 506 366 itnbres,
518 333 560 360 vel
575 333 626 360 alia
639 341 699 368 qum
710 333 855 368 corporali-

79 379 172 405 terdici
183 379 317 410 videntur,
327 379 490 414 spiritaliter
499 380 652 407 scnticnda.
661 380 730 407 Audi
744 380 854 415 Moysen

77 425 204 458 quontollo
213 425 324 452 verbum
340 425 405 460 legis
418 433 489 452 nunc
502 426 620 461 pluviam
639 426 769 459 nominat,
783 434 855 454 nunc

78 477 160 496 rorem
178 476 265 502 vocat,
275 478 347 498 nunc
360 471 486 504 imbrem,
502 479 574 500 nunc
583 472 664 500 etiam
677 472 764 500 nivem
777 472 853 501 dicit.

77 515 110 542 Et
121 516 186 543 sicut
201 516 306 551 Moyses
324 517 398 544 varia
417 523 445 545 ot
469 518 575 546 diversa
601 519 774 553 proloquitnr
793 523 854 546 tati—

76 568 150 595 qttain
164 569 196 590 ex
213 563 302 597 gratia
333 563 508 591 multiformis
534 564 582 592 Dei
605 565 745 600 sapientiae
767 565 856 600 prolo-

76 614 168 641 quens,
190 608 225 635 ita
239 614 264 635 et
283 609 368 637 lsaias
387 616 448 636 cum
465 610 531 637 dicit
541 610 566 627 ⁷⁸
583 619 590 638 :
612 619 622 637 ι
646 611 726 644 Audi,
743 611 854 644 caelum,

74 657 101 679 ct
115 654 217 689 percipe
231 655 351 687 attribuis,
365 661 447 688 terra,
462 657 588 692 quoniam
604 657 734 686 Dominus
752 659 855 687 locutus

75 705 122 726 est.
143 708 153 726 ι
174 700 225 727 Sed
245 707 272 728 et
294 703 481 737 unusquisque
495 704 688 738 prophetarum
710 712 773 732 cttm
791 713 855 740 ape-

77 747 154 773 ruerit
175 754 217 780 os,
236 747 337 775 imbres
353 749 462 776 deducit
475 756 560 783 super
577 750 673 777 facient
697 755 786 781 terrae.
804 752 855 779 hoc

74 794 113 816 est
133 792 243 820 auribus
263 799 291 820 et
308 794 435 821 cordibus
449 795 617 823 auditorum.
634 795 690 824 Hoc
711 797 802 824 sciens
826 803 854 825 et

73 837 202 869 apostolus
217 837 317 866 Paulus
334 839 441 867 dicebat
452 841 475 856 ⁷⁵
490 849 497 868 ;
519 849 528 866 ι
544 841 627 868 Terra
645 843 717 870 enim
738 843 848 870 venien-

905 245 932 266 et
946 241 1063 274 prudens
1080 241 1105 267 in
1123 241 1268 276 Evangelio
1290 243 1428 270 conservis
1449 243 1513 270 dare
1534 243 1644 276 jubetur
1667 245 1693 272 in

907 290 1035 319 tempore.
1051 285 1103 312 Sed
1117 291 1144 313 et
1161 287 1212 314 alio
1225 287 1303 314 modo
1321 295 1463 321 possumus
1477 287 1627 323 intelligere
1644 289 1695 316 hoc

905 331 977 365 quod
994 331 1138 358 mandatur
1153 332 1239 359 imber
1258 334 1362 360 damlcs
1376 334 1402 360 in
1418 338 1549 367 tempore.
1566 335 1637 361 Puer
1654 340 1693 361 esi

905 375 1012 411 aliquis.
1023 381 1048 403 et
1065 377 1191 409 parvulus
1206 377 1231 404 in
1244 377 1310 410 fide;
1323 378 1426 412 indiget
1441 378 1540 412 pluvia,
1551 380 1598 406 sed
1615 379 1696 407 lactis

904 423 1006 458 pluvia.
1022 423 1067 450 Sic
1090 424 1161 450 enim
1186 424 1250 451 dicit
1277 425 1332 456 ille,
1349 425 1392 460 qui
1419 424 1519 452 sciebat
1540 425 1644 460 pluvias
1669 425 1695 452 in

906 473 1028 503 tempore
1049 469 1225 504 dispensare:
1243 479 1253 496 ε
1269 470 1322 498 Lac
1338 471 1413 498 vobis
1431 476 1523 506 potum
1547 472 1621 503 dedi,
1638 480 1691 499 non

905 521 1014 548 escam,
1039 517 1157 543 nomium
1183 516 1254 543 ettitn
1277 518 1449 551 poteratis".
1470 527 1479 544 ι
1498 517 1615 545 Profecit
1630 524 1692 552 post

905 560 962 588 haec
982 561 1008 588 in
1029 562 1090 594 (ide,
1107 562 1191 588 crevit
1209 567 1287 589 tctate
1308 567 1337 589 et
1363 564 1504 598 sapientia.
1528 564 1612 599 Aptus
1634 565 1693 592 si..e

905 606 986 633 dubio
1006 606 1093 632 factus
1114 610 1166 638 est,
1187 606 1231 640 qui
1255 606 1409 634 solidiorem
1435 607 1566 642 percipiat
1589 609 1691 635 cibum.

904 650 1058 678 ltifirtnatur
1069 651 1176 685 aliquis.
1190 657 1217 679 et
1232 660 1284 679 ιιοιι
1307 659 1357 686 pro
1373 658 1505 688 teiitpore,
1523 653 1569 680 sed
1587 661 1634 687 pro
1651 654 1693 679 in-

905 697 1033 724 firmitate
1046 706 1144 732 capere
1155 706 1208 725 non
1222 704 1312 733 potest
1323 707 1382 733 quae
1398 700 1506 727 robusta
1520 704 1582 727 sunt
1594 708 1600 724 :
1618 699 1691 726 verbi

905 751 1055 776 causa,non
1078 748 1165 777 potest
1186 744 1263 779 plene
1289 745 1323 772 de
1339 745 1463 773 castitate
1477 752 1574 780 capere
1587 753 1692 772 sermo~

906 794 1102 825 nem;oportet
1118 792 1235 826 compati
1255 796 1283 818 et
1299 791 1387 818 metiri
1408 792 1559 820 doctrinam
1581 801 1630 827 pro
1649 793 1692 820 vi-

905 838 973 865 rium
989 838 1132 872 qualitate,
1148 843 1176 866 et
1190 839 1300 866 concedi
1325 839 1421 866 talibus
1446 838 1563 873 nuptias.
1581 838 1636 866 Iloc
1650 843 1693 866 est

75 887 123 909 tein
145 883 242 918 sapius
265 893 348 920 ευριπ
372 894 402 913 se
426 887 523 915 bibens
552 887 679 922 imbrem,
703 894 731 916 ει
751 891 851 924 κει-ηιξ.
870 874 890 902 Β
905 883 1023 912 oleribus
1037 892 1149 919 pascere
1169 884 1318 917 infirmum,
1335 889 1362 911 et
1381 884 1415 911 ad
1435 884 1587 917 hujusmodi
1615 893 1692 911 incn-

74 935 135 954 nans
146 928 200 964 (δι)
216 930 327 958 herbam
349 937 530 967 opportunant
546 934 579 961 iis
594 942 608 961 ιι
625 935 724 969 quibus
739 936 850 970 colitur,

72 975 163 1008 accipit
181 975 383 1005 benedictiones
397 986 412 1005 a
431 978 504 1012 Deo;
521 987 583 1014 quae
600 985 690 1008 autem
709 982 852 1016 protulerit

72 1020 156 1054 spinas
169 1026 197 1048 et
209 1022 334 1057 tribulos,
350 1024 464 1059 reproba
480 1030 533 1058 est,
546 1030 574 1053 et
595 1027 738 1055 maledicto
754 1029 850 1063 proxi-

73 1073 119 1097 ma,
131 1066 204 1100 cujus
215 1068 277 1096 linis
293 1070 327 1096 ad
339 1070 524 1098 exustiunem.
540 1080 550 1097 ι
567 1071 693 1106 Nunquid
708 1073 765 1100 ltzec
777 1074 851 1109 Apo-

71 1112 186 1140 stolusde
199 1120 270 1141 terra
287 1115 337 1142 hac
353 1115 441 1143 dixit?
455 1116 509 1144 Sed
523 1124 574 1144 nec
592 1118 691 1152 accipit
707 1123 777 1146 terra
792 1120 851 1147 haec

71 1157 264 1188 benedictioncs
275 1168 289 1187 a
304 1161 371 1193 Deo,
383 1170 443 1189 cum
457 1162 559 1191 imbres
570 1163 677 1195 biberit.
692 1169 719 1191 et
732 1165 849 1193 fructum

71 1205 228 1238 produxerit.
242 1206 296 1234 Sed
306 1215 392 1242 neque
407 1210 428 1235 si
439 1209 531 1243 spinas
538 1217 570 1237 ac
587 1210 700 1238 tribulos
713 1217 773 1246 post
789 1211 849 1246 pht-

71 1251 133 1277 viant
155 1253 311 1286 protulerit,
327 1260 508 1289 consequetur
520 1256 737 1283 maledictioncm
753 1266 767 1283 a
784 1258 848 1285 Dco.

69 1295 116 1322 Sed
131 1302 221 1324 nostra
244 1302 329 1330 terra,
350 1299 375 1325 id
394 1304 447 1332 est,
466 1304 589 1327 nostrutn
602 1308 661 1332 cor.
680 1301 702 1328 si
719 1303 849 1338 suscipiat

69 1340 85 1368 fi
91 1349 170 1376 cqncn
176 1348 216 1370 ter
224 1344 376 1371 vettientetn
384 1353 464 1380 super
471 1353 500 1372 se
507 1346 624 1380 pluviattt
634 1347 764 1375 doctrinae
772 1338 847 1383 legis,

68 1392 91 1413 et
103 1389 221 1415 attulerit
233 1388 352 1416 fructutn
367 1397 489 1424 operum,
503 1392 603 1426 accipit
620 1392 823 1421 benedictiones
833 1403 848 1422 a

68 1433 125 1460 Deo.
137 1434 164 1460 Si
173 1441 237 1461 vero
245 1442 298 1461 non
310 1443 378 1469 opus
386 1437 518 1470 spiritale,
528 1438 574 1464 sed
585 1439 677 1473 spinas
685 1444 710 1467 et
723 1440 847 1475 tribulos,

67 1479 89 1505 ill
99 1485 138 1506 est
158 1480 358 1508 sollicitudines
379 1483 471 1510 saeculi
493 1483 603 1517 habeat,
617 1490 665 1513 aut
686 1486 848 1520 voluptates,

65 1530 89 1551 et
107 1525 260 1552 divitiarum
277 1527 450 1561 cupiditates.
476 1532 590 1562 reproha
601 1535 641 1558 est
656 1536 684 1558 et
704 1532 848 1561 maledicto
862 1548 883 1562 μ

65 1572 137 1608 265
151 1573 285 1607 proxima,
302 1573 379 1607 cujus
395 1574 457 1602 linis
472 1576 524 1603 erit
541 1577 573 1603 ad
586 1577 764 1605 exnstionem.
778 1578 846 1605 Pro-

65 1624 147 1650 pterea
175 1621 362 1655 unusquisque
386 1621 538 1648 auditorum
566 1629 627 1648 cum
660 1624 785 1650 convenit
814 1624 845 1650 ad

64 1666 229 1697 audiendum,
240 1666 354 1700 suscipit
366 1666 478 1693 imbrem
495 1665 567 1693 verbi
585 1666 649 1693 Dei:
666 1672 692 1694 et
704 1668 726 1695 si
739 1669 846 1702 quidem

64 1711 172 1739 fructum
195 1713 318 1739 attulerit
335 1712 425 1746 operis
445 1713 507 1739 boni
521 1732 528 1744 ,
550 1713 763 1741 benedictionem
783 1723 847 1742 con-

64 1764 194 1791 sequetur.
218 1757 248 1785 Si
268 1765 332 1785 vero
353 1762 510 1792 sUSCcptum
535 1759 645 1786 verbum
668 1760 713 1787 Dei
728 1766 847 1788 content-

65 1804 151 1837 pscrit,
162 1809 190 1831 et
205 1804 363 1838 frequenter
382 1804 472 1830 audita
495 1804 655 1839 neglexerit,
668 1813 701 1832 ac
714 1806 847 1834 sollicitu-

64 1849 112 1876 dini
136 1858 164 1877 se
187 1858 279 1877 rerum
301 1850 481 1883 saecularium,
502 1850 662 1886 libidinique
691 1853 846 1887 subjeccrit,

64 1900 183 1930 tanquam
199 1897 243 1930 qui
259 1896 345 1930 spinis
360 1895 532 1923 sullocaverit
548 1896 670 1929 verbtntt,
684 1898 849 1935 maledictio-

64 1949 117 1968 uctn
134 1950 183 1976 pro
195 1942 382 1970 benedictione
399 1942 546 1977 conquirit,
559 1947 586 1969 et
601 1951 650 1977 pro
673 1944 847 1973 beatitudinis

64 1988 110 2016 line
133 1988 199 2024 (55),
225 1989 306 2016 linem
329 1989 480 2016 exustionis
495 1989 624 2017 inveniet.
645 1999 654 2015 ι
674 1991 746 2018 Dabo
770 2000 845 2026 ergo,

64 2034 142 2068 inquit
157 2036 191 2067 ⁷⁵,
203 2035 282 2062 vobis
308 2035 424 2069 pluviam
452 2035 479 2061 in
508 2040 637 2070 tempore.
659 2045 669 2062 ι
688 2036 847 2066 Νοοθκδείιιο

63 2081 157 2107 addidit
179 2086 206 2108 et
221 2090 229 2106 ι
250 2081 275 2108 in
305 2085 436 2115 tempore.
457 2081 559 2109 tSicut
585 2082 658 2109 enim
684 2083 772 2110 imber
797 2084 846 2111 iste

64 2131 181 2155 terrenus
205 2128 226 2155 si
252 2128 404 2162 importune
428 2127 527 2160 veniat,
547 2128 573 2155 id
593 2133 644 2161 est,
662 2137 725 2156 cum
750 2131 846 2157 messis

62 2173 198 2209 colligitur,
220 2181 281 2201 cum
301 2173 436 2200 frumenta
460 2178 583 2201 teruntur
604 2174 629 2200 in
652 2175 733 2207 areis,
750 2176 846 2203 obesse

901 937 980 957 suras
991 935 1086 963 aptare
1106 930 1180 958 velut
1196 934 1303 958 tenuem
1323 934 1349 956 et
1373 930 1429 957 rori
1444 929 1559 957 similent
1574 929 1691 965 pluviam

901 976 986 1003 verbi.
1002 975 1050 1003 Est
1060 981 1150 1003 autem
1175 976 1228 1004 alia
1253 980 1337 1008 terra,
1354 983 1415 1011 qute
1440 980 1528 1012 potest
1553 977 1693 1012 suscipere

902 1020 1005 1048 validos
1025 1021 1135 1053 imbres,
1155 1020 1227 1048 ferre
1246 1021 1328 1048 etiam
1346 1021 1458 1047 tluntiua
1475 1021 1549 1048 verbi
1573 1021 1631 1053 Dei,
1649 1029 1693 1047 tta-

901 1066 977 1098 pidos
1000 1071 1107 1101 portare
1131 1066 1187 1102 (36)
1201 1071 1345 1094 torrentes.
1373 1065 1411 1094 De
1437 1067 1470 1094 iis
1493 1067 1564 1094 enitn
1591 1067 1691 1096 talibus

901 1112 1034 1147 Propheta
1053 1113 1120 1140 dicit
1140 1113 1167 1140 in
1186 1112 1302 1140 Psalmis
1312 1113 1356 1139 ⁷⁸ί
1374 1122 1383 1139 1
1396 1112 1429 1140 Et
1446 1117 1593 1141 torrentem
1613 1114 1691 1142 volu-

900 1159 983 1194 ptatis
1001 1165 1053 1186 tua:
1063 1164 1155 1194 potum
1169 1160 1247 1187 dabis
1264 1160 1326 1187 illis.
1342 1169 1351 1186 ι

934 1204 962 1232 5.
978 1214 986 1230 ι
1007 1205 1079 1232 Dabo
1090 1212 1149 1240 ego.
1164 1206 1251 1240 inquit
1261 1206 1294 1238 ",
1306 1206 1380 1234 vobis
1396 1206 1512 1241 pluviam
1527 1206 1554 1233 in
1568 1210 1690 1241 tempore

900 1258 960 1284 suo,
973 1256 1001 1278 et
1017 1251 1092 1278 dabit
1113 1256 1184 1279 terra
1205 1252 1361 1279 nativitates
1373 1260 1447 1280 suas.
1461 1260 1471 1278 ι
1490 1250 1554 1279 Post
1574 1252 1690 1285 primam

899 1299 1114 1326 benedictionem
1127 1298 1232 1333 pluviae,
1248 1298 1299 1325 ista
1314 1299 1434 1326 secunda
1454 1303 1497 1326 est
1517 1306 1570 1334 qua
1591 1298 1692 1326 dicitur

901 1349 1118 1379 terra,suscepta
1132 1344 1232 1378 pluvia,
1246 1344 1311 1372 dare
1324 1344 1480 1372 nativitates
1498 1351 1571 1372 suas.
1586 1344 1692 1371 Inveni-

900 1399 958 1418 mus
972 1391 1033 1425 quia
1045 1396 1071 1417 et
1087 1390 1161 1418 Isaac
1174 1391 1337 1419 benedicens
1348 1391 1432 1419 Jacob
1444 1390 1574 1419 dixerit"
1589 1399 1596 1418 :
1612 1400 1622 1417 ι
1642 1391 1692 1419 Det

900 1437 947 1464 tibi
963 1436 1092 1464 Dominus
1109 1444 1123 1463 a
1141 1444 1201 1464 rore
1214 1436 1285 1469 cmli,
1300 1443 1327 1464 et
1347 1437 1380 1464 ab
1397 1437 1521 1465 ubertate
1540 1442 1621 1464 terra:
1634 1436 1691 1472 ple-

899 1482 1048 1509 nitudinem
1064 1481 1192 1509 frumenti
1209 1487 1236 1508 et
1253 1482 1316 1509 vini.
1333 1492 1342 1508 ι
1357 1483 1475 1510 Putasne
1494 1483 1548 1510 tale
1568 1483 1690 1510 frumen-

901 1532 956 1555 tum
986 1528 1012 1555 itt
1040 1528 1227 1555 benedictione
1247 1529 1327 1556 dabat
1352 1529 1426 1556 Isaac
1450 1529 1505 1556 lilio
1525 1536 1574 1556 suo
1594 1528 1679 1556 Iacob

899 1573 979 1608 quale
992 1572 1092 1600 habent
1105 1578 1131 1600 et
1148 1578 1307 1608 peccatores
1320 1574 1454 1607 homines,
1471 1578 1499 1601 et
1511 1574 1582 1609 quali
1603 1576 1690 1601 abun-

898 1620 980 1647 dabat
1011 1619 1093 1646 etiant
1117 1619 1216 1654 impius
1245 1619 1370 1647 Pharao?
1394 1620 1519 1648 llteccine
1539 1624 1598 1646 erat
1623 1619 1688 1646 tanti

898 1665 1060 1700 patriarcha:
1089 1665 1262 1693 benedictio?
1287 1665 1331 1693 Vis
1361 1666 1407 1693 tibi
1431 1667 1524 1693 adhuc
1547 1666 1690 1694 ostendam

899 1712 1033 1747 quomodo
1047 1717 1074 1739 et
1095 1711 1140 1738 alii
1158 1711 1246 1746 iniqui
1270 1712 1386 1740 habeant
1412 1713 1609 1740 multitudinem
1635 1713 1692 1739 frti-

899 1758 1001 1786 menti?
1013 1758 1119 1785 Intuere
1133 1758 1206 1786 illum
1224 1758 1249 1785 in
1261 1759 1416 1794 Evangelio,
1426 1760 1503 1795 cujus
1513 1767 1577 1794 ager
1592 1760 1691 1786 multos

898 1805 987 1832 attulit
1006 1805 1120 1838 fructus,
1131 1805 1175 1840 qui
1190 1804 1260 1832 dixit
1269 1805 1308 1831 al:
1324 1814 1333 1830 ι
1348 1804 1490 1832 Destruam
1508 1805 1605 1832 horrea
1619 1812 1688 1836 mea,

898 1855 925 1878 et
941 1851 1042 1885 majora
1064 1851 1243 1883 rctedilicabo,
1260 1855 1287 1878 et
1302 1851 1390 1878 dicam
1408 1851 1507 1878 animat
1523 1857 1609 1877 mem:
1625 1850 1690 1876 Atii-

899 1905 954 1928 ma,
970 1897 1053 1925 babes
1077 1897 1160 1924 multa
1176 1898 1246 1925 bona
1273 1897 1391 1931 reposita
1412 1896 1439 1923 iti
1462 1904 1548 1923 annos
1569 1896 1687 1927 multos;

899 1944 1039 1976 manduca,
1051 1943 1114 1977 bibe
1123 1964 1130 1976 ,
1144 1948 1170 1970 et
1183 1944 1282 1970 laetare.
1295 1952 1304 1968 ι
1316 1942 1392 1969 Talia
1407 1950 1470 1977 ergo
1482 1941 1618 1969 credimus
1629 1949 1690 1969 esse

898 1990 978 2022 bona,
992 1997 1052 2025 quae
1065 1990 1163 2017 divinis
1179 1989 1413 2017 benedictionibus
1423 1988 1525 2016 sanctis
1538 1988 1690 2023 quibusque

897 2040 925 2063 ct
937 2035 1061 2063 fidelibus
1082 2035 1276 2063 tradebantur?
1298 2034 1373 2061 Alios
1398 2041 1462 2069 ergo
1484 2039 1563 2061 terra;
1585 2034 1689 2060 fructus

898 2081 1010 2116 aspicio,
1024 2087 1051 2108 et
1063 2082 1143 2108 aliter
1154 2081 1352 2108 multitudinem
1367 2081 1515 2107 uatmtatis
1527 2080 1645 2108 intueor.
1661 2080 1689 2107 Si

897 2128 970 2154 enim
992 2133 1063 2154 terra
1080 2135 1140 2154 mea
1158 2127 1255 2154 affet-ut
1270 2127 1399 2160 fructum,
1413 2126 1435 2154 si
1455 2127 1612 2154 nativitates
1624 2134 1690 2153 suas

898 2179 929 2199 ex
948 2172 1052 2199 Dottiitti
1071 2172 1257 2199 benedictione
1279 2173 1421 2206 producat,
1440 2172 1572 2207 intelliget
1593 2181 1691 2201 sensus

63 2219 139 2253 magi.
156 2227 236 2254 quam
263 2219 391 2252 prodeSse
411 2218 561 2250 videbitur;
587 2218 624 2245 ita
651 2225 678 2246 et
705 2220 721 2246 ii
749 2221 845 2254 quibus
862 2216 884 2244 D
899 2225 984 2250 meus,
1000 2222 1026 2244 et
1050 2217 1188 2251 explicare
1211 2217 1309 2251 poterit
1333 2224 1392 2251 quae
1413 2217 1555 2252 qualisque
1576 2218 1612 2245 sit
1635 2218 1688 2245 ista

63 2266 142 2298 pluvia
168 2265 245 2292 verbi
272 2265 317 2292 Dci
345 2264 522 2292 ministranda
547 2265 734 2297 committitur,
752 2266 845 2293 obser-

63 2317 118 2338 vare
128 2312 227 2339 debent
243 2313 293 2338 hoc
307 2311 380 2346 quod
395 2311 461 2337 dicit
472 2311 622 2345 Scriptttra,
639 2316 666 2338 ut
682 2311 708 2337 in
724 2317 844 2346 tempore

62 2357 202 2390 plumeam,
217 2358 243 2385 id
257 2363 309 2390 est,
326 2365 358 2385 ne
373 2358 512 2392 crapulato
528 2363 555 2384 et
569 2357 644 2385 ebrio
662 2359 772 2384 verbum
797 2358 842 2386 Dei

62 2401 187 2436 ingerunt,
203 2411 253 2430 nec
269 2409 402 2437 occupato
425 2403 452 2430 in
475 2403 535 2430 aliis
551 2404 652 2435 animo,
668 2411 727 2430 ctttn
753 2409 843 2430 atten-

63 2453 100 2476 tus
111 2458 169 2477 esse
182 2458 236 2478 non
252 2455 340 2485 potest
353 2458 359 2476 :
374 2450 414 2478 vel
429 2458 490 2477 cum
513 2450 627 2484 alicujus
645 2450 700 2477 vitii
717 2451 844 2485 languore

63 2497 216 2527 constrictus
236 2500 287 2528 est,
304 2501 330 2524 et
347 2504 399 2524 non
419 2497 533 2529 doctori,
546 2497 592 2523 sed
619 2497 712 2523 morbo
733 2498 844 2531 proprio

64 2541 163 2569 interior
176 2547 320 2578 pra-statur
331 2543 449 2571 auditus.
466 2543 617 2570 Prudenter
628 2550 692 2578 ergo
705 2544 840 2578 conjiciat,

65 2588 101 2614 ubi
115 2595 200 2623 potest
223 2597 320 2617 vacare
347 2598 432 2623 mens,
457 2589 501 2616 tibi
522 2590 639 2622 sobrius,
654 2590 698 2617 ubi
717 2590 842 2625 vigilans,

65 2634 101 2660 ubi
122 2636 240 2662 intentus
263 2637 371 2663 auditor
389 2641 441 2668 est,
460 2643 487 2663 et
511 2636 546 2663 ibi
568 2637 686 2672 pluviattt
708 2637 843 2665 ministret

100 2704 122 2742 1‘
135 2705 184 2733 lsa.
203 2715 222 2737 t,
238 2706 272 2742 ‘2.
305 2706 328 2722 ⁷⁵
341 2706 421 2734 llehr.
436 2714 471 2740 vt,
490 2707 516 2735 7.
565 2708 588 2723 ⁷⁸
603 2708 688 2736 Levit.
701 2716 775 2742 xxw,
788 2711 814 2737 4.

65 2736 83 2753 ⁸⁸
95 2739 157 2767 Gen.
181 2736 247 2774 xvii,
261 2741 307 2769 28.
345 2741 366 2757 ³¹
384 2742 450 2769 an.
465 2736 515 2774 itit,
531 2743 575 2770 18.
612 2744 634 2759 ⁵⁸
648 2744 742 2771 Matth.
758 2736 816 2773 xiii.

94 2796 145 2833 (ξι)
157 2797 246 2833 Codex
261 2797 419 2832 Sattgerttt.,
438 2808 447 2823 ι
465 2806 608 2833 generatis.
623 2809 631 2826 ι

95 2831 144 2866 (35)
159 2832 236 2859 Libb.
262 2831 340 2862 editi.
360 2842 369 2858 ι
386 2838 413 2859 ct
431 2831 627 2861 benedictionis
650 2836 739 2864 linem.
761 2846 769 2862 ι
788 2837 842 2864 Co-

70 2866 107 2893 dex
131 2870 285 2903 Sattgcrnn,
304 2878 313 2894 ι
332 2875 359 2895 et
382 2876 431 2903 pro
454 2869 630 2897 beatitudinis
659 2873 719 2899 line.
747 2881 754 2897 ι
777 2873 841 2905 Αιιι,

852 2710 876 2727 ⁷⁷
892 2710 911 2737 ΙΙ
928 2710 991 2737 Cor.
1007 2716 1052 2740 ιιι,
1066 2708 1093 2733 2.

900 2268 981 2296 terra,
996 2270 1054 2297 qua:
1071 2267 1181 2297 accepta
1199 2262 1302 2289 catleszi
1317 2263 1405 2296 pluvia
1427 2264 1582 2290 nativitates
1600 2265 1687 2299 profe-

897 2314 941 2336 rat
957 2309 1158 2336 rationabilium
1174 2309 1291 2342 frugum.
1308 2308 1502 2336 Testimonium
1519 2310 1552 2337 de
1570 2310 1688 2345 Evange-

897 2356 941 2383 liis
954 2363 1031 2382 smne
1040 2355 1074 2386 θί,
1090 2356 1224 2389 quomodo
1243 2355 1307 2381 exiit
1329 2356 1374 2389 qtii
1401 2357 1521 2383 seminat
1540 2357 1687 2390 seminaic,

897 2407 925 2429 et
948 2401 1020 2429 aliud
1037 2401 1146 2436 quidem
1171 2401 1269 2428 cecidit
1293 2409 1371 2429 secus
1395 2403 1479 2435 viam,
1500 2404 1575 2430 aliud
1598 2409 1688 2430 autem

898 2455 979 2482 super
995 2453 1110 2481 petram,
1127 2448 1198 2474 aliud
1221 2455 1302 2482 super
1321 2449 1424 2483 spinas,
1443 2449 1515 2477 aliud
1534 2455 1624 2476 autctn
1643 2459 1686 2476 stl-

898 2500 945 2527 per
962 2497 1061 2520 terrain
1076 2494 1183 2520 bonam.
1199 2494 1227 2520 Si
1241 2501 1306 2528 ergo
1321 2503 1352 2522 ea
1369 2503 1430 2530 qua:
1445 2495 1593 2523 ceciderint
1608 2505 1689 2532 super

899 2545 998 2566 terrant
1019 2539 1117 2567 bonam
1133 2540 1272 2567 attulerint
1296 2541 1424 2574 fructum,
1438 2542 1511 2568 dedit
1537 2547 1607 2569 terra
1630 2544 1688 2569 l‘rn-

897 2592 970 2615 cttnn
995 2595 1085 2619 suum,
1101 2591 1129 2614 et
1150 2587 1308 2616 nativitates
1332 2596 1395 2616 suas
1412 2589 1550 2624 produxit,
1567 2590 1686 2616 centesi-

898 2643 983 2667 mum,
999 2640 1027 2662 et
1044 2635 1253 2669 sexagesimum,
1269 2639 1295 2662 et
1314 2635 1491 2662 tricesimum.

1131 2707 1155 2722 7"
1171 2707 1241 2734 Psal.
1256 2716 1347 2737 xxxvi.
1362 2709 1389 2734 8.
1427 2707 1449 2722 ⁷⁸
1462 2708 1548 2735 Lem.
1569 2716 1642 2741 xxvi,
1664 2709 1689 2737 ί,

900 2811 908 2827 ι
927 2806 953 2827 et
967 2808 1016 2835 pro
1031 2799 1207 2826 beatitttditiis
1226 2801 1452 2832 remuneratione.
1474 2810 1483 2825 ›

932 2836 987 2871 (Titi)
1004 2835 1079 2862 Libb.
1095 2834 1172 2865 editi,
1189 2844 1198 2860 ι
1218 2840 1320 2869 potare.
1338 2845 1347 2861 ι
1361 2835 1410 2862 Ms.
1425 2837 1578 2869 διιιιειξτιιι.1
1595 2845 1604 2861 ε
1622 2844 1684 2870 por-

897 2876 963 2899 tate.
987 2880 995 2896 ι
