1886 3051
209 136 263 165 567

936 135 1096 164 OlilGENIS
1786 130 1830 157 568

243 197 260 223 4
290 206 298 222 α
317 195 370 223 Sed
393 202 420 223 et
445 195 528 230 ligna,
548 195 635 229 inquit
657 195 691 227 ⁸³,
714 202 870 229 camporum
895 195 998 222 dabunt
1014 199 1037 226 Α
1054 196 1088 223 tis
1115 195 1269 230 suscepisse
1294 194 1422 222 vocabula
1437 203 1443 221 :
1461 203 1470 219 σ
1489 193 1571 229 Ligna
1591 200 1656 228 ergo
1680 191 1767 226 campi
1791 191 1830 217 (la-

207 241 324 268 frnctum
346 248 433 268 suum.
458 249 468 266 ›
485 240 620 267 llabemus
638 240 708 267 intra
725 240 906 274 nosmetipsos
921 245 948 267 et
965 240 997 267 Ii-

207 294 259 320 gna
275 292 442 320 camporum,
457 292 518 319 qua:
531 292 609 312 suum
625 284 742 312 fructum
756 286 917 320 producunt.
932 285 997 318 Qua:

205 336 269 359 sum
285 331 335 358 ista
353 331 425 367 ligna
438 338 607 366 camporum,
627 339 688 366 qua:
708 331 826 358 fructum
842 339 919 359 suum
935 340 997 368 pro—

206 378 326 405 ducunt?
339 377 405 411 Quae
418 382 481 405 sunt
498 378 549 405 ista
564 377 636 414 ligna
651 379 830 413 camporum?
849 379 926 408 Dicet
943 380 997 407 for-

205 421 286 449 tassis
312 420 443 448 auditor:
469 421 540 455 Quid
565 422 662 449 iterum
684 423 728 450 hic
752 423 915 460 eorisilogus
939 425 996 460 (57)

204 467 278 502 agit?
294 467 364 500 Quid
389 467 570 502 undecunque
592 467 673 496 verba
695 469 842 504 conquirit,
856 474 884 497 ut
904 470 997 506 expla-

204 513 344 541 nationem
361 513 486 542 lectionis
502 514 632 550 eﬁ'ugiat‘!
645 515 779 556 quomodo
790 516 860 543 intra
874 524 923 544 nos
935 524 997 544 esse

204 559 277 595 ligna
291 559 399 588 docebit
413 565 440 588 et
459 561 590 588 arbores?
609 561 638 589 Si
655 568 708 588 non
730 566 831 589 temere
847 562 996 597 obtrectes,

201 606 259 641 iam
285 614 357 634 nunc
380 606 484 639 audies,
507 607 571 642 quia
594 616 604 634 κ
629 614 683 634 non
711 611 801 642 potest
821 608 904 635 arbor
926 609 995 636 bona

205 653 292 680 iustos
313 651 419 680 fructus
442 653 551 686 facere,
575 660 662 689 neque
689 655 771 682 arbor
798 654 868 681 mala
893 655 996 682 fructus

204 698 292 725 bonos
308 697 400 725 facere
413 697 446 724 ”.
468 707 478 724 ι
496 697 631 726 Habemus
642 706 707 734 ergo
727 699 839 726 arbores
861 699 931 726 intra
948 706 997 727 nos

203 743 262 771 sive
278 744 374 774 bonas,
387 743 444 771 sive
459 744 562 776 malas;
581 748 608 771 et
625 751 685 779 quae
702 745 780 772 bonze
801 748 875 777 Sunt,
894 743 996 772 fructus

203 789 290 817 malos
311 788 408 817 alfcrre
432 797 483 817 non
508 794 629 824 possunt,
647 790 717 817 sicut
740 797 800 825 qua:
819 790 896 817 mala:
919 794 994 823 sunt,

202 837 308 864 fruetus
335 843 387 862 non
413 834 529 863 aifercnt
549 836 644 864 bonos.
670 835 716 863 Vis
742 835 788 863 tibi
815 840 843 863 et
867 836 994 863 arborum

204 883 325 917 ipsarum
337 891 397 917 qua:
415 883 484 910 intra
503 890 552 910 nos
569 887 632 910 sunt
645 881 774 909 vocabula
794 887 822 909 et
836 881 995 917 appellatio-

205 937 252 955 nes
267 928 428 962 expediam?
444 928 500 955 Non
517 933 557 956 est
573 927 650 961 licus,
667 935 754 962 neque
773 927 870 959 malus,
886 935 935 955 nec
956 928 996 955 vi-

205 975 250 1007 lis,
265 975 311 1002 sed
329 982 381 1001 una
403 974 486 1001 arbor
505 973 612 1009 iustitfa
628 977 751 1006 vocatur,
768 973 818 1000 alia
842 974 994 1008 prudentia,

202 1020 255 1047 alia
280 1020 420 1054 fortitudo,
444 1019 495 1047 alia
523 1018 700 1054 temperantia
726 1020 889 1047 nominatur.
916 1020 949 1048 Et
972 1021 994 1048 si

202 1067 254 1098 vis,
269 1066 399 1102 majorem
423 1067 514 1094 adhuc
535 1066 663 1094 arborum
689 1065 889 1094 multitudinem
911 1066 994 1099 disce,

201 1113 301 1148 quibus
327 1112 451 1140 fortassis
477 1112 585 1148 dignius
607 1113 747 1147 potabitur
773 1115 897 1142 consitus
913 1113 994 1141 etiam

201 1156 346 1190 paradisus
361 1156 420 1184 Dei.
443 1156 490 1184 Est
511 1157 584 1184 enim
601 1157 638 1185 ibi
659 1159 741 1186 arbor
765 1159 884 1194 pietatis,
903 1163 944 1187 θδι
968 1163 996 1186 et

201 1203 254 1229 alia
270 1202 352 1230 arbor
366 1202 517 1237 sapientiae,
533 1208 575 1232 est
593 1209 620 1231 et
642 1204 695 1231 alia
720 1205 879 1240 disciplinas,
902 1210 945 1232 est
968 1209 995 1232 et

201 1248 255 1276 alia
277 1250 399 1277 scientiae
421 1250 486 1278 boni
506 1256 534 1279 et
558 1250 632 1278 mali.
650 1249 738 1285 Super
761 1251 852 1278 omnia
866 1258 931 1278 vero
952 1255 994 1279 est

202 1295 284 1322 arbor
297 1296 368 1323 vitae.
382 1295 439 1324 Non
457 1297 503 1325 tibi
527 1297 614 1333 magis
628 1298 736 1325 videtur
751 1298 824 1332 quod
842 1298 922 1326 Pater
938 1305 995 1326 cm-

152 1349 154 1352 '
203 1341 279 1368 lastis
293 1342 411 1378 agricola
431 1342 585 1378 huiusmodi
600 1343 712 1372 arbores
733 1344 760 1372 in
781 1344 870 1372 anima
886 1350 930 1372 tua
946 1352 995 1371 ex-

201 1389 283 1420 rolat,
298 1392 325 1415 et
348 1388 430 1424 266
441 1388 593 1423 huiusmodi
619 1389 753 1424 plantaria
778 1390 805 1417 in
833 1395 878 1417 tua
904 1396 995 1418 mente

202 1433 359 1461 constituat.
381 1433 427 1462 Sic
452 1441 518 1469 ergo
539 1434 605 1462 dicit
627 1434 771 1463 Salvator:
795 1444 805 1461 ε
825 1434 882 1462 Non
906 1441 994 1470 potest

202 1479 284 1505 arbor
305 1479 373 1506 mala
391 1480 476 1507 bonos
501 1479 606 1508 fructus
623 1480 723 1513 facere,
739 1489 826 1516 neque
843 1481 913 1509 bona
934 1482 992 1509 fru-

201 1530 262 1552 ctus
279 1525 364 1553 malos
379 1525 479 1554 facere.
497 1536 507 1552 ι
525 1525 582 1554 lloe
600 1532 641 1554 est
656 1528 726 1562 quod
739 1528 831 1555 docet:
842 1528 930 1555 Arbor
943 1536 994 1563 pu-

202 1572 302 1600 dicitiae
315 1572 385 1599 bona
401 1577 455 1605 cst,
472 1579 526 1599 non
543 1576 631 1606 potest
646 1572 745 1600 θίγω-τε
761 1572 865 1600 fructus
877 1572 993 1607 impudi-

202 1619 283 1646 «ιίιῑτιξ.
309 1618 397 1646 Arbor
414 1618 529 1654 iustitia:
551 1619 620 1646 bona
643 1624 694 1652 est,
720 1624 748 1646 et
767 1618 865 1646 aliert-c
888 1619 993 1647 fructus

205 1664 345 1698 iniustitia:
363 1672 415 1692 nou
438 1670 535 1699 potest.
558 1665 603 1692 Sic
627 1669 654 1692 et
676 1665 829 1693 econtrario
850 1665 872 1692 si
894 1666 993 1692 habeas

205 1710 281 1736 mala:
295 1710 402 1738 arboris
420 1711 538 1739 radicem
556 1711 583 1738 in
601 1717 645 1738 tua
662 1717 752 1739 mente
766 1711 925 1746 plantatam,
941 1710 991 1738 bo-

203 1763 252 1782 nos
268 1756 380 1783 reddere
391 1764 443 1783 non
459 1761 547 1791 potest
560 1757 671 1785 fructus.
690 1755 718 1784 Si
729 1756 802 1784 enim
817 1756 853 1783 sit
865 1756 890 1782 in
909 1761 933 1783 te
947 1763 992 1782 ra-

203 1801 248 1827 dix
265 1801 383 1835 malitiae,
407 1801 512 1830 fructus
531 1810 584 1830 non
599 1803 675 1831 dabit
693 1802 789 1830 bonos.
808 1802 836 1829 Si
861 1803 897 1828 sit
921 1802 991 1828 intra

201 1856 249 1875 cor
267 1854 340 1875 tuum
364 1849 485 1876 stultitia:
507 1849 596 1884 planta
611 1869 618 1881 ,
641 1857 779 1883 nunquam
805 1849 925 1884 proferet
949 1855 993 1875 sa-

202 1894 311 1927 pienti:e
334 1895 438 1922 florem.
465 1894 492 1922 Si
518 1895 667 1930 iniustitiae,
684 1895 707 1923 si
734 1895 887 1931 iniquitatis
911 1897 993 1924 arbor

201 1941 248 1973 sit,
264 1949 403 1975 nunquam
417 1941 571 1975 huiusmodi
586 1941 656 1976 ligna
673 1942 790 1977 gaudere
803 1942 881 1969 bonis
896 1942 992 1969 fructi-

203 1988 252 2014 lms
269 1994 390 2022 possunt.
409 1987 436 2014 Si
450 1995 515 2022 ergo
534 1994 674 2015 servemus
689 1988 814 2015 mandata
831 1987 887 2021 Dei,
902 1995 992 2016 susce-

202 2038 245 2066 pta
260 2032 348 2067 pluvia
362 2032 436 2060 verbi
452 2032 512 2065 Dei,
525 2032 558 2059 de
570 2039 622 2067 qua
635 2033 759 2066 superius
769 2032 896 2064 diximus,
909 2033 990 2060 etiam

201 2079 314 2106 arbores
341 2086 402 2114 quae
424 2079 450 2106 in
472 2079 575 2113 campis
597 2079 695 2106 animae
722 2084 821 2106 nostra!
849 2084 875 2106 et
901 2081 991 2107 cordis

203 2125 287 2152 nostri
305 2125 445 2152 latitudine
460 2125 588 2159 plantatze
599 2129 672 2159 sunt,
689 2124 778 2152 latum
793 2129 820 2152 et
840 2125 917 2153 bonae
929 2133 990 2153 sua-

201 2171 294 2198 vitatis
309 2170 422 2198 ail'erent
438 2170 567 2198 fructum.
584 2170 631 2198 Vis
646 2176 736 2198 autem
752 2170 799 2198 tibi
818 2170 852 2198 de
867 2170 989 2205 Scriptu-

1047 242 1115 269 bunt
1131 242 1249 268 fructum
1274 249 1352 268 suum
1367 241 1400 267 ".
1417 250 1427 266 ι
1456 240 1512 268 H0c
1525 240 1607 267 credo
1619 239 1652 266 de
1662 246 1691 266 se
1706 237 1829 265 setlllcltnl

1047 291 1075 315 et
1098 288 1192 315 beatus
1213 285 1297 314 David
1313 294 1374 314 cum
1389 286 1523 314 dicebat"
1538 295 1545 313 :
1558 295 1568 312 ι
1588 285 1642 320 Ego
1661 289 1751 311 autem
1766 284 1830 310 sicut

1047 333 1118 362 oliva
1137 333 1276 361 fructifera
1291 333 1317 360 in
1334 333 1413 360 domo
1430 333 1489 361 Dei.
1515 342 1526 359 ι
1553 332 1593 359 Ex
1617 339 1670 366 qtto
1692 329 1830 357 manifeste

1047 380 1166 408 ostendit
1179 379 1280 415 lignum
1293 379 1373 407 oliva:
1391 379 1495 414 iustum
1510 383 1538 406 et
1557 382 1682 406 sanctum
1700 375 1830 404 hominem

1048 427 1113 454 dici.

1082 472 1109 500 5.
1115 483 1123 497 ι
1130 472 1163 500 Et
1170 472 1382 508 comprehendet
1388 470 1465 499 vobis
1473 470 1609 498 trituratio
1616 469 1778 497 vindemiam
1784 468 1827 496 “.-

1048 519 1076 547 Si
1094 519 1256 547 seminatum
1274 523 1317 546 est
1334 518 1360 546 in
1380 517 1469 545 anima
1485 523 1579 545 senien
1600 516 1711 549 bonum,
1725 519 1753 543 et
1775 523 1830 542 sus-

1047 569 1124 601 cepta
1144 573 1158 593 a
1175 566 1229 593 Deo
1246 565 1336 601 pluvia
1352 565 1450 596 crevit,
1465 569 1491 592 el
1514 563 1590 591 venit
1603 562 1637 590 ad
1660 562 1774 596 spicam,
1787 569 1829 589 ne-

1046 611 1168 640 cessario
1180 615 1363 645 consequetur
1376 614 1406 638 et
1422 609 1538 637 messis:
1553 613 1582 636 et
1601 608 1624 636 si
1646 608 1756 640 messis,
1769 614 1829 634 con-

1046 662 1176 692 sequetur
1187 657 1270 685 etiam
1288 656 1436 688 trituratio,
1451 655 1478 682 in
1491 662 1546 689 qua
1568 654 1702 682 frumenta
1720 660 1828 688 purgen-

1047 707 1102 731 tur.
1116 703 1222 731 Etenim
1243 703 1334 730 anima
1353 710 1413 737 qua
1432 702 1577 738 germinat,
1594 708 1628 728 ex
1643 700 1726 728 verbo
1746 700 1792 727 Dci
1804 704 1830 727 et

1046 749 1151 777 ctelesti
1166 749 1255 784 pluvia
1273 750 1359 784 rigata
1379 755 1491 784 germen
1505 746 1630 781 producit
1650 746 1684 773 ad
1706 752 1828 777 messem,

1047 801 1158 822 necesse
1180 799 1222 822 est
1243 799 1273 821 ut
1287 794 1343 828 ipsa
1366 793 1461 821 messis
1482 800 1563 827 quam
1585 792 1689 827 profert
1707 795 1830 825 purgetur

1047 839 1074 865 in
1091 846 1164 872 area,
1180 839 1205 866 id
1220 844 1272 871 est,
1288 843 1318 865 ut
1339 845 1435 866 sensus
1459 845 1528 873 quos
1543 838 1668 871 genuerit
1695 836 1786 863 anima
1806 836 1829 862 iu

1047 885 1165 912 medium
1184 884 1316 919 proferat,
1332 889 1366 922 et.
1380 884 1438 911 sive
1461 891 1524 911 cum
1540 883 1645 910 caeteris
1665 882 1829 912 doctoribus,

1046 931 1105 958 sive
1116 932 1197 959 etiam
1214 938 1275 958 cum
1289 930 1354 965 ipsis
1367 937 1428 965 qua:
1442 931 1528 957 sentit
1540 929 1638 957 divinis
1652 928 1830 955 voluminibus

1047 975 1190 1004 conferat:
1208 982 1237 1003 ut
1250 977 1272 1003 si
1289 976 1355 1011 quid
1373 976 1400 1003 in
1420 975 1462 1003 eis
1478 975 1558 1003 inane
1572 981 1600 1003 et
1620 974 1796 1009 superﬂuum.
1810 973 1830 1000 si

1046 1022 1110 1056 quid
1135 1023 1219 1056 palea:
1239 1022 1328 1050 simile
1352 1021 1435 1048 fuerit
1457 1026 1504 1048 aut
1525 1020 1634 1053 aristis,
1654 1019 1737 1048 flante
1760 1019 1787 1046 in
1805 1025 1831 1045 se

1046 1067 1141 1102 spiritu
1170 1068 1342 1096 discretionis
1354 1067 1485 1101 excutiat,
1500 1071 1529 1095 et
1550 1074 1646 1102 purum
1667 1065 1830 1093 frumentum

1045 1121 1099 1148 quo
1122 1113 1180 1141 solo
1203 1117 1285 1148 queat
1312 1113 1418 1140 nutrire
1445 1119 1602 1145 conservos,
1624 1116 1652 1139 et
1677 1119 1830 1139 mensuram

1046 1160 1128 1187 tritici
1153 1159 1180 1186 in
1203 1163 1326 1194 tempore
1349 1159 1510 1194 dispensare
1538 1158 1665 1186 retineat.
1682 1166 1692 1183 ι
1709 1157 1743 1184 Et
1771 1165 1831 1184 con-

1045 1211 1186 1241 sequetur,
1201 1205 1300 1241 inquit,
1323 1205 1461 1233 trituratio
1482 1205 1657 1232 vindemiam.
1675 1212 1685 1230 ι
1702 1203 1773 1237 Quia
1788 1210 1831 1237 pa-

1045 1251 1099 1284 nis,
1119 1255 1149 1278 ut
1175 1251 1317 1285 Scriptura
1337 1251 1403 1278 dicit
1425 1250 1461 1283 δ’,
1480 1249 1616 1278 confortat
1633 1256 1680 1276 cor
1705 1248 1831 1280 hominis,

1044 1302 1072 1326 et
1096 1298 1189 1326 vinum
1211 1297 1341 1330 laetiﬁcat,
1357 1303 1526 1332 quacunque
1549 1296 1582 1323 de
1604 1295 1785 1326 continentia,
1802 1293 1833 1320 de

1044 1345 1226 1373 observantiis
1243 1349 1270 1372 et
1282 1344 1406 1372 custodia
1417 1344 1604 1371 mandatorum
1627 1343 1674 1370 Dei
1691 1343 1832 1372 dicuntur,

1044 1392 1103 1420 haec
1116 1396 1229 1428 possunt
1245 1391 1330 1420 videri
1347 1390 1524 1424 frumentum,
1538 1398 1571 1418 ex
1589 1397 1642 1424 quo
1657 1389 1735 1424 panis
1748 1388 1832 1416 edici--

1046 1443 1099 1470 tur,
1110 1443 1137 1465 et
1154 1437 1306 1465 auditorum
1324 1437 1406 1464 corda
1427 1437 1573 1465 confortat.
1591 1437 1626 1463 Ea
1643 1443 1708 1464 vero
1722 1444 1784 1470 qua:
1801 1435 1834 1461 ad

1044 1483 1184 1511 scientiam
1213 1483 1367 1518 pertinent,
1395 1488 1423 1510 et
1455 1482 1621 1510 occultorum
1642 1481 1834 1516 explanatione

1046 1532 1150 1556 mentes
1166 1527 1305 1555 laltiticant
1318 1527 1496 1559 audientium,
1511 1527 1574 1554 vino
1590 1534 1622 1554 ac
1635 1526 1782 1553 vindemia:
1795 1526 1835 1552 vi-

1045 1574 1178 1602 debuntur
1200 1575 1327 1609 aptanda.
1347 1573 1428 1600 Cordi
1452 1573 1555 1601 etenim
1581 1572 1673 1599 laetitia
1695 1572 1834 1603 tribuitur,

1044 1627 1104 1646 cum
1121 1627 1151 1646 ea
1169 1626 1229 1653 quae
1253 1618 1360 1646 occulta
1385 1622 1412 1645 et
1433 1619 1548 1646 obscura
1569 1623 1632 1646 sunt
1651 1617 1834 1652 explicantur.

1046 1674 1056 1691 ‹
1075 1665 1107 1692 Et
1119 1665 1276 1696 ‘vindemia,
1300 1665 1398 1699 inquit,
1422 1665 1636 1700 comprehendet
1655 1666 1804 1693 sationem.
1824 1675 1832 1690 ι

1046 1710 1078 1738 Ut
1095 1711 1117 1738 si
1143 1711 1289 1738 dicamus:
1307 1710 1398 1738 Primo
1423 1711 1564 1739 seminavit
1587 1719 1647 1746 qua:
1670 1711 1738 1746 legis
1762 1715 1835 1743 sunt,

1043 1761 1070 1783 et
1087 1761 1260 1791 posteaquam
1284 1756 1447 1784 semiustum
1464 1761 1515 1790 est,
1533 1757 1608 1785 oravi
1637 1761 1665 1784 ut
1687 1758 1764 1784 daret
1785 1757 1830 1783 Do-

1044 1802 1131 1829 minus
1146 1802 1262 1836 pluviam
1278 1802 1304 1830 in
1323 1808 1454 1838 tempore,
1470 1807 1497 1830 et
1509 1804 1578 1830 facta
1590 1808 1631 1831 est
1648 1804 1756 1831 messis.
1774 1803 1837 1831 Post

1043 1848 1101 1875 lucc
1115 1855 1168 1876 non
1183 1855 1278 1876 maneo
1292 1848 1406 1882 otiosus,
1423 1849 1469 1877 sed
1487 1849 1585 1878 iterum
1602 1849 1717 1881 semino,
1731 1850 1837 1884 accipio

1044 1893 1213 1928 Scripturam
1237 1894 1437 1929 propheticum,
1462 1899 1490 1922 et
1512 1902 1545 1922 ex
1566 1902 1598 1922 ea
1618 1895 1725 1922 semioo
1748 1900 1836 1922 terras

1043 1945 1073 1968 ct
1092 1941 1196 1968 novalia
1215 1941 1381 1968 auditorum.
1399 1941 1464 1968 Post
1486 1941 1543 1969 hac
1565 1941 1669 1968 scmino
1683 1946 1710 1968 et
1731 1941 1786 1967 alia
1804 1942 1837 1967 de

1042 1987 1208 2021 evangelicis
1224 1988 1405 2014 sermonibus.
1424 1987 1534 2014 Diversa
1546 1991 1609 2014 sunt
1620 1994 1681 2021 qua:
1696 1988 1837 2014 seminan—

1043 2038 1097 2065 tur,
1115 2041 1164 2068 per
1181 2038 1266 2061 totum
1284 2041 1385 2060 annum
1400 2041 1544 2068 possumus
1562 2033 1711 2060 seminare.
1733 2032 1835 2060 Possu-

1042 2088 1102 2108 mus
1125 2080 1197 2107 euim
1220 2084 1248 2107 et
1271 2080 1304 2107 de
1323 2079 1481 2114 apostolicis
1502 2079 1599 2107 litteris
1617 2079 1703 2106 multa
1728 2079 1834 2106 semina

1039 2126 1142 2160 iacere.
1161 2125 1275 2160 Semper
1297 2130 1339 2153 est
1363 2126 1433 2161 quod
1458 2125 1617 2157 seminelur,
1633 2125 1660 2152 in
1684 2126 1761 2152 onmi
1783 2126 1836 2152 vita

1042 2176 1135 2199 nostra
1153 2171 1202 2199 otii
1229 2171 1331 2199 nullum
1356 2176 1462 2205 tempus
1485 2175 1549 2198 est:
1567 2170 1686 2205 quandiu
1714 2171 1835 2205 respira-

203 2217 241 2244 ris
262 2217 403 2243 ostendam
427 2216 539 2244 arbores
552 2216 593 2243 vel
610 2216 680 2251 ligna
697 2217 825 2251 appellari
839 2217 888 2244 has
899 2217 991 2253 singu-
1007 2210 1029 2237 D
1045 2226 1116 2250 mus,
1130 2218 1303 2245 seminemus.
1323 2217 1440 2245 Tantum
1456 2222 1508 2250 est,
1529 2222 1558 2244 ut
1581 2216 1608 2243 in
1629 2217 1729 2251 spiritu
1750 2217 1836 2244 semi-

202 2263 242 2289 las
257 2269 380 2297 quasque
394 2262 518 2295 virtutes,
532 2269 599 2296 quas
617 2263 742 2296 superius
758 2262 990 2290 luclnoravimus?

201 2307 323 2335 Adttibco
343 2311 438 2334 testem
464 2308 693 2342 sapientissimum
714 2307 885 2336 Salomonem
899 2309 991 2337 dicen-

202 2360 256 2380 tem
281 2353 314 2380 de
339 2353 472 2388 sapientia
491 2363 498 2380 :
518 2362 527 2379 ι
545 2353 658 2388 Lignum
683 2353 744 2381 vita:
767 2358 818 2387 est,
843 2354 931 2390 inquit
953 2356 987 2388 ⁸⁸,

200 2399 327 2427 oinnibus
341 2400 387 2434 qui
402 2399 601 2434 amplectuntur
618 2407 688 2427 eam.
707 2408 716 2426 i
733 2399 761 2427 Si
775 2407 840 2435 ergo
857 2401 988 2435 sapientia

201 2446 302 2479 lignum
327 2446 391 2473 vit-.e
414 2452 466 2478 cst,
494 2446 553 2473 sine
578 2445 658 2472 dubio
684 2449 711 2472 et
732 2445 804 2473 aliud
826 2446 927 2481 lignum
948 2451 989 2474 est

201 2492 362 2526 pl'lttlcllllm,
373 2497 399 2519 et
412 2491 483 2518 aliud
496 2491 626 2522 scientiae,
639 2496 665 2518 ct
676 2491 748 2518 aliud
761 2491 883 2525 iustitiae.
897 2491 989 2526 Neque

200 2538 271 2564 cuitu
299 2542 498 2571 consequenter
513 2537 613 2564 dicitur
633 2545 666 2563 ex
694 2537 820 2564 omnibus
845 2537 989 2565 virtutibus

201 2583 284 2609 solam
299 2584 458 2617 sapientiam
476 2583 618 2615 meruisse,
638 2590 697 2617 quae
718 2583 821 2617 lignum
837 2584 897 2610 vita:
914 2583 990 2611 dica-

203 2633 255 2658 tur.
269 2635 380 2656 ceteras
395 2634 486 2656 autem
501 2629 614 2657 virtutes
635 2635 804 2663 nequaquam
820 2628 917 2657 similis
930 2637 988 2657 sor-

234 2697 256 2710 “
271 2695 358 2723 chit.
370 2705 444 2727 xxw,
462 2697 487 2723 4.

202 2739 278 2763 xxvi,
301 2732 328 2760 5.
365 2733 388 2747 ’ν
410 2732 480 2758 Psal.
505 2732 612 2764 ethS.
650 2732 672 2748 '°
686 2731 772 2759 Levit.
787 2733 890 2763 xxvt,5.

237 2787 292 2822 (57)
308 2787 384 2814 Libb.
400 2786 477 2818 editi,
500 2796 508 2812 ι
531 2787 694 2822 verbilogos.
712 2797 720 2813 ι
739 2788 791 2816 Sed
816 2796 893 2821 mss,
910 2798 919 2814 ι
939 2796 986 2816 eu~

203 2823 337 2859 risilogns,
356 2832 364 2847 ι
381 2823 452 2855 quod
468 2830 575 2859 merum
599 2828 643 2859 est
662 2822 785 2850 Grazcum
810 2823 987 2859 εὐρεσιλόγος,

207 2867 216 2882 ι
238 2857 322 2884 δυΙκϊδ
340 2858 365 2882 in
385 2857 554 2883 inveniendis
572 2858 670 2884 \crbis.
691 2867 699 2882 ›

1044 2271 1150 2295 netnus,
1163 2268 1193 2290 ut
1207 2263 1239 2290 dc
1256 2262 1352 2298 spiritu
1366 2268 1501 2290 metamus
1518 2263 1599 2290 vitam
1616 2267 1761 2290 aeternam.
1778 2271 1788 2288 ε
1806 2262 1838 2288 Et

1044 2308 1243 2336 manducabitis
1256 2317 1352 2344 panem
1364 2314 1485 2336 vestrum
1500 2309 1526 2335 in
1541 2309 1686 2336 saturitate
1698 2308 1733 2334 ”.
1753 2318 1765 2335 ι
1784 2307 1839 2335 Nec

1043 2355 1095 2382 hoc
1109 2363 1162 2389 ego
1174 2354 1324 2390 corporalis
1341 2362 1401 2382 esse
1423 2353 1620 2382 benedictionis
1640 2353 1698 2389 (58)
1718 2353 1837 2388 accipio,

1042 2402 1119 2436 quasi
1141 2402 1186 2437 qui
1204 2401 1338 2429 custodiat
1361 2401 1448 2436 legem
1466 2401 1523 2433 Dei,
1540 2408 1638 2434 panem
1657 2399 1740 2427 istum
1758 2408 1839 2428 com-

1043 2455 1153 2475 munem
1182 2447 1209 2475 in
1236 2447 1401 2475 abundantia
1428 2451 1621 2481 consequatur.
1648 2445 1719 2479 Quid
1745 2444 1841 2472 enim?

1042 2493 1138 2521 Nonne
1154 2493 1230 2529 impii
1245 2498 1272 2520 et
1289 2492 1395 2520 scelesti
1410 2499 1506 2526 panem
1521 2499 1573 2518 non
1595 2491 1682 2518 solum
1698 2491 1725 2517 in
1746 2491 1839 2518 abun-

1043 2540 1155 2573 dantia,
1180 2540 1227 2567 sed
1248 2544 1276 2567 et
1299 2538 1454 2574 iu.deliciis
1475 2538 1637 2565 comedunt?
1659 2537 1746 2572 Magis
1773 2544 1840 2571 ergo

1042 2587 1064 2614 si
1090 2586 1268 2621 respiciamus
1297 2585 1330 2612 ad
1355 2593 1416 2612 eum
1439 2585 1486 2619 qui
1513 2584 1582 2612 dixit
1592 2585 1614 2601 "
1633 2594 1641 2612 :
1663 2593 1673 2610 ι
1695 2584 1754 2618 Ego
1777 2592 1841 2611 sum

1042 2633 1119 2668 panis
1136 2632 1210 2660 vivus
1226 2632 1272 2666 qui
1296 2632 1330 2659 de
1344 2631 1415 2659 ctelo
1438 2631 1584 2664 descendi,
1603 2635 1631 2658 et
1647 2631 1694 2666 qui
1719 2631 1839 2657 mandu-

540 2697 563 2713 ⁸⁸
581 2697 675 2724 Matth.
695 2704 743 2729 vn,
760 2696 803 2724 l8.
842 2697 866 2713 ⁸⁸
880 2697 960 2725 Prov.

540 2732 612 2764 v,15.
650 2732 672 2748 '°
686 2731 772 2759 Levit.
787 2733 890 2763 xxvt,5.
941 2734 962 2749 ⁹¹
980 2751 986 2761 .

1082 2701 1096 2726 ι.
1174 2699 1261 2727 Levit.
1277 2707 1352 2733 xxvn,
1365 2700 1391 2727 4.
1429 2699 1451 2716 ⁸⁷
1468 2699 1539 2728 Psal.
1559 2707 1606 2731 ιιι,
1626 2698 1668 2727 l0.
1705 2698 1728 2714 ⁸⁸
1746 2697 1840 2727 Levit.

1082 2743 1111 2768 vi,
1165 2755 1172 2762 .

1059 2791 1134 2853 ι.(58)
1148 2791 1238 2819 Codex
1263 2792 1417 2826 Sangcrm.,
1435 2801 1444 2817 ‹
1463 2790 1619 2826 corporales
1644 2797 1703 2819 esse
1721 2791 1842 2820 benedi-

1072 2835 1154 2853 lOlICS.
1179 2837 1186 2851 ι

1043 2834 1154 2854 ρῑιυιιυε.
1179 2837 1186 2851 ι
