1894 3058
72 129 119 157 569

628 135 660 162 lN
682 136 866 166 ΗΝΙΤΙΕΙΗΙ
890 138 1031 167 HOMILIA
1048 140 1118 168 XVI.

1634 145 1684 173 570

71 189 167 217 caverit
182 190 255 218 hunc
271 199 367 225 panem
389 193 460 219 viret
480 193 505 219 in
520 199 668 228 mternum;
688 206 696 221 I
714 201 740 223 et
755 198 852 224 advcr-
867 200 888 228 Α
905 204 957 226 tem
970 220 977 231 ,
992 201 1128 227 cuslmliat
1145 201 1226 228 corda
1252 206 1339 228 vestra
1355 221 1362 233 ,
1376 206 1403 228 ct
1425 209 1520 229 sensus
1543 207 1656 229 vestros.
1675 212 1684 229 ι

72 242 151 262 tamus
161 237 224 271 quia
237 238 283 272 qui
298 238 355 266 haec
368 239 484 271 dicebat,
499 241 608 268 verbum
621 246 680 270 erat
691 250 744 277 quo
754 244 850 271 anima!

72 287 229 316 pascuntur:
249 284 424 319 intelligimus
440 287 473 313 de
488 295 541 321 quo
560 296 629 323 pane
645 290 747 317 dictum
772 291 807 318 sit
823 291 849 319 in

72 329 297 357 benedictionibus
321 339 336 358 a
362 331 427 364 Deo,
446 342 456 358 ι
477 333 509 360 Et
527 334 727 363 manducabitis
753 345 848 371 panem

72 378 180 401 vestrum
196 375 222 402 in
239 377 396 405 saturitate.
415 387 424 404 ι
442 378 546 406 Similia
574 381 702 410 iisetiam
721 382 848 411 Salomon

72 419 94 446 itt
108 419 258 449 Proverbiis
269 424 426 457 pronuntiat
437 426 470 453 de
482 425 558 460 justo
572 427 667 456 dicens
676 430 699 445 "
712 439 719 457 :
735 438 744 455 t
756 429 850 458 Justus

72 466 231 495 manducans
255 469 369 503 replebit
390 471 509 499 animam
532 479 629 500 suam:
645 475 743 503 animae
757 481 848 504 autem

71 511 207 546 impiorum
223 514 250 541 in
262 520 383 550 egestate
394 523 484 545 erunt.
503 528 514 546 ι
531 518 587 548 Hoc
603 521 625 548 si
640 523 790 550 secundum
806 523 850 550 lit-

71 561 149 609 teram
175 559 312 594 accipias,
335 562 398 596 quia
423 572 433 589 s
459 562 549 597 justus
576 567 741 595 manducans
764 568 849 603 replet

69 609 179 631 atumaut
200 612 292 639 suam,
311 608 411 636 animm
428 616 492 637 vero
514 610 659 645 impiorum
681 613 708 640 in
730 619 850 649 egestate

69 653 154 681 erunt,
165 659 175 675 ι
187 650 287 678 falsum
303 652 446 682 videbitur.
462 655 548 691 Magis
555 658 628 685 enim
641 659 739 687 animo:
751 660 848 695 impio-

70 700 122 720 rum
135 701 196 722 eum
212 695 344 725 aviditate
357 698 447 726 cibum
461 707 583 734 sumunt,
597 707 625 730 et
638 704 774 731 saturitati
792 709 850 732 stu-

70 739 134 785 dent.
152 740 223 769 Justi
239 747 330 771 autent
356 745 494 774 interdum
515 752 543 775 et
567 749 701 777 esuriunt.
726 750 848 785 Denique

69 783 158 813 Paulus
175 785 265 819 justus
278 794 349 821 erat,
365 794 391 817 et
406 791 514 819 dicebat
529 793 553 809 "
567 802 573 820 :
589 802 599 820 ι
616 794 706 829 Usque
723 796 757 823 ad
778 783 848 825 hanc

69 829 154 857 horam
168 833 317 866 esurimus,
329 839 357 861 et
372 836 493 870 sitimus,
504 842 530 865 et
549 839 613 866 nudi
630 847 736 873 sumus,
756 845 783 868 et
800 848 847 868 co-

69 874 147 909 laphis
159 878 301 906 czedimur.
318 890 327 906 ι
346 880 378 907 Et
396 881 575 911 iterumdieit
588 884 632 912 ":
651 893 660 910 t
678 885 706 913 lu
732 885 804 914 {ante
818 893 847 916 et

68 921 118 953 siti,
138 922 164 948 iu
181 922 295 957 jejuniis
315 925 418 954 multis.
440 936 450 953 ι
466 928 499 955 Et
521 931 657 964 quomodo
681 931 749 958 dicit
770 932 847 960 Salo-

68 974 122 994 ntett
144 967 177 999 ν’,
200 970 264 1004 quia
288 980 298 997 t
317 971 407 1005 justus
433 974 598 1002 manducans
622 977 704 1004 satiat
728 978 845 1006 animam

67 1014 152 1059 suam?
169 1024 178 1041 ι
195 1014 249 1042 Sed
264 1016 287 1044 si
307 1017 435 1046 iutuearis
447 1021 683 1057 quomodojustus
697 1030 804 1059 semper
818 1031 847 1053 et

67 1058 120 1086 sine
141 1060 342 1090 intermissione
362 1064 505 1093 manducet.
526 1066 560 1094 de
584 1075 653 1102 pane
672 1069 744 1101 vivo,
758 1058 786 1098 et
802 1079 845 1099 re—

67 1104 132 1138 pleat
149 1107 268 1135 anituatu
295 1117 383 1142 suam,
406 1119 439 1139 ac
461 1112 542 1141 satiet
565 1121 624 1141 eam
647 1115 709 1143 cibo
728 1118 844 1150 cmlestl,

66 1152 106 1184 qui
130 1157 171 1180 est
197 1153 315 1182 Verbum
342 1157 387 1184 Dei
416 1162 444 1185 et
466 1159 598 1194 sapientia
623 1162 682 1197 ejus
698 1183 706 1195 ,
723 1164 845 1191 invenies

66 1199 192 1228 tptottmdo
204 1207 235 1226 ex
253 1200 440 1232 benedictione
460 1205 506 1233 Dei
531 1209 674 1236 manducet
690 1209 780 1243 justus
795 1218 844 1245 pa-

67 1247 120 1267 nctu
140 1250 217 1270 suum
236 1245 263 1272 iu
280 1247 414 1275 satietate.
436 1258 445 1275 ι
464 1250 498 1278 Et
517 1251 675 1281 habitabilis
696 1255 743 1282 tuti
764 1263 846 1290 super

67 1291 157 1336 terram
178 1295 299 1318 vestram
312 1293 346 1320 ".
367 1303 376 1319 ι
395 1294 505 1330 luiqttus
528 1305 665 1334 nunquam
694 1306 767 1329 tutus
792 1307 843 1336 est,

66 1332 107 1358 sed
128 1340 236 1368 semper
257 1342 381 1365 movetur
405 1345 432 1366 et
459 1332 632 1376 ﬂuctuatpet
655 1332 846 1374 circumfertur

65 1379 130 1404 omni
153 1385 233 1408 vento
255 1383 385 1411 doelritue
410 1385 436 1412 in
449 1385 555 1415 fallacia
579 1389 717 1418 hominum
744 1392 777 1419 ad
801 1393 846 1420 de-

65 1425 208 1458 ccptiouem
236 1429 347 1456 erroris.
374 1430 466 1459 Justus
494 1440 578 1466 vero,
613 1436 658 1470 qui
683 1436 768 1471 legem
797 1437 844 1465 Dei

64 1471 183 1504 custodit,
203 1477 277 1501 tutus
300 1475 404 1503 habitat
422 1485 504 1512 super
526 1483 626 1507 terram
642 1489 729 1509 suam.
743 1482 846 1511 Sensus

903 247 964 274 llaec
977 251 1018 274 est
1032 254 1097 282 ergo
1110 255 1172 281 pax,
1185 255 1266 281 quam
1283 247 1328 274 dat
1343 248 1413 275 Deus
1428 255 1510 282 super
1524 253 1623 276 terram
1638 257 1687 275 no-

901 297 996 320 ΒΙΙΊΙΙΙΙ.

937 338 964 367 6.
979 347 987 363 ι
1001 339 1033 365 Ει
1045 339 1194 371 dormietis,
1204 344 1230 366 et
1245 347 1296 366 non
1310 340 1361 367 erit
1374 340 1419 373 qui
1434 348 1480 367 vos
1493 344 1628 367 exterreat
1638 339 1659 366 ³.
1673 349 1683 365 ι

901 383 934 411 Ει
950 383 1078 411 Salomon
1097 384 1123 411 itt
1146 384 1299 412 Proverbiis
1320 386 1405 412 dixit:
1422 395 1431 411 t
1446 385 1473 412 Si
1488 386 1558 412 enitn
1572 385 1685 417 sederis.

900 429 961 456 sitte
975 429 1071 457 timore
1088 430 1142 457 eris
1157 438 1165 462 ;
1181 436 1208 457 et
1223 430 1244 457 si
1258 431 1417 463 dormieris,
1432 431 1546 459 libenter
1560 439 1684 458 somnum

900 475 992 508 capies
1006 494 1014 508 ,
1028 479 1055 502 et
1081 482 1133 503 non
1161 475 1270 503 titncbis
1294 480 1425 503 terrorem
1448 477 1684 512 super-venientem

902 520 972 552 tibi.
997 528 1084 555 neque
1107 521 1226 555 impetus
1244 522 1387 556 impiorum
1403 522 1651 556 supervenientes‘.
1672 532 1683 549 ι

901 567 963 594 llaec
978 567 1023 594 illc
1035 566 1103 594 dixit
1117 568 1149 595 de
1161 567 1237 602 justo
1249 573 1276 596 et
1289 568 1412 603 sapiente
1428 569 1486 596 viro
1499 589 1507 601 ,
1532 575 1558 596 et
1575 569 1633 596 haec
1657 569 1683 596 itt

899 612 1088 640 benedictione
1100 613 1226 641 dicuntur
1241 622 1248 640 :
1266 623 1275 640 I
1295 613 1449 646 Dormietis.
1465 619 1491 641 et
1507 622 1558 641 non
1572 615 1625 642 erit
1637 617 1684 648 qul

898 665 947 685 vos
964 662 1112 687 exterreat.
1131 667 1140 684 ι
1161 658 1189 686 Si
1204 659 1276 686 enim
1294 659 1385 693 justus
1397 659 1500 688 eiiiclar
1512 680 1520 693 ,
1548 667 1627 687 nemo
1641 667 1685 687 me

897 707 1037 731 exterrere
1058 704 1157 738 poterit
1177 712 1184 731 :
1208 704 1274 732 nihil
1298 706 1379 732 timeo
1401 705 1472 734 aliud
1485 726 1493 738 ,
1515 706 1537 733 si
1554 706 1636 733 Deum
1651 706 1686 732 ti-

898 756 986 776 meam
1000 758 1007 776 :
1024 759 1034 775 ι
1052 749 1147 778 Justus
1162 751 1252 784 enim,
1271 751 1359 785 inquit
1373 751 1401 783 ",
1416 751 1528 779 conlidit
1544 756 1574 778 ut
1593 751 1647 784 leo,
1671 760 1681 776 s

897 801 925 824 et
937 796 998 824 ideo
1013 804 1065 823 non
1083 796 1159 824 timet
1182 791 1287 824 leonem
1304 797 1439 826 diabolum
1450 817 1458 828 .
1473 805 1524 825 nec
1536 797 1683 825 draconem

899 841 1038 874 Satanam,
1056 850 1106 870 nec
1119 843 1228 877 angelos
1242 843 1311 878 ejus,
1323 844 1370 871 sed
1389 843 1455 870 dicit
1467 843 1615 870 secundum
1629 842 1683 868 Da-

899 888 942 916 vid
956 888 986 914 ':
1004 897 1013 913 t
1032 886 1091 915 Non
1108 888 1208 915 timebo
1223 895 1239 915 a
1262 888 1359 915 timore
1383 892 1519 915 nocturno
1531 906 1538 918 ,
1555 893 1570 913 a
1592 886 1685 920 jaculo

898 935 1005 962 volante
1018 941 1067 968 per
1083 934 1170 968 diem,
1188 942 1203 961 a
1219 934 1328 970 negotio
1349 933 1552 969 perambulante
1570 933 1595 960 in
1610 939 1684 960 leue-

898 980 964 1012 bris,
978 987 993 1006 a
1014 979 1101 1010 ruina.
1117 983 1141 1006 et
1158 979 1292 1007 daemonio
1307 979 1468 1006 meridiano.
1487 989 1496 1005 ι
1511 979 1593 1006 Addit
1607 983 1634 1005 et
1651 979 1683 1005 il-

897 1025 942 1053 lud
960 1026 969 1041 ⁷
991 1034 999 1052 :
1029 1035 1039 1051 ι
1064 1025 1192 1053 Dominus
1213 1024 1377 1052 illutuinatio
1403 1033 1482 1057 mea,
1507 1029 1533 1052 et
1559 1024 1685 1052 Salvator

898 1079 973 1100 meus
991 1070 1064 1107 (40),
1082 1078 1162 1106 quem
1186 1071 1310 1098 timebo?
1328 1071 1458 1098 Dominus
1476 1070 1603 1097 defensor
1623 1070 1684 1096 vitae

897 1124 974 1147 mere,
990 1125 1004 1143 a
1016 1124 1070 1151 quo
1090 1116 1253 1151 trepidabo?
1270 1126 1279 1142 ι
1304 1116 1337 1143 Et
1353 1116 1450 1143 iterum
1463 1115 1475 1131 '
1496 1125 1503 1144 ε
1520 1125 1529 1141 t
1549 1115 1577 1142 Si
1594 1115 1684 1142 consi-

897 1168 971 1191 stant
985 1164 1129 1190 adversum
1145 1170 1188 1190 me
1199 1167 1299 1195 castra,
1311 1169 1362 1189 non
1378 1161 1483 1189 timebit
1493 1169 1541 1189 cor
1553 1169 1652 1189 meum.
1671 1171 1681 1187 ι

898 1208 979 1236 Vides
999 1207 1180 1235 constantiam
1202 1212 1229 1234 et
1251 1207 1376 1235 virtutem
1393 1207 1490 1234 anima:
1504 1207 1684 1234 custodientis

896 1255 1024 1282 mandata
1039 1253 1099 1285 Dei,
1113 1258 1140 1280 et
1161 1253 1287 1281 habentis
1305 1253 1430 1281 ﬁduciam
1456 1253 1590 1280 libertatis
1606 1253 1684 1288 iuge-

897 1309 965 1329 note.
979 1301 1042 1329 Post
1057 1301 1115 1328 haec
1126 1321 1135 1332 ,
1151 1310 1160 1326 ι
1176 1300 1372 1328 Exlerminabo
1384 1321 1392 1333 ,
1417 1300 1506 1335 inquit
1521 1298 1532 1313 ’
1544 1320 1552 1332 ,
1580 1299 1683 1327 bestias

897 1347 982 1375 malas
997 1347 1029 1374 de
1043 1351 1114 1374 terra
1132 1350 1233 1373 vestra.
1249 1354 1258 1371 ι
1275 1345 1382 1378 Bestiae,
1400 1345 1497 1380 inquit,
1513 1345 1571 1372 istae
1584 1352 1683 1379 corpo—

898 1393 988 1425 rales,
1003 1400 1055 1420 non
1078 1397 1141 1419 sunt.
1161 1391 1237 1418 malae
1249 1412 1256 1424 ,
1274 1398 1363 1425 neque
1385 1391 1479 1422 boote,
1501 1391 1546 1418 sed
1565 1384 1682 1418 medium

896 1439 1033 1473 quiddam.
1053 1438 1122 1465 Sunt
1138 1439 1209 1465 enim
1223 1442 1295 1465 muta
1309 1436 1448 1464 attitnalia.
1461 1437 1514 1464 Sed
1530 1435 1579 1463 illa:
1591 1435 1683 1464 bestias

898 1485 975 1511 mala:
992 1489 1054 1511 sunt
1069 1484 1223 1519 spiritales,
1240 1491 1308 1518 quas
1322 1482 1468 1518 Apostolus
1482 1482 1548 1508 dicit
1563 1482 1584 1498 ¹⁰
1601 1491 1610 1506 ι
1629 1482 1683 1515 spi-

64 1516 128 1543 enim
139 1518 196 1551 ('jtts
209 1519 303 1547 firmus
315 1522 480 1552 estdieentis
491 1525 523 1551 atl
540 1526 622 1553 Deuttt
634 1528 656 1543 ³⁷
667 1536 674 1554 :
686 1537 695 1553 t
707 1529 843 1556 Couiirma
859 1539 879 1567 ο
899 1530 989 1557 ritalet
1005 1516 1140 1564 nequitias
1158 1530 1184 1556 in
1209 1516 1373 1557 cce-lestibu-s.
1394 1539 1404 1555 ι
1430 1528 1462 1555 Et
1489 1528 1531 1555 illa
1546 1533 1588 1555 est
1612 1528 1681 1555 mala

66 1571 111 1594 tne,
129 1565 252 1599 Domine,
272 1567 298 1594 in
315 1569 405 1596 verbis
423 1570 487 1597 tuis.
501 1580 510 1596 ι
526 1571 708 1601 Conlirtnatus
727 1581 802 1609 ergo,
818 1581 846 1603 et

65 1609 137 1645 267
150 1615 222 1639 tutus
237 1617 264 1639 et
279 1614 413 1642 radicatus
433 1615 535 1643 habitat
552 1625 634 1652 super
650 1623 761 1652 terram,
780 1620 844 1647 futt-

64 1656 136 1684 datus
153 1658 177 1684 iu
196 1659 267 1692 title,
284 1660 348 1694 quia
373 1661 519 1689 aedilicium
539 1662 597 1696 ejus
624 1672 676 1691 non
699 1670 740 1692 est
763 1673 846 1700 super

64 1709 165 1729 arenam
179 1705 309 1738 positum,
338 1714 426 1740 neque
449 1708 526 1734 radix
551 1708 611 1742 ejus
636 1717 717 1744 super
739 1717 843 1746 petram

64 1754 118 1782 est;
135 1752 181 1778 sed
196 1751 295 1778 domus
307 1753 414 1787 quidem
429 1753 488 1789 ejus
503 1754 615 1782 fundata
633 1764 714 1790 super
732 1761 843 1792 terram,

66 1794 147 1829 planta
170 1805 236 1824 vero
258 1798 316 1832 cjus
343 1799 462 1826 radicata
485 1806 527 1828 est
551 1801 577 1828 in
603 1803 737 1836 profundo
755 1810 843 1836 terrae.

65 1840 110 1868 hoc
125 1847 177 1874 est,
194 1842 220 1869 in
239 1843 414 1872 interioribus
431 1845 528 1873 anima:
545 1847 614 1881 ejus.
632 1848 715 1877 Recte
730 1858 795 1885 ergo
811 1852 843 1878 ad

64 1887 241 1921 hujuscemodi
263 1889 381 1917 animam
406 1891 506 1919 dicitur
538 1893 564 1920 in
586 1894 842 1924 benedictionibus:

66 1942 74 1958 t
90 1934 119 1960 Et
132 1934 290 1962 habitabilis
312 1937 361 1964 tuti
376 1937 433 1971 (59)
450 1945 532 1973 super
548 1944 650 1968 terram
668 1947 802 1975 vestram,
817 1947 843 1970 et

64 1980 127 2007 dabo
153 1988 246 2014 pacem
272 1989 354 2016 super
379 1987 480 2010 terram
495 1984 528 2011 ⁸⁸.
552 1993 561 2010 ι
578 1985 664 2018 Quam
688 1994 781 2021 pacem
797 1988 844 2015 dat

66 2025 128 2052 Deus
141 2026 153 2052 ‘l
167 2025 248 2052 Istam
265 2034 345 2061 quam
363 2027 444 2055 habet
461 2030 575 2057 mundus
596 2030 608 2056 ἵ
622 2030 708 2066 Negat
722 2039 751 2058 se
764 2032 842 2060 istaut

65 2071 123 2098 dare
134 2071 269 2099 Christus.
287 2072 356 2099 Dicit
367 2074 439 2101 enim
452 2074 474 2090 ’9
487 2081 494 2100 :
513 2084 522 2101 t
538 2075 624 2103 Meam
639 2084 732 2111 pacem
746 2078 780 2105 do
795 2086 843 2104 vo-

66 2117 118 2150 bis,
139 2126 226 2145 meam
249 2126 344 2152 pacem
365 2120 489 2155 relinquo
513 2121 589 2149 vobis
612 2129 619 2154 ;
642 2130 695 2149 non
712 2123 783 2150 sicut
800 2123 844 2151 hic

68 2164 175 2191 mundus
193 2164 238 2191 dat
255 2172 349 2199 pacem
360 2185 367 2197 ,
386 2173 438 2200 ego
452 2167 486 2193 do
499 2167 588 2194 vobis.
607 2177 616 2193 ι
632 2167 720 2202 Negat
733 2176 798 2203 ergo
813 2177 843 2197 se

897 1575 994 1607 bestia,
1011 1576 1045 1602 de
1059 1583 1111 1609 qua
1129 1575 1193 1603 dicit
1212 1575 1352 1610 Scriptura
1366 1576 1406 1602 “:
1427 1583 1436 1599 ι
1457 1574 1575 1608 Serpens
1591 1579 1681 1600 autem

895 1625 954 1648 erat
972 1621 1120 1653 sapientior
1139 1620 1260 1647 omnium
1282 1620 1428 1647 bestiarum
1449 1627 1508 1654 qua:
1525 1623 1588 1645 suttt
1602 1626 1683 1652 super

897 1671 1006 1693 tet-ram.
1028 1676 1038 1692 ι
1056 1666 1114 1700 Ipsa
1138 1673 1203 1700 ergo
1225 1670 1266 1693 est
1293 1666 1350 1693 [nec
1373 1666 1442 1692 mala
1469 1665 1573 1698 bestia,
1600 1672 1682 1699 quam

896 1711 1029 1745 promittit
1048 1711 1118 1737 Deus
1133 1711 1375 1737 exlermiuaturum
1397 1717 1426 1738 se
1442 1709 1476 1737 de
1490 1714 1560 1736 terra
1575 1713 1680 1741 nostra,
1708 1717 1711 1720 ·

894 1756 917 1783 si
933 1757 990 1790 ejus
1005 1756 1129 1783 mandata
1146 1763 1297 1784 servemus.
1313 1756 1360 1783 Vis
1377 1756 1468 1783 videre
1489 1759 1516 1781 et
1537 1754 1616 1781 aliatn
1634 1756 1681 1781 be-

895 1802 974 1829 stiam
994 1801 1116 1828 malam?
1132 1810 1141 1827 ι
1161 1801 1342 1829 Adversarius
1355 1806 1456 1834 vester,
1474 1802 1561 1836 inquit
1574 1802 1607 1832 ",
1624 1800 1683 1827 dia-

896 1848 974 1881 bolus
985 1848 1057 1874 sicut
1070 1847 1110 1874 leo
1126 1847 1235 1882 rugiens
1244 1847 1341 1874 circuit
1358 1854 1480 1881 quzercns
1495 1854 1575 1881 quem
1591 1851 1681 1873 trans-

895 1897 972 1920 voret
992 1892 1064 1929 (All),
1091 1893 1135 1919 cui
1161 1893 1277 1920 resistite
1301 1892 1384 1920 fortes
1408 1893 1434 1920 in
1456 1892 1517 1920 ﬁde.
1539 1902 1549 1918 ι
1567 1892 1642 1926 Quod
1658 1893 1680 1920 si

895 1939 983 1966 adhuc
1004 1939 1094 1973 plures
1112 1938 1215 1965 bestias
1230 1938 1270 1966 vis
1286 1938 1406 1970 discere,
1427 1938 1535 1965 docebit
1550 1942 1574 1965 te
1590 1937 1676 1965 Isaias

895 1985 1036 2020 propheta,
1051 1985 1096 2019 qui
1110 1985 1158 2012 sub
1173 1985 1276 2013 visione
1291 1991 1374 2019 quant
1398 1983 1544 2011 attitulavit
1560 1985 1682 2018 quadru-

895 2031 991 2067 pedum
1009 2031 1035 2058 in
1049 2032 1166 2063 deserto,
1183 2031 1245 2058 talia
1260 2031 1382 2066 quardam
1401 2032 1559 2067 prophetico
1583 2031 1679 2067 spiritu

896 2078 928 2105 de
944 2077 1038 2105 bestiis
1053 2077 1190 2112 loquitur:
1209 2086 1219 2104 ι
1240 2077 1268 2104 Ιιι
1287 2077 1459 2105 tribulatione
1470 2097 1478 2111 ,
1496 2078 1581 2112 inquit
1598 2078 1619 2093 ¹³
1630 2098 1636 2110 ,
1653 2082 1681 2104 et

895 2122 1021 2157 angustia
1039 2122 1090 2154 leo,
1108 2127 1136 2150 et.
1160 2123 1265 2150 catulus
1285 2123 1390 2156 leonis;
1408 2124 1470 2151 inde
1491 2129 1519 2150 et
1534 2123 1589 2151 nati
1607 2124 1681 2157 aspi—

897 2169 960 2195 dum
979 2167 1142 2202 volantium,
1161 2169 1206 2202 qui
1227 2169 1371 2203 portabant
1392 2176 1473 2203 super
1486 2168 1576 2196 asinos
1594 2173 1622 2196 et
1636 2176 1682 2196 ca-

69 2216 153 2242 pacem
169 2209 262 2236 mundi
280 2210 347 2238 dare
366 2211 506 2246 discipulis
522 2213 588 2246 suis,
606 2214 668 2247 quia
686 2219 712 2241 et
727 2214 791 2241 alibi
804 2215 843 2242 di-
861 2212 882 2239 D
898 2213 981 2241 melos
1003 2213 1113 2241 divitias
1138 2222 1202 2242 suas
1224 2214 1256 2241 ad
1281 2219 1387 2249 gentem
1404 2222 1464 2249 quae
1489 2222 1542 2242 non
1557 2214 1681 2249 proderit

67 2254 99 2281 cit
115 2255 124 2270 ¹
147 2262 155 2282 :
172 2264 181 2281 t
198 2254 268 2288 Quid
290 2256 392 2290 putatis
408 2258 470 2291 quia
490 2265 583 2292 pacem
604 2259 663 2286 veni
687 2259 794 2286 mittere
816 2260 842 2287 in

67 2305 158 2328 terram
176 2301 188 2328 ?
206 2309 258 2328 non
274 2302 336 2329 veni
355 2310 450 2337 pacem
467 2303 575 2330 mittere
587 2322 595 2335 ,
609 2304 656 2331 sed
679 2304 808 2339 gladium.
831 2315 840 2331 ι

68 2343 107 2373 Vis
117 2354 182 2381 ergo
195 2347 288 2374 videre
298 2354 378 2381 quam
391 2355 485 2381 pacem
501 2349 546 2375 dat
563 2349 633 2376 Deus
649 2356 732 2384 super
743 2354 842 2377 terram

67 2397 178 2419 nostram
191 2392 204 2418 ?
220 2392 248 2420 Si
263 2397 336 2420 terra
349 2393 384 2420 sit
399 2393 479 2425 bona,
499 2394 543 2420 illa
560 2401 619 2429 quae
635 2394 714 2422 aﬂ’ert
724 2396 842 2423 fructum

66 2438 235 2465 centesimum
249 2457 256 2470 ,
282 2442 329 2465 aut
351 2439 550 2474 sexagesimum
565 2460 572 2473 ,
597 2446 644 2467 aut
663 2441 841 2475 tricesimum,

66 2479 129 2508 illam
149 2489 245 2516 pacem
265 2482 397 2517 suscipiet
414 2491 428 2510 a
450 2483 516 2518 Deo,
537 2492 617 2519 quam
641 2485 706 2512 dicit
724 2486 841 2520 Aposto-

67 2524 100 2553 lus
111 2528 120 2542 ²
138 2536 145 2554 :
161 2536 170 2553 I
188 2526 247 2554 Pax
258 2532 349 2556 autem
363 2528 426 2562 Dei,
444 2537 504 2564 quae
519 2535 629 2565 superat
647 2539 755 2559 omnem
768 2540 844 2560 meu-

897 2260 947 2287 eis.
968 2269 976 2285 ι
997 2259 1122 2294 Nunquid
1141 2260 1196 2287 ullo
1218 2260 1297 2288 modo
1318 2260 1404 2288 videri
1431 2266 1544 2295 possunt
1566 2260 1624 2288 haec
1647 2261 1681 2287 de

897 2306 1085 2340 corporalibus
1097 2306 1192 2333 bestiis
1205 2306 1277 2334 dicta
1291 2306 1372 2334 etiam
1390 2307 1433 2339 iis,
1447 2307 1493 2341 qui
1509 2307 1586 2334 valde
1599 2306 1679 2334 amici

897 2357 961 2378 sunt
975 2352 1093 2380 littere?
1109 2352 1248 2385 Quomodo
1263 2352 1335 2380 enim
1352 2352 1409 2385 leo.
1424 2357 1451 2380 et
1466 2353 1570 2380 catulus
1585 2353 1679 2385 leonis,

897 2398 938 2425 vel
951 2399 1056 2433 aspides
1063 2398 1185 2426 volantes
1198 2403 1313 2433 possunt
1323 2406 1405 2433 super
1418 2398 1537 2425 camelos
1547 2403 1575 2425 et
1588 2398 1681 2426 asinos

896 2447 1004 2477 portare
1017 2443 1126 2472 divitias
1148 2443 1234 2471 suas?
1247 2442 1299 2470 Sed
1312 2442 1451 2471 evidenter
1467 2443 1616 2469 contrarias
1632 2449 1676 2477 po-

898 2493 1008 2517 testates
1033 2490 1184 2517 daemonum
1210 2490 1390 2525 pessimorum
1425 2489 1555 2523 propheta
1577 2488 1679 2523 Spiritu

896 2541 993 2563 saneto
1007 2535 1125 2571 repletus
1138 2540 1297 2568 enumerat,
1313 2542 1414 2570 eosque
1425 2534 1558 2562 collocare
1573 2534 1681 2561 divitias

94 2610 114 2624 "
127 2609 208 2648 Rrov.
222 2611 330 2648 snt,9.5.
365 2611 394 2648 ξ·
408 2611 417 2648 l
432 2612 495 2645 Cor,
509 2620 546 2646 tv,
562 2614 605 2641 ll.
641 2614 664 2630 ³⁵
679 2614 697 2641 ll
711 2615 774 2642 Cor.
789 2623 826 2647 xt,
842 2616 887 2648 27,
923 2616 946 2631 ’³⁸
963 2615 1102 2647 Pruv.\'|tt,
1117 2616 1161 2643 25.
1197 2616 1220 2631 ’⁸
1235 2614 1321 2642 Levit.
1336 2621 1409 2646 xxvi,
1425 2613 1452 2640 5.
1482 2613 1503 2628 "'
1520 2612 1590 2648 E'sal.
1605 2620 1679 2643 calx,

66 2641 103 2670 28.
127 2645 150 2660 ’⁸
165 2644 252 2673 Levit.
271 2641 345 2675 sxw.
363 2645 389 2677 5,
405 2647 431 2675 6.

67 2712 84 2728 ¹⁸¹
102 2713 196 2748 Epltcs.
219 2723 245 2742 \tl
259 2736 267 2749 ,
293 2716 336 2742 η.
363 2712 393 2732 V“
407 2716 475 2744 Gen.
494 2726 534 2751 ιιι,
554 2719 580 2745 1.
620 2720 641 2735 ¹²
658 2712 739 2746 11³01.
758 2727 792 2753 v,
808 2722 834 2747 8.

94 2763 148 2798 (39)
165 2764 237 2791 Tuti.
256 2764 338 2791 Deest
355 2763 382 2791 in
398 2765 512 2800 vulgatis
523 2766 696 2797 cditionibus.
713 2767 760 2795 sed
776 2776 838 2803 sup-

65 2797 142 2831 pletur
158 2808 173 2827 e
191 2807 256 2826 tuss.
443 2797 456 2800 “
809 2797 816 2803 ’

94 2834 146 2869 (40)
163 2834 242 2863 Libb.
258 2833 339 2866 editi,
356 2843 365 2860 ι
383 2835 455 2862 salus
471 2843 541 2864 mea.
559 2847 568 2864 ι
586 2837 648 2865 Mss.
660 2858 666 2870 ,
687 2843 695 2863 ι
715 2837 838 2865 Salvator

473 2648 585 2684 "iloau.
602 2649 710 2682 xtv,27.
749 2651 756 2666 ι
774 2650 837 2677 an.

900 2651 931 2678 5t
945 2659 952 2683 ;
968 2657 994 2677 et
1006 2650 1101 2678 Matth.
1118 2658 1145 2682 ι,
1159 2650 1204 2678 54,
1242 2651 1252 2665 ¹
1263 2649 1361 2684 Philtp.
1378 2656 1415 2682 tv,
1430 2649 1468 2684 7.7
1495 2648 1505 2663 ³
1519 2647 1603 2674 Levit.
1615 2655 1678 2684 xxv,

66 2679 119 2716 t,6__
140 2680 150 2716 ξ
167 2679 249 2707 Prov.
266 2689 308 2712 Ill,
324 2680 370 2714 25,
384 2681 429 2710 95.
468 2683 478 2698 ’
493 2683 573 2712 Prov.
591 2679 686 2716 xxviii,
702 2685 727 2711 l.
764 2686 774 2701 '
787 2679 925 2714 l’sal.cix.

979 2687 989 2700 ⁷
1015 2686 1083 2713 Psal.
1098 2693 1169 2712 xxvii
1182 2686 1226 2717 ,l.
1261 2682 1348 2712 'ibid.
1363 2684 1390 2712 '5.
1437 2684 1448 2700 ⁹
1459 2683 1545 2711 Levit.
1558 2690 1637 2714 XXVI,
1652 2682 1678 2709 6.

877 2721 898 2736 ”
913 2721 964 2748 lsa.
983 2729 1046 2754 ιη,
1061 2721 1087 2747 ti.

893 2776 1078 2838 ¹¹’ῗῖῗ)ἰίω›.
1103 2800 1168 2829 editi
1188 2819 1195 2833 ,
1215 2810 1224 2828 t
1244 2801 1365 2830 devoret.
1380 2811 1391 2828 ι
1409 2801 1473 2829 Msa.
1486 2819 1496 2834 ,
1519 2808 1530 2827 ι
1551 2805 1675 2828 transvo-

891 2842 941 2865 tcl.
961 2847 968 2863 t
