1886 3051
194 149 244 175 571

919 138 1080 170 ORIGENIS

1761 131 1806 160 57‘!

192 207 386 242 deceptionum
402 213 511 234 suarum
527 211 609 238 super
622 203 727 231 animas
748 202 861 230 stolidas
876 208 986 237 perver-
999 205 1023 232 Α
1039 205 1167 227 numerus
1182 201 1215 225 ad
1233 198 1493 242 utramquepartem
1511 191 1712 242 accipi-potest.-
1725 189 1753 217 Si
1761 190 1808 242 ita-

193 260 304 288 sasque,
319 260 388 287 quas
404 251 518 280 camelis
536 257 563 278 et
576 249 662 277 asinis
677 256 726 284 per
742 250 855 284 ﬁguram
869 257 979 284 compa-

195 302 257 330 rat,
273 298 433 333 designavit.
451 297 482 323 Et
498 297 531 323 iis
551 296 647 324 bestiis
669 303 703 322 ue
720 296 875 323 traderetur
890 296 981 322 anima

194 345 277 371 Demu
291 344 388 370 timens
400 343 494 369 orabat
504 343 635 377 propheta
647 341 730 369 David
740 341 832 369 dicens
844 341 865 358 “
877 350 884 368 ε
900 351 909 367 ι
921 340 981 368 NOII

194 389 286 416 tradas
309 388 403 416 bestiis
417 388 533 415 animam
551 388 725 416 conﬁtentem
743 388 802 415 tibi.
845 388 879 415 Et
892 392 982 415 exter-

194 437 314 468 tuinabo,
325 436 416 470 inquit
428 436 461 469 η,
473 436 576 463 bestias
591 436 726 471 malignas
741 437 774 463 de
791 440 863 462 terra
879 440 980 468 vestra,

192 486 220 508 et
237 489 324 516 pugna
341 489 394 509 non
411 481 536 509 transibit
557 489 607 517 per
623 485 726 508 terram
741 484 870 508 vestram.
888 489 897 506 ι
914 480 982 508 Mul-

191 533 226 554 tze
242 533 304 553 sunt
324 534 420 562 pugnat
435 534 496 561 quae
514 531 657 555 transeunt
677 534 727 562 per
743 531 845 554 terram
860 531 981 554 nostram

192 573 214 600 si
230 572 316 607 legem
330 573 376 600 Dei
389 580 441 600 non
455 573 635 606 custodimus,
650 580 700 600 nec
713 577 844 608 praecepta
857 573 916 607 ejus
925 580 983 600 ser-

192 625 299 646 vamus.
319 618 424 646 Redeat
444 619 632 654 unusquisque
656 618 690 646 ad
711 619 829 645 animam
845 625 934 651 suam,
956 622 983 645 et

192 663 251 698 ipse
274 671 305 692 se
328 665 434 692 interna
460 664 648 692 recordatione
673 664 823 696 discutiat,
839 668 866 691 et
892 664 984 692 videat

192 711 328 745 quomodo
347 716 418 738 terra
435 716 526 739 nostra
539 731 547 743 ,
565 711 592 738 id
608 715 671 744 est,
688 718 753 738 caro
772 715 864 738 nostra
877 731 885 744 ,
910 717 983 738 nunc

192 755 290 789 spiritu
324 756 535 789 fornicationis,
568 763 643 784 nunc
672 755 721 783 ine
747 760 775 783 et
807 755 907 797 furoris
936 763 982 782 ur-

194 807 291 836 getur,
311 809 383 830 nunc
400 802 521 829 avaritiae
548 801 646 837 jaculis
663 801 802 836 agitatur,
823 809 895 828 nunc
923 801 983 829 telis

193 848 319 883 pulsatur
346 847 475 881 invidiae,
505 855 577 875 nunc
613 848 725 883 spiculis
755 848 876 875 libidinis
903 853 981 876 tere-

1031 252 1084 280 que
1099 252 1147 272 nos
1164 243 1250 271 sitnus
1274 250 1307 270 ex
1322 241 1446 276 quinque
1469 237 1664 270 laudabilihus,
1687 236 1714 264 id
1729 240 1807 263 estex

1031 291 1151 326 quinque
1168 289 1337 324 sapientibus
1351 307 1358 319 ,
1375 291 1569 322 persequemur
1585 283 1742 317 insipientes
1753 289 1809 308 cen-

1032 341 1100 365 tum.
1117 335 1229 363 Sireuim
1244 334 1384 368 sapienter
1399 337 1425 359 et
1441 330 1617 366 probabiliter
1629 335 1775 364 pugnemus
1786 328 1808 353 in

1033 382 1117 410 verbo
1133 382 1192 412 Dei.
1205 381 1227 408 si
1241 380 1388 415 prudenter
1405 378 1437 406 de
1451 378 1508 412 lege
1521 377 1625 404 Domini
1641 375 1809 406 disseramus,

1034 428 1219 456 convincimus
1239 431 1266 454 et
1289 426 1412 460 fugamus
1439 422 1587 450 inﬁdelium
1608 421 1808 448 multitudinem.

1033 473 1111 501 Sicut
1126 474 1199 501 enim
1215 473 1334 507 quinque
1347 477 1485 502 numerus,
1501 474 1527 497 et
1545 469 1682 503 sapientes
1706 468 1810 500 indicat,

1032 524 1060 547 et
1074 519 1249 555 insipientes;
1266 519 1301 545 ita
1315 523 1343 544 et
1364 522 1495 544 centenus
1517 524 1657 549 numerus,
1680 520 1705 542 et
1725 514 1810 542 ﬁdeles

1033 565 1154 597 indicat,
1172 569 1198 592 et
1214 563 1345 592 inﬁdeles.
1361 563 1426 590 Nam
1444 568 1472 590 et
1487 562 1536 590 sub
1549 562 1709 590 centenario
1732 567 1810 588 anno-

1031 617 1094 637 rum
1108 616 1221 636 numero
1234 609 1372 636 Abraham
1391 608 1445 636 Deo
1460 608 1626 639 credidisse,
1645 611 1672 634 et
1687 606 1810 642 justiﬁca~

1033 659 1080 684 tus
1092 662 1153 683 esse
1168 655 1343 687 describitur,
1356 659 1394 688 et,
1407 663 1417 680 ι
1432 659 1558 688 peccator
1569 654 1615 688 qui
1629 653 1744 680 moritur
1754 659 1810 680 cer.-

1035 705 1092 729 tum
1108 708 1241 728 annorum
1266 700 1427 728 maledictus
1450 701 1547 728 erit".
1567 709 1577 726 ι
1603 699 1635 727 Ει
1652 700 1697 728 hic
1710 701 1809 727 centum

1033 747 1154 776 inﬁdeles
1168 755 1182 774 a
1196 747 1318 782 quinque
1332 746 1500 781 sapientibus
1525 745 1680 781 cﬂ'ugantur
1692 765 1700 777 ,
1717 749 1742 772 et
1757 752 1810 772 rur-

1034 800 1093 820 sum
1110 797 1217 820 centum
1230 792 1333 825 ﬁdeles,
1348 799 1400 819 non
1416 796 1470 818 tam
1484 799 1596 819 numero
1612 795 1721 818 centum
1738 798 1811 825 quam

1035 839 1202 874 perfectione
1216 838 1324 874 signati,
1347 838 1432 865 multa
1448 837 1533 865 millia
1557 836 1706 864 inﬁdelium
1730 843 1813 870 perse-

193 895 307 927 bralur’
330 899 358 922 ει
378 895 405 922 in
428 894 636 930 quibuscunque
659 895 828 930 concupiscit
850 902 913 922 οπο
933 895 982 921 ad-
998 884 1020 912 Β
1034 889 1161 919 qucutur.
1185 885 1292 920 Fugaut
1314 885 1387 912 enim
1409 883 1502 911 fideles
1517 883 1642 911 doctores
1662 884 1815 930 innumeros

194 947 306 968 versum
324 941 467 976 spiritum,
480 945 507 969 et
521 941 635 976 spiritus
654 942 785 971 adversus
799 949 923 974 carnem,
939 942 981 968 in-

196 987 279 1014 ternis
297 987 397 1022 proeliis
416 995 524 1022 semper
547 988 675 1023 agitatur.
699 988 769 1022 Quid
790 992 880 1016 autem
894 989 981 1015 dicant

194 1033 228 1059 de
242 1032 435 1067 cogitationum
452 1033 550 1068 pugnis
563 1053 571 1067 ,
587 1041 654 1068 quas
679 1035 755 1062 cordi
773 1039 865 1062 nostro
881 1042 982 1070 sugge-

194 1077 230 1104 rit
244 1077 367 1105 inimicus
378 1099 386 1111 ,
403 1082 433 1105 ut
448 1085 496 1105 nos
516 1083 599 1106 exuat
613 1087 627 1106 a
648 1079 699 1106 ﬁde
713 1078 832 1112 Christi,
849 1083 876 1107 et
889 1079 923 1106 ab
935 1086 983 1114 spe

193 1123 345 1151 vocationis
360 1124 483 1151 nostra}?
500 1124 567 1152 Cum
583 1124 655 1152 enim
674 1124 833 1153 amictiones
857 1125 984 1153 teutatio—

194 1175 269 1201 nnm,
288 1172 315 1195 et
339 1168 475 1196 molestias
493 1169 549 1204 (42)
574 1169 667 1197 saeculi
691 1171 867 1198 suscitaverit
891 1171 982 1203 nobis.

194 1219 390 1248 consequenter
405 1214 461 1248 jam
480 1215 603 1250 suggerit
622 1215 796 1250 cogitationi,
817 1216 981 1251 Superﬁuum

193 1262 220 1285 et
236 1258 356 1292 ineptum
372 1265 434 1285 esse
456 1258 515 1285 haec
535 1258 653 1286 tolerare
671 1267 720 1294 pro
742 1259 852 1287 Christo
864 1280 872 1293 ,
897 1260 983 1287 multo

193 1310 255 1330 esse
270 1303 365 1329 melius
379 1310 505 1331 securam
519 1308 547 1331 et
562 1305 622 1332 sine
642 1305 881 1339 persecutiouihus
900 1306 982 1333 vitam

193 1348 304 1375 ducere.
322 1347 384 1375 Haec
397 1348 487 1377 sciens
501 1354 528 1377 et
542 1350 682 1385 apostolus
700 1350 798 1378 Paulus
821 1351 928 1378 dicebat
939 1352 980 1379 “:

197 1402 206 1419 ι
225 1394 405 1428 Cogitationes
419 1395 609 1428 destruentes,
633 1400 661 1424 et
679 1403 786 1423 omnem
811 1396 981 1424 altitudinem

194 1440 366 1467 extollentem
386 1448 415 1468 se
431 1442 573 1469 adversum
598 1442 740 1470 scientiam
765 1442 876 1470 Christi.
896 1451 906 1469 ι
931 1442 982 1476 Qui

195 1494 261 1519 ergo
275 1486 365 1513 divina
384 1492 518 1522 praecepta
542 1488 705 1521 servaverit,
730 1493 758 1515 et
782 1489 909 1516 mandata
923 1489 982 1524 ejus

195 1533 363 1565 custodierit,
383 1538 409 1560 et
432 1532 529 1560 fecerit
552 1540 582 1560 ea
597 1553 605 1565 ,
629 1534 700 1561 hanc
722 1541 839 1568 pugnam
853 1554 861 1567 ,
876 1539 904 1560 et
927 1535 983 1562 hac

196 1579 265 1606 bella
281 1587 333 1606 non
349 1579 459 1614 patitur,
476 1580 522 1607 sed
537 1579 608 1606 Deus
623 1579 711 1606 aufert
722 1587 754 1606 ea
772 1579 806 1606 de
823 1585 894 1606 terra
910 1579 979 1613 ejus,

195 1630 222 1652 ct
240 1633 291 1652 non
309 1625 375 1653 sinit
392 1633 421 1653 ea
439 1626 555 1653 transire
569 1633 617 1660 per
631 1626 747 1652 animant
758 1624 835 1658 justi.
852 1634 861 1651 ι
877 1625 910 1652 Ει
924 1633 983 1660 peo-

196 1671 345 1704 scquemiui
363 1671 486 1698 inimicos
504 1676 608 1698 vestros
621 1670 653 1697 ".
665 1667 753 1701 tQuos
765 1670 906 1704 inimicos,
930 1671 982 1699 nisi

196 1716 284 1749 ipsum
299 1716 436 1743 diabolum
458 1721 484 1743 et
498 1716 609 1752 angelos
629 1715 702 1750 ejus,
719 1720 747 1742 et
768 1715 882 1750 spiritus
904 1716 982 1743 maii-

196 1769 274 1794 guos,
289 1766 314 1788 et
338 1762 468 1789 daemonia
484 1762 621 1788 ininiunda
633 1762 646 1789 ‘l
667 1761 866 1797 Persequemur
883 1769 915 1789 ea
930 1770 982 1790 non

196 1807 282 1833 solum
300 1811 357 1834 uta
385 1808 462 1835 nobis
483 1807 549 1842 ipsis
563 1807 723 1842 eﬁ‘ugemus,
748 1808 794 1835 sed
820 1812 846 1835 et
863 1808 897 1835 ab
922 1808 983 1836 aliis

196 1861 265 1886 quos
280 1854 430 1886 incursant,
443 1854 464 1881 si
475 1854 565 1881 divina
576 1858 710 1889 praecepta
726 1861 876 1882 servemus.
897 1863 906 1880 ι
921 1855 983 1882 Per-

196 1899 356 1933 sequemini,
376 1899 463 1934 inquit
479 1899 511 1931 ’⁸,
529 1899 654 1927 inimicos
667 1905 783 1931 vestros,
801 1905 829 1926 et
843 1901 940 1927 cadent
956 1901 981 1927 in

195 1950 343 1978 conspectu
366 1949 457 1972 vestro
485 1949 586 1972 morte.
607 1954 617 1971 ι
646 1945 675 1972 Si
701 1950 826 1973 conterat
854 1944 982 1972 Satanam

196 1990 279 2024 268
299 1991 349 2017 sub
371 1990 486 2025 pedibus
504 1991 606 2017 nostris
622 1991 753 2018 velociter
780 1991 850 2018 Deus
863 2009 871 2022 ,
886 1990 984 2017 cadent

197 2034 298 2061 inimici
323 2034 350 2061 in
373 2039 518 2069 conspectu
546 2040 640 2062 nostro
659 2040 755 2063 morte.
775 2035 858 2068 Cujus
875 2035 984 2062 morte?

198 2079 252 2114 Ego
266 2080 383 2107 arbitror
397 2081 468 2114 quod
486 2079 578 2107 nostra
602 2089 609 2106 :
635 2081 658 2107 si
684 2080 756 2108 enim
773 2088 822 2108 nos
836 2080 984 2108 mortiﬁce—

197 2133 258 2152 titus
271 2126 390 2152 membra
405 2131 497 2153 nostra
513 2133 574 2160 qua:
587 2130 649 2153 sunt
664 2133 744 2161 super
763 2130 878 2158 terram,
902 2127 985 2154 forni-

198 2171 344 2203 cntionem,
357 2170 568 2202 immunditiam,
583 2171 605 2198 si
621 2171 691 2198 hanc
707 2176 822 2198 mortem
838 2171 985 2199 inferamus

1035 931 1191 965 daemones,
1218 938 1250 959 ne
1273 931 1378 958 animus
1399 930 1566 958 credentium
1590 931 1702 965 antiqua
1727 929 1814 956 fraude

1033 977 1180 1011 decipiant.
1199 985 1209 1002 ‹
1230 977 1261 1004 Ει
1278 977 1374 1004 cadent
1397 976 1499 1003 inimici
1517 976 1599 1003 vestri
1620 976 1646 1003 in
1669 980 1813 1010 conspectu

1034 1027 1124 1049 vestro
1137 1022 1227 1057 gladio
1238 1023 1271 1050 “.
1290 1032 1299 1048 ι
1317 1022 1367 1055 Qui
1383 1021 1438 1049 sint
1456 1021 1558 1049 inimici
1579 1029 1660 1055 supra
1682 1022 1815 1054 diximus,

1033 1076 1089 1102 quo
1110 1073 1199 1096 autem
1224 1068 1313 1104 gladio
1336 1068 1464 1095 dicantur
1493 1068 1611 1099 cadere,
1638 1068 1815 1102 requiramus.

1033 1112 1181 1148 Apostolus
1201 1112 1301 1140 Paulus
1326 1119 1377 1140 nos
1399 1112 1479 1139 docet
1503 1112 1565 1146 quis
1587 1111 1623 1139 sit
1641 1111 1686 1139 hic
1705 1111 1816 1144 gladius,

1033 1166 1095 1186 cum
1108 1158 1175 1186 dicit
1186 1158 1227 1183 ":
1245 1168 1254 1185 ι
1271 1158 1354 1186 Vivus
1363 1159 1434 1185 enim
1446 1163 1488 1186 est
1501 1165 1592 1185 sermo
1606 1157 1663 1190 Dei,
1673 1162 1699 1184 et
1716 1157 1816 1189 cﬁicax,

1033 1208 1062 1231 et
1076 1203 1272 1238 peuetrabilior
1282 1204 1354 1231 omni
1369 1203 1459 1238 gladio
1473 1203 1599 1237 utrinque
1613 1208 1706 1236 acuto,
1720 1203 1818 1237 pertin-

1033 1256 1100 1285 gens
1115 1256 1223 1283 quoque
1239 1256 1326 1283 usque
1344 1249 1378 1276 ad
1391 1256 1547 1283 compagem
1562 1249 1660 1276 auium
1683 1257 1716 1276 ac
1743 1249 1818 1283 spiri-

1035 1299 1089 1327 tus,
1105 1295 1287 1322 membrorum
1300 1302 1408 1330 quoque
1422 1300 1450 1322 et
1467 1295 1657 1329 medullarum,
1671 1300 1700 1323 ct
1715 1301 1754 1323 est
1768 1296 1819 1322 dis-

1033 1345 1123 1368 cretor
1137 1341 1349 1376 cogitationum,
1365 1346 1393 1369 et
1415 1341 1593 1368 intentiouum
1610 1342 1715 1369 cordis.
1736 1352 1745 1368 ι
1773 1341 1818 1369 llic

1033 1391 1075 1414 est
1096 1386 1219 1422 gladius,
1245 1387 1324 1422 cujus
1338 1387 1396 1414 acie
1410 1386 1466 1423 (ait)
1485 1387 1585 1414 cadunt
1600 1387 1704 1415 inimici
1722 1388 1815 1415 nostri.

1034 1433 1131 1461 Sermo
1148 1441 1265 1468 namque
1291 1433 1337 1461 Dei
1360 1439 1403 1461 est
1423 1434 1467 1468 qui
1497 1434 1643 1467 prosternit
1663 1442 1762 1461 omnes
1776 1435 1820 1460 ini-

1036 1477 1137 1510 micos,
1156 1481 1184 1504 et
1199 1476 1275 1512 ponit
1289 1484 1336 1504 eos
1357 1476 1409 1504 sub
1431 1476 1545 1511 pedibus
1566 1477 1640 1509 suis,
1657 1481 1690 1504 ut
1703 1478 1823 1505 subditus

1038 1526 1083 1554 ﬁat
1100 1527 1190 1554 omnis
1205 1527 1322 1555 mundus
1336 1527 1402 1554 Deo.
1419 1526 1466 1554 Vis
1485 1527 1574 1554 adhuc
1589 1532 1617 1555 et
1634 1527 1670 1555 de
1691 1528 1744 1555 alia
1764 1528 1824 1562 Epi—

1036 1575 1104 1604 stola
1128 1575 1202 1603 Pauli
1227 1576 1347 1608 discere,
1372 1577 1434 1611 qu'a
1458 1576 1561 1612 gladius
1585 1585 1677 1604 sermo
1706 1577 1753 1605 Dei
1775 1577 1824 1604 sit?

1036 1622 1107 1651 Audi
1128 1632 1189 1652 eum
1214 1632 1275 1652 cum
1296 1633 1370 1652 arma
1395 1631 1528 1661 praaparat
1552 1626 1685 1654 militibus
1710 1627 1823 1660 Christi,

1033 1673 1168 1705 quomodo
1182 1673 1247 1699 dicit
1259 1672 1303 1699 “:
1323 1681 1332 1697 ι
1350 1671 1383 1699 Et
1397 1671 1499 1706 galeam
1524 1672 1621 1699 salutis
1642 1673 1777 1706 accipite,
1798 1676 1822 1697 ct

1034 1717 1150 1751 gladium
1165 1718 1278 1752 spiritus
1297 1717 1368 1751 quod
1384 1722 1425 1744 est
1442 1717 1553 1744 verbum
1578 1717 1625 1745 Dei
1651 1725 1702 1752 per
1719 1726 1822 1745 omnem

1033 1762 1185 1788 orationum
1199 1781 1206 1793 ,
1223 1766 1250 1789 et
1266 1762 1485 1789 obsecrationem
1500 1782 1506 1793 ,
1528 1770 1538 1787 ι
1557 1762 1764 1789 evidentissime
1780 1769 1824 1796 per

1035 1807 1091 1833 lure
1109 1807 1288 1840 pronuntiatis
1303 1827 1309 1839 ,
1327 1807 1391 1841 quia
1414 1814 1462 1842 per
1475 1806 1589 1834 verbum
1614 1807 1659 1833 Dei
1675 1828 1682 1840 ,
1699 1808 1772 1841 quod
1787 1811 1825 1833 est

1034 1852 1142 1887 gladius
1163 1853 1291 1887 utrinque
1305 1858 1401 1879 acutus
1414 1873 1421 1884 ,
1446 1853 1543 1879 cadent
1565 1852 1670 1879 inimici
1697 1854 1783 1880 nostri
1801 1853 1824 1879 in

1033 1903 1179 1932 conspectu
1197 1903 1301 1925 nostro.
1319 1907 1328 1924 ‹
1349 1897 1382 1924 Et
1403 1897 1544 1931 respiciam
1561 1905 1643 1931 super
1662 1906 1723 1930 vos,
1739 1903 1767 1925 et
1781 1906 1825 1924 au-

1033 1944 1102 1977 gebo
1118 1951 1165 1970 vos
1179 1944 1212 1970 ".
1231 1953 1240 1970 ι
1261 1943 1371 1970 Plenum
1391 1943 1569 1970 beatitudinis
1585 1948 1626 1970 est
1647 1944 1702 1971 hoc
1727 1945 1824 1978 ipsum,

1033 1990 1056 2016 si
1084 1997 1164 2024 quem
1192 1990 1322 2024 respiciat
1347 1989 1432 2017 Deus.
1455 1989 1501 2016 Vis
1522 1990 1614 2016 videre
1646 1990 1669 2016 si
1699 1991 1826 2025 respiciat

1037 2035 1106 2062 Deus
1126 2035 1158 2061 ad
1179 2035 1315 2061 hominem
1328 2055 1334 2067 ,
1355 2039 1455 2069 quatth
1482 2036 1518 2062 sit
1537 2034 1610 2061 salus
1630 2034 1642 2061 ?
1664 2035 1763 2062 Petrus
1781 2035 1827 2061 ali—

1035 2081 1143 2115 quando
1163 2089 1230 2116 pene
1250 2082 1377 2114 perierat,
1390 2086 1418 2108 et
1437 2088 1469 2107 ex
1490 2081 1700 2109 consecratione
1721 2087 1826 2116 aposto-

1035 2125 1078 2152 lici
1101 2125 1205 2152 immeri
1225 2125 1332 2152 diabolo
1353 2132 1400 2159 per
1416 2133 1448 2152 os
1466 2126 1570 2153 ancilla:
1584 2127 1726 2161 pontiﬁcis
1745 2127 1828 2159 inspi-

1037 2176 1114 2198 rante
1132 2171 1220 2197 fuerat
1238 2175 1348 2205 ereptus
1363 2180 1370 2198 :
1391 2172 1438 2198 sed
1459 2171 1503 2197 ubi
1527 2173 1645 2206 respexit
1661 2173 1696 2199 ad
1711 2180 1773 2199 cum
1786 2171 1827 2199 Je-

199 2215 328 2242 membris
341 2216 464 2248 nostris,
486 2216 522 2243 illi
538 2216 635 2244 cadent
656 2217 682 2243 in
707 2222 854 2251 conspectu
880 2223 983 2245 nostro.
1001 2214 1081 2244 Dsus
1109 2221 1214 2243 tantum
1228 2237 1235 2249 ,
1257 2216 1301 2243 ubi
1322 2216 1354 2242 ad
1382 2224 1442 2244 eum
1464 2217 1560 2251 placidi
1582 2218 1673 2245 vultus
1695 2226 1746 2245 ora
1768 2226 1828 2244 con-

199 2260 339 2293 Quoinodo
351 2261 449 2288 cadent
466 2261 493 2288 iu
507 2265 650 2295 conspectu
668 2267 761 2289 nostro
774 2263 786 2289 ‘2
810 2263 839 2289 Si
854 2267 880 2288 ιιι
893 2262 984 2296 justus

199 2306 247 2336 sis,
257 2305 487 2339 ceciditinjustitia
495 2306 520 2332 in
527 2311 670 2341 conspectu
680 2312 739 2340 tuo;
748 2307 770 2335 si
781 2309 985 2340 castus,cecidit

200 2350 296 2383 libido;
312 2352 333 2377 si
352 2352 422 2386 pius,
434 2352 516 2379 etiam
537 2352 593 2387 ipsa
609 2352 734 2387 impietas
755 2353 859 2380 corruit
871 2358 933 2382 ante
948 2358 984 2381 te.

234 2397 260 2423 7.
277 2405 286 2421 ι
307 2396 340 2423 Et
365 2401 562 2432 persequentur
575 2405 607 2425 ex
621 2398 699 2426 vobis
722 2399 842 2434 quinque
864 2403 983 2430 centum,

198 2447 223 2468 ct
240 2448 348 2468 centqu
363 2449 395 2469 ex
414 2443 490 2469 vobis
512 2449 711 2478 persequentur
724 2444 808 2471 multa
825 2444 908 2470 millia
923 2445 955 2470 ¹⁹.
974 2453 984 2470 ι

197 2487 247 2519 Qui
261 2491 325 2514 sunt
338 2487 381 2514 isti
398 2487 519 2521 quinque
533 2488 576 2521 qui
590 2493 704 2522 pos~uut
721 2490 845 2523 persequi
858 2489 987 2516 centum?

197 2533 323 2568 Quinque
349 2541 479 2561 numerus
495 2534 550 2569 (45)
569 2540 596 2561 et
618 2535 644 2562 lu
668 2535 846 2563 laudabilibus
866 2536 984 2570 ponitur,

199 2583 226 2604 et
243 2578 268 2604 in
284 2578 470 2613 culpabilthus.
487 2579 611 2613 Quinque
622 2584 686 2606 sunt
699 2581 839 2614 sapientes
855 2580 982 2615 virgines,

199 2629 226 2650 et
240 2624 359 2658 quinque
382 2624 584 2658 insipientes”.
608 2624 654 2652 Sic
677 2632 741 2660 ergo
757 2629 785 2652 et
807 2627 983 2653 centonarius

237 2670 258 2685 “
272 2669 342 2697 Psal.
359 2677 452 2700 Lxxtv.
469 2671 511 2697 l9.
551 2673 572 2688 ¹⁵
586 2672 670 2699 Levit.
686 2680 760 2704 xxvt,
776 2671 803 2704 5,
814 2672 841 2700 6.

200 2705 224 2721 ιο
239 2704 335 2730 Matth.
347 2712 410 2732 xxv.
426 2706 454 2732 ‘2.

201 2747 266 2767 xxvi
278 2759 285 2771 ,
297 2738 323 2766 9.
376 2739 400 2755 “
412 2739 506 2768 Matth.
522 2749 597 2773 xxvi,
616 2742 660 2769 75.

204 2785 392 2849 militum.
406 2787 487 2821 editi,
507 2796 516 2812 ι
532 2789 730 2816 molestiarum.
748 2798 757 2815 ι
779 2788 855 2823 Mss.,
873 2797 883 2814 ι
902 2789 988 2816 mole-

240 2856 297 2890 (ιδ)
312 2855 389 2882 Libb.
405 2855 469 2883 cditi
485 2856 527 2883 hic
541 2862 566 2884 et
580 2857 660 2890 infra,
676 2867 685 2884 ‹
705 2859 876 2893 quinqueuus
891 2867 986 2885 nume-

880 2672 901 2687 ¹⁶
914 2671 935 2698 ΙΙ
953 2673 1014 2699 Con.
1031 2682 1058 2704 Χ.
1074 2674 1102 2701 5.

492 2705 514 2721 ¹¹
538 2705 577 2733 lsa
604 2715 675 2739 va,
703 2707 748 2735 ‘20.
786 2708 809 2723 "
824 2706 910 2734 Levit.
934 2715 994 2734 xxv:
1009 2728 1016 2741 ,
1038 2712 1062 2736 8.

1037 2263 1136 2295 vertit,
1155 2265 1248 2290 statim
1270 2272 1395 2292 reversus
1416 2265 1444 2292 iu
1465 2265 1660 2298 semetipsum,
1683 2269 1714 2291 et
1739 2265 1827 2300 prola-

1037 2316 1113 2343 psum
1132 2311 1164 2336 de
1184 2310 1331 2344 praecipitio
1352 2318 1483 2338 revocans
1510 2311 1620 2344 pedem,
1645 2318 1654 2335 ι
1675 2309 1771 2340 ﬂevit.
1792 2311 1830 2336 in-

1037 2355 1094 2389 quit
1105 2354 1137 2386 “,
1158 2356 1347 2388 amarissime,
1373 2366 1381 2382 ι
1405 2362 1487 2392 atque
1511 2357 1545 2382 ita
1565 2360 1712 2389 respectus
1728 2364 1743 2382 a
1765 2356 1826 2386 Deo.

1039 2400 1126 2426 locum
1142 2408 1221 2426 suum
1245 2400 1335 2427 flendo
1354 2402 1472 2436 recepit,
1491 2408 1570 2434 quem
1595 2402 1723 2435 negando
1743 2402 1829 2436 pcrdi-

1035 2446 1121 2472 derat.
1138 2455 1146 2472 ι
1167 2446 1318 2480 Respiciutu
1334 2455 1415 2482 ergo,
1435 2447 1538 2480 inquit,
1553 2454 1636 2480 super
1653 2454 1720 2479 vos,
1734 2452 1762 2474 et
1778 2454 1826 2472 au-

1037 2490 1105 2524 gebo
1123 2498 1179 2517 vos.
1201 2500 1210 2516 ι
1234 2490 1373 2525 Tanquam
1398 2492 1419 2517 si
1444 2491 1483 2518 sol
1511 2492 1639 2525 respiciat
1658 2496 1783 2526 segetem
1803 2497 1829 2519 et

1036 2536 1131 2562 alIerat
1151 2537 1275 2568 fructus,
1292 2545 1371 2571 quam
1399 2537 1494 2571 utique
1519 2537 1540 2564 si
1568 2545 1620 2564 non
1649 2537 1830 2571 respexisset,

1036 2582 1202 2609 infructuosa
1229 2583 1402 2609 mansisset:
1429 2583 1466 2609 ita
1495 2583 1564 2610 Deus
1589 2587 1714 2617 segetem
1742 2583 1831 2610 cordis

1035 2628 1120 2654 nostri
1141 2629 1297 2662 respiciens,
1313 2633 1340 2654 et
1355 2628 1437 2655 radiis
1453 2636 1502 2656 nos
1514 2629 1589 2656 verbi
1604 2629 1645 2656 sui
1659 2629 1829 2660 illuminaus,

1138 2674 1159 2689 ¹⁷
1175 2674 1260 2701 chit.
1276 2674 1386 2706 xxn,7.
1421 2675 1516 2701 H‘lbid.
1557 2675 1578 2690 ”
1591 2674 1678 2701 Lavit.
1694 2682 1761 2702 xxvi
1774 2695 1780 2706 ,
1804 2674 1828 2700 8-

1102 2709 1123 2724 ²³
1143 2709 1208 2736 licb.
1226 2717 1269 2742 ιν,
1292 2709 1332 2736 ~12.
1383 2709 1406 2724 “
1425 2709 1521 2744 Ephes.
1544 2717 1580 2742 \‘l,
1599 2709 1639 2736 t'l.
1692 2710 1718 2725 “
1744 2709 1830 2737 Levit.

1044 2799 1100 2820 rus,
1119 2801 1127 2816 ι
1143 2792 1188 2818 sed
1205 2799 1269 2817 mss.
1284 2799 1388 2820 omnes,
1406 2800 1415 2816 ‹
1432 2791 1550 2825 quinque
1566 2798 1710 2819 numerus.
1732 2802 1742 2818 ι

1078 2826 1133 2860 (ti)
1151 2826 1238 2854 Codex
1257 2827 1385 2861 Sangch
1403 2847 1408 2858 ,
1430 2835 1439 2851 ι
1460 2835 1473 2852 a
1488 2826 1566 2856 facie,
1586 2836 1594 2851 ι
