1894 3058
37 103 77 130 5ἶ7
630 102 786 130 SELECTA
805 101 838 129 IN
854 102 1022 130 NUMEHOS

1593 107 1645 136 578

64 161 111 188 Τοῦ
123 161 227 188 αὐτοῦ.
244 161 329 188 Τοῦτο
345 162 429 194 τύπος
444 162 493 198 τῆς
507 163 647 199 ἀληθείας.
657 174 666 191 ε
679 164 742 191 Ἐὰν
753 164 807 199 γὰρ

895 165 1032 200 Ejusdem.
1048 166 1103 194 Hoc
1120 167 1271 202 symbolum
1285 171 1326 194 est
1336 167 1469 194 veritatis.
1487 167 1556 195 «Nisi
1572 169 1644 196 ettitn

37 207 64 240 μὴ
78 206 210 241 στραφῆτε
226 206 272 232 καὶ
288 206 404 242 γένησθε
425 207 463 239 ὡς
481 207 514 234 τὰ
529 208 633 241 παιδία,
648 208 678 235 οὐ
693 209 731 244 μὴ
748 209 806 235 εἰσ-

36 251 113 286 έλθητε
128 252 168 283 εἰς
191 252 241 287 τὴν
262 251 409 286 βασιλείαν.
425 263 435 280 ι

66 297 213 324 Ἀνέλεσθε
226 297 262 324 τὰ
279 298 385 332 πυρεῖα
402 298 438 325 τὰ
450 297 561 333 χαλκᾶ.
580 299 684 335 Ὥσπερ
703 300 718 325 ὸ
743 300 808 334 χαλ-

37 344 86 375 κοῦς
99 344 156 378 ὄφις
171 345 285 379 σημεῖον
302 345 351 380 τῆς
362 345 490 376 ἀπιστίας
508 344 608 377 αὐτῶν,
624 344 696 372 οὕτω
713 346 759 372 καὶ
773 346 808 373 τὰ

37 392 117 426 πορεῖα
129 390 183 417 τῶν
201 391 266 426 περὶ
280 391 353 427 Κορὲ
371 391 418 418 καὶ
439 391 527 418 Δαθάν
541 392 588 418 καὶ
610 391 739 428 ’Δὸειρὼν
757 401 807 419 πε-

37 438 118 473 ρίθεμα
134 437 199 464 ὄντα
213 438 253 473 τῷ
268 438 464 474 θυσιαστηρίῳ.

61 483 109 510 Καὶ
125 484 186 516 τοῖς
203 484 279 518 υἱοῖς
292 484 364 512 Λευτ
376 484 440 511 ἰδοὺ
457 484 572 511 δέδωκα
594 485 655 513 πᾶν
671 484 806 512 ἐπιδέκα-

35 539 77 556 τον
88 530 120 556 ὲν
139 530 270 565 Ἰσραήλ.
286 531 406 563 Εἰκότως
420 531 635 567 ἀπονενέμηνται
649 533 704 564 τοῖς
723 531 807 568 ἱερεῦ-

37 583 68 602 σιν
84 576 108 602 αί
124 575 267 612 ἀπαρχαὶ,
285 576 401 611 ἐπείπερ
417 577 447 603 οὐ
463 577 626 613 κληρονομεῖ
641 578 658 612 ὴ
677 577 742 604 Λευῒ
757 586 806 611 φυ-

36 621 76 655 λὴ,
101 621 159 647 οὐδὲ
185 621 288 657 κλῆρον
317 621 449 657 λαμᾶάνει
474 622 512 654 ὡς
538 623 567 649 al
590 622 691 650 λοιπαί.
721 622 807 650 Τοῦτο

37 667 146 702 πρόξενον
163 667 214 703 τῆς
241 668 436 704 ἀκτημοσύνης
459 670 515 700 τοῖς
532 668 650 705 ἱερεῦσιν
671 670 685 696 ὁ
705 669 806 705 κλῆρος

36 713 71 739 τοῦ
83 713 117 748 τῷ
132 713 318 750 θυσιαστηρίῳ
333 715 559 751 συμμερίζεσθαι.
580 716 702 748 Δεκάτας
719 717 805 744 ἐδίδου

36 760 46 785 ὁ
58 759 112 792 λαὸς
124 761 179 791 τοῖς
191 759 331 793 Λευίταις,
347 761 395 788 καὶ
409 763 432 788 oi
449 763 562 789 Λευῖται
575 764 630 795 τοῖς
647 763 773 797 ἱερεῦσιν.

62 803 103 838 Μὴ
117 804 150 830 ἐκ
161 803 214 838 τῆς
231 804 341 839 πέτρας
354 805 464 840 ταύτης
475 806 624 841 ἐξάξομεν
634 807 705 842 ὑμῖν
717 807 805 842 ὒδωρ;

41 849 62 875 '0
77 850 198 885 Μωῡσῆς,
214 850 253 886 μὴ
260 849 373 883 δοξάσας
388 851 434 878 τὸν
447 851 512 879 Θεὸν
528 852 575 878 ἐπὶ
588 852 634 879 τοῦ
645 852 722 885 λαοῦ,
737 853 806 879 ἐκω-

37 894 89 930 λύθη
102 896 246 932 παρελθεῖν
271 897 329 932 μετ’
343 897 436 924 αὑτοῦ.
456 898 514 924 Ἵνα
531 898 585 934 γὰρ
604 898 642 934 μὴ
656 898 685 925 ὃν
706 899 807 934 ἐτίμων

38 940 123 973 ζῶντα,
149 942 178 968 ἐν
201 941 271 968 Θεοῦ
291 942 451 978 Θεραπείαις
466 945 617 980 τιμήσωσιν
634 944 785 972 ἀπελθόντα
798 964 807 979 ,

38 987 110 1022 ἀφανῆ
124 987 167 1014 τὸν
182 987 266 1015 τόπον
279 987 336 1024 [τσ.
353 988 451 1026 τάφον]
471 989 629 1025 πεποίηκεν.

65 1075 120 1102 Νῦν
142 1075 274 1109 emta.
295 1078 314 1112 ἠ
330 1077 488 1114 συναγωγὴ
504 1078 579 1113 αὕτη
600 1079 714 1110 πάντας
735 1079 808 1113 τοὺς

41 1121 125 1153 ιύιλῳ
137 1122 229 1157 ἡμῶν.
251 1123 336 1150 Τοῦτο
359 1124 535 1160 παράδειγμα
550 1124 644 1152 ἔλαϐεν
654 1134 661 1141 ·
684 1124 779 1161 ὥσπερ
794 1127 809 1153 ὁ

41 1167 122 1202 μόσχος
138 1169 164 1195 ὲν
182 1169 223 1204 τῷ
245 1169 359 1204 στόματι
378 1170 412 1196 τὰ
428 1169 531 1206 χλωρὰ,
549 1170 620 1197 οὓτω
634 1170 681 1197 καὶ
699 1172 714 1198 ὁ
731 1171 809 1205 ἅγιος

40 1212 90 1244 λαὸς
106 1215 157 1245 τοῖς
176 1214 281 1249 χείλεσι
299 1216 511 1251 στρατευόμενος
538 1219 568 1244 ὲν
593 1218 649 1249 τοῖς
677 1218 808 1254 στόμασιν

42 1258 125 1291 ἔχειτὰ
137 1259 205 1285 ὅπλα
217 1259 264 1286 διὰ
280 1259 334 1286 τῶν
349 1260 446 1295 εὐχῶν.
465 1261 520 1287 Καὶ
534 1260 613 1287 τοῦτο
632 1261 710 1293 εἰδὼς
723 1263 737 1288 ὁ
756 1262 809 1288 Βα-

41 1303 82 1329 λὰκ
99 1304 124 1331 ὲν
139 1306 193 1336 τοῖς
212 1304 355 1341 προτέροις
372 1305 500 1340 πολέμοις
517 1306 639 1342 ἐναργῶς
655 1307 807 1342 γινόμενον,

41 1348 143 1383 βούλεται
158 1351 206 1377 καὶ
228 1351 312 1383 αὐτὸς
333 1352 388 1382 τοῖς
416 1351 460 1378 διὰ
482 1351 592 1387 χειλέων
610 1351 702 1384 ὅπλοις
724 1361 808 1388 στρα-

40 1395 161 1422 τεύεσθαι·
180 1397 227 1423 καὶ
244 1396 322 1423 καλεῖ
335 1396 379 1423 τὸν
394 1396 508 1433 Βαλαὰμ
521 1397 566 1424 τὸν
582 1397 678 1432 ἔχοντα
689 1397 723 1424 τὰ
738 1398 809 1425 ὃπλα

41 1440 80 1475 τῆς
102 1441 221 1474 ἐναντίας
245 1441 385 1477 δυνάμεως
406 1442 435 1469 ὲν
459 1444 514 1474 τοῖς
533 1442 635 1478 χείλεσι
655 1443 704 1475 τὰς
728 1443 808 1479 ἀράς.

859 212 983 238 conversi
1005 212 1112 239 fueritis
1135 217 1162 240 et
1185 213 1339 240 eliiciatniui
1357 213 1429 240 sicut
1445 214 1561 248 parvuli,
1590 222 1644 242 non

859 257 994 293 intrabitis
1016 259 1041 285 in
1059 266 1171 293 regnum
1191 259 1324 286 cuilorunt
1339 259 1372 286 ³’.
1386 268 1395 284 t

896 302 990 330 Tollite
1007 303 1141 330 tlturt’bula
1157 312 1229 330 (enea
1253 303 1287 330 ‘°.
1301 304 1532 336 Quemadmodum
1556 312 1647 332 aeneus

857 355 969 383 serpens
989 349 1096 383 signant
1113 354 1155 376 est
1170 350 1337 377 inﬁdelitatis
1354 358 1448 377 eorttm
1463 372 1470 381 ,
1490 351 1526 377 ita
1540 357 1567 377 et
1585 352 1647 377 titu-

857 393 942 421 ribula
969 393 1048 427 Core,
1070 394 1176 422 Datltan
1192 400 1220 423 et
1234 395 1348 430 Abiron,
1363 403 1423 431 quae
1436 395 1647 431 circutnpounn-

858 444 902 467 tur
917 440 1010 468 altari.

893 484 928 511 Et
944 485 1008 518 ﬁliis
1030 485 1092 513 Levi
1111 494 1169 513 ecce
1189 486 1249 513 dedi
1274 495 1376 514 omnem
1398 487 1526 515 decimam
1552 488 1580 514 in
1605 487 1646 515 ls-

856 531 914 557 rael
930 531 965 558 “.
985 531 1051 559 Jure
1068 533 1257 560 sacerdotibus
1272 533 1408 560 attributa:
1427 538 1490 560 sunt
1507 534 1644 568 printitim,

856 577 1075 612 quandoquidem
1102 579 1189 606 haeres
1211 586 1264 605 non
1290 579 1319 606 lit
1337 579 1426 606 tribus
1449 579 1531 612 Levi,
1558 587 1646 614 neque

857 627 958 649 sortem
974 623 1085 657 accipit,
1103 623 1174 650 sicut
1191 623 1312 657 reliquae.
1328 622 1520 658 Paupertatem
1547 633 1645 659 procn—

857 669 935 695 rabat
955 669 1144 696 sacerdotibus
1170 677 1232 698 sors
1249 677 1301 704 qua
1329 669 1410 697 altari
1432 670 1531 698 addicti
1555 677 1643 698 erant.

857 715 981 744 Ducitnas
998 715 1081 744 dabat
1106 716 1222 751 populus
1246 716 1359 749 Levitis,
1384 721 1412 743 et
1428 716 1531 744 Levita:
1553 724 1646 744 sacer-

856 763 975 790 dotibus.

894 807 1021 843 Nunquid
1040 816 1072 836 ea:
1091 812 1165 842 petra
1178 808 1226 835 hac
1245 809 1383 835 edat-emus
1398 809 1470 836 vobis
1489 817 1585 844 aquam
1600 808 1647 836 ιιι

858 853 926 881 Cum
940 853 1048 888 Moyses
1059 861 1112 881 non
1130 853 1312 888 gloriﬁcasset
1329 854 1412 881 Deum
1429 861 1520 881 coram
1534 855 1644 889 populo,

859 907 911 926 tton
925 899 1088 934 permissum
1103 903 1145 926 est
1161 903 1190 926 ιιι
1210 899 1278 926 ultra
1293 899 1503 934 progrederetur
1518 908 1579 927 cum
1601 909 1644 928 oo.

858 942 897 971 Ne
911 943 983 970 ettim
999 951 1080 978 quem
1095 943 1186 970 vivum
1204 943 1330 971 colebant
1346 963 1354 975 ,
1377 943 1525 970 honoribus
1547 944 1646 970 divinis

859 993 996 1015 ntortuuut
1020 988 1180 1020 adicerent,
1209 987 1244 1015 ab
1266 987 1354 1015 oculis
1377 988 1500 1015 omnium
1528 990 1646 1016 retnotit

858 1034 1013 1069 sepulcrum
1025 1034 1095 1068 ejus.

896 1078 975 1106 Nunc
990 1079 1104 1113 ablingel
1118 1087 1253 1114 synagoga
1266 1078 1321 1105 Ita’c
1336 1086 1425 1105 omnes
1437 1079 1480 1114 qui
1491 1079 1518 1105 t'n
1534 1079 1645 1106 circuitu

859 1129 949 1152 nostro
962 1124 996 1151 ".
1023 1123 1080 1151 lloc
1103 1123 1227 1158 exemplo
1248 1123 1361 1163 utitur:
1379 1123 1451 1151 sicut
1477 1123 1577 1150 vitulus
1598 1132 1645 1150 ore

859 1171 973 1205 ablingit
986 1170 1104 1197 virentia
1114 1189 1121 1202 ,
1136 1169 1176 1197 sic
1188 1173 1216 1196 et
1235 1172 1346 1196 sanctus
1365 1168 1481 1203 populus
1496 1168 1574 1195 labiis
1595 1176 1645 1202 pn-

859 1224 956 1251 ﬁnans,
968 1216 996 1244 in
1007 1223 1055 1243 ore
1068 1215 1152 1243 habet
1168 1221 1244 1241 arma
1262 1221 1311 1249 per
1326 1222 1430 1249 preces.
1447 1214 1474 1242 ld
1490 1222 1552 1242 cuttt
1563 1215 1646 1241 sciret.

859 1262 942 1289 Balac
957 1261 983 1289 in
999 1261 1139 1296 prioribus
1156 1259 1236 1287 bellis
1252 1259 1397 1286 manifeste
1414 1260 1575 1294 contigisse,
1589 1259 1645 1286 vult

859 1314 887 1336 et
905 1308 961 1343 ipse
976 1307 1109 1334 labiorunt
1133 1305 1217 1332 armis
1241 1312 1374 1340 pugnare,
1400 1311 1427 1331 et
1443 1310 1519 1332 vocat
1534 1304 1646 1331 Balaam

859 1356 904 1390 qui
928 1354 1072 1382 contrariae
1094 1353 1203 1380 virtutis
1222 1359 1297 1379 arma
1310 1351 1392 1378 habet
1406 1351 1432 1378 in
1445 1351 1534 1383 labiis,
1551 1360 1647 1387 nempe

860 1400 1076 1429 maledictiones.
1090 1398 1184 1426 Sancti
1203 1398 1274 1425 enim
1295 1398 1381 1432 angeli
1391 1397 1482 1432 justos
1496 1398 1529 1424 ad
1544 1398 1648 1425 saluta-

862 1446 900 1474 ria
915 1451 943 1473 et
957 1446 1026 1473 bona
1041 1453 1123 1481 opera
1134 1465 1142 1477 ,
1167 1445 1232 1472 tnali
1253 1449 1343 1472 autem
1363 1443 1500 1470 daemones
1519 1443 1647 1477 adjuvant

41 1486 66 1512 Oi
78 1488 124 1523 γὰρ
139 1489 208 1522 ἆγιοι
225 1488 336 1523 ἄγγελοι
350 1489 553 1524 συμπράττουσι
568 1490 624 1521 τοῖς
637 1489 752 1522 δικαίοις
768 1490 808 1522 εἰς

878 1492 961 1526 mpios
978 1496 1136 1526 peccatores
1158 1490 1283 1518 homines
1298 1490 1331 1517 ad
1349 1488 1417 1516 ntala
1432 1495 1513 1523 opera
1531 1495 1592 1523 quae
1603 1496 1648 1516 sa-

42 1533 69 1559 τὰ
78 1535 199 1570 σωτήρια,
226 1535 275 1562 καὶ
291 1535 380 1569 ἀγαθὰ
405 1534 484 1571 ἔργα,
502 1535 548 1562 καὶ
571 1536 596 1562 oi.
621 1535 735 1572 πονηροὶ
750 1536 808 1564 δαί-

44 1588 106 1613 μονες
124 1584 177 1613 τοῖς
201 1580 328 1608 ἀσεϐέσιν
351 1581 523 1617 ἁμαρτωλοῖς
537 1581 692 1617 ἀνθρώποις
712 1582 753 1614 εἰς
775 1583 810 1609 τὰ

43 1627 136 1662 πονηρὰ.
156 1627 202 1654 καὶ
227 1627 348 1663 βλαόερὰ
368 1627 419 1662 τῆς
433 1628 569 1663 σωτηρίας
589 1627 643 1654 τῶν
659 1628 810 1664 ἀνθρώπων

43 1671 105 1706 ἔργα.
121 1674 150 1700 Οἱ
163 1674 213 1709 μὲν
228 1673 284 1709 γὰρ
298 1674 369 1708 ἅγιοι
386 1673 577 1709 στρατεύονται
598 1674 686 1709 λόγοις
704 1675 791 1711 εὐχῶν
802 1695 809 1707 ,

44 1717 62 1742 οἱ
72 1717 95 1743 δὲ
110 1718 212 1749 ἀσεϐεῖς
226 1719 272 1746 καὶ
286 1719 442 1754 ἁμαρτωλοὶ
455 1719 543 1753 λόγοις
564 1720 693 1755 μαγειῶν.

73 1762 120 1788 Τοῦ
134 1763 234 1790 αὐτοῦ.
251 1763 305 1791 Καὶ
318 1765 334 1799 ἠ
356 1765 416 1791 κατ’
436 1764 560 1800 αἴσθησιν
574 1765 628 1791 τῶν
640 1764 811 1801 πραγμάτων

45 1807 130 1844 ἱστορία
144 1810 265 1846 μεγάλης
280 1810 414 1844 ὡφελείας
439 1811 625 1847 πεπλήρωται.
654 1812 700 1838 Ἐκ
719 1811 747 1838 δὲ
762 1812 811 1847 τῆς

45 1855 206 1890 προκειμένης
234 1856 356 1891 ἱστορίας
384 1855 553 1891 μανθάνομεν
577 1856 675 1888 πολλὰ,
703 1858 750 1884 καὶ
770 1858 811 1884 ὅτι

45 1898 90 1925 ἐστι
113 1901 304 1936 στρατεύεσθαι
325 1901 433 1935 λόγοις,
456 1901 503 1928 καὶ
530 1901 634 1936 μεγάλα
662 1902 811 1938 πράγματα

45 1948 219 1983 οἰκονομεῖσθαι
229 1969 237 1982 ,
265 1949 312 1976 καὶ
329 1948 525 1985 κατορθοῦσθαι
540 1949 583 1976 διὰ
598 1950 684 1984 λόγων
694 1959 700 1966 ·
724 1951 770 1977 καὶ
787 1952 811 1977 οἱ

47 1994 84 2027 μὲν
96 1995 161 2028 ἅγιοι
177 1995 370 2030 στρατεύονται
390 1995 479 2030 λόγοις
493 1995 594 2031 εὐχῶν·
611 1997 635 2022 oi.
655 1996 683 2023 δὲ
704 1997 812 2029 ἀσεϐεῖς

46 2039 118 2074 λόγοις
132 2042 262 2076 μαγειῶν.

74 2087 120 2114 Τοῦ
143 2087 245 2115 αὐτοῦ.
269 2087 302 2114 Ἠ
321 2087 430 2115 ἐναντία
452 2087 566 2123 δύναμις
590 2087 717 2114 οὐδέποτε
741 2088 813 2113 ποιεῖ

46 2132 110 2166 ἔργον
126 2134 213 2166 καλὸν,
231 2133 300 2161 ἀλλὰ
319 2134 408 2160 πάντα
419 2133 543 2169 χείριστα
551 2134 666 2168 ὲνεργεῖ’
682 2133 728 2160 καὶ
744 2133 812 2168 ὅπερ

47 2179 168 2216 ἐνεργήσει
187 2181 284 2212 κακὸν,
304 2180 334 2206 οὺ
352 2180 462 2206 δύναται
475 2179 700 2213 ἀποκαταστῆσαι
723 2179 762 2209 εἰς
780 2177 811 2204 τὸ
827 2177 850 2206 Ι)

49 2224 143 2257 βέλτιον,
166 2227 196 2254 οὑ
220 2226 276 2262 γὰρ
300 2225 356 2260 ἔχει
377 2223 454 2257 τάξιν
480 2224 527 2250 τοῦ
546 2221 710 2258 κρείττονος.
727 2223 768 2258 Τῇ
784 2223 812 2249 δὲ

48 2271 160 2304 κρείττονι
171 2272 285 2307 δυνάμει
310 2270 398 2296 πάντα
414 2268 524 2296 δυνατά.
548 2268 577 2294 ὐ
588 2267 642 2302 γὰρ
656 2267 722 2297 Θεὸς
735 2266 813 2302 ἡμῶν

49 2315 123 2348 ἀλγεῖν
137 2319 215 2349 ποιεῖ,
231 2317 280 2344 καὶ
293 2315 373 2342 πάλιν
387 2314 612 2349 ἀποκαθίστησιν,
626 2312 771 2348 ἐνεργῆσαι
785 2312 814 2338 δὲ

49 2362 115 2388 κακὸν
129 2364 175 2390 οὐκ
190 2363 262 2398 ἔχει·
287 2362 317 2388 οὗ
339 2362 393 2397 γὰρ
419 2360 479 2388 καθ’
496 2359 552 2393 ἕξιν
569 2359 665 2395 μόνον,
681 2357 748 2384 ἀλλά
767 2357 813 2384 καὶ

50 2409 96 2433 κατ’
107 2409 193 2436 οὐσίαν
207 2408 311 2443 ἁγαθός
324 2408 407 2433 ἐστιν.

79 2454 124 2480 Τοῦ
137 2455 238 2482 αὐτοῦ.
261 2454 305 2480 Ἐν
326 2454 383 2484 τοῖς
405 2451 584 2487 ἀνθρωπίνοις
604 2449 662 2476 ὲστί
685 2457 747 2475 τινα
767 2448 814 2475 καὶ

52 2501 144 2531 μαντεῖα
165 2498 356 2533 τετελεσμένα,
388 2497 434 2524 καὶ
451 2496 556 2528 θυσίαι,
587 2495 634 2522 καί
658 2503 719 2521 τινα
739 2494 814 2530 δῶρα

52 2547 238 2582 προσφερόμενα
252 2546 308 2576 τοῖς
322 2545 460 2580 δαίμοσιν·
475 2542 544 2570 ὥστε
557 2542 602 2568 διὰ
610 2541 712 2567 τούτων
728 2549 813 2575 προσ-

52 2593 186 2627 φερομένων
216 2592 396 2629 μαντεύεσθαι
427 2591 489 2622 τοὺς
518 2588 705 2625 βουλομένους.
738 2588 814 2614 Μαν-

52 2639 98 2663 tata
121 2638 147 2664 δέ
171 2639 244 2665 ἐστιν
272 2638 386 2664 ἕκαστον
414 2636 541 2671 πρᾶγμα.
567 2633 603 2660 Οὐ
635 2633 690 2667 γὶιρ
714 2631 816 2667 ἀληθὴς

53 2683 194 2718 “96.59am;-

79 2731 124 2756 Καὶ
135 2728 225 2766 ἦλθεν
235 2731 252 2756 0'
264 2730 370 2763 Κύριος
386 2727 460 2761 πρὸς
471 2726 572 2753 αὐτόν.
593 2723 672 2750 Κατὰ
689 2722 816 2758 ἀλήθειαν

79 2791 98 2807 ’⁸
110 2792 197 2854 ligauit.
215 2801 290 2826 χνιιι,
311 2793 337 2818 5.
376 2791 398 2806 ⁸⁸
415 2790 495 2817 Num.
511 2797 566 2820 XVI,
583 2787 626 2815 57.

79 2833 109 2854 ,ιι.
140 2849 145 2854 .

55 2832 109 2857 “ll.
121 2832 145 2854 δ.

862 1537 911 1564 luti
939 1537 1081 1564 hominum
1116 1535 1247 1564 oliiciunt.
1279 1534 1375 1562 Sancti
1402 1534 1502 1569 quippe
1526 1538 1648 1568 pugnant

863 1583 952 1610 verbis
965 1590 1087 1618 precum,
1100 1581 1174 1617 impii
1187 1587 1253 1609 vero
1266 1583 1293 1608 et
1307 1584 1465 1615 peccatores
1481 1579 1570 1607 verbis
1587 1586 1644 1605 tua-

861 1627 940 1661 gicis.

902 1759 1039 1795 Ejusdem.
1063 1758 1152 1786 Etiam
1176 1757 1324 1785 secundum
1354 1755 1503 1783 lilleralem
1535 1762 1647 1782 sensum

863 1807 920 1833 lucc
939 1806 1054 1833 historia
1079 1811 1192 1838 magnas
1220 1803 1302 1830 habet
1330 1803 1470 1829 utilitates.
1494 1801 1559 1828 Inde
1575 1802 1648 1828 enim

863 1852 993 1879 discimus
1011 1852 1112 1880 multa;
1131 1849 1243 1884 pugnari
1263 1856 1296 1882 po
1313 1856 1342 1875 se
1359 1847 1458 1879 verbis,
1479 1854 1590 1880 magna»;
1603 1854 1649 1874 res

862 1897 962 1931 suscipi
979 1901 1006 1923 et
1023 1897 1057 1922 ad
1078 1895 1182 1922 felicem
1204 1894 1306 1921 exitum
1325 1892 1434 1927 perduci
1461 1892 1562 1924 verbis,
1583 1891 1646 1917 item

863 1948 974 1970 sanctos
989 1947 1110 1976 pugnare
1122 1940 1213 1967 verbis
1226 1946 1347 1974 precum,
1363 1937 1461 1970 impios
1478 1941 1571 1963 autent
1588 1943 1649 1963 vet-

863 1989 905 2016 bis
921 1988 1043 2022 magicis.

899 2076 1037 2111 Ejusdem.
1056 2075 1199 2102 Contraria
1213 2075 1299 2101 virtus
1311 2081 1448 2108 nunquam
1466 2080 1533 2108 opus
1549 2073 1649 2100 bonum

864 2123 940 2154 facit,
969 2121 1014 2148 scil
1038 2121 1129 2147 omnia
1148 2121 1276 2154 pessima.
1303 2124 1328 2146 cl
1354 2118 1536 2153 quodcunque
1555 2119 1651 2146 fecerit

864 2168 982 2199 malum,
1007 2166 1100 2199 nequit
1120 2166 1152 2192 ad
1180 2165 1277 2192 melius
1301 2171 1447 2195 revocare,
1470 2172 1558 2199 neque
1577 2165 1649 2191 cnittt

865 2213 985 2241 melioris
998 2213 1120 2239 ordinem
1133 2211 1226 2238 habet.
1239 2211 1274 2237 At
1284 2209 1466 2245 pratstantiori
1482 2209 1577 2236 virtuti
1592 2217 1652 2236 om-

864 2260 913 2286 nia
930 2257 1069 2293 possibilia
1093 2262 1167 2284 suttt.
1184 2255 1251 2282 Nam
1269 2255 1339 2282 Dens
1358 2259 1451 2282 noster
1475 2254 1568 2282 dolere
1583 2254 1652 2282 facit

863 2311 891 2334 et
913 2312 1009 2332 rursus
1032 2303 1167 2335 restituit;
1192 2302 1284 2329 facere
1304 2306 1395 2328 autetn
1417 2299 1516 2327 tnalutn
1536 2300 1650 2335 nequit;

865 2358 952 2386 neque
968 2350 1040 2377 ettitn
1058 2349 1144 2376 solum
1168 2347 1282 2379 habitu,
1300 2347 1346 2374 sed
1372 2351 1399 2373 et
1422 2345 1571 2373 substantia
1592 2346 1650 2380 ipsa

867 2397 953 2424 bonus
968 2401 1018 2423 est.

902 2443 983 2477 272
1001 2440 1138 2476 Ejusdem.
1153 2438 1181 2465 ltt
1197 2437 1322 2466 humanis
1345 2437 1466 2471 quaedam
1483 2436 1564 2463 etiam
1582 2437 1652 2463 vati-

867 2489 938 2516 cinia
955 2487 1074 2514 ednntur
1092 2490 1118 2512 et
1133 2485 1255 2519 qnaadam
1283 2482 1418 2510 sacriﬁcia
1442 2482 1475 2508 ad
1498 2482 1568 2508 dona
1583 2481 1652 2508 oile-

867 2538 963 2562 runtur
978 2531 1128 2564 daemoniis,
1144 2530 1181 2557 ita
1197 2534 1226 2556 ut
1243 2529 1287 2556 itis
1300 2527 1483 2554 oblationibus
1498 2526 1651 2553 vaticinen-

868 2584 911 2607 tur
926 2579 970 2614 qui
988 2577 1133 2606 voluerint.
1149 2574 1311 2603 Vaticinium
1325 2579 1367 2601 est
1381 2581 1425 2600 res
1439 2572 1579 2608 quaelibet.
1594 2573 1651 2601 Ne-

866 2632 919 2660 que
932 2624 1004 2652 enittt
1019 2629 1083 2650 vera
1094 2625 1136 2649 est
1147 2619 1297 2656 praedictio.

909 2722 940 2749 Et
956 2722 1024 2749 venit
1041 2720 1169 2748 Dominus
1190 2721 1224 2745 ad
1246 2725 1304 2744 eum
1322 2716 1356 2743 “.
1375 2716 1529 2745 Secundum
1552 2718 1654 2746 verita-

674 2787 695 2803 “
709 2786 799 2819 Nuut.,

878 2785 950 2817 ι,21.
988 2785 1011 2800 ⁸¹
1025 2783 1104 2811 Νιιιιι.
1117 2789 1162 2814 xx,
1184 2782 1225 2808 l0.
1264 2781 1286 2796 ⁸³
1301 2780 1380 2807 Νυιιι.
1394 2786 1460 2810 xxtt,
1480 2777 1503 2804 ί.
1543 2775 1654 2803 “Nunt.
