  <div class='ocr_page' id='page_1' title='image "/cluster/home/n/w/nwhite01/storage/ocr_20150623/12/njp.32101077772422/320.png"; bbox 0 0 1894 3058; ppageno 0'>
   <div class='ocr_carea' id='block_1_1' title="bbox 53 134 1676 166">
    <p class='ocr_par' dir='ltr' id='par_1_1' title="bbox 53 134 1676 166">
     <span class='ocr_line' id='line_1_1' title="bbox 53 134 1676 166; baseline 0.002 -4"><span class='ocrx_word' id='word_1_1' title='bbox 53 135 96 162; x_wconf 72' lang='grc'><strong><em>585</em></strong></span> <span class='ocrx_word' id='word_1_2' title='bbox 644 134 676 161; x_wconf 80' lang='lat' dir='ltr'><strong><em>IN</em></strong></span> <span class='ocrx_word' id='word_1_3' title='bbox 695 134 863 163; x_wconf 66' lang='lat' dir='ltr'><strong><em>NUMEROS</em></strong></span> <span class='ocrx_word' id='word_1_4' title='bbox 882 134 1024 164; x_wconf 76' lang='lat' dir='ltr'><strong><em>IIOMILIA</em></strong></span> <span class='ocrx_word' id='word_1_5' title='bbox 1047 136 1066 162; x_wconf 90' lang='lat' dir='ltr'><strong><em>I.</em></strong></span> <span class='ocrx_word' id='word_1_6' title='bbox 1624 138 1676 166; x_wconf 78' lang='lat'><strong><em>536</em></strong></span> 
     </span>
    </p>
   </div>
   <div class='ocr_carea' id='block_1_2' title="bbox 54 206 1676 243">
    <p class='ocr_par' dir='ltr' id='par_1_2' title="bbox 54 206 1676 243">
     <span class='ocr_line' id='line_1_2' title="bbox 54 206 1676 243; baseline 0.002 -10"><span class='ocrx_word' id='word_1_7' title='bbox 54 217 93 240; x_wconf 79' lang='lat' dir='ltr'><strong><em>que</em></strong></span> <span class='ocrx_word' id='word_1_8' title='bbox 104 212 218 242; x_wconf 65' lang='lat' dir='ltr'><strong><em>vastatio,</em></strong></span> <span class='ocrx_word' id='word_1_9' title='bbox 234 207 275 234; x_wconf 88' lang='lat' dir='ltr'><strong><em>ubi</em></strong></span> <span class='ocrx_word' id='word_1_10' title='bbox 288 206 392 242; x_wconf 75' lang='lat' dir='ltr'><strong><em>{agitur</em></strong></span> <span class='ocrx_word' id='word_1_11' title='bbox 408 215 454 241; x_wconf 84' lang='lat' dir='ltr'><strong><em>per</em></strong></span> <span class='ocrx_word' id='word_1_12' title='bbox 473 207 576 234; x_wconf 88' lang='lat' dir='ltr'><strong><em>marina</em></strong></span> <span class='ocrx_word' id='word_1_13' title='bbox 589 206 755 239; x_wconf 75' lang='lat' dir='ltr'><strong><em>discrimina,</em></strong></span> <span class='ocrx_word' id='word_1_14' title='bbox 771 212 795 233; x_wconf 83' lang='lat' dir='ltr'><strong><em>et</em></strong></span> <span class='ocrx_word' id='word_1_15' title='bbox 812 215 843 234; x_wconf 87' lang='lat' dir='ltr'><strong><em>ne</em></strong></span> <span class='ocrx_word' id='word_1_16' title='bbox 855 207 915 242; x_wconf 83' lang='lat' dir='ltr'><strong><em>ipsa</em></strong></span> <span class='ocrx_word' id='word_1_17' title='bbox 925 207 1029 242; x_wconf 80' lang='lat' dir='ltr'><strong><em>quidem</em></strong></span> <span class='ocrx_word' id='word_1_18' title='bbox 1044 208 1141 242; x_wconf 84' lang='lat' dir='ltr'><strong><em>absque</em></strong></span> <span class='ocrx_word' id='word_1_19' title='bbox 1160 212 1229 234; x_wconf 87' lang='lat' dir='ltr'><strong><em>metu</em></strong></span> <span class='ocrx_word' id='word_1_20' title='bbox 1248 207 1377 234; x_wconf 86' lang='lat' dir='ltr'><strong><em>habentur</em></strong></span> <span class='ocrx_word' id='word_1_21' title='bbox 1391 208 1553 236; x_wconf 71' lang='lat' dir='ltr'><strong><em>exsilia?!&quot;</em></strong></span> <span class='ocrx_word' id='word_1_22' title='bbox 1568 217 1676 243; x_wconf 78' lang='lat' dir='ltr'><strong><em>conspe-</em></strong></span> 
     </span>
    </p>
   </div>
   <div class='ocr_carea' id='block_1_3' title="bbox 54 252 1675 289">
    <p class='ocr_par' dir='ltr' id='par_1_3' title="bbox 54 252 1675 289">
     <span class='ocr_line' id='line_1_3' title="bbox 54 252 1675 289; baseline 0.001 -9"><span class='ocrx_word' id='word_1_23' title='bbox 54 260 87 281; x_wconf 75' lang='lat' dir='ltr'><strong><em>ctu</em></strong></span> <span class='ocrx_word' id='word_1_24' title='bbox 100 253 200 285; x_wconf 78' lang='lat' dir='ltr'><strong><em>etenim,</em></strong></span> <span class='ocrx_word' id='word_1_25' title='bbox 215 257 245 280; x_wconf 79' lang='lat' dir='ltr'><strong><em>ut</em></strong></span> <span class='ocrx_word' id='word_1_26' title='bbox 258 254 361 280; x_wconf 78' lang='lat' dir='ltr'><strong><em>videbas</em></strong></span> <span class='ocrx_word' id='word_1_27' title='bbox 377 253 455 280; x_wconf 88' lang='lat' dir='ltr'><strong><em>etiunt</em></strong></span> <span class='ocrx_word' id='word_1_28' title='bbox 474 253 538 287; x_wconf 81' lang='lat' dir='ltr'><strong><em>ipse,</em></strong></span> <span class='ocrx_word' id='word_1_29' title='bbox 557 258 645 280; x_wconf 81' lang='lat' dir='ltr'><strong><em>nostra</em></strong></span> <span class='ocrx_word' id='word_1_30' title='bbox 665 252 810 283; x_wconf 80' lang='lat' dir='ltr'><strong><em>Barbarus,</em></strong></span> <span class='ocrx_word' id='word_1_31' title='bbox 831 253 876 287; x_wconf 85' lang='lat' dir='ltr'><strong><em>qui</em></strong></span> <span class='ocrx_word' id='word_1_32' title='bbox 890 254 988 286; x_wconf 85' lang='lat' dir='ltr'><strong><em>Regina</em></strong></span> <span class='ocrx_word' id='word_1_33' title='bbox 1007 253 1102 286; x_wconf 82' lang='lat' dir='ltr'><strong><em>oppido</em></strong></span> <span class='ocrx_word' id='word_1_34' title='bbox 1118 253 1174 287; x_wconf 65' lang='grc'><strong><em>(18)</em></strong></span> <span class='ocrx_word' id='word_1_35' title='bbox 1195 254 1321 280; x_wconf 78' lang='lat' dir='ltr'><strong><em>miscebat</em></strong></span> <span class='ocrx_word' id='word_1_36' title='bbox 1336 254 1471 286; x_wconf 84' lang='lat' dir='ltr'><strong><em>incendia,</em></strong></span> <span class='ocrx_word' id='word_1_37' title='bbox 1485 255 1675 289; x_wconf 78' lang='lat' dir='ltr'><strong><em>angustissimo</em></strong></span> 
     </span>
    </p>
   </div>
   <div class='ocr_carea' id='block_1_4' title="bbox 55 299 1677 336">
    <p class='ocr_par' dir='ltr' id='par_1_4' title="bbox 55 299 1677 336">
     <span class='ocr_line' id='line_1_4' title="bbox 55 299 1677 336; baseline 0.001 -8"><span class='ocrx_word' id='word_1_38' title='bbox 55 311 66 328; x_wconf 92' lang='lat' dir='ltr'><strong><em>a</em></strong></span> <span class='ocrx_word' id='word_1_39' title='bbox 81 303 147 328; x_wconf 84' lang='lat' dir='ltr'><strong><em>nobis</em></strong></span> <span class='ocrx_word' id='word_1_40' title='bbox 159 302 238 336; x_wconf 76' lang='lat' dir='ltr'><strong><em>freto,</em></strong></span> <span class='ocrx_word' id='word_1_41' title='bbox 252 301 296 327; x_wconf 87' lang='lat' dir='ltr'><strong><em>ubi</em></strong></span> <span class='ocrx_word' id='word_1_42' title='bbox 313 300 402 328; x_wconf 73' lang='lat' dir='ltr'><strong><em>Italiae</em></strong></span> <span class='ocrx_word' id='word_1_43' title='bbox 417 302 502 327; x_wconf 76' lang='lat' dir='ltr'><strong><em>solum</em></strong></span> <span class='ocrx_word' id='word_1_44' title='bbox 520 299 611 328; x_wconf 84' lang='lat' dir='ltr'><strong><em>Siculo</em></strong></span> <span class='ocrx_word' id='word_1_45' title='bbox 629 301 778 330; x_wconf 82' lang='lat' dir='ltr'><strong><em>dirimitur,</em></strong></span> <span class='ocrx_word' id='word_1_46' title='bbox 790 301 941 328; x_wconf 79' lang='lat' dir='ltr'><strong><em>arcebatur.</em></strong></span> <span class='ocrx_word' id='word_1_47' title='bbox 960 299 992 326; x_wconf 89' lang='lat' dir='ltr'><strong><em>lu</em></strong></span> <span class='ocrx_word' id='word_1_48' title='bbox 1005 301 1045 327; x_wconf 77' lang='lat' dir='ltr'><strong><em>Itis</em></strong></span> <span class='ocrx_word' id='word_1_49' title='bbox 1058 309 1120 336; x_wconf 85' lang='lat' dir='ltr'><strong><em>ergo</em></strong></span> <span class='ocrx_word' id='word_1_50' title='bbox 1130 301 1228 335; x_wconf 83' lang='lat' dir='ltr'><strong><em>posito,</em></strong></span> <span class='ocrx_word' id='word_1_51' title='bbox 1241 309 1301 336; x_wconf 78' lang='lat' dir='ltr'><strong><em>qua:</em></strong></span> <span class='ocrx_word' id='word_1_52' title='bbox 1310 310 1365 328; x_wconf 80' lang='lat' dir='ltr'><strong><em>esse</em></strong></span> <span class='ocrx_word' id='word_1_53' title='bbox 1374 301 1409 328; x_wconf 87' lang='lat' dir='ltr'><strong><em>ad</em></strong></span> <span class='ocrx_word' id='word_1_54' title='bbox 1424 302 1591 329; x_wconf 81' lang='lat' dir='ltr'><strong><em>scribendum</em></strong></span> <span class='ocrx_word' id='word_1_55' title='bbox 1600 310 1677 329; x_wconf 74' lang='lat' dir='ltr'><strong><em>secu-</em></strong></span> 
     </span>
    </p>
   </div>
   <div class='ocr_carea' id='block_1_5' title="bbox 55 346 1673 382">
    <p class='ocr_par' dir='ltr' id='par_1_5' title="bbox 55 346 1673 382">
     <span class='ocr_line' id='line_1_5' title="bbox 55 346 1673 382; baseline 0.001 -9"><span class='ocrx_word' id='word_1_56' title='bbox 55 348 106 374; x_wconf 70' lang='lat' dir='ltr'><strong><em>ritas</em></strong></span> <span class='ocrx_word' id='word_1_57' title='bbox 119 349 209 382; x_wconf 81' lang='lat' dir='ltr'><strong><em>potuit,</em></strong></span> <span class='ocrx_word' id='word_1_58' title='bbox 223 353 246 375; x_wconf 91' lang='lat' dir='ltr'><strong><em>et</em></strong></span> <span class='ocrx_word' id='word_1_59' title='bbox 259 348 391 382; x_wconf 68' lang='lat' dir='ltr'><strong><em>praecipue</em></strong></span> <span class='ocrx_word' id='word_1_60' title='bbox 406 347 440 373; x_wconf 86' lang='lat' dir='ltr'><strong><em>ad</em></strong></span> <span class='ocrx_word' id='word_1_61' title='bbox 456 346 695 380; x_wconf 83' lang='lat' dir='ltr'><strong><em>interpretandum,</em></strong></span> <span class='ocrx_word' id='word_1_62' title='bbox 709 347 754 373; x_wconf 84' lang='lat' dir='ltr'><strong><em>ubi</em></strong></span> <span class='ocrx_word' id='word_1_63' title='bbox 772 354 822 373; x_wconf 86' lang='lat' dir='ltr'><strong><em>non</em></strong></span> <span class='ocrx_word' id='word_1_64' title='bbox 837 346 875 372; x_wconf 83' lang='lat' dir='ltr'><strong><em>ita</em></strong></span> <span class='ocrx_word' id='word_1_65' title='bbox 888 347 1007 380; x_wconf 80' lang='lat' dir='ltr'><strong><em>proprios</em></strong></span> <span class='ocrx_word' id='word_1_66' title='bbox 1024 347 1146 379; x_wconf 64' lang='lat' dir='ltr'><strong><em>expedire</em></strong></span> <span class='ocrx_word' id='word_1_67' title='bbox 1156 355 1257 378; x_wconf 81' lang='lat' dir='ltr'><strong><em>sensus,</em></strong></span> <span class='ocrx_word' id='word_1_68' title='bbox 1276 352 1303 374; x_wconf 88' lang='lat' dir='ltr'><strong><em>ut</em></strong></span> <span class='ocrx_word' id='word_1_69' title='bbox 1317 348 1418 374; x_wconf 84' lang='lat' dir='ltr'><strong><em>alienos</em></strong></span> <span class='ocrx_word' id='word_1_70' title='bbox 1435 353 1527 380; x_wconf 82' lang='lat' dir='ltr'><strong><em>aptare</em></strong></span> <span class='ocrx_word' id='word_1_71' title='bbox 1548 349 1673 382; x_wconf 87' lang='lat' dir='ltr'><strong><em>proponi-</em></strong></span> 
     </span>
    </p>
   </div>
   <div class='ocr_carea' id='block_1_6' title="bbox 55 392 1677 429">
    <p class='ocr_par' dir='ltr' id='par_1_6' title="bbox 55 392 1677 429">
     <span class='ocr_line' id='line_1_6' title="bbox 55 392 1677 429; baseline -0.001 -8"><span class='ocrx_word' id='word_1_72' title='bbox 55 397 104 423; x_wconf 76' lang='grc'><strong>11117</strong></span> <span class='ocrx_word' id='word_1_73' title='bbox 117 394 210 422; x_wconf 84' lang='lat' dir='ltr'><strong><em>Tamen</em></strong></span> <span class='ocrx_word' id='word_1_74' title='bbox 220 395 244 421; x_wconf 88' lang='lat' dir='ltr'><strong><em>si</em></strong></span> <span class='ocrx_word' id='word_1_75' title='bbox 258 402 317 429; x_wconf 72' lang='lat' dir='ltr'><strong><em>qua</em></strong></span> <span class='ocrx_word' id='word_1_76' title='bbox 328 401 380 420; x_wconf 71' lang='lat' dir='ltr'><strong><em>nox</em></strong></span> <span class='ocrx_word' id='word_1_77' title='bbox 392 393 494 420; x_wconf 76' lang='lat' dir='ltr'><strong><em>animos</em></strong></span> <span class='ocrx_word' id='word_1_78' title='bbox 513 392 614 419; x_wconf 84' lang='lat' dir='ltr'><strong><em>minore</em></strong></span> <span class='ocrx_word' id='word_1_79' title='bbox 627 396 696 419; x_wconf 89' lang='lat' dir='ltr'><strong><em>metu</em></strong></span> <span class='ocrx_word' id='word_1_80' title='bbox 711 392 815 419; x_wconf 79' lang='lat' dir='ltr'><strong><em>hostilis</em></strong></span> <span class='ocrx_word' id='word_1_81' title='bbox 827 393 960 419; x_wconf 83' lang='lat' dir='ltr'><strong><em>concussit</em></strong></span> <span class='ocrx_word' id='word_1_82' title='bbox 974 393 1084 426; x_wconf 70' lang='lat' dir='ltr'><strong><em>excidii,</em></strong></span> <span class='ocrx_word' id='word_1_83' title='bbox 1096 398 1119 420; x_wconf 90' lang='lat' dir='ltr'><strong><em>et</em></strong></span> <span class='ocrx_word' id='word_1_84' title='bbox 1130 393 1203 420; x_wconf 73' lang='lat' dir='ltr'><strong><em>breve</em></strong></span> <span class='ocrx_word' id='word_1_85' title='bbox 1216 393 1308 420; x_wconf 82' lang='lat' dir='ltr'><strong><em>saltem</em></strong></span> <span class='ocrx_word' id='word_1_86' title='bbox 1320 393 1477 420; x_wconf 76' lang='lat' dir='ltr'><strong><em>[tuabrandi</em></strong></span> <span class='ocrx_word' id='word_1_87' title='bbox 1491 394 1575 421; x_wconf 89' lang='lat' dir='ltr'><strong><em>otium</em></strong></span> <span class='ocrx_word' id='word_1_88' title='bbox 1589 394 1677 427; x_wconf 85' lang='lat' dir='ltr'><strong><em>dedit,</em></strong></span> 
     </span>
    </p>
   </div>
   <div class='ocr_carea' id='block_1_7' title="bbox 54 438 1674 476">
    <p class='ocr_par' dir='ltr' id='par_1_7' title="bbox 54 438 1674 476">
     <span class='ocr_line' id='line_1_7' title="bbox 54 438 1674 476; baseline 0.001 -9"><span class='ocrx_word' id='word_1_89' title='bbox 54 441 115 476; x_wconf 77' lang='lat' dir='ltr'><strong><em>quasi</em></strong></span> <span class='ocrx_word' id='word_1_90' title='bbox 132 441 165 467; x_wconf 92' lang='lat' dir='ltr'><strong><em>ad</em></strong></span> <span class='ocrx_word' id='word_1_91' title='bbox 178 440 297 467; x_wconf 75' lang='lat' dir='ltr'><strong><em>solamen</em></strong></span> <span class='ocrx_word' id='word_1_92' title='bbox 315 439 445 466; x_wconf 87' lang='lat' dir='ltr'><strong><em>malorum</em></strong></span> <span class='ocrx_word' id='word_1_93' title='bbox 460 438 629 472; x_wconf 67' lang='lat' dir='ltr'><strong><em>let-anda&#39;que</em></strong></span> <span class='ocrx_word' id='word_1_94' title='bbox 642 438 863 473; x_wconf 81' lang='lat' dir='ltr'><strong><em>peregrinationis</em></strong></span> <span class='ocrx_word' id='word_1_95' title='bbox 879 439 978 472; x_wconf 76' lang='lat' dir='ltr'><strong><em>gratia,</em></strong></span> <span class='ocrx_word' id='word_1_96' title='bbox 995 447 1156 474; x_wconf 78' lang='lat' dir='ltr'><strong><em>qurccuuque</em></strong></span> <span class='ocrx_word' id='word_1_97' title='bbox 1175 440 1203 466; x_wconf 88' lang='lat' dir='ltr'><strong><em>in</em></strong></span> <span class='ocrx_word' id='word_1_98' title='bbox 1216 439 1394 466; x_wconf 84' lang='lat' dir='ltr'><strong><em>Numerorum</em></strong></span> <span class='ocrx_word' id='word_1_99' title='bbox 1406 440 1485 472; x_wconf 83' lang='lat' dir='ltr'><strong><em>libro,</em></strong></span> <span class='ocrx_word' id='word_1_100' title='bbox 1497 441 1550 468; x_wconf 87' lang='lat' dir='ltr'><strong><em>siue</em></strong></span> <span class='ocrx_word' id='word_1_101' title='bbox 1562 441 1674 468; x_wconf 80' lang='lat' dir='ltr'><strong><em>homile-</em></strong></span> 
     </span>
    </p>
   </div>
   <div class='ocr_carea' id='block_1_8' title="bbox 55 483 1672 520">
    <p class='ocr_par' dir='ltr' id='par_1_8' title="bbox 55 483 1672 520">
     <span class='ocr_line' id='line_1_8' title="bbox 55 483 1672 520; baseline 0.001 -7"><span class='ocrx_word' id='word_1_102' title='bbox 55 489 95 513; x_wconf 76' lang='lat' dir='ltr'><strong><em>tito</em></strong></span> <span class='ocrx_word' id='word_1_103' title='bbox 109 485 182 520; x_wconf 77' lang='lat' dir='ltr'><strong><em>style,</em></strong></span> <span class='ocrx_word' id='word_1_104' title='bbox 199 485 252 512; x_wconf 79' lang='lat' dir='ltr'><strong><em>sive</em></strong></span> <span class='ocrx_word' id='word_1_105' title='bbox 268 485 347 511; x_wconf 85' lang='lat' dir='ltr'><strong><em>etiam</em></strong></span> <span class='ocrx_word' id='word_1_106' title='bbox 365 492 397 511; x_wconf 71' lang='lat' dir='ltr'><strong><em>ea:</em></strong></span> <span class='ocrx_word' id='word_1_107' title='bbox 417 483 457 510; x_wconf 86' lang='lat' dir='ltr'><strong><em>his</em></strong></span> <span class='ocrx_word' id='word_1_108' title='bbox 480 491 538 518; x_wconf 73' lang='lat' dir='ltr'><strong><em>qua!</em></strong></span> <span class='ocrx_word' id='word_1_109' title='bbox 565 483 697 517; x_wconf 75' lang='lat' dir='ltr'><strong><em>Exret‘pta</em></strong></span> <span class='ocrx_word' id='word_1_110' title='bbox 711 483 889 518; x_wconf 86' lang='lat' dir='ltr'><strong><em>appellantur,</em></strong></span> <span class='ocrx_word' id='word_1_111' title='bbox 903 485 1003 518; x_wconf 84' lang='lat' dir='ltr'><strong><em>scripta</em></strong></span> <span class='ocrx_word' id='word_1_112' title='bbox 1025 485 1181 518; x_wconf 73' lang='lat' dir='ltr'><strong><em>reperiatur,</em></strong></span> <span class='ocrx_word' id='word_1_113' title='bbox 1201 485 1267 518; x_wconf 77' lang='lat' dir='ltr'><strong><em>luce,</em></strong></span> <span class='ocrx_word' id='word_1_114' title='bbox 1280 491 1433 520; x_wconf 79' lang='lat' dir='ltr'><strong><em>perurgente</em></strong></span> <span class='ocrx_word' id='word_1_115' title='bbox 1449 492 1483 519; x_wconf 83' lang='lat' dir='ltr'><strong><em>te,</em></strong></span> <span class='ocrx_word' id='word_1_116' title='bbox 1499 485 1628 519; x_wconf 84' lang='lat' dir='ltr'><strong><em>Romana,</em></strong></span> <span class='ocrx_word' id='word_1_117' title='bbox 1645 493 1672 514; x_wconf 83' lang='lat' dir='ltr'><strong><em>ut</em></strong></span> 
     </span>
    </p>
   </div>
   <div class='ocr_carea' id='block_1_9' title="bbox 54 531 1677 570">
    <p class='ocr_par' dir='ltr' id='par_1_9' title="bbox 54 531 1677 570">
     <span class='ocr_line' id='line_1_9' title="bbox 54 531 1677 570; baseline 0.002 -11"><span class='ocrx_word' id='word_1_118' title='bbox 54 533 179 567; x_wconf 77' lang='lat' dir='ltr'><strong><em>potuimus,</em></strong></span> <span class='ocrx_word' id='word_1_119' title='bbox 197 540 258 559; x_wconf 76' lang='lat' dir='ltr'><strong><em>vace</em></strong></span> <span class='ocrx_word' id='word_1_120' title='bbox 275 540 307 559; x_wconf 74' lang='lat' dir='ltr'><strong><em>ea:</em></strong></span> <span class='ocrx_word' id='word_1_121' title='bbox 321 532 430 559; x_wconf 80' lang='lat' dir='ltr'><strong><em>diversis</em></strong></span> <span class='ocrx_word' id='word_1_122' title='bbox 453 532 479 558; x_wconf 84' lang='lat' dir='ltr'><strong><em>in</em></strong></span> <span class='ocrx_word' id='word_1_123' title='bbox 495 539 576 558; x_wconf 85' lang='lat' dir='ltr'><strong><em>unum</em></strong></span> <span class='ocrx_word' id='word_1_124' title='bbox 595 531 716 558; x_wconf 86' lang='lat' dir='ltr'><strong><em>ordinent</em></strong></span> <span class='ocrx_word' id='word_1_125' title='bbox 739 531 847 558; x_wconf 80' lang='lat' dir='ltr'><strong><em>collecta</em></strong></span> <span class='ocrx_word' id='word_1_126' title='bbox 867 532 1035 566; x_wconf 82' lang='lat' dir='ltr'><strong><em>digessimus,</em></strong></span> <span class='ocrx_word' id='word_1_127' title='bbox 1056 538 1081 559; x_wconf 92' lang='lat' dir='ltr'><strong><em>te</em></strong></span> <span class='ocrx_word' id='word_1_128' title='bbox 1102 540 1204 567; x_wconf 85' lang='lat' dir='ltr'><strong><em>quoque</em></strong></span> <span class='ocrx_word' id='word_1_129' title='bbox 1219 533 1274 566; x_wconf 86' lang='lat' dir='ltr'><strong><em>ipso</em></strong></span> <span class='ocrx_word' id='word_1_130' title='bbox 1297 533 1322 559; x_wconf 88' lang='lat' dir='ltr'><strong><em>in</em></strong></span> <span class='ocrx_word' id='word_1_131' title='bbox 1339 533 1541 568; x_wconf 76' lang='lat' dir='ltr'><strong><em>quamplurimis</em></strong></span> <span class='ocrx_word' id='word_1_132' title='bbox 1555 535 1677 570; x_wconf 82' lang='lat' dir='ltr'><strong><em>jucante,</em></strong></span> 
     </span>
    </p>
   </div>
   <div class='ocr_carea' id='block_1_10' title="bbox 57 579 1675 614">
    <p class='ocr_par' dir='ltr' id='par_1_10' title="bbox 57 579 1675 614">
     <span class='ocr_line' id='line_1_10' title="bbox 57 579 1675 614; baseline 0 -6"><span class='ocrx_word' id='word_1_133' title='bbox 57 579 144 612; x_wconf 80' lang='lat' dir='ltr'><strong><em>Ursaci,</em></strong></span> <span class='ocrx_word' id='word_1_134' title='bbox 161 586 279 608; x_wconf 81' lang='lat' dir='ltr'><strong><em>nostrum</em></strong></span> <span class='ocrx_word' id='word_1_135' title='bbox 292 580 418 610; x_wconf 79' lang='lat' dir='ltr'><strong><em>laborem.</em></strong></span> <span class='ocrx_word' id='word_1_136' title='bbox 437 580 499 606; x_wconf 87' lang='lat' dir='ltr'><strong><em>dum</em></strong></span> <span class='ocrx_word' id='word_1_137' title='bbox 514 579 591 606; x_wconf 82' lang='lat' dir='ltr'><strong><em>nimis</em></strong></span> <span class='ocrx_word' id='word_1_138' title='bbox 605 579 729 613; x_wconf 82' lang='lat' dir='ltr'><strong><em>cupidus,</em></strong></span> <span class='ocrx_word' id='word_1_139' title='bbox 744 579 848 612; x_wconf 90' lang='lat' dir='ltr'><strong><em>pueruli</em></strong></span> <span class='ocrx_word' id='word_1_140' title='bbox 864 580 960 607; x_wconf 87' lang='lat' dir='ltr'><strong><em>notarii</em></strong></span> <span class='ocrx_word' id='word_1_141' title='bbox 973 579 1079 606; x_wconf 87' lang='lat' dir='ltr'><strong><em>tardum</em></strong></span> <span class='ocrx_word' id='word_1_142' title='bbox 1089 584 1166 614; x_wconf 78' lang='lat' dir='ltr'><strong><em>putas</em></strong></span> <span class='ocrx_word' id='word_1_143' title='bbox 1178 588 1233 606; x_wconf 86' lang='lat' dir='ltr'><strong><em>esse</em></strong></span> <span class='ocrx_word' id='word_1_144' title='bbox 1251 581 1437 608; x_wconf 80' lang='lat' dir='ltr'><strong><em>ministerium.</em></strong></span> <span class='ocrx_word' id='word_1_145' title='bbox 1459 580 1535 608; x_wconf 86' lang='lat' dir='ltr'><strong><em>Scire</em></strong></span> <span class='ocrx_word' id='word_1_146' title='bbox 1550 587 1636 608; x_wconf 86' lang='lat' dir='ltr'><strong><em>tamen</em></strong></span> <span class='ocrx_word' id='word_1_147' title='bbox 1651 588 1675 608; x_wconf 87' lang='lat' dir='ltr'><strong><em>Ie</em></strong></span> 
     </span>
    </p>
   </div>
   <div class='ocr_carea' id='block_1_11' title="bbox 56 625 1678 662">
    <p class='ocr_par' dir='ltr' id='par_1_11' title="bbox 56 625 1678 662">
     <span class='ocr_line' id='line_1_11' title="bbox 56 625 1678 662; baseline -0.001 -8"><span class='ocrx_word' id='word_1_148' title='bbox 56 627 110 658; x_wconf 75' lang='lat' dir='ltr'><strong><em>volo.</em></strong></span> <span class='ocrx_word' id='word_1_149' title='bbox 125 627 215 661; x_wconf 78' lang='lat' dir='ltr'><strong><em>frater,</em></strong></span> <span class='ocrx_word' id='word_1_150' title='bbox 235 627 305 662; x_wconf 83' lang='lat' dir='ltr'><strong><em>quod</em></strong></span> <span class='ocrx_word' id='word_1_151' title='bbox 319 626 374 652; x_wconf 78' lang='lat' dir='ltr'><strong><em>hrec</em></strong></span> <span class='ocrx_word' id='word_1_152' title='bbox 387 625 466 652; x_wconf 76' lang='lat' dir='ltr'><strong><em>lectio</em></strong></span> <span class='ocrx_word' id='word_1_153' title='bbox 478 625 532 653; x_wconf 72' lang='lat' dir='ltr'><strong><em>uias</em></strong></span> <span class='ocrx_word' id='word_1_154' title='bbox 548 625 652 659; x_wconf 82' lang='lat' dir='ltr'><strong><em>quidem</em></strong></span> <span class='ocrx_word' id='word_1_155' title='bbox 665 627 768 659; x_wconf 84' lang='lat' dir='ltr'><strong><em>aperiat</em></strong></span> <span class='ocrx_word' id='word_1_156' title='bbox 781 625 975 660; x_wconf 62' lang='lat' dir='ltr'><strong><em>intelligentia,</em></strong></span> <span class='ocrx_word' id='word_1_157' title='bbox 987 634 1039 653; x_wconf 85' lang='lat' dir='ltr'><strong><em>non</em></strong></span> <span class='ocrx_word' id='word_1_158' title='bbox 1051 631 1138 653; x_wconf 85' lang='lat' dir='ltr'><strong><em>tamen</em></strong></span> <span class='ocrx_word' id='word_1_159' title='bbox 1153 626 1308 661; x_wconf 68' lang='lat' dir='ltr'><strong><em>singillatim</em></strong></span> <span class='ocrx_word' id='word_1_160' title='bbox 1322 632 1418 652; x_wconf 76' lang='lat' dir='ltr'><strong><em>cuneta</em></strong></span> <span class='ocrx_word' id='word_1_161' title='bbox 1431 635 1490 662; x_wconf 77' lang='lat' dir='ltr'><strong><em>qua:</em></strong></span> <span class='ocrx_word' id='word_1_162' title='bbox 1506 628 1604 662; x_wconf 87' lang='lat' dir='ltr'><strong><em>scripta</em></strong></span> <span class='ocrx_word' id='word_1_163' title='bbox 1616 632 1678 655; x_wconf 88' lang='lat' dir='ltr'><strong><em>sunt</em></strong></span> 
     </span>
    </p>
   </div>
   <div class='ocr_carea' id='block_1_12' title="bbox 57 672 1680 709">
    <p class='ocr_par' dir='ltr' id='par_1_12' title="bbox 57 672 1680 709">
     <span class='ocr_line' id='line_1_12' title="bbox 57 672 1680 709; baseline 0 -8"><span class='ocrx_word' id='word_1_164' title='bbox 57 675 161 708; x_wconf 80' lang='lat' dir='ltr'><strong><em>disserat,</em></strong></span> <span class='ocrx_word' id='word_1_165' title='bbox 182 678 210 700; x_wconf 81' lang='lat' dir='ltr'><strong><em>ut</em></strong></span> <span class='ocrx_word' id='word_1_166' title='bbox 231 674 258 700; x_wconf 87' lang='lat' dir='ltr'><strong><em>in</em></strong></span> <span class='ocrx_word' id='word_1_167' title='bbox 277 673 481 706; x_wconf 66' lang='lat' dir='ltr'><strong><em>explicationum</em></strong></span> <span class='ocrx_word' id='word_1_168' title='bbox 500 672 575 699; x_wconf 83' lang='lat' dir='ltr'><strong><em>libris</em></strong></span> <span class='ocrx_word' id='word_1_169' title='bbox 598 673 701 708; x_wconf 76' lang='lat' dir='ltr'><strong><em>legisti;</em></strong></span> <span class='ocrx_word' id='word_1_170' title='bbox 722 681 773 708; x_wconf 85' lang='lat' dir='ltr'><strong><em>quo</em></strong></span> <span class='ocrx_word' id='word_1_171' title='bbox 790 674 888 700; x_wconf 77' lang='lat' dir='ltr'><strong><em>scilicet</em></strong></span> <span class='ocrx_word' id='word_1_172' title='bbox 907 674 987 700; x_wconf 90' lang='lat' dir='ltr'><strong><em>etiam</em></strong></span> <span class='ocrx_word' id='word_1_173' title='bbox 1005 673 1087 700; x_wconf 78' lang='lat' dir='ltr'><strong><em>lector</em></strong></span> <span class='ocrx_word' id='word_1_174' title='bbox 1107 681 1160 700; x_wconf 86' lang='lat' dir='ltr'><strong><em>non</em></strong></span> <span class='ocrx_word' id='word_1_175' title='bbox 1177 673 1304 700; x_wconf 83' lang='lat' dir='ltr'><strong><em>reddatur</em></strong></span> <span class='ocrx_word' id='word_1_176' title='bbox 1318 674 1428 706; x_wconf 74' lang='lat' dir='ltr'><strong><em>otiosus,</em></strong></span> <span class='ocrx_word' id='word_1_177' title='bbox 1449 675 1494 700; x_wconf 73' lang='lat' dir='ltr'><strong><em>sed</em></strong></span> <span class='ocrx_word' id='word_1_178' title='bbox 1507 680 1605 709; x_wconf 83' lang='lat' dir='ltr'><strong><em>pungat</em></strong></span> <span class='ocrx_word' id='word_1_179' title='bbox 1634 684 1680 702; x_wconf 77' lang='lat' dir='ltr'><strong><em>cor</em></strong></span> 
     </span>
    </p>
   </div>
   <div class='ocr_carea' id='block_1_13' title="bbox 57 721 1679 759">
    <p class='ocr_par' dir='ltr' id='par_1_13' title="bbox 57 721 1679 759">
     <span class='ocr_line' id='line_1_13' title="bbox 57 721 1679 759; baseline 0.002 -11"><span class='ocrx_word' id='word_1_180' title='bbox 57 731 129 755; x_wconf 80' lang='grc'><strong>11111111,</strong></span> <span class='ocrx_word' id='word_1_181' title='bbox 149 723 213 748; x_wconf 85' lang='lat' dir='ltr'><strong><em>sicut</em></strong></span> <span class='ocrx_word' id='word_1_182' title='bbox 230 722 359 754; x_wconf 83' lang='lat' dir='ltr'><strong><em>scriptum</em></strong></span> <span class='ocrx_word' id='word_1_183' title='bbox 374 727 424 751; x_wconf 84' lang='lat' dir='ltr'><strong><em>est.</em></strong></span> <span class='ocrx_word' id='word_1_184' title='bbox 441 727 465 748; x_wconf 90' lang='lat' dir='ltr'><strong><em>et</em></strong></span> <span class='ocrx_word' id='word_1_185' title='bbox 487 721 615 755; x_wconf 80' lang='lat' dir='ltr'><strong><em>producat</em></strong></span> <span class='ocrx_word' id='word_1_186' title='bbox 632 730 749 756; x_wconf 86' lang='lat' dir='ltr'><strong><em>sensum,</em></strong></span> <span class='ocrx_word' id='word_1_187' title='bbox 764 727 787 749; x_wconf 83' lang='lat' dir='ltr'><strong><em>et</em></strong></span> <span class='ocrx_word' id='word_1_188' title='bbox 804 723 897 749; x_wconf 85' lang='lat' dir='ltr'><strong><em>audito</em></strong></span> <span class='ocrx_word' id='word_1_189' title='bbox 909 722 984 749; x_wconf 81' lang='lat' dir='ltr'><strong><em>verbo</em></strong></span> <span class='ocrx_word' id='word_1_190' title='bbox 1003 723 1081 755; x_wconf 87' lang='lat' dir='ltr'><strong><em>bono,</em></strong></span> <span class='ocrx_word' id='word_1_191' title='bbox 1101 727 1128 749; x_wconf 88' lang='lat' dir='ltr'><strong><em>ut</em></strong></span> <span class='ocrx_word' id='word_1_192' title='bbox 1149 723 1254 757; x_wconf 84' lang='lat' dir='ltr'><strong><em>sapiens</em></strong></span> <span class='ocrx_word' id='word_1_193' title='bbox 1274 723 1385 757; x_wconf 79' lang='lat' dir='ltr'><strong><em>adjiciat</em></strong></span> <span class='ocrx_word' id='word_1_194' title='bbox 1402 724 1436 749; x_wconf 92' lang='lat' dir='ltr'><strong><em>ad</em></strong></span> <span class='ocrx_word' id='word_1_195' title='bbox 1457 723 1532 750; x_wconf 83' lang='lat' dir='ltr'><strong><em>illud.</em></strong></span> <span class='ocrx_word' id='word_1_196' title='bbox 1550 723 1636 759; x_wconf 89' lang='lat' dir='ltr'><strong><em>Igitur</em></strong></span> <span class='ocrx_word' id='word_1_197' title='bbox 1652 729 1679 751; x_wconf 91' lang='lat' dir='ltr'><strong><em>ut</em></strong></span> 
     </span>
    </p>
   </div>
   <div class='ocr_carea' id='block_1_14' title="bbox 57 767 1679 804">
    <p class='ocr_par' dir='ltr' id='par_1_14' title="bbox 57 767 1679 804">
     <span class='ocr_line' id='line_1_14' title="bbox 57 767 1679 804; baseline 0.002 -10"><span class='ocrx_word' id='word_1_198' title='bbox 57 776 143 801; x_wconf 80' lang='lat' dir='ltr'><strong><em>possunt</em></strong></span> <span class='ocrx_word' id='word_1_199' title='bbox 160 776 219 803; x_wconf 77' lang='lat' dir='ltr'><strong><em>qutc</em></strong></span> <span class='ocrx_word' id='word_1_200' title='bbox 231 767 374 802; x_wconf 65' lang='lat' dir='ltr'><strong><em>injunzisti</em></strong></span> <span class='ocrx_word' id='word_1_201' title='bbox 386 767 518 800; x_wconf 68' lang='lat' dir='ltr'><strong><em>explicare</em></strong></span> <span class='ocrx_word' id='word_1_202' title='bbox 530 767 669 794; x_wconf 81' lang='lat' dir='ltr'><strong><em>contendo.</em></strong></span> <span class='ocrx_word' id='word_1_203' title='bbox 683 767 746 794; x_wconf 86' lang='lat' dir='ltr'><strong><em>Jam</em></strong></span> <span class='ocrx_word' id='word_1_204' title='bbox 764 767 834 794; x_wconf 82' lang='lat' dir='ltr'><strong><em>enim</em></strong></span> <span class='ocrx_word' id='word_1_205' title='bbox 849 775 881 794; x_wconf 67' lang='grc' dir='ltr'><em>εκ</em></span> <span class='ocrx_word' id='word_1_206' title='bbox 894 767 1014 794; x_wconf 83' lang='lat' dir='ltr'><strong><em>omnibus</em></strong></span> <span class='ocrx_word' id='word_1_207' title='bbox 1028 775 1087 803; x_wconf 77' lang='lat' dir='ltr'><strong><em>qua:</em></strong></span> <span class='ocrx_word' id='word_1_208' title='bbox 1099 768 1127 794; x_wconf 87' lang='lat' dir='ltr'><strong><em>in</em></strong></span> <span class='ocrx_word' id='word_1_209' title='bbox 1141 768 1197 803; x_wconf 86' lang='lat' dir='ltr'><strong><em>lege</em></strong></span> <span class='ocrx_word' id='word_1_210' title='bbox 1209 768 1309 801; x_wconf 85' lang='lat' dir='ltr'><strong><em>scripta</em></strong></span> <span class='ocrx_word' id='word_1_211' title='bbox 1322 769 1417 802; x_wconf 87' lang='lat' dir='ltr'><strong><em>reperi,</em></strong></span> <span class='ocrx_word' id='word_1_212' title='bbox 1436 769 1511 801; x_wconf 67' lang='lat' dir='ltr'><strong><em>solre,</em></strong></span> <span class='ocrx_word' id='word_1_213' title='bbox 1523 775 1634 804; x_wconf 90' lang='lat' dir='ltr'><strong><em>utputo,</em></strong></span> <span class='ocrx_word' id='word_1_214' title='bbox 1652 771 1679 797; x_wconf 86' lang='lat' dir='ltr'><strong><em>in</em></strong></span> 
     </span>
    </p>
   </div>
   <div class='ocr_carea' id='block_1_15' title="bbox 58 812 1680 850">
    <p class='ocr_par' dir='ltr' id='par_1_15' title="bbox 58 812 1680 850">
     <span class='ocr_line' id='line_1_15' title="bbox 58 812 1680 850; baseline 0 -9"><span class='ocrx_word' id='word_1_215' title='bbox 58 813 270 842; x_wconf 80' lang='lat' dir='ltr'><strong><em>Deuteranomiuns</em></strong></span> <span class='ocrx_word' id='word_1_216' title='bbox 293 814 385 840; x_wconf 70' lang='lat' dir='ltr'><strong><em>desunt</em></strong></span> <span class='ocrx_word' id='word_1_217' title='bbox 407 813 593 842; x_wconf 75' lang='lat' dir='ltr'><strong><em>oratiunculre,</em></strong></span> <span class='ocrx_word' id='word_1_218' title='bbox 615 821 693 847; x_wconf 81' lang='lat' dir='ltr'><strong><em>quas,</em></strong></span> <span class='ocrx_word' id='word_1_219' title='bbox 713 813 736 839; x_wconf 84' lang='lat' dir='ltr'><strong><em>si</em></strong></span> <span class='ocrx_word' id='word_1_220' title='bbox 753 812 880 839; x_wconf 81' lang='lat' dir='ltr'><strong><em>Dominus</em></strong></span> <span class='ocrx_word' id='word_1_221' title='bbox 897 812 997 846; x_wconf 85' lang='lat' dir='ltr'><strong><em>juverit</em></strong></span> <span class='ocrx_word' id='word_1_222' title='bbox 1011 816 1036 838; x_wconf 89' lang='lat' dir='ltr'><strong><em>et</em></strong></span> <span class='ocrx_word' id='word_1_223' title='bbox 1055 814 1195 839; x_wconf 82' lang='lat' dir='ltr'><strong><em>sanitatem</em></strong></span> <span class='ocrx_word' id='word_1_224' title='bbox 1211 812 1313 839; x_wconf 86' lang='lat' dir='ltr'><strong><em>dederit</em></strong></span> <span class='ocrx_word' id='word_1_225' title='bbox 1330 814 1425 843; x_wconf 75' lang='lat' dir='ltr'><strong><em>oculis.</em></strong></span> <span class='ocrx_word' id='word_1_226' title='bbox 1446 814 1565 847; x_wconf 75' lang='lat' dir='ltr'><strong><em>cupimus</em></strong></span> <span class='ocrx_word' id='word_1_227' title='bbox 1579 815 1680 850; x_wconf 87' lang='lat' dir='ltr'><strong><em>reliquo</em></strong></span> 
     </span>
    </p>
   </div>
   <div class='ocr_carea' id='block_1_16' title="bbox 58 857 1679 896">
    <p class='ocr_par' dir='ltr' id='par_1_16' title="bbox 58 857 1679 896">
     <span class='ocr_line' id='line_1_16' title="bbox 58 857 1679 896; baseline 0.002 -10"><span class='ocrx_word' id='word_1_228' title='bbox 58 861 143 893; x_wconf 76' lang='lat' dir='ltr'><strong><em>torpori</em></strong></span> <span class='ocrx_word' id='word_1_229' title='bbox 157 861 257 887; x_wconf 82' lang='lat' dir='ltr'><strong><em>sociare</em></strong></span> <span class='ocrx_word' id='word_1_230' title='bbox 274 866 284 885; x_wconf 93' lang='lat'><em>:</em></span> <span class='ocrx_word' id='word_1_231' title='bbox 302 858 418 893; x_wconf 78' lang='lat' dir='ltr'><strong><em>quamvis</em></strong></span> <span class='ocrx_word' id='word_1_232' title='bbox 438 859 636 886; x_wconf 76' lang='lat' dir='ltr'><strong><em>amantissimus</em></strong></span> <span class='ocrx_word' id='word_1_233' title='bbox 652 859 724 891; x_wconf 80' lang='lat' dir='ltr'><strong><em>[ilius</em></strong></span> <span class='ocrx_word' id='word_1_234' title='bbox 740 864 828 885; x_wconf 84' lang='lat' dir='ltr'><strong><em>noster</em></strong></span> <span class='ocrx_word' id='word_1_235' title='bbox 850 857 989 890; x_wconf 75' lang='lat' dir='ltr'><strong><em>Pinianus,</em></strong></span> <span class='ocrx_word' id='word_1_236' title='bbox 1014 859 1091 893; x_wconf 80' lang='lat' dir='ltr'><strong><em>cujus</em></strong></span> <span class='ocrx_word' id='word_1_237' title='bbox 1105 859 1256 893; x_wconf 84' lang='lat' dir='ltr'><strong><em>religiosum</em></strong></span> <span class='ocrx_word' id='word_1_238' title='bbox 1271 864 1364 886; x_wconf 71' lang='lat' dir='ltr'><strong><em>rectum</em></strong></span> <span class='ocrx_word' id='word_1_239' title='bbox 1377 868 1424 894; x_wconf 92' lang='lat' dir='ltr'><strong><em>pro</em></strong></span> <span class='ocrx_word' id='word_1_240' title='bbox 1438 868 1527 888; x_wconf 86' lang='lat' dir='ltr'><strong><em>amore</em></strong></span> <span class='ocrx_word' id='word_1_241' title='bbox 1543 862 1679 896; x_wconf 63' lang='lat' dir='ltr'><strong><em>pudicitia</em></strong></span> 
     </span>
    </p>
   </div>
   <div class='ocr_carea' id='block_1_17' title="bbox 59 903 1675 942">
    <p class='ocr_par' dir='ltr' id='par_1_17' title="bbox 59 903 1675 942">
     <span class='ocr_line' id='line_1_17' title="bbox 59 903 1675 942; baseline 0.001 -9"><span class='ocrx_word' id='word_1_242' title='bbox 59 906 179 941; x_wconf 72' lang='lat' dir='ltr'><strong><em>profligant</em></strong></span> <span class='ocrx_word' id='word_1_243' title='bbox 191 906 360 936; x_wconf 81' lang='lat' dir='ltr'><strong><em>comitantur,</em></strong></span> <span class='ocrx_word' id='word_1_244' title='bbox 372 905 493 940; x_wconf 84' lang='lat' dir='ltr'><strong><em>injungat</em></strong></span> <span class='ocrx_word' id='word_1_245' title='bbox 506 909 531 931; x_wconf 91' lang='lat' dir='ltr'><strong><em>et</em></strong></span> <span class='ocrx_word' id='word_1_246' title='bbox 544 905 609 933; x_wconf 85' lang='lat' dir='ltr'><strong><em>alia.</em></strong></span> <span class='ocrx_word' id='word_1_247' title='bbox 623 904 675 932; x_wconf 86' lang='lat' dir='ltr'><strong><em>Sed</em></strong></span> <span class='ocrx_word' id='word_1_248' title='bbox 690 909 764 931; x_wconf 88' lang='lat' dir='ltr'><strong><em>orate</em></strong></span> <span class='ocrx_word' id='word_1_249' title='bbox 779 905 961 936; x_wconf 82' lang='lat' dir='ltr'><strong><em>communiter,</em></strong></span> <span class='ocrx_word' id='word_1_250' title='bbox 975 909 1002 930; x_wconf 91' lang='lat' dir='ltr'><strong><em>ut</em></strong></span> <span class='ocrx_word' id='word_1_251' title='bbox 1017 905 1086 931; x_wconf 76' lang='lat' dir='ltr'><strong><em>adsit</em></strong></span> <span class='ocrx_word' id='word_1_252' title='bbox 1100 903 1237 937; x_wconf 83' lang='lat' dir='ltr'><strong><em>Dominus,</em></strong></span> <span class='ocrx_word' id='word_1_253' title='bbox 1250 910 1274 932; x_wconf 92' lang='lat' dir='ltr'><strong><em>et</em></strong></span> <span class='ocrx_word' id='word_1_254' title='bbox 1287 905 1446 938; x_wconf 85' lang='lat' dir='ltr'><strong><em>temporibus</em></strong></span> <span class='ocrx_word' id='word_1_255' title='bbox 1459 914 1550 941; x_wconf 78' lang='lat' dir='ltr'><strong><em>pacem</em></strong></span> <span class='ocrx_word' id='word_1_256' title='bbox 1560 907 1675 942; x_wconf 83' lang='lat' dir='ltr'><strong><em>tribuat,</em></strong></span> 
     </span>
    </p>
   </div>
   <div class='ocr_carea' id='block_1_18' title="bbox 59 950 1376 990">
    <p class='ocr_par' dir='ltr' id='par_1_18' title="bbox 59 950 1376 990">
     <span class='ocr_line' id='line_1_18' title="bbox 59 950 1376 990; baseline -0.002 -9"><span class='ocrx_word' id='word_1_257' title='bbox 59 955 152 990; x_wconf 79' lang='lat' dir='ltr'><strong><em>gratiam</em></strong></span> <span class='ocrx_word' id='word_1_258' title='bbox 166 953 347 981; x_wconf 84' lang='lat' dir='ltr'><strong><em>laborantibus</em></strong></span> <span class='ocrx_word' id='word_1_259' title='bbox 362 953 450 985; x_wconf 87' lang='lat' dir='ltr'><strong><em>donet,</em></strong></span> <span class='ocrx_word' id='word_1_260' title='bbox 461 957 484 979; x_wconf 81' lang='lat' dir='ltr'><strong><em>et</em></strong></span> <span class='ocrx_word' id='word_1_261' title='bbox 499 952 616 987; x_wconf 75' lang='lat' dir='ltr'><strong><em>fructum</em></strong></span> <span class='ocrx_word' id='word_1_262' title='bbox 634 952 720 987; x_wconf 86' lang='lat' dir='ltr'><strong><em>operis</em></strong></span> <span class='ocrx_word' id='word_1_263' title='bbox 738 951 819 979; x_wconf 86' lang='lat' dir='ltr'><strong><em>nostri</em></strong></span> <span class='ocrx_word' id='word_1_264' title='bbox 829 951 856 978; x_wconf 90' lang='lat' dir='ltr'><strong><em>in</em></strong></span> <span class='ocrx_word' id='word_1_265' title='bbox 870 951 1016 986; x_wconf 80' lang='lat' dir='ltr'><strong><em>profectum</em></strong></span> <span class='ocrx_word' id='word_1_266' title='bbox 1031 950 1174 986; x_wconf 78' lang='lat' dir='ltr'><strong><em>legentium</em></strong></span> <span class='ocrx_word' id='word_1_267' title='bbox 1188 957 1292 986; x_wconf 89' lang='lat' dir='ltr'><strong><em>promat</em></strong></span> <span class='ocrx_word' id='word_1_268' title='bbox 1307 951 1376 987; x_wconf 70' lang='lat'><strong><em>(49).</em></strong></span> 
     </span>
    </p>
   </div>
   <div class='ocr_carea' id='block_1_19' title="bbox 297 1097 568 1139">
    <p class='ocr_par' dir='ltr' id='par_1_19' title="bbox 297 1097 568 1139">
     <span class='ocr_line' id='line_1_19' title="bbox 297 1097 568 1139; baseline 0 -13"><span class='ocrx_word' id='word_1_269' title='bbox 297 1097 435 1139; x_wconf 63' lang='lat' dir='ltr'><strong>&quot;03&quot;le</strong></span> <span class='ocrx_word' id='word_1_270' title='bbox 450 1097 568 1126; x_wconf 73' lang='lat' dir='ltr'><strong><em>PIIIIIA.</em></strong></span> 
     </span>
    </p>
   </div>
   <div class='ocr_carea' id='block_1_20' title="bbox 90 1143 830 1180">
    <p class='ocr_par' dir='ltr' id='par_1_20' title="bbox 90 1143 830 1180">
     <span class='ocr_line' id='line_1_20' title="bbox 90 1143 830 1180; baseline -0.004 -6"><span class='ocrx_word' id='word_1_271' title='bbox 90 1147 110 1174; x_wconf 88' lang='lat' dir='ltr'><strong><em>I.</em></strong></span> <span class='ocrx_word' id='word_1_272' title='bbox 126 1146 222 1174; x_wconf 78' lang='lat' dir='ltr'><strong><em>Divinis</em></strong></span> <span class='ocrx_word' id='word_1_273' title='bbox 239 1146 361 1172; x_wconf 79' lang='lat' dir='ltr'><strong><em>numeris</em></strong></span> <span class='ocrx_word' id='word_1_274' title='bbox 388 1153 439 1172; x_wconf 89' lang='lat' dir='ltr'><strong><em>non</em></strong></span> <span class='ocrx_word' id='word_1_275' title='bbox 461 1151 556 1172; x_wconf 87' lang='lat' dir='ltr'><strong><em>omnes</em></strong></span> <span class='ocrx_word' id='word_1_276' title='bbox 585 1143 660 1180; x_wconf 78' lang='lat' dir='ltr'><strong><em>digiti</em></strong></span> <span class='ocrx_word' id='word_1_277' title='bbox 682 1149 755 1178; x_wconf 88' lang='lat' dir='ltr'><strong><em>sunt,</em></strong></span> <span class='ocrx_word' id='word_1_278' title='bbox 784 1145 830 1172; x_wconf 88' lang='lat' dir='ltr'><strong><em>scd</em></strong></span> 
     </span>
    </p>
   </div>
   <div class='ocr_carea' id='block_1_21' title="bbox 60 1190 830 1226">
    <p class='ocr_par' dir='ltr' id='par_1_21' title="bbox 60 1190 830 1226">
     <span class='ocr_line' id='line_1_21' title="bbox 60 1190 830 1226; baseline -0.003 -7"><span class='ocrx_word' id='word_1_279' title='bbox 60 1194 128 1220; x_wconf 78' lang='lat' dir='ltr'><strong><em>certis</em></strong></span> <span class='ocrx_word' id='word_1_280' title='bbox 145 1193 293 1226; x_wconf 70' lang='lat' dir='ltr'><strong><em>quibusque</em></strong></span> <span class='ocrx_word' id='word_1_281' title='bbox 321 1190 507 1224; x_wconf 75' lang='lat' dir='ltr'><strong><em>pra-rogativis</em></strong></span> <span class='ocrx_word' id='word_1_282' title='bbox 527 1190 705 1225; x_wconf 75' lang='lat' dir='ltr'><strong><em>designantur</em></strong></span> <span class='ocrx_word' id='word_1_283' title='bbox 728 1190 754 1217; x_wconf 87' lang='grc'><strong><em>111</em></strong></span> <span class='ocrx_word' id='word_1_284' title='bbox 784 1191 830 1225; x_wconf 89' lang='lat' dir='ltr'><strong><em>qui</em></strong></span> 
     </span>
    </p>
   </div>
   <div class='ocr_carea' id='block_1_22' title="bbox 843 1097 1678 1135">
    <p class='ocr_par' dir='ltr' id='par_1_22' title="bbox 843 1097 1678 1135">
     <span class='ocr_line' id='line_1_22' title="bbox 843 1097 1678 1135; baseline 0 -8"><span class='ocrx_word' id='word_1_285' title='bbox 843 1102 867 1131; x_wconf 81' lang='grc' dir='ltr'>Α</span> <span class='ocrx_word' id='word_1_286' title='bbox 883 1099 939 1127; x_wconf 91' lang='lat' dir='ltr'><strong><em>cris</em></strong></span> <span class='ocrx_word' id='word_1_287' title='bbox 955 1099 1138 1126; x_wconf 82' lang='lat' dir='ltr'><strong><em>voluminibus</em></strong></span> <span class='ocrx_word' id='word_1_288' title='bbox 1153 1098 1274 1133; x_wconf 83' lang='lat' dir='ltr'><strong><em>gestiunt</em></strong></span> <span class='ocrx_word' id='word_1_289' title='bbox 1290 1097 1412 1125; x_wconf 80' lang='lat' dir='ltr'><strong><em>erudiri?</em></strong></span> <span class='ocrx_word' id='word_1_290' title='bbox 1434 1098 1503 1131; x_wconf 85' lang='lat' dir='ltr'><strong><em>Quid</em></strong></span> <span class='ocrx_word' id='word_1_291' title='bbox 1521 1099 1594 1127; x_wconf 66' lang='lat' dir='ltr'><strong><em>enim</em></strong></span> <span class='ocrx_word' id='word_1_292' title='bbox 1613 1107 1678 1135; x_wconf 89' lang='lat' dir='ltr'><strong><em>pro-</em></strong></span> 
     </span>
    </p>
   </div>
   <div class='ocr_carea' id='block_1_23' title="bbox 885 1144 1678 1179">
    <p class='ocr_par' dir='ltr' id='par_1_23' title="bbox 885 1144 1678 1179">
     <span class='ocr_line' id='line_1_23' title="bbox 885 1144 1678 1179; baseline 0 -6"><span class='ocrx_word' id='word_1_293' title='bbox 885 1146 946 1174; x_wconf 86' lang='lat' dir='ltr'><strong><em>dest</em></strong></span> <span class='ocrx_word' id='word_1_294' title='bbox 968 1146 1019 1173; x_wconf 86' lang='lat' dir='ltr'><strong><em>ista</em></strong></span> <span class='ocrx_word' id='word_1_295' title='bbox 1042 1144 1188 1172; x_wconf 76' lang='lat' dir='ltr'><strong><em>didicisse?</em></strong></span> <span class='ocrx_word' id='word_1_296' title='bbox 1207 1145 1260 1172; x_wconf 76' lang='lat' dir='ltr'><strong><em>Aut</em></strong></span> <span class='ocrx_word' id='word_1_297' title='bbox 1279 1144 1343 1179; x_wconf 90' lang='lat' dir='ltr'><strong><em>quid</em></strong></span> <span class='ocrx_word' id='word_1_298' title='bbox 1363 1144 1460 1171; x_wconf 74' lang='lat' dir='ltr'><strong><em>anima:</em></strong></span> <span class='ocrx_word' id='word_1_299' title='bbox 1475 1144 1616 1172; x_wconf 74' lang='lat' dir='ltr'><strong><em>confertur</em></strong></span> <span class='ocrx_word' id='word_1_300' title='bbox 1643 1146 1678 1173; x_wconf 86' lang='lat' dir='ltr'><strong><em>ad</em></strong></span> 
     </span>
    </p>
   </div>
   <div class='ocr_carea' id='block_1_24' title="bbox 885 1188 1678 1225">
    <p class='ocr_par' dir='ltr' id='par_1_24' title="bbox 885 1188 1678 1225">
     <span class='ocr_line' id='line_1_24' title="bbox 885 1188 1678 1225; baseline 0.001 -7"><span class='ocrx_word' id='word_1_301' title='bbox 885 1188 1015 1223; x_wconf 60' lang='lat' dir='ltr'><strong><em>salutem,</em></strong></span> <span class='ocrx_word' id='word_1_302' title='bbox 1026 1191 1047 1218; x_wconf 92' lang='lat' dir='ltr'><strong><em>si</em></strong></span> <span class='ocrx_word' id='word_1_303' title='bbox 1063 1191 1131 1218; x_wconf 80' lang='lat' dir='ltr'><strong><em>sciat</em></strong></span> <span class='ocrx_word' id='word_1_304' title='bbox 1144 1191 1215 1225; x_wconf 90' lang='lat' dir='ltr'><strong><em>quod</em></strong></span> <span class='ocrx_word' id='word_1_305' title='bbox 1237 1198 1300 1225; x_wconf 86' lang='lat' dir='ltr'><strong><em>pars</em></strong></span> <span class='ocrx_word' id='word_1_306' title='bbox 1319 1190 1409 1225; x_wconf 76' lang='lat' dir='ltr'><strong><em>aliqua</em></strong></span> <span class='ocrx_word' id='word_1_307' title='bbox 1429 1191 1517 1225; x_wconf 87' lang='lat' dir='ltr'><strong><em>populi</em></strong></span> <span class='ocrx_word' id='word_1_308' title='bbox 1536 1197 1678 1220; x_wconf 81' lang='lat' dir='ltr'><strong><em>numerata</em></strong></span> 
     </span>
    </p>
   </div>
   <div class='ocr_carea' id='block_1_25' title="bbox 62 1229 832 1270">
    <p class='ocr_par' dir='ltr' id='par_1_25' title="bbox 62 1229 832 1270">
     <span class='ocr_line' id='line_1_25' title="bbox 62 1229 832 1270; baseline -0.001 -5"><span class='ocrx_word' id='word_1_309' title='bbox 62 1240 117 1265; x_wconf 80' lang='lat' dir='ltr'><strong><em>intra</em></strong></span> <span class='ocrx_word' id='word_1_310' title='bbox 130 1245 264 1265; x_wconf 87' lang='lat' dir='ltr'><strong><em>numerum</em></strong></span> <span class='ocrx_word' id='word_1_311' title='bbox 279 1237 325 1264; x_wconf 89' lang='lat' dir='ltr'><strong><em>Dei</em></strong></span> <span class='ocrx_word' id='word_1_312' title='bbox 343 1237 455 1263; x_wconf 74' lang='lat' dir='ltr'><strong><em>debeant</em></strong></span> <span class='ocrx_word' id='word_1_313' title='bbox 469 1229 674 1270; x_wconf 75' lang='lat' dir='ltr'><strong><em>comprehendi.</em></strong></span> <span class='ocrx_word' id='word_1_314' title='bbox 687 1236 772 1270; x_wconf 87' lang='lat' dir='ltr'><strong><em>IIujus</em></strong></span> <span class='ocrx_word' id='word_1_315' title='bbox 784 1245 832 1264; x_wconf 84' lang='lat' dir='ltr'><strong><em>au-</em></strong></span> 
     </span>
    </p>
   </div>
   <div class='ocr_carea' id='block_1_26' title="bbox 62 1282 832 1317">
    <p class='ocr_par' dir='ltr' id='par_1_26' title="bbox 62 1282 832 1317">
     <span class='ocr_line' id='line_1_26' title="bbox 62 1282 832 1317; baseline 0.001 -8"><span class='ocrx_word' id='word_1_316' title='bbox 62 1288 103 1310; x_wconf 81' lang='lat' dir='ltr'><strong><em>tem</em></strong></span> <span class='ocrx_word' id='word_1_317' title='bbox 115 1284 147 1310; x_wconf 88' lang='lat' dir='ltr'><strong><em>rei</em></strong></span> <span class='ocrx_word' id='word_1_318' title='bbox 164 1284 271 1310; x_wconf 69' lang='lat' dir='ltr'><strong><em>evidens</em></strong></span> <span class='ocrx_word' id='word_1_319' title='bbox 284 1283 410 1309; x_wconf 88' lang='lat' dir='ltr'><strong><em>iudicium</em></strong></span> <span class='ocrx_word' id='word_1_320' title='bbox 423 1283 545 1309; x_wconf 76' lang='lat' dir='ltr'><strong><em>continet.</em></strong></span> <span class='ocrx_word' id='word_1_321' title='bbox 558 1282 627 1309; x_wconf 88' lang='lat' dir='ltr'><strong><em>liber</em></strong></span> <span class='ocrx_word' id='word_1_322' title='bbox 636 1283 691 1315; x_wconf 88' lang='lat' dir='ltr'><strong><em>hic,</em></strong></span> <span class='ocrx_word' id='word_1_323' title='bbox 703 1284 748 1317; x_wconf 91' lang='lat' dir='ltr'><strong><em>qui</em></strong></span> <span class='ocrx_word' id='word_1_324' title='bbox 764 1283 832 1310; x_wconf 82' lang='lat' dir='ltr'><strong><em>scri-</em></strong></span> 
     </span>
    </p>
   </div>
   <div class='ocr_carea' id='block_1_27' title="bbox 62 1325 829 1364">
    <p class='ocr_par' dir='ltr' id='par_1_27' title="bbox 62 1325 829 1364">
     <span class='ocr_line' id='line_1_27' title="bbox 62 1325 829 1364; baseline -0.001 -10"><span class='ocrx_word' id='word_1_325' title='bbox 62 1329 119 1356; x_wconf 84' lang='grc'><strong>1111111</strong></span> <span class='ocrx_word' id='word_1_326' title='bbox 143 1328 195 1364; x_wconf 84' lang='grc'><strong><em>(50)</em></strong></span> <span class='ocrx_word' id='word_1_327' title='bbox 217 1328 407 1355; x_wconf 74' lang='lat' dir='ltr'><strong><em>Numerorum.</em></strong></span> <span class='ocrx_word' id='word_1_328' title='bbox 434 1325 461 1352; x_wconf 91' lang='lat' dir='ltr'><strong><em>lu</em></strong></span> <span class='ocrx_word' id='word_1_329' title='bbox 479 1333 534 1360; x_wconf 89' lang='lat' dir='ltr'><strong><em>quo</em></strong></span> <span class='ocrx_word' id='word_1_330' title='bbox 561 1325 679 1352; x_wconf 76' lang='lat' dir='ltr'><strong><em>refertur</em></strong></span> <span class='ocrx_word' id='word_1_331' title='bbox 704 1326 774 1360; x_wconf 90' lang='lat' dir='ltr'><strong><em>quod</em></strong></span> <span class='ocrx_word' id='word_1_332' title='bbox 796 1333 829 1353; x_wconf 81' lang='lat' dir='ltr'><strong><em>ex</em></strong></span> 
     </span>
    </p>
   </div>
   <div class='ocr_carea' id='block_1_28' title="bbox 61 1371 831 1409">
    <p class='ocr_par' dir='ltr' id='par_1_28' title="bbox 61 1371 831 1409">
     <span class='ocr_line' id='line_1_28' title="bbox 61 1371 831 1409; baseline -0.004 -8"><span class='ocrx_word' id='word_1_333' title='bbox 61 1381 175 1409; x_wconf 69' lang='lat' dir='ltr'><strong><em>precepto</em></strong></span> <span class='ocrx_word' id='word_1_334' title='bbox 191 1374 236 1402; x_wconf 87' lang='lat' dir='ltr'><strong><em>Dei</em></strong></span> <span class='ocrx_word' id='word_1_335' title='bbox 250 1380 340 1407; x_wconf 83' lang='lat' dir='ltr'><strong><em>neque</em></strong></span> <span class='ocrx_word' id='word_1_336' title='bbox 355 1371 481 1398; x_wconf 81' lang='lat' dir='ltr'><strong><em>mulieres</em></strong></span> <span class='ocrx_word' id='word_1_337' title='bbox 501 1371 670 1398; x_wconf 85' lang='lat' dir='ltr'><strong><em>deducantur</em></strong></span> <span class='ocrx_word' id='word_1_338' title='bbox 683 1371 717 1398; x_wconf 85' lang='lat' dir='ltr'><strong><em>ad</em></strong></span> <span class='ocrx_word' id='word_1_339' title='bbox 738 1379 831 1399; x_wconf 91' lang='lat' dir='ltr'><strong><em>nume-</em></strong></span> 
     </span>
    </p>
   </div>
   <div class='ocr_carea' id='block_1_29' title="bbox 62 1417 831 1455">
    <p class='ocr_par' dir='ltr' id='par_1_29' title="bbox 62 1417 831 1455">
     <span class='ocr_line' id='line_1_29' title="bbox 62 1417 831 1455; baseline -0.004 -7"><span class='ocrx_word' id='word_1_340' title='bbox 62 1429 117 1455; x_wconf 86' lang='lat' dir='ltr'><strong><em>rum,</em></strong></span> <span class='ocrx_word' id='word_1_341' title='bbox 129 1422 244 1449; x_wconf 70' lang='lat' dir='ltr'><strong><em>Ieminem</em></strong></span> <span class='ocrx_word' id='word_1_342' title='bbox 256 1422 316 1449; x_wconf 85' lang='lat' dir='ltr'><strong><em>sine</em></strong></span> <span class='ocrx_word' id='word_1_343' title='bbox 336 1419 418 1447; x_wconf 89' lang='lat' dir='ltr'><strong><em>dubio</em></strong></span> <span class='ocrx_word' id='word_1_344' title='bbox 433 1418 600 1445; x_wconf 82' lang='lat' dir='ltr'><strong><em>inﬁrmitatis</em></strong></span> <span class='ocrx_word' id='word_1_345' title='bbox 617 1417 768 1451; x_wconf 86' lang='lat' dir='ltr'><strong><em>obstaculo,</em></strong></span> <span class='ocrx_word' id='word_1_346' title='bbox 784 1425 831 1445; x_wconf 74' lang='lat' dir='ltr'><strong><em>ne-</em></strong></span> 
     </span>
    </p>
   </div>
   <div class='ocr_carea' id='block_1_30' title="bbox 60 1464 832 1502">
    <p class='ocr_par' dir='ltr' id='par_1_30' title="bbox 60 1464 832 1502">
     <span class='ocr_line' id='line_1_30' title="bbox 60 1464 832 1502; baseline -0.004 -8"><span class='ocrx_word' id='word_1_347' title='bbox 60 1475 102 1501; x_wconf 83' lang='lat' dir='ltr'><strong><em>que</em></strong></span> <span class='ocrx_word' id='word_1_348' title='bbox 124 1476 256 1496; x_wconf 86' lang='lat' dir='ltr'><strong><em>servorum</em></strong></span> <span class='ocrx_word' id='word_1_349' title='bbox 278 1467 432 1502; x_wconf 77' lang='lat' dir='ltr'><strong><em>quisquam,</em></strong></span> <span class='ocrx_word' id='word_1_350' title='bbox 457 1469 549 1499; x_wconf 88' lang='lat' dir='ltr'><strong><em>utpote</em></strong></span> <span class='ocrx_word' id='word_1_351' title='bbox 574 1464 626 1491; x_wconf 83' lang='lat' dir='ltr'><strong><em>vita</em></strong></span> <span class='ocrx_word' id='word_1_352' title='bbox 657 1465 832 1499; x_wconf 84' lang='lat' dir='ltr'><strong><em>moribusque</em></strong></span> 
     </span>
    </p>
   </div>
   <div class='ocr_carea' id='block_1_31' title="bbox 61 1511 831 1550">
    <p class='ocr_par' dir='ltr' id='par_1_31' title="bbox 61 1511 831 1550">
     <span class='ocr_line' id='line_1_31' title="bbox 61 1511 831 1550; baseline -0.003 -10"><span class='ocrx_word' id='word_1_353' title='bbox 61 1513 197 1550; x_wconf 67' lang='lat' dir='ltr'><strong><em>degeneres.</em></strong></span> <span class='ocrx_word' id='word_1_354' title='bbox 210 1514 262 1542; x_wconf 87' lang='lat' dir='ltr'><strong><em>Sed</em></strong></span> <span class='ocrx_word' id='word_1_355' title='bbox 275 1521 310 1540; x_wconf 86' lang='lat' dir='ltr'><strong><em>ue</em></strong></span> <span class='ocrx_word' id='word_1_356' title='bbox 322 1512 512 1548; x_wconf 60' lang='lat' dir='ltr'><strong><em>Egyptiorum</em></strong></span> <span class='ocrx_word' id='word_1_357' title='bbox 529 1512 638 1546; x_wconf 74' lang='lat' dir='ltr'><strong><em>quidem</em></strong></span> <span class='ocrx_word' id='word_1_358' title='bbox 658 1511 729 1539; x_wconf 87' lang='lat' dir='ltr'><strong><em>ullus</em></strong></span> <span class='ocrx_word' id='word_1_359' title='bbox 743 1519 777 1539; x_wconf 86' lang='lat' dir='ltr'><strong><em>ex</em></strong></span> <span class='ocrx_word' id='word_1_360' title='bbox 798 1511 831 1539; x_wconf 82' lang='lat' dir='ltr'><strong><em>iis</em></strong></span> 
     </span>
    </p>
   </div>
   <div class='ocr_carea' id='block_1_32' title="bbox 60 1557 829 1594">
    <p class='ocr_par' dir='ltr' id='par_1_32' title="bbox 60 1557 829 1594">
     <span class='ocr_line' id='line_1_32' title="bbox 60 1557 829 1594; baseline -0.004 -7"><span class='ocrx_word' id='word_1_361' title='bbox 60 1560 96 1594; x_wconf 87' lang='lat' dir='ltr'><strong><em>qui</em></strong></span> <span class='ocrx_word' id='word_1_362' title='bbox 108 1565 177 1587; x_wconf 84' lang='lat' dir='ltr'><strong><em>erant</em></strong></span> <span class='ocrx_word' id='word_1_363' title='bbox 188 1560 296 1588; x_wconf 86' lang='lat' dir='ltr'><strong><em>admisti</em></strong></span> <span class='ocrx_word' id='word_1_364' title='bbox 309 1562 476 1590; x_wconf 90' lang='lat' dir='ltr'><strong><em>numeratur,</em></strong></span> <span class='ocrx_word' id='word_1_365' title='bbox 489 1558 609 1591; x_wconf 80' lang='lat' dir='ltr'><strong><em>profecto</em></strong></span> <span class='ocrx_word' id='word_1_366' title='bbox 618 1562 646 1585; x_wconf 89' lang='lat' dir='ltr'><strong><em>ut</em></strong></span> <span class='ocrx_word' id='word_1_367' title='bbox 659 1557 829 1593; x_wconf 67' lang='lat' dir='ltr'><strong><em>alienigena),</em></strong></span> 
     </span>
    </p>
   </div>
   <div class='ocr_carea' id='block_1_33' title="bbox 60 1603 829 1639">
    <p class='ocr_par' dir='ltr' id='par_1_33' title="bbox 60 1603 829 1639">
     <span class='ocr_line' id='line_1_33' title="bbox 60 1603 829 1639; baseline -0.001 -8"><span class='ocrx_word' id='word_1_368' title='bbox 60 1610 82 1632; x_wconf 84' lang='lat' dir='ltr'><strong><em>et</em></strong></span> <span class='ocrx_word' id='word_1_369' title='bbox 92 1605 206 1639; x_wconf 81' lang='lat' dir='ltr'><strong><em>barbari;</em></strong></span> <span class='ocrx_word' id='word_1_370' title='bbox 229 1606 276 1632; x_wconf 87' lang='lat' dir='ltr'><strong><em>sed</em></strong></span> <span class='ocrx_word' id='word_1_371' title='bbox 301 1605 350 1632; x_wconf 90' lang='lat' dir='ltr'><strong><em>soli</em></strong></span> <span class='ocrx_word' id='word_1_372' title='bbox 371 1609 550 1631; x_wconf 86' lang='lat' dir='ltr'><strong><em>numerantur</em></strong></span> <span class='ocrx_word' id='word_1_373' title='bbox 573 1603 710 1634; x_wconf 69' lang='lat' dir='ltr'><strong><em>lsraelitm,</em></strong></span> <span class='ocrx_word' id='word_1_374' title='bbox 736 1608 763 1630; x_wconf 84' lang='lat' dir='ltr'><strong><em>et</em></strong></span> <span class='ocrx_word' id='word_1_375' title='bbox 785 1603 829 1630; x_wconf 88' lang='lat' dir='ltr'><strong><em>isti</em></strong></span> 
     </span>
    </p>
   </div>
   <div class='ocr_carea' id='block_1_34' title="bbox 61 1649 829 1685">
    <p class='ocr_par' dir='ltr' id='par_1_34' title="bbox 61 1649 829 1685">
     <span class='ocr_line' id='line_1_34' title="bbox 61 1649 829 1685; baseline -0.001 -6"><span class='ocrx_word' id='word_1_376' title='bbox 61 1659 103 1679; x_wconf 86' lang='lat' dir='ltr'><strong><em>non</em></strong></span> <span class='ocrx_word' id='word_1_377' title='bbox 113 1660 210 1684; x_wconf 83' lang='lat' dir='ltr'><strong><em>omnes,</em></strong></span> <span class='ocrx_word' id='word_1_378' title='bbox 225 1653 272 1679; x_wconf 90' lang='lat' dir='ltr'><strong><em>sed</em></strong></span> <span class='ocrx_word' id='word_1_379' title='bbox 290 1660 303 1677; x_wconf 84' lang='grc'><strong><em>11</em></strong></span> <span class='ocrx_word' id='word_1_380' title='bbox 323 1651 416 1685; x_wconf 80' lang='lat' dir='ltr'><strong><em>viginti</em></strong></span> <span class='ocrx_word' id='word_1_381' title='bbox 432 1651 522 1681; x_wconf 86' lang='lat' dir='ltr'><strong><em>annis,</em></strong></span> <span class='ocrx_word' id='word_1_382' title='bbox 543 1654 568 1676; x_wconf 89' lang='lat' dir='ltr'><strong><em>et</em></strong></span> <span class='ocrx_word' id='word_1_383' title='bbox 591 1657 683 1684; x_wconf 86' lang='lat' dir='ltr'><strong><em>supra.</em></strong></span> <span class='ocrx_word' id='word_1_384' title='bbox 698 1649 754 1677; x_wconf 89' lang='lat' dir='ltr'><strong><em>Nec</em></strong></span> <span class='ocrx_word' id='word_1_385' title='bbox 773 1651 829 1678; x_wconf 87' lang='lat' dir='ltr'><strong><em>sola</em></strong></span> 
     </span>
    </p>
   </div>
   <div class='ocr_carea' id='block_1_35' title="bbox 61 1696 829 1732">
    <p class='ocr_par' dir='ltr' id='par_1_35' title="bbox 61 1696 829 1732">
     <span class='ocr_line' id='line_1_35' title="bbox 61 1696 829 1732; baseline 0.001 -9"><span class='ocrx_word' id='word_1_386' title='bbox 61 1698 131 1724; x_wconf 67' lang='lat' dir='ltr'><strong><em>aetatis</em></strong></span> <span class='ocrx_word' id='word_1_387' title='bbox 143 1698 255 1725; x_wconf 82' lang='lat' dir='ltr'><strong><em>habetur</em></strong></span> <span class='ocrx_word' id='word_1_388' title='bbox 269 1697 437 1728; x_wconf 72' lang='lat' dir='ltr'><strong><em>observatio,</em></strong></span> <span class='ocrx_word' id='word_1_389' title='bbox 451 1696 498 1723; x_wconf 84' lang='lat' dir='ltr'><strong><em>sed</em></strong></span> <span class='ocrx_word' id='word_1_390' title='bbox 515 1696 648 1729; x_wconf 76' lang='lat' dir='ltr'><strong><em>quaeritur</em></strong></span> <span class='ocrx_word' id='word_1_391' title='bbox 659 1696 682 1723; x_wconf 84' lang='lat' dir='ltr'><strong><em>si</em></strong></span> <span class='ocrx_word' id='word_1_392' title='bbox 697 1701 724 1723; x_wconf 87' lang='lat' dir='ltr'><strong><em>et</em></strong></span> <span class='ocrx_word' id='word_1_393' title='bbox 737 1701 829 1732; x_wconf 84' lang='lat' dir='ltr'><strong><em>aptum</em></strong></span> 
     </span>
    </p>
   </div>
   <div class='ocr_carea' id='block_1_36' title="bbox 61 1741 829 1777">
    <p class='ocr_par' dir='ltr' id='par_1_36' title="bbox 61 1741 829 1777">
     <span class='ocr_line' id='line_1_36' title="bbox 61 1741 829 1777; baseline 0 -8"><span class='ocrx_word' id='word_1_394' title='bbox 61 1743 123 1772; x_wconf 81' lang='lat' dir='ltr'><strong><em>bellis</em></strong></span> <span class='ocrx_word' id='word_1_395' title='bbox 136 1744 214 1772; x_wconf 90' lang='lat' dir='ltr'><strong><em>robur</em></strong></span> <span class='ocrx_word' id='word_1_396' title='bbox 231 1744 376 1771; x_wconf 84' lang='lat' dir='ltr'><strong><em>ostendat:</em></strong></span> <span class='ocrx_word' id='word_1_397' title='bbox 393 1743 549 1777; x_wconf 76' lang='lat' dir='ltr'><strong><em>designatur</em></strong></span> <span class='ocrx_word' id='word_1_398' title='bbox 565 1741 637 1768; x_wconf 83' lang='lat' dir='ltr'><strong><em>enim</em></strong></span> <span class='ocrx_word' id='word_1_399' title='bbox 651 1749 700 1776; x_wconf 89' lang='lat' dir='ltr'><strong><em>per</em></strong></span> <span class='ocrx_word' id='word_1_400' title='bbox 718 1742 829 1770; x_wconf 85' lang='lat' dir='ltr'><strong><em>verbum</em></strong></span> 
     </span>
    </p>
   </div>
   <div class='ocr_carea' id='block_1_37' title="bbox 883 1235 1678 1269">
    <p class='ocr_par' dir='ltr' id='par_1_37' title="bbox 883 1235 1678 1269">
     <span class='ocr_line' id='line_1_37' title="bbox 883 1235 1678 1269; baseline 0.001 -6"><span class='ocrx_word' id='word_1_401' title='bbox 883 1237 961 1264; x_wconf 86' lang='lat' dir='ltr'><strong><em>estin</em></strong></span> <span class='ocrx_word' id='word_1_402' title='bbox 981 1237 1099 1265; x_wconf 79' lang='lat' dir='ltr'><strong><em>deserto.</em></strong></span> <span class='ocrx_word' id='word_1_403' title='bbox 1118 1243 1182 1269; x_wconf 85' lang='lat' dir='ltr'><strong><em>pars</em></strong></span> <span class='ocrx_word' id='word_1_404' title='bbox 1196 1243 1261 1262; x_wconf 89' lang='lat' dir='ltr'><strong><em>vero</em></strong></span> <span class='ocrx_word' id='word_1_405' title='bbox 1279 1235 1450 1262; x_wconf 83' lang='lat' dir='ltr'><strong><em>innumeram</em></strong></span> <span class='ocrx_word' id='word_1_406' title='bbox 1468 1236 1598 1263; x_wconf 70' lang='lat' dir='ltr'><strong><em>derelicta</em></strong></span> <span class='ocrx_word' id='word_1_407' title='bbox 1614 1237 1678 1264; x_wconf 73' lang='lat' dir='ltr'><strong><em>est?</em></strong></span> 
     </span>
    </p>
   </div>
   <div class='ocr_carea' id='block_1_38' title="bbox 883 1280 1678 1316">
    <p class='ocr_par' dir='ltr' id='par_1_38' title="bbox 883 1280 1678 1316">
     <span class='ocr_line' id='line_1_38' title="bbox 883 1280 1678 1316; baseline 0.001 -7"><span class='ocrx_word' id='word_1_408' title='bbox 883 1281 911 1309; x_wconf 86' lang='lat' dir='ltr'><strong><em>Si</em></strong></span> <span class='ocrx_word' id='word_1_409' title='bbox 929 1289 993 1308; x_wconf 81' lang='lat' dir='ltr'><strong><em>vero</em></strong></span> <span class='ocrx_word' id='word_1_410' title='bbox 1012 1284 1156 1315; x_wconf 75' lang='lat' dir='ltr'><strong><em>sequentes</em></strong></span> <span class='ocrx_word' id='word_1_411' title='bbox 1175 1280 1250 1307; x_wconf 81' lang='lat' dir='ltr'><strong><em>Pauli</em></strong></span> <span class='ocrx_word' id='word_1_412' title='bbox 1274 1280 1437 1307; x_wconf 82' lang='lat' dir='ltr'><strong><em>sententiam</em></strong></span> <span class='ocrx_word' id='word_1_413' title='bbox 1460 1281 1548 1315; x_wconf 82' lang='lat' dir='ltr'><strong><em>legem</em></strong></span> <span class='ocrx_word' id='word_1_414' title='bbox 1566 1283 1678 1316; x_wconf 77' lang='lat' dir='ltr'><strong><em>spirita-</em></strong></span> 
     </span>
    </p>
   </div>
   <div class='ocr_carea' id='block_1_39' title="bbox 882 1326 1678 1361">
    <p class='ocr_par' dir='ltr' id='par_1_39' title="bbox 882 1326 1678 1361">
     <span class='ocr_line' id='line_1_39' title="bbox 882 1326 1678 1361; baseline 0.003 -7"><span class='ocrx_word' id='word_1_415' title='bbox 882 1327 934 1355; x_wconf 84' lang='lat' dir='ltr'><strong><em>lem</em></strong></span> <span class='ocrx_word' id='word_1_416' title='bbox 948 1335 1008 1356; x_wconf 84' lang='lat' dir='ltr'><strong><em>esse</em></strong></span> <span class='ocrx_word' id='word_1_417' title='bbox 1025 1328 1179 1358; x_wconf 85' lang='lat' dir='ltr'><strong><em>credamus,</em></strong></span> <span class='ocrx_word' id='word_1_418' title='bbox 1192 1331 1218 1354; x_wconf 82' lang='lat' dir='ltr'><strong><em>et</em></strong></span> <span class='ocrx_word' id='word_1_419' title='bbox 1233 1326 1391 1361; x_wconf 82' lang='lat' dir='ltr'><strong><em>spiritaliter</em></strong></span> <span class='ocrx_word' id='word_1_420' title='bbox 1411 1335 1471 1361; x_wconf 76' lang='lat' dir='ltr'><strong><em>qua:</em></strong></span> <span class='ocrx_word' id='word_1_421' title='bbox 1489 1329 1614 1356; x_wconf 85' lang='lat' dir='ltr'><strong><em>continet</em></strong></span> <span class='ocrx_word' id='word_1_422' title='bbox 1629 1338 1678 1356; x_wconf 86' lang='lat' dir='ltr'><strong><em>att-</em></strong></span> 
     </span>
    </p>
   </div>
   <div class='ocr_carea' id='block_1_40' title="bbox 883 1373 1675 1410">
    <p class='ocr_par' dir='ltr' id='par_1_40' title="bbox 883 1373 1675 1410">
     <span class='ocr_line' id='line_1_40' title="bbox 883 1373 1675 1410; baseline 0.001 -8"><span class='ocrx_word' id='word_1_423' title='bbox 883 1374 998 1407; x_wconf 84' lang='lat' dir='ltr'><strong><em>diamus,</em></strong></span> <span class='ocrx_word' id='word_1_424' title='bbox 1016 1375 1112 1408; x_wconf 77' lang='lat' dir='ltr'><strong><em>ingens</em></strong></span> <span class='ocrx_word' id='word_1_425' title='bbox 1131 1373 1269 1408; x_wconf 83' lang='lat' dir='ltr'><strong><em>profectus</em></strong></span> <span class='ocrx_word' id='word_1_426' title='bbox 1282 1373 1380 1400; x_wconf 74' lang='lat' dir='ltr'><strong><em>auium:</em></strong></span> <span class='ocrx_word' id='word_1_427' title='bbox 1401 1374 1426 1400; x_wconf 92' lang='lat' dir='ltr'><strong><em>iu</em></strong></span> <span class='ocrx_word' id='word_1_428' title='bbox 1443 1374 1476 1401; x_wconf 89' lang='lat' dir='ltr'><strong><em>iis</em></strong></span> <span class='ocrx_word' id='word_1_429' title='bbox 1495 1382 1555 1409; x_wconf 79' lang='lat' dir='ltr'><strong><em>qua:</em></strong></span> <span class='ocrx_word' id='word_1_430' title='bbox 1571 1377 1675 1410; x_wconf 69' lang='lat' dir='ltr'><strong><em>scripta</em></strong></span> 
     </span>
    </p>
   </div>
   <div class='ocr_carea' id='block_1_41' title="bbox 882 1419 1677 1456">
    <p class='ocr_par' dir='ltr' id='par_1_41' title="bbox 882 1419 1677 1456">
     <span class='ocr_line' id='line_1_41' title="bbox 882 1419 1677 1456; baseline 0.003 -8"><span class='ocrx_word' id='word_1_431' title='bbox 882 1424 947 1448; x_wconf 86' lang='lat' dir='ltr'><strong><em>sunt</em></strong></span> <span class='ocrx_word' id='word_1_432' title='bbox 962 1420 1113 1455; x_wconf 78' lang='lat' dir='ltr'><strong><em>apparebit.</em></strong></span> <span class='ocrx_word' id='word_1_433' title='bbox 1128 1419 1210 1446; x_wconf 87' lang='lat' dir='ltr'><strong><em>Docet</em></strong></span> <span class='ocrx_word' id='word_1_434' title='bbox 1225 1419 1298 1446; x_wconf 83' lang='lat' dir='ltr'><strong><em>enim</em></strong></span> <span class='ocrx_word' id='word_1_435' title='bbox 1312 1426 1354 1445; x_wconf 90' lang='lat' dir='ltr'><strong><em>me</em></strong></span> <span class='ocrx_word' id='word_1_436' title='bbox 1366 1427 1485 1453; x_wconf 79' lang='lat' dir='ltr'><strong><em>praesens</em></strong></span> <span class='ocrx_word' id='word_1_437' title='bbox 1499 1420 1588 1453; x_wconf 78' lang='lat' dir='ltr'><strong><em>lectio,</em></strong></span> <span class='ocrx_word' id='word_1_438' title='bbox 1606 1426 1677 1456; x_wconf 85' lang='lat' dir='ltr'><strong><em>qmnt</em></strong></span> 
     </span>
    </p>
   </div>
   <div class='ocr_carea' id='block_1_42' title="bbox 883 1464 1676 1500">
    <p class='ocr_par' dir='ltr' id='par_1_42' title="bbox 883 1464 1676 1500">
     <span class='ocr_line' id='line_1_42' title="bbox 883 1464 1676 1500; baseline 0.003 -7"><span class='ocrx_word' id='word_1_439' title='bbox 883 1465 905 1493; x_wconf 86' lang='lat' dir='ltr'><strong><em>si</em></strong></span> <span class='ocrx_word' id='word_1_440' title='bbox 926 1465 1123 1493; x_wconf 88' lang='lat' dir='ltr'><strong><em>lranscendero</em></strong></span> <span class='ocrx_word' id='word_1_441' title='bbox 1138 1464 1251 1498; x_wconf 83' lang='lat' dir='ltr'><strong><em>puerilis</em></strong></span> <span class='ocrx_word' id='word_1_442' title='bbox 1262 1464 1351 1491; x_wconf 78' lang='lat' dir='ltr'><strong><em>:etatis</em></strong></span> <span class='ocrx_word' id='word_1_443' title='bbox 1367 1465 1564 1500; x_wconf 82' lang='lat' dir='ltr'><strong><em>insipientiam,</em></strong></span> <span class='ocrx_word' id='word_1_444' title='bbox 1583 1468 1605 1494; x_wconf 90' lang='lat' dir='ltr'><strong><em>si</em></strong></span> <span class='ocrx_word' id='word_1_445' title='bbox 1628 1469 1676 1495; x_wconf 81' lang='lat' dir='ltr'><strong><em>de-</em></strong></span> 
     </span>
    </p>
   </div>
   <div class='ocr_carea' id='block_1_43' title="bbox 882 1511 1677 1550">
    <p class='ocr_par' dir='ltr' id='par_1_43' title="bbox 882 1511 1677 1550">
     <span class='ocr_line' id='line_1_43' title="bbox 882 1511 1677 1550; baseline 0.001 -10"><span class='ocrx_word' id='word_1_446' title='bbox 882 1512 955 1540; x_wconf 78' lang='lat' dir='ltr'><strong><em>siero</em></strong></span> <span class='ocrx_word' id='word_1_447' title='bbox 977 1511 1106 1548; x_wconf 84' lang='lat' dir='ltr'><strong><em>parvulus</em></strong></span> <span class='ocrx_word' id='word_1_448' title='bbox 1123 1519 1183 1538; x_wconf 84' lang='lat' dir='ltr'><strong><em>esse</em></strong></span> <span class='ocrx_word' id='word_1_449' title='bbox 1201 1511 1337 1543; x_wconf 75' lang='lat' dir='ltr'><strong><em>sensibus,</em></strong></span> <span class='ocrx_word' id='word_1_450' title='bbox 1353 1515 1377 1538; x_wconf 87' lang='lat' dir='ltr'><strong><em>et</em></strong></span> <span class='ocrx_word' id='word_1_451' title='bbox 1396 1512 1437 1538; x_wconf 87' lang='lat' dir='ltr'><strong><em>vir</em></strong></span> <span class='ocrx_word' id='word_1_452' title='bbox 1454 1512 1567 1541; x_wconf 78' lang='lat' dir='ltr'><strong><em>elI‘cctus</em></strong></span> <span class='ocrx_word' id='word_1_453' title='bbox 1591 1515 1677 1550; x_wconf 68' lang='lat' dir='ltr'><strong><em>dupo—</em></strong></span> 
     </span>
    </p>
   </div>
   <div class='ocr_carea' id='block_1_44' title="bbox 883 1557 1679 1593">
    <p class='ocr_par' dir='ltr' id='par_1_44' title="bbox 883 1557 1679 1593">
     <span class='ocr_line' id='line_1_44' title="bbox 883 1557 1679 1593; baseline 0.004 -9"><span class='ocrx_word' id='word_1_454' title='bbox 883 1565 965 1586; x_wconf 88' lang='lat' dir='ltr'><strong><em>suero</em></strong></span> <span class='ocrx_word' id='word_1_455' title='bbox 981 1566 1041 1593; x_wconf 75' lang='lat' dir='ltr'><strong><em>qua:</em></strong></span> <span class='ocrx_word' id='word_1_456' title='bbox 1058 1562 1119 1585; x_wconf 89' lang='lat' dir='ltr'><strong><em>sunt</em></strong></span> <span class='ocrx_word' id='word_1_457' title='bbox 1135 1557 1254 1592; x_wconf 84' lang='lat' dir='ltr'><strong><em>parvuli,</em></strong></span> <span class='ocrx_word' id='word_1_458' title='bbox 1270 1557 1305 1588; x_wconf 86' lang='lat' dir='ltr'><strong><em>si,</em></strong></span> <span class='ocrx_word' id='word_1_459' title='bbox 1328 1557 1451 1591; x_wconf 87' lang='lat' dir='ltr'><strong><em>inquam,</em></strong></span> <span class='ocrx_word' id='word_1_460' title='bbox 1472 1557 1585 1586; x_wconf 76' lang='lat' dir='ltr'><strong><em>ell‘cctus</em></strong></span> <span class='ocrx_word' id='word_1_461' title='bbox 1601 1559 1679 1589; x_wconf 74' lang='lat' dir='ltr'><strong><em>luem</em></strong></span> 
     </span>
    </p>
   </div>
   <div class='ocr_carea' id='block_1_45' title="bbox 879 1603 1675 1641">
    <p class='ocr_par' dir='ltr' id='par_1_45' title="bbox 879 1603 1675 1641">
     <span class='ocr_line' id='line_1_45' title="bbox 879 1603 1675 1641; baseline 0.004 -11"><span class='ocrx_word' id='word_1_462' title='bbox 879 1605 999 1640; x_wconf 76' lang='lat' dir='ltr'><strong><em>juvenis,</em></strong></span> <span class='ocrx_word' id='word_1_463' title='bbox 1033 1609 1060 1632; x_wconf 88' lang='lat' dir='ltr'><strong><em>et</em></strong></span> <span class='ocrx_word' id='word_1_464' title='bbox 1088 1603 1148 1630; x_wconf 82' lang='lat' dir='ltr'><strong><em>talis</em></strong></span> <span class='ocrx_word' id='word_1_465' title='bbox 1171 1604 1290 1638; x_wconf 82' lang='lat' dir='ltr'><strong><em>juvenis,</em></strong></span> <span class='ocrx_word' id='word_1_466' title='bbox 1313 1604 1359 1637; x_wconf 88' lang='lat' dir='ltr'><strong><em>qui</em></strong></span> <span class='ocrx_word' id='word_1_467' title='bbox 1381 1604 1485 1630; x_wconf 76' lang='lat' dir='ltr'><strong><em>vincam</em></strong></span> <span class='ocrx_word' id='word_1_468' title='bbox 1517 1605 1675 1641; x_wconf 78' lang='lat' dir='ltr'><strong><em>malignum,</em></strong></span> 
     </span>
    </p>
   </div>
   <div class='ocr_carea' id='block_1_46' title="bbox 883 1649 1677 1685">
    <p class='ocr_par' dir='ltr' id='par_1_46' title="bbox 883 1649 1677 1685">
     <span class='ocr_line' id='line_1_46' title="bbox 883 1649 1677 1685; baseline 0.001 -8"><span class='ocrx_word' id='word_1_469' title='bbox 883 1654 961 1685; x_wconf 86' lang='lat' dir='ltr'><strong><em>aptus</em></strong></span> <span class='ocrx_word' id='word_1_470' title='bbox 974 1649 1086 1676; x_wconf 85' lang='lat' dir='ltr'><strong><em>videbor</em></strong></span> <span class='ocrx_word' id='word_1_471' title='bbox 1110 1649 1153 1680; x_wconf 89' lang='lat' dir='ltr'><strong><em>iis,</em></strong></span> <span class='ocrx_word' id='word_1_472' title='bbox 1177 1649 1209 1675; x_wconf 83' lang='lat' dir='ltr'><strong><em>de</em></strong></span> <span class='ocrx_word' id='word_1_473' title='bbox 1225 1649 1323 1682; x_wconf 89' lang='lat' dir='ltr'><strong><em>quibus</em></strong></span> <span class='ocrx_word' id='word_1_474' title='bbox 1335 1649 1465 1683; x_wconf 85' lang='lat' dir='ltr'><strong><em>scriptum</em></strong></span> <span class='ocrx_word' id='word_1_475' title='bbox 1482 1654 1523 1677; x_wconf 80' lang='lat' dir='ltr'><strong><em>est</em></strong></span> <span class='ocrx_word' id='word_1_476' title='bbox 1540 1650 1572 1682; x_wconf 74' lang='lat'><strong><em>“,</em></strong></span> <span class='ocrx_word' id='word_1_477' title='bbox 1590 1661 1599 1676; x_wconf 89' lang='grc'><strong><em>1</em></strong></span> <span class='ocrx_word' id='word_1_478' title='bbox 1617 1659 1677 1678; x_wconf 86' lang='grc'><strong>0111-</strong></span> 
     </span>
    </p>
   </div>
   <div class='ocr_carea' id='block_1_47' title="bbox 883 1694 1676 1732">
    <p class='ocr_par' dir='ltr' id='par_1_47' title="bbox 883 1694 1676 1732">
     <span class='ocr_line' id='line_1_47' title="bbox 883 1694 1676 1732; baseline 0.003 -9"><span class='ocrx_word' id='word_1_479' title='bbox 883 1703 930 1723; x_wconf 82' lang='lat' dir='ltr'><strong><em>nes</em></strong></span> <span class='ocrx_word' id='word_1_480' title='bbox 945 1696 989 1729; x_wconf 91' lang='lat' dir='ltr'><strong><em>qui</em></strong></span> <span class='ocrx_word' id='word_1_481' title='bbox 1009 1695 1158 1729; x_wconf 87' lang='lat' dir='ltr'><strong><em>procedunt</em></strong></span> <span class='ocrx_word' id='word_1_482' title='bbox 1171 1695 1197 1722; x_wconf 90' lang='lat' dir='ltr'><strong><em>in</em></strong></span> <span class='ocrx_word' id='word_1_483' title='bbox 1213 1695 1314 1722; x_wconf 87' lang='lat' dir='ltr'><strong><em>virtute</em></strong></span> <span class='ocrx_word' id='word_1_484' title='bbox 1329 1694 1422 1727; x_wconf 88' lang='lat' dir='ltr'><strong><em>Israel,</em></strong></span> <span class='ocrx_word' id='word_1_485' title='bbox 1439 1705 1448 1721; x_wconf 85' lang='grc'><strong><em>1</em></strong></span> <span class='ocrx_word' id='word_1_486' title='bbox 1476 1700 1503 1723; x_wconf 89' lang='lat' dir='ltr'><strong><em>et</em></strong></span> <span class='ocrx_word' id='word_1_487' title='bbox 1519 1697 1618 1732; x_wconf 80' lang='lat' dir='ltr'><strong><em>dignus</em></strong></span> <span class='ocrx_word' id='word_1_488' title='bbox 1635 1699 1676 1725; x_wconf 88' lang='lat' dir='ltr'><strong><em>di-</em></strong></span> 
     </span>
    </p>
   </div>
   <div class='ocr_carea' id='block_1_48' title="bbox 881 1739 1676 1774">
    <p class='ocr_par' dir='ltr' id='par_1_48' title="bbox 881 1739 1676 1774">
     <span class='ocr_line' id='line_1_48' title="bbox 881 1739 1676 1774; baseline 0.005 -7"><span class='ocrx_word' id='word_1_489' title='bbox 881 1740 952 1768; x_wconf 89' lang='lat' dir='ltr'><strong><em>vinis</em></strong></span> <span class='ocrx_word' id='word_1_490' title='bbox 971 1739 1093 1767; x_wconf 89' lang='lat' dir='ltr'><strong><em>numeris</em></strong></span> <span class='ocrx_word' id='word_1_491' title='bbox 1106 1740 1296 1774; x_wconf 81' lang='lat' dir='ltr'><strong><em>contputabor.</em></strong></span> <span class='ocrx_word' id='word_1_492' title='bbox 1317 1739 1407 1767; x_wconf 83' lang='lat' dir='ltr'><strong><em>Donec</em></strong></span> <span class='ocrx_word' id='word_1_493' title='bbox 1427 1746 1518 1768; x_wconf 89' lang='lat' dir='ltr'><strong><em>autem</em></strong></span> <span class='ocrx_word' id='word_1_494' title='bbox 1539 1741 1676 1770; x_wconf 76' lang='grc' dir='ltr'><strong>1111111111ιί-</strong></span> 
     </span>
    </p>
   </div>
   <div class='ocr_carea' id='block_1_49' title="bbox 62 1780 1670 1822">
    <p class='ocr_par' dir='ltr' id='par_1_49' title="bbox 62 1780 1670 1822">
     <span class='ocr_line' id='line_1_49' title="bbox 62 1780 1670 1822; baseline -0.003 -7"><span class='ocrx_word' id='word_1_495' title='bbox 62 1787 106 1822; x_wconf 86' lang='lat' dir='ltr'><strong><em>Dei,</em></strong></span> <span class='ocrx_word' id='word_1_496' title='bbox 128 1794 154 1817; x_wconf 89' lang='lat' dir='ltr'><strong><em>ut</em></strong></span> <span class='ocrx_word' id='word_1_497' title='bbox 178 1795 337 1817; x_wconf 87' lang='lat' dir='ltr'><strong><em>numeretur</em></strong></span> <span class='ocrx_word' id='word_1_498' title='bbox 360 1788 447 1815; x_wconf 82' lang='lat' dir='ltr'><strong><em>omnis</em></strong></span> <span class='ocrx_word' id='word_1_499' title='bbox 474 1787 519 1822; x_wconf 89' lang='lat' dir='ltr'><strong><em>qui</em></strong></span> <span class='ocrx_word' id='word_1_500' title='bbox 536 1787 657 1821; x_wconf 82' lang='lat' dir='ltr'><strong><em>procedit</em></strong></span> <span class='ocrx_word' id='word_1_501' title='bbox 680 1787 706 1814; x_wconf 92' lang='lat' dir='ltr'><strong><em>in</em></strong></span> <span class='ocrx_word' id='word_1_502' title='bbox 729 1787 829 1815; x_wconf 88' lang='lat' dir='ltr'><strong><em>virtute</em></strong></span> <span class='ocrx_word' id='word_1_503' title='bbox 845 1780 866 1808; x_wconf 88' lang='grc' dir='ltr'>Β</span> <span class='ocrx_word' id='word_1_504' title='bbox 880 1786 923 1813; x_wconf 87' lang='lat' dir='ltr'><strong><em>cui</em></strong></span> <span class='ocrx_word' id='word_1_505' title='bbox 938 1791 1070 1818; x_wconf 90' lang='lat' dir='ltr'><strong><em>nostrum,</em></strong></span> <span class='ocrx_word' id='word_1_506' title='bbox 1087 1785 1128 1812; x_wconf 86' lang='lat' dir='ltr'><strong><em>vel</em></strong></span> <span class='ocrx_word' id='word_1_507' title='bbox 1145 1785 1255 1819; x_wconf 85' lang='lat' dir='ltr'><strong><em>puerilis</em></strong></span> <span class='ocrx_word' id='word_1_508' title='bbox 1269 1790 1295 1811; x_wconf 90' lang='lat' dir='ltr'><strong><em>et</em></strong></span> <span class='ocrx_word' id='word_1_509' title='bbox 1309 1785 1428 1813; x_wconf 82' lang='lat' dir='ltr'><strong><em>lubricus</em></strong></span> <span class='ocrx_word' id='word_1_510' title='bbox 1448 1794 1557 1819; x_wconf 84' lang='lat' dir='ltr'><strong><em>sensus,</em></strong></span> <span class='ocrx_word' id='word_1_511' title='bbox 1579 1789 1620 1816; x_wconf 92' lang='lat' dir='ltr'><strong><em>vel</em></strong></span> <span class='ocrx_word' id='word_1_512' title='bbox 1635 1789 1670 1816; x_wconf 81' lang='lat' dir='ltr'><strong><em>le.</em></strong></span> 
     </span>
    </p>
   </div>
   <div class='ocr_carea' id='block_1_50' title="bbox 61 1831 1675 1869">
    <p class='ocr_par' dir='ltr' id='par_1_50' title="bbox 61 1831 1675 1869">
     <span class='ocr_line' id='line_1_50' title="bbox 61 1831 1675 1869; baseline 0.001 -10"><span class='ocrx_word' id='word_1_513' title='bbox 61 1832 126 1861; x_wconf 67' lang='lat' dir='ltr'><strong><em>Israel</em></strong></span> <span class='ocrx_word' id='word_1_514' title='bbox 149 1834 211 1869; x_wconf 84' lang='lat' dir='ltr'><strong><em>(5i).</em></strong></span> <span class='ocrx_word' id='word_1_515' title='bbox 242 1835 301 1862; x_wconf 78' lang='lat' dir='ltr'><strong><em>Non</em></strong></span> <span class='ocrx_word' id='word_1_516' title='bbox 325 1841 390 1866; x_wconf 80' lang='lat' dir='ltr'><strong><em>ergo</em></strong></span> <span class='ocrx_word' id='word_1_517' title='bbox 412 1834 468 1860; x_wconf 87' lang='lat' dir='ltr'><strong><em>sola</em></strong></span> <span class='ocrx_word' id='word_1_518' title='bbox 489 1837 565 1864; x_wconf 73' lang='lat' dir='ltr'><strong><em>mtas,</em></strong></span> <span class='ocrx_word' id='word_1_519' title='bbox 584 1833 630 1859; x_wconf 82' lang='lat' dir='ltr'><strong><em>sed</em></strong></span> <span class='ocrx_word' id='word_1_520' title='bbox 653 1837 681 1859; x_wconf 86' lang='lat' dir='ltr'><strong><em>et</em></strong></span> <span class='ocrx_word' id='word_1_521' title='bbox 701 1833 788 1860; x_wconf 90' lang='lat' dir='ltr'><strong><em>virtus</em></strong></span> <span class='ocrx_word' id='word_1_522' title='bbox 802 1834 828 1860; x_wconf 93' lang='lat' dir='ltr'><strong><em>in</em></strong></span> <span class='ocrx_word' id='word_1_523' title='bbox 882 1833 970 1860; x_wconf 86' lang='lat' dir='ltr'><strong><em>miuea</em></strong></span> <span class='ocrx_word' id='word_1_524' title='bbox 985 1832 1108 1859; x_wconf 86' lang='lat' dir='ltr'><strong><em>etsoluta</em></strong></span> <span class='ocrx_word' id='word_1_525' title='bbox 1127 1831 1182 1866; x_wconf 64' lang='grc' dir='ltr'><strong><em>(εὲ)</em></strong></span> <span class='ocrx_word' id='word_1_526' title='bbox 1196 1831 1336 1865; x_wconf 76' lang='lat' dir='ltr'><strong><em>segnities,</em></strong></span> <span class='ocrx_word' id='word_1_527' title='bbox 1351 1832 1390 1859; x_wconf 87' lang='lat' dir='ltr'><strong><em>vel</em></strong></span> <span class='ocrx_word' id='word_1_528' title='bbox 1400 1832 1542 1866; x_wconf 58' lang='lat' dir='ltr'><strong><em>(Egyptios</em></strong></span> <span class='ocrx_word' id='word_1_529' title='bbox 1554 1834 1675 1868; x_wconf 72' lang='lat' dir='ltr'><strong><em>geriiuus</em></strong></span> 
     </span>
    </p>
   </div>
   <div class='ocr_carea' id='block_1_51' title="bbox 61 1876 1675 1914">
    <p class='ocr_par' dir='ltr' id='par_1_51' title="bbox 61 1876 1675 1914">
     <span class='ocr_line' id='line_1_51' title="bbox 61 1876 1675 1914; baseline 0.002 -11"><span class='ocrx_word' id='word_1_530' title='bbox 61 1876 159 1906; x_wconf 81' lang='lat' dir='ltr'><strong><em>Israelita</em></strong></span> <span class='ocrx_word' id='word_1_531' title='bbox 173 1880 330 1914; x_wconf 84' lang='lat' dir='ltr'><strong><em>requiritur.</em></strong></span> <span class='ocrx_word' id='word_1_532' title='bbox 351 1878 433 1913; x_wconf 74' lang='grc'><strong><em>276</em></strong></span> <span class='ocrx_word' id='word_1_533' title='bbox 445 1877 558 1904; x_wconf 85' lang='lat' dir='ltr'><strong><em>Puerilis</em></strong></span> <span class='ocrx_word' id='word_1_534' title='bbox 577 1882 644 1904; x_wconf 82' lang='lat' dir='ltr'><strong><em>:elas</em></strong></span> <span class='ocrx_word' id='word_1_535' title='bbox 659 1886 711 1904; x_wconf 91' lang='lat' dir='ltr'><strong><em>non</em></strong></span> <span class='ocrx_word' id='word_1_536' title='bbox 735 1886 830 1905; x_wconf 88' lang='lat' dir='ltr'><strong><em>nume—</em></strong></span> <span class='ocrx_word' id='word_1_537' title='bbox 881 1883 909 1906; x_wconf 86' lang='lat' dir='ltr'><strong><em>et.</em></strong></span> <span class='ocrx_word' id='word_1_538' title='bbox 923 1878 1054 1905; x_wconf 85' lang='lat' dir='ltr'><strong><em>barbaros</em></strong></span> <span class='ocrx_word' id='word_1_539' title='bbox 1070 1885 1170 1908; x_wconf 84' lang='lat' dir='ltr'><strong><em>mores,</em></strong></span> <span class='ocrx_word' id='word_1_540' title='bbox 1185 1877 1277 1904; x_wconf 84' lang='lat' dir='ltr'><strong><em>haberi</em></strong></span> <span class='ocrx_word' id='word_1_541' title='bbox 1293 1878 1362 1911; x_wconf 86' lang='lat' dir='ltr'><strong><em>apud</em></strong></span> <span class='ocrx_word' id='word_1_542' title='bbox 1384 1877 1467 1904; x_wconf 87' lang='lat' dir='ltr'><strong><em>Deum</em></strong></span> <span class='ocrx_word' id='word_1_543' title='bbox 1489 1878 1515 1904; x_wconf 89' lang='lat' dir='ltr'><strong><em>in</em></strong></span> <span class='ocrx_word' id='word_1_544' title='bbox 1536 1884 1630 1906; x_wconf 86' lang='lat' dir='ltr'><strong><em>sancto</em></strong></span> <span class='ocrx_word' id='word_1_545' title='bbox 1648 1885 1675 1906; x_wconf 82' lang='grc'><strong><em>11</em></strong></span> 
     </span>
    </p>
   </div>
   <div class='ocr_carea' id='block_1_52' title="bbox 61 1922 1674 1960">
    <p class='ocr_par' dir='ltr' id='par_1_52' title="bbox 61 1922 1674 1960">
     <span class='ocr_line' id='line_1_52' title="bbox 61 1922 1674 1960; baseline 0.001 -11"><span class='ocrx_word' id='word_1_546' title='bbox 61 1929 130 1956; x_wconf 84' lang='lat' dir='ltr'><strong><em>ratur.</em></strong></span> <span class='ocrx_word' id='word_1_547' title='bbox 156 1933 203 1952; x_wconf 90' lang='lat' dir='ltr'><strong><em>nec</em></strong></span> <span class='ocrx_word' id='word_1_548' title='bbox 218 1931 281 1960; x_wconf 77' lang='lat' dir='ltr'><strong><em>apta</em></strong></span> <span class='ocrx_word' id='word_1_549' title='bbox 301 1925 399 1951; x_wconf 88' lang='lat' dir='ltr'><strong><em>divinis</em></strong></span> <span class='ocrx_word' id='word_1_550' title='bbox 412 1923 522 1950; x_wconf 79' lang='lat' dir='ltr'><strong><em>calculis</em></strong></span> <span class='ocrx_word' id='word_1_551' title='bbox 538 1923 657 1955; x_wconf 87' lang='lat' dir='ltr'><strong><em>ducitur,</em></strong></span> <span class='ocrx_word' id='word_1_552' title='bbox 683 1924 734 1950; x_wconf 89' lang='lat' dir='ltr'><strong><em>nisi</em></strong></span> <span class='ocrx_word' id='word_1_553' title='bbox 759 1924 828 1952; x_wconf 82' lang='lat' dir='ltr'><strong><em>forte</em></strong></span> <span class='ocrx_word' id='word_1_554' title='bbox 881 1929 1043 1951; x_wconf 89' lang='lat' dir='ltr'><strong><em>consecrato</em></strong></span> <span class='ocrx_word' id='word_1_555' title='bbox 1060 1930 1174 1950; x_wconf 88' lang='lat' dir='ltr'><strong><em>numero</em></strong></span> <span class='ocrx_word' id='word_1_556' title='bbox 1191 1930 1243 1950; x_wconf 90' lang='lat' dir='ltr'><strong><em>non</em></strong></span> <span class='ocrx_word' id='word_1_557' title='bbox 1270 1930 1417 1950; x_wconf 82' lang='lat' dir='ltr'><strong><em>tueremur.</em></strong></span> <span class='ocrx_word' id='word_1_558' title='bbox 1439 1922 1574 1950; x_wconf 87' lang='lat' dir='ltr'><strong><em>lunumeri</em></strong></span> <span class='ocrx_word' id='word_1_559' title='bbox 1601 1926 1674 1952; x_wconf 76' lang='lat' dir='ltr'><strong><em>etiiut</em></strong></span> 
     </span>
    </p>
   </div>
   <div class='ocr_carea' id='block_1_53' title="bbox 61 1967 1675 2004">
    <p class='ocr_par' dir='ltr' id='par_1_53' title="bbox 61 1967 1675 2004">
     <span class='ocr_line' id='line_1_53' title="bbox 61 1967 1675 2004; baseline 0.001 -9"><span class='ocrx_word' id='word_1_560' title='bbox 61 1969 206 2004; x_wconf 79' lang='lat' dir='ltr'><strong><em>primogeniti</em></strong></span> <span class='ocrx_word' id='word_1_561' title='bbox 223 1972 290 2002; x_wconf 84' lang='lat' dir='ltr'><strong><em>sint,</em></strong></span> <span class='ocrx_word' id='word_1_562' title='bbox 307 1973 354 1997; x_wconf 88' lang='lat' dir='ltr'><strong><em>aut</em></strong></span> <span class='ocrx_word' id='word_1_563' title='bbox 370 1968 533 1996; x_wconf 83' lang='lat' dir='ltr'><strong><em>sacerdotali</em></strong></span> <span class='ocrx_word' id='word_1_564' title='bbox 550 1968 590 1995; x_wconf 87' lang='lat' dir='ltr'><strong><em>vel</em></strong></span> <span class='ocrx_word' id='word_1_565' title='bbox 609 1967 726 1996; x_wconf 88' lang='lat' dir='ltr'><strong><em>chitica</em></strong></span> <span class='ocrx_word' id='word_1_566' title='bbox 743 1970 828 2004; x_wconf 84' lang='lat' dir='ltr'><strong><em>stirpe</em></strong></span> <span class='ocrx_word' id='word_1_567' title='bbox 880 1970 950 2004; x_wconf 90' lang='lat' dir='ltr'><strong><em>apud</em></strong></span> <span class='ocrx_word' id='word_1_568' title='bbox 971 1969 1143 1996; x_wconf 88' lang='lat' dir='ltr'><strong><em>Salomouem</em></strong></span> <span class='ocrx_word' id='word_1_569' title='bbox 1155 1970 1282 1996; x_wconf 78' lang='lat' dir='ltr'><strong><em>dicuntur</em></strong></span> <span class='ocrx_word' id='word_1_570' title='bbox 1295 1976 1356 1996; x_wconf 84' lang='lat' dir='ltr'><strong><em>esse</em></strong></span> <span class='ocrx_word' id='word_1_571' title='bbox 1368 1969 1412 2002; x_wconf 92' lang='lat' dir='ltr'><strong><em>qui</em></strong></span> <span class='ocrx_word' id='word_1_572' title='bbox 1434 1975 1562 2003; x_wconf 83' lang='lat' dir='ltr'><strong><em>pereunt;</em></strong></span> <span class='ocrx_word' id='word_1_573' title='bbox 1581 1978 1675 1997; x_wconf 88' lang='lat' dir='ltr'><strong><em>nume-</em></strong></span> 
     </span>
    </p>
   </div>
   <div class='ocr_carea' id='block_1_54' title="bbox 61 2014 1673 2050">
    <p class='ocr_par' dir='ltr' id='par_1_54' title="bbox 61 2014 1673 2050">
     <span class='ocr_line' id='line_1_54' title="bbox 61 2014 1673 2050; baseline 0.001 -9"><span class='ocrx_word' id='word_1_574' title='bbox 61 2015 211 2044; x_wconf 82' lang='lat' dir='ltr'><strong><em>descendaut.</em></strong></span> <span class='ocrx_word' id='word_1_575' title='bbox 231 2016 276 2044; x_wconf 89' lang='lat' dir='ltr'><strong><em>Isti</em></strong></span> <span class='ocrx_word' id='word_1_576' title='bbox 297 2015 347 2043; x_wconf 86' lang='lat' dir='ltr'><strong><em>soli</em></strong></span> <span class='ocrx_word' id='word_1_577' title='bbox 368 2016 394 2042; x_wconf 88' lang='grc'><strong><em>111</em></strong></span> <span class='ocrx_word' id='word_1_578' title='bbox 415 2015 507 2050; x_wconf 81' lang='lat' dir='ltr'><strong><em>pueris</em></strong></span> <span class='ocrx_word' id='word_1_579' title='bbox 530 2016 704 2043; x_wconf 87' lang='lat' dir='ltr'><strong><em>adducuntur</em></strong></span> <span class='ocrx_word' id='word_1_580' title='bbox 720 2015 753 2041; x_wconf 89' lang='lat' dir='ltr'><strong><em>ad</em></strong></span> <span class='ocrx_word' id='word_1_581' title='bbox 778 2023 830 2042; x_wconf 86' lang='grc'><strong>1111-</strong></span> <span class='ocrx_word' id='word_1_582' title='bbox 882 2015 933 2042; x_wconf 84' lang='grc'><strong>11111</strong></span> <span class='ocrx_word' id='word_1_583' title='bbox 964 2021 1054 2041; x_wconf 87' lang='lat' dir='ltr'><strong><em>autem</em></strong></span> <span class='ocrx_word' id='word_1_584' title='bbox 1079 2022 1175 2042; x_wconf 69' lang='lat' dir='ltr'><strong><em>omnes</em></strong></span> <span class='ocrx_word' id='word_1_585' title='bbox 1195 2015 1233 2041; x_wconf 84' lang='lat' dir='ltr'><strong><em>illi</em></strong></span> <span class='ocrx_word' id='word_1_586' title='bbox 1261 2014 1307 2049; x_wconf 89' lang='lat' dir='ltr'><strong><em>qui</em></strong></span> <span class='ocrx_word' id='word_1_587' title='bbox 1332 2014 1482 2042; x_wconf 81' lang='lat' dir='ltr'><strong><em>salvantur.</em></strong></span> <span class='ocrx_word' id='word_1_588' title='bbox 1514 2015 1546 2042; x_wconf 80' lang='lat' dir='ltr'><strong><em>Et</em></strong></span> <span class='ocrx_word' id='word_1_589' title='bbox 1572 2016 1612 2043; x_wconf 89' lang='lat' dir='ltr'><strong><em>vis</em></strong></span> <span class='ocrx_word' id='word_1_590' title='bbox 1626 2016 1673 2043; x_wconf 83' lang='lat' dir='ltr'><strong><em>tibi</em></strong></span> 
     </span>
    </p>
   </div>
   <div class='ocr_carea' id='block_1_55' title="bbox 61 2060 1674 2096">
    <p class='ocr_par' dir='ltr' id='par_1_55' title="bbox 61 2060 1674 2096">
     <span class='ocr_line' id='line_1_55' title="bbox 61 2060 1674 2096; baseline 0.001 -10"><span class='ocrx_word' id='word_1_591' title='bbox 61 2067 156 2088; x_wconf 84' lang='lat' dir='ltr'><strong><em>merum.</em></strong></span> <span class='ocrx_word' id='word_1_592' title='bbox 176 2062 350 2090; x_wconf 80' lang='lat' dir='ltr'><strong><em>Feminarum</em></strong></span> <span class='ocrx_word' id='word_1_593' title='bbox 371 2069 435 2089; x_wconf 83' lang='lat' dir='ltr'><strong><em>vero</em></strong></span> <span class='ocrx_word' id='word_1_594' title='bbox 455 2062 526 2089; x_wconf 84' lang='lat' dir='ltr'><strong><em>nulla</em></strong></span> <span class='ocrx_word' id='word_1_595' title='bbox 543 2068 656 2096; x_wconf 88' lang='lat' dir='ltr'><strong><em>prorsus</em></strong></span> <span class='ocrx_word' id='word_1_596' title='bbox 670 2061 824 2088; x_wconf 82' lang='lat' dir='ltr'><strong><em>adducitur.</em></strong></span> <span class='ocrx_word' id='word_1_597' title='bbox 880 2061 1022 2087; x_wconf 86' lang='lat' dir='ltr'><strong><em>ostendam</em></strong></span> <span class='ocrx_word' id='word_1_598' title='bbox 1041 2060 1105 2095; x_wconf 88' lang='lat' dir='ltr'><strong><em>quia</em></strong></span> <span class='ocrx_word' id='word_1_599' title='bbox 1132 2065 1289 2087; x_wconf 79' lang='lat' dir='ltr'><strong><em>sanctorum</em></strong></span> <span class='ocrx_word' id='word_1_600' title='bbox 1312 2068 1443 2087; x_wconf 85' lang='lat' dir='ltr'><strong><em>numerus</em></strong></span> <span class='ocrx_word' id='word_1_601' title='bbox 1466 2060 1582 2088; x_wconf 85' lang='lat' dir='ltr'><strong><em>habetur</em></strong></span> <span class='ocrx_word' id='word_1_602' title='bbox 1603 2063 1674 2096; x_wconf 84' lang='lat' dir='ltr'><strong><em>apud</em></strong></span> 
     </span>
    </p>
   </div>
   <div class='ocr_carea' id='block_1_56' title="bbox 61 2103 1674 2141">
    <p class='ocr_par' dir='ltr' id='par_1_56' title="bbox 61 2103 1674 2141">
     <span class='ocr_line' id='line_1_56' title="bbox 61 2103 1674 2141; baseline 0.001 -8"><span class='ocrx_word' id='word_1_603' title='bbox 61 2103 86 2132; x_wconf 83' lang='lat' dir='ltr'><strong><em>Et</em></strong></span> <span class='ocrx_word' id='word_1_604' title='bbox 94 2108 148 2141; x_wconf 89' lang='lat' dir='ltr'><strong><em>quid</em></strong></span> <span class='ocrx_word' id='word_1_605' title='bbox 162 2108 285 2135; x_wconf 86' lang='lat' dir='ltr'><strong><em>videtur?</em></strong></span> <span class='ocrx_word' id='word_1_606' title='bbox 300 2108 417 2135; x_wconf 85' lang='lat' dir='ltr'><strong><em>Possunt</em></strong></span> <span class='ocrx_word' id='word_1_607' title='bbox 432 2109 489 2135; x_wconf 58' lang='lat' dir='ltr'><strong><em>hac</em></strong></span> <span class='ocrx_word' id='word_1_608' title='bbox 503 2114 588 2134; x_wconf 80' lang='lat' dir='ltr'><strong><em>vacua</em></strong></span> <span class='ocrx_word' id='word_1_609' title='bbox 598 2114 658 2134; x_wconf 87' lang='lat' dir='ltr'><strong><em>esse</em></strong></span> <span class='ocrx_word' id='word_1_610' title='bbox 674 2106 828 2141; x_wconf 71' lang='lat' dir='ltr'><strong><em>mysteriis?</em></strong></span> <span class='ocrx_word' id='word_1_611' title='bbox 883 2106 986 2133; x_wconf 81' lang='lat' dir='ltr'><strong><em>Deum?</em></strong></span> <span class='ocrx_word' id='word_1_612' title='bbox 1005 2106 1075 2132; x_wconf 78' lang='lat' dir='ltr'><strong><em>Audi</em></strong></span> <span class='ocrx_word' id='word_1_613' title='bbox 1096 2107 1233 2140; x_wconf 89' lang='lat' dir='ltr'><strong><em>quomodo</em></strong></span> <span class='ocrx_word' id='word_1_614' title='bbox 1249 2106 1281 2133; x_wconf 89' lang='lat' dir='ltr'><strong><em>de</em></strong></span> <span class='ocrx_word' id='word_1_615' title='bbox 1297 2107 1378 2133; x_wconf 88' lang='lat' dir='ltr'><strong><em>astris</em></strong></span> <span class='ocrx_word' id='word_1_616' title='bbox 1392 2107 1500 2141; x_wconf 85' lang='lat' dir='ltr'><strong><em>quidem</em></strong></span> <span class='ocrx_word' id='word_1_617' title='bbox 1519 2108 1674 2135; x_wconf 71' lang='lat' dir='ltr'><strong><em>emlestibus</em></strong></span> 
     </span>
    </p>
   </div>
   <div class='ocr_carea' id='block_1_57' title="bbox 61 2147 1674 2188">
    <p class='ocr_par' dir='ltr' id='par_1_57' title="bbox 61 2147 1674 2188">
     <span class='ocr_line' id='line_1_57' title="bbox 61 2147 1674 2188; baseline 0.002 -11"><span class='ocrx_word' id='word_1_618' title='bbox 61 2147 102 2177; x_wconf 81' lang='lat' dir='ltr'><strong><em>Sed</em></strong></span> <span class='ocrx_word' id='word_1_619' title='bbox 114 2151 158 2179; x_wconf 87' lang='lat' dir='ltr'><strong><em>hoc</em></strong></span> <span class='ocrx_word' id='word_1_620' title='bbox 169 2153 254 2180; x_wconf 85' lang='lat' dir='ltr'><strong><em>solum</em></strong></span> <span class='ocrx_word' id='word_1_621' title='bbox 269 2160 430 2188; x_wconf 77' lang='lat' dir='ltr'><strong><em>procul-asse</em></strong></span> <span class='ocrx_word' id='word_1_622' title='bbox 444 2153 563 2180; x_wconf 86' lang='lat' dir='ltr'><strong><em>creditur</em></strong></span> <span class='ocrx_word' id='word_1_623' title='bbox 578 2151 697 2186; x_wconf 84' lang='lat' dir='ltr'><strong><em>Spiritus</em></strong></span> <span class='ocrx_word' id='word_1_624' title='bbox 706 2157 827 2183; x_wconf 90' lang='lat' dir='ltr'><strong><em>sanctus,</em></strong></span> <span class='ocrx_word' id='word_1_625' title='bbox 881 2152 946 2179; x_wconf 89' lang='lat' dir='ltr'><strong><em>dicit</em></strong></span> <span class='ocrx_word' id='word_1_626' title='bbox 965 2153 1047 2179; x_wconf 82' lang='lat' dir='ltr'><strong><em>David</em></strong></span> <span class='ocrx_word' id='word_1_627' title='bbox 1060 2152 1081 2168; x_wconf 84' lang='lat'><strong>&quot;</strong></span> <span class='ocrx_word' id='word_1_628' title='bbox 1098 2161 1105 2179; x_wconf 87' lang='lat'>:</span> <span class='ocrx_word' id='word_1_629' title='bbox 1123 2162 1132 2178; x_wconf 83' lang='grc'><strong><em>1</em></strong></span> <span class='ocrx_word' id='word_1_630' title='bbox 1149 2152 1199 2186; x_wconf 85' lang='lat' dir='ltr'><strong><em>Qui</em></strong></span> <span class='ocrx_word' id='word_1_631' title='bbox 1220 2159 1344 2179; x_wconf 85' lang='lat' dir='ltr'><strong><em>numerat</em></strong></span> <span class='ocrx_word' id='word_1_632' title='bbox 1365 2154 1565 2182; x_wconf 89' lang='lat' dir='ltr'><strong><em>multitudinem</em></strong></span> <span class='ocrx_word' id='word_1_633' title='bbox 1582 2155 1674 2182; x_wconf 81' lang='lat' dir='ltr'><strong><em>stella-</em></strong></span> 
     </span>
    </p>
   </div>
   <div class='ocr_carea' id='block_1_58' title="bbox 62 2197 826 2232">
    <p class='ocr_par' dir='ltr' id='par_1_58' title="bbox 62 2197 826 2232">
     <span class='ocr_line' id='line_1_58' title="bbox 62 2197 826 2232; baseline -0.007 -3"><span class='ocrx_word' id='word_1_634' title='bbox 62 2197 95 2229; x_wconf 77' lang='lat' dir='ltr'><strong><em>‘lni</em></strong></span> <span class='ocrx_word' id='word_1_635' title='bbox 109 2198 158 2226; x_wconf 78' lang='lat' dir='ltr'><strong><em>luet:</em></strong></span> <span class='ocrx_word' id='word_1_636' title='bbox 167 2200 312 2228; x_wconf 81' lang='lat' dir='ltr'><strong><em>scribenda</em></strong></span> <span class='ocrx_word' id='word_1_637' title='bbox 330 2199 454 2232; x_wconf 79' lang='lat' dir='ltr'><strong><em>dictavit,</em></strong></span> <span class='ocrx_word' id='word_1_638' title='bbox 471 2204 500 2225; x_wconf 90' lang='lat' dir='ltr'><strong><em>ut</em></strong></span> <span class='ocrx_word' id='word_1_639' title='bbox 511 2199 645 2226; x_wconf 83' lang='lat' dir='ltr'><strong><em>sciremus</em></strong></span> <span class='ocrx_word' id='word_1_640' title='bbox 659 2197 704 2232; x_wconf 89' lang='lat' dir='ltr'><strong><em>qui</em></strong></span> <span class='ocrx_word' id='word_1_641' title='bbox 720 2202 782 2224; x_wconf 87' lang='lat' dir='ltr'><strong><em>tunc</em></strong></span> <span class='ocrx_word' id='word_1_642' title='bbox 801 2197 826 2224; x_wconf 94' lang='lat' dir='ltr'><strong><em>in</em></strong></span> 
     </span>
    </p>
   </div>
   <div class='ocr_carea' id='block_1_59' title="bbox 62 2240 827 2278">
    <p class='ocr_par' dir='ltr' id='par_1_59' title="bbox 62 2240 827 2278">
     <span class='ocr_line' id='line_1_59' title="bbox 62 2240 827 2278; baseline 0.001 -12"><span class='ocrx_word' id='word_1_643' title='bbox 62 2240 96 2267; x_wconf 88' lang='lat' dir='ltr'><strong><em>illo</em></strong></span> <span class='ocrx_word' id='word_1_644' title='bbox 108 2244 196 2278; x_wconf 87' lang='lat' dir='ltr'><strong><em>populo</em></strong></span> <span class='ocrx_word' id='word_1_645' title='bbox 210 2244 345 2272; x_wconf 87' lang='lat' dir='ltr'><strong><em>numerati</em></strong></span> <span class='ocrx_word' id='word_1_646' title='bbox 356 2244 421 2275; x_wconf 84' lang='lat' dir='ltr'><strong><em>sint,</em></strong></span> <span class='ocrx_word' id='word_1_647' title='bbox 437 2248 463 2270; x_wconf 90' lang='lat' dir='ltr'><strong><em>el</em></strong></span> <span class='ocrx_word' id='word_1_648' title='bbox 479 2243 523 2278; x_wconf 90' lang='lat' dir='ltr'><strong><em>qui</em></strong></span> <span class='ocrx_word' id='word_1_649' title='bbox 545 2243 604 2270; x_wconf 88' lang='lat' dir='ltr'><strong><em>sine</em></strong></span> <span class='ocrx_word' id='word_1_650' title='bbox 622 2249 735 2269; x_wconf 87' lang='lat' dir='ltr'><strong><em>numero</em></strong></span> <span class='ocrx_word' id='word_1_651' title='bbox 751 2249 827 2268; x_wconf 86' lang='lat' dir='ltr'><strong><em>man-</em></strong></span> 
     </span>
    </p>
   </div>
   <div class='ocr_carea' id='block_1_60' title="bbox 61 2287 827 2325">
    <p class='ocr_par' dir='ltr' id='par_1_60' title="bbox 61 2287 827 2325">
     <span class='ocr_line' id='line_1_60' title="bbox 61 2287 827 2325; baseline 0.001 -12"><span class='ocrx_word' id='word_1_652' title='bbox 61 2288 144 2316; x_wconf 66' lang='lat' dir='ltr'><strong><em>uriut?</em></strong></span> <span class='ocrx_word' id='word_1_653' title='bbox 157 2290 188 2318; x_wconf 86' lang='lat' dir='ltr'><strong><em>Et</em></strong></span> <span class='ocrx_word' id='word_1_654' title='bbox 200 2291 261 2325; x_wconf 90' lang='lat' dir='ltr'><strong><em>quis</em></strong></span> <span class='ocrx_word' id='word_1_655' title='bbox 280 2290 391 2317; x_wconf 85' lang='lat' dir='ltr'><strong><em>dabitur</em></strong></span> <span class='ocrx_word' id='word_1_656' title='bbox 409 2296 441 2316; x_wconf 81' lang='lat' dir='ltr'><strong><em>ex</em></strong></span> <span class='ocrx_word' id='word_1_657' title='bbox 457 2289 509 2316; x_wconf 88' lang='lat' dir='ltr'><strong><em>hoc</em></strong></span> <span class='ocrx_word' id='word_1_658' title='bbox 523 2287 662 2323; x_wconf 80' lang='lat' dir='ltr'><strong><em>profectus</em></strong></span> <span class='ocrx_word' id='word_1_659' title='bbox 679 2287 712 2315; x_wconf 84' lang='lat' dir='ltr'><strong><em>iis</em></strong></span> <span class='ocrx_word' id='word_1_660' title='bbox 724 2287 769 2322; x_wconf 87' lang='lat' dir='ltr'><strong><em>qui</em></strong></span> <span class='ocrx_word' id='word_1_661' title='bbox 783 2295 827 2314; x_wconf 89' lang='lat' dir='ltr'><strong><em>sa-</em></strong></span> 
     </span>
    </p>
   </div>
   <div class='ocr_carea' id='block_1_61' title="bbox 88 2357 610 2393">
    <p class='ocr_par' dir='ltr' id='par_1_61' title="bbox 88 2357 610 2393">
     <span class='ocr_line' id='line_1_61' title="bbox 88 2357 610 2393; baseline 0.004 -7"><span class='ocrx_word' id='word_1_662' title='bbox 88 2357 188 2388; x_wconf 83' lang='lat' dir='ltr'><strong><em>“Num.</em></strong></span> <span class='ocrx_word' id='word_1_663' title='bbox 211 2369 231 2393; x_wconf 91' lang='lat' dir='ltr'><strong><em>I,</em></strong></span> <span class='ocrx_word' id='word_1_664' title='bbox 255 2362 283 2388; x_wconf 81' lang='grc'><strong><em>5.</em></strong></span> <span class='ocrx_word' id='word_1_665' title='bbox 322 2362 345 2377; x_wconf 75' lang='grc'>⁸³</span> <span class='ocrx_word' id='word_1_666' title='bbox 363 2361 433 2388; x_wconf 80' lang='lat' dir='ltr'><strong><em>Psal.</em></strong></span> <span class='ocrx_word' id='word_1_667' title='bbox 458 2369 562 2393; x_wconf 76' lang='lat' dir='ltr'><strong><em>cxtvtl,</em></strong></span> <span class='ocrx_word' id='word_1_668' title='bbox 582 2361 610 2388; x_wconf 66' lang='lat'><strong><em>4.</em></strong></span> 
     </span>
    </p>
   </div>
   <div class='ocr_carea' id='block_1_62' title="bbox 882 2199 1674 2230">
    <p class='ocr_par' dir='ltr' id='par_1_62' title="bbox 882 2199 1674 2230">
     <span class='ocr_line' id='line_1_62' title="bbox 882 2199 1674 2230; baseline 0.008 -7"><span class='ocrx_word' id='word_1_669' title='bbox 882 2206 953 2230; x_wconf 88' lang='lat' dir='ltr'><strong><em>rutn,</em></strong></span> <span class='ocrx_word' id='word_1_670' title='bbox 969 2203 995 2225; x_wconf 91' lang='lat' dir='ltr'><strong><em>et</em></strong></span> <span class='ocrx_word' id='word_1_671' title='bbox 1016 2199 1142 2226; x_wconf 83' lang='lat' dir='ltr'><strong><em>omnibus</em></strong></span> <span class='ocrx_word' id='word_1_672' title='bbox 1154 2199 1194 2226; x_wconf 87' lang='lat' dir='ltr'><strong><em>eis</em></strong></span> <span class='ocrx_word' id='word_1_673' title='bbox 1208 2199 1316 2226; x_wconf 88' lang='lat' dir='ltr'><strong><em>nomina</em></strong></span> <span class='ocrx_word' id='word_1_674' title='bbox 1333 2203 1419 2226; x_wconf 78' lang='lat' dir='ltr'><strong><em>vocat.</em></strong></span> <span class='ocrx_word' id='word_1_675' title='bbox 1440 2209 1449 2226; x_wconf 80' lang='grc'><strong><em>1</em></strong></span> <span class='ocrx_word' id='word_1_676' title='bbox 1469 2200 1596 2228; x_wconf 80' lang='lat' dir='ltr'><strong><em>Salvator</em></strong></span> <span class='ocrx_word' id='word_1_677' title='bbox 1611 2209 1674 2229; x_wconf 81' lang='lat' dir='ltr'><strong><em>vero</em></strong></span> 
     </span>
    </p>
   </div>
   <div class='ocr_carea' id='block_1_63' title="bbox 883 2244 1674 2280">
    <p class='ocr_par' dir='ltr' id='par_1_63' title="bbox 883 2244 1674 2280">
     <span class='ocr_line' id='line_1_63' title="bbox 883 2244 1674 2280; baseline 0.006 -10"><span class='ocrx_word' id='word_1_678' title='bbox 883 2252 935 2270; x_wconf 88' lang='lat' dir='ltr'><strong><em>non</em></strong></span> <span class='ocrx_word' id='word_1_679' title='bbox 957 2244 1043 2272; x_wconf 90' lang='lat' dir='ltr'><strong><em>solum</em></strong></span> <span class='ocrx_word' id='word_1_680' title='bbox 1058 2245 1206 2280; x_wconf 84' lang='lat' dir='ltr'><strong><em>discipulos</em></strong></span> <span class='ocrx_word' id='word_1_681' title='bbox 1218 2252 1281 2272; x_wconf 87' lang='lat' dir='ltr'><strong><em>suos</em></strong></span> <span class='ocrx_word' id='word_1_682' title='bbox 1303 2245 1405 2273; x_wconf 86' lang='lat' dir='ltr'><strong><em>electos</em></strong></span> <span class='ocrx_word' id='word_1_683' title='bbox 1418 2247 1469 2273; x_wconf 84' lang='lat' dir='ltr'><strong><em>sub</em></strong></span> <span class='ocrx_word' id='word_1_684' title='bbox 1487 2255 1601 2274; x_wconf 88' lang='lat' dir='ltr'><strong><em>ntuncro</em></strong></span> <span class='ocrx_word' id='word_1_685' title='bbox 1619 2251 1674 2275; x_wconf 85' lang='lat' dir='ltr'><strong><em>sta-</em></strong></span> 
     </span>
    </p>
   </div>
   <div class='ocr_carea' id='block_1_64' title="bbox 883 2289 1673 2326">
    <p class='ocr_par' dir='ltr' id='par_1_64' title="bbox 883 2289 1673 2326">
     <span class='ocr_line' id='line_1_64' title="bbox 883 2289 1673 2326; baseline 0.006 -11"><span class='ocrx_word' id='word_1_686' title='bbox 883 2289 945 2322; x_wconf 87' lang='lat' dir='ltr'><strong><em>tuit,</em></strong></span> <span class='ocrx_word' id='word_1_687' title='bbox 963 2297 1056 2317; x_wconf 74' lang='lat' dir='ltr'><strong><em>rerum</em></strong></span> <span class='ocrx_word' id='word_1_688' title='bbox 1070 2294 1098 2318; x_wconf 87' lang='lat' dir='ltr'><strong><em>et</em></strong></span> <span class='ocrx_word' id='word_1_689' title='bbox 1110 2290 1223 2326; x_wconf 84' lang='lat' dir='ltr'><strong><em>capillos</em></strong></span> <span class='ocrx_word' id='word_1_690' title='bbox 1241 2291 1340 2325; x_wconf 86' lang='lat' dir='ltr'><strong><em>capitis</em></strong></span> <span class='ocrx_word' id='word_1_691' title='bbox 1355 2298 1447 2318; x_wconf 88' lang='lat' dir='ltr'><strong><em>corum</em></strong></span> <span class='ocrx_word' id='word_1_692' title='bbox 1468 2292 1533 2320; x_wconf 86' lang='lat' dir='ltr'><strong><em>dicit</em></strong></span> <span class='ocrx_word' id='word_1_693' title='bbox 1552 2300 1612 2320; x_wconf 86' lang='lat' dir='ltr'><strong><em>esse</em></strong></span> <span class='ocrx_word' id='word_1_694' title='bbox 1624 2299 1673 2320; x_wconf 84' lang='grc'><strong>1111-</strong></span> 
     </span>
    </p>
   </div>
   <div class='ocr_carea' id='block_1_65' title="bbox 61 2427 1517 2464">
    <p class='ocr_par' dir='ltr' id='par_1_65' title="bbox 61 2427 1517 2464">
     <span class='ocr_line' id='line_1_65' title="bbox 61 2427 1517 2464; baseline -0.002 -5"><span class='ocrx_word' id='word_1_695' title='bbox 61 2427 134 2460; x_wconf 64' lang='grc' dir='ltr'>είεὶἓ.</span> <span class='ocrx_word' id='word_1_696' title='bbox 149 2431 267 2459; x_wconf 67' lang='lat' dir='ltr'><strong><em>ecclesizc</em></strong></span> <span class='ocrx_word' id='word_1_697' title='bbox 290 2432 456 2459; x_wconf 75' lang='lat' dir='ltr'><strong><em>catltedralis</em></strong></span> <span class='ocrx_word' id='word_1_698' title='bbox 479 2431 669 2463; x_wconf 83' lang='lat' dir='ltr'><strong><em>Ebroicensis;</em></strong></span> <span class='ocrx_word' id='word_1_699' title='bbox 684 2431 712 2463; x_wconf 85' lang='lat'><strong><em>5,</em></strong></span> <span class='ocrx_word' id='word_1_700' title='bbox 725 2438 804 2457; x_wconf 78' lang='lat' dir='ltr'><strong><em>monrt</em></strong></span> <span class='ocrx_word' id='word_1_701' title='bbox 835 2433 856 2462; x_wconf 85' lang='lat' dir='ltr'><strong><em>c</em></strong></span> <span class='ocrx_word' id='word_1_702' title='bbox 874 2429 966 2457; x_wconf 82' lang='lat' dir='ltr'><strong><em>Sancti</em></strong></span> <span class='ocrx_word' id='word_1_703' title='bbox 988 2429 1148 2456; x_wconf 88' lang='lat' dir='ltr'><strong><em>Tbcodorici</em></strong></span> <span class='ocrx_word' id='word_1_704' title='bbox 1166 2428 1274 2464; x_wconf 78' lang='lat' dir='ltr'><strong><em>legitur,</em></strong></span> <span class='ocrx_word' id='word_1_705' title='bbox 1292 2438 1302 2455; x_wconf 85' lang='grc'><strong><em>1</em></strong></span> <span class='ocrx_word' id='word_1_706' title='bbox 1320 2430 1487 2456; x_wconf 82' lang='lat' dir='ltr'><strong><em>arctabatur.</em></strong></span> <span class='ocrx_word' id='word_1_707' title='bbox 1508 2439 1517 2455; x_wconf 85' lang='grc'><strong><em>1</em></strong></span> 
     </span>
    </p>
   </div>
   <div class='ocr_carea' id='block_1_66' title="bbox 61 2465 819 2502">
    <p class='ocr_par' dir='ltr' id='par_1_66' title="bbox 61 2465 819 2502">
     <span class='ocr_line' id='line_1_66' title="bbox 61 2465 819 2502; baseline 0.007 -15"><span class='ocrx_word' id='word_1_708' title='bbox 61 2465 212 2502; x_wconf 69' lang='grc'><strong>111-1118111111</strong></span> <span class='ocrx_word' id='word_1_709' title='bbox 229 2467 393 2494; x_wconf 77' lang='lat' dir='ltr'><strong><em>Tlicodorici</em></strong></span> <span class='ocrx_word' id='word_1_710' title='bbox 408 2470 497 2502; x_wconf 81' lang='lat' dir='ltr'><strong><em>prope</em></strong></span> <span class='ocrx_word' id='word_1_711' title='bbox 515 2466 642 2493; x_wconf 78' lang='lat' dir='ltr'><strong><em>Rhetnos.</em></strong></span> <span class='ocrx_word' id='word_1_712' title='bbox 658 2481 694 2486; x_wconf 94' lang='lat'><strong>—</strong></span> <span class='ocrx_word' id='word_1_713' title='bbox 706 2466 819 2502; x_wconf 72' lang='lat' dir='ltr'><strong><em>Coll-aia:</em></strong></span> 
     </span>
    </p>
   </div>
   <div class='ocr_carea' id='block_1_67' title="bbox 62 2500 820 2536">
    <p class='ocr_par' dir='ltr' id='par_1_67' title="bbox 62 2500 820 2536">
     <span class='ocr_line' id='line_1_67' title="bbox 62 2500 820 2536; baseline 0.007 -13"><span class='ocrx_word' id='word_1_714' title='bbox 62 2503 107 2536; x_wconf 62' lang='lat' dir='ltr'><strong><em>sunt</em></strong></span> <span class='ocrx_word' id='word_1_715' title='bbox 118 2500 226 2536; x_wconf 69' lang='lat' dir='ltr'><strong><em>_ll0lliIlIiI!</em></strong></span> <span class='ocrx_word' id='word_1_716' title='bbox 237 2510 298 2529; x_wconf 88' lang='lat' dir='ltr'><strong><em>cum</em></strong></span> <span class='ocrx_word' id='word_1_717' title='bbox 314 2509 361 2528; x_wconf 78' lang='lat' dir='ltr'><strong><em>sex</em></strong></span> <span class='ocrx_word' id='word_1_718' title='bbox 376 2500 442 2529; x_wconf 66' lang='lat' dir='ltr'><strong><em>mss.</em></strong></span> <span class='ocrx_word' id='word_1_719' title='bbox 458 2500 504 2528; x_wconf 34' lang='lat' dir='ltr'><strong><em>:‘I&quot;</em></strong></span> <span class='ocrx_word' id='word_1_720' title='bbox 518 2501 683 2528; x_wconf 84' lang='lat' dir='ltr'><strong><em>calltcdralis</em></strong></span> <span class='ocrx_word' id='word_1_721' title='bbox 697 2501 820 2528; x_wconf 72' lang='lat' dir='ltr'><strong><em>ecclesiae</em></strong></span> 
     </span>
    </p>
   </div>
   <div class='ocr_carea' id='block_1_68' title="bbox 63 2530 819 2571">
    <p class='ocr_par' dir='ltr' id='par_1_68' title="bbox 63 2530 819 2571">
     <span class='ocr_line' id='line_1_68' title="bbox 63 2530 819 2571; baseline 0.008 -15"><span class='ocrx_word' id='word_1_722' title='bbox 63 2530 207 2571; x_wconf 64' lang='lat' dir='ltr'><strong><em>Eliroieensis</em></strong></span> <span class='ocrx_word' id='word_1_723' title='bbox 222 2537 267 2571; x_wconf 90' lang='lat' dir='ltr'><strong><em>qui</em></strong></span> <span class='ocrx_word' id='word_1_724' title='bbox 285 2537 391 2564; x_wconf 89' lang='lat' dir='ltr'><strong><em>decimo</em></strong></span> <span class='ocrx_word' id='word_1_725' title='bbox 407 2536 506 2564; x_wconf 79' lang='lat' dir='ltr'><strong><em>saeculo</em></strong></span> <span class='ocrx_word' id='word_1_726' title='bbox 515 2542 643 2563; x_wconf 82' lang='lat' dir='ltr'><strong><em>exaratus</em></strong></span> <span class='ocrx_word' id='word_1_727' title='bbox 662 2537 781 2564; x_wconf 87' lang='lat' dir='ltr'><strong><em>videtur.</em></strong></span> <span class='ocrx_word' id='word_1_728' title='bbox 793 2536 819 2562; x_wconf 93' lang='grc'><strong><em>111</em></strong></span> 
     </span>
    </p>
   </div>
   <div class='ocr_carea' id='block_1_69' title="bbox 62 2568 820 2607">
    <p class='ocr_par' dir='ltr' id='par_1_69' title="bbox 62 2568 820 2607">
     <span class='ocr_line' id='line_1_69' title="bbox 62 2568 820 2607; baseline 0.004 -12"><span class='ocrx_word' id='word_1_729' title='bbox 62 2568 368 2607; x_wconf 55' lang='grc'><strong>1111191111111111111-1101111111</strong></span> <span class='ocrx_word' id='word_1_730' title='bbox 386 2571 524 2606; x_wconf 74' lang='grc' dir='ltr'><strong>ρ1111111.2ο</strong></span> <span class='ocrx_word' id='word_1_731' title='bbox 539 2571 655 2607; x_wconf 55' lang='lat' dir='ltr'><strong><em>abbatis:</em></strong></span> <span class='ocrx_word' id='word_1_732' title='bbox 667 2571 760 2599; x_wconf 76' lang='lat' dir='ltr'><strong><em>Sancti</em></strong></span> <span class='ocrx_word' id='word_1_733' title='bbox 770 2571 820 2598; x_wconf 87' lang='lat' dir='ltr'><strong><em>Pe-</em></strong></span> 
     </span>
    </p>
   </div>
   <div class='ocr_carea' id='block_1_70' title="bbox 63 2604 821 2637">
    <p class='ocr_par' dir='ltr' id='par_1_70' title="bbox 63 2604 821 2637">
     <span class='ocr_line' id='line_1_70' title="bbox 63 2604 821 2637; baseline 0.004 -7"><span class='ocrx_word' id='word_1_734' title='bbox 63 2604 86 2637; x_wconf 68' lang='lat' dir='ltr'><strong><em>!ri</em></strong></span> <span class='ocrx_word' id='word_1_735' title='bbox 96 2604 268 2637; x_wconf 77' lang='lat' dir='ltr'><strong><em>Carnolensis,</em></strong></span> <span class='ocrx_word' id='word_1_736' title='bbox 283 2607 347 2633; x_wconf 86' lang='lat' dir='ltr'><strong><em>dato</em></strong></span> <span class='ocrx_word' id='word_1_737' title='bbox 361 2604 422 2633; x_wconf 75' lang='grc' dir='ltr'><strong>111111τ</strong></span> <span class='ocrx_word' id='word_1_738' title='bbox 438 2607 605 2633; x_wconf 82' lang='lat' dir='ltr'><strong><em>tnmtasterio</em></strong></span> <span class='ocrx_word' id='word_1_739' title='bbox 620 2606 654 2633; x_wconf 85' lang='lat' dir='ltr'><strong><em>ab</em></strong></span> <span class='ocrx_word' id='word_1_740' title='bbox 677 2607 763 2634; x_wconf 81' lang='lat' dir='ltr'><strong><em>Alvco</em></strong></span> <span class='ocrx_word' id='word_1_741' title='bbox 774 2607 821 2633; x_wconf 82' lang='lat' dir='ltr'><strong><em>ab-</em></strong></span> 
     </span>
    </p>
   </div>
   <div class='ocr_carea' id='block_1_71' title="bbox 63 2634 820 2678">
    <p class='ocr_par' dir='ltr' id='par_1_71' title="bbox 63 2634 820 2678">
     <span class='ocr_line' id='line_1_71' title="bbox 63 2634 820 2678; baseline 0.011 -18"><span class='ocrx_word' id='word_1_742' title='bbox 63 2634 108 2664; x_wconf 83' lang='lat' dir='ltr'><strong><em>hate</em></strong></span> <span class='ocrx_word' id='word_1_743' title='bbox 114 2641 155 2678; x_wconf 73' lang='lat' dir='ltr'><strong><em>qui</em></strong></span> <span class='ocrx_word' id='word_1_744' title='bbox 168 2641 236 2678; x_wconf 60' lang='lat' dir='ltr'><strong><em>obiit</em></strong></span> <span class='ocrx_word' id='word_1_745' title='bbox 243 2634 385 2678; x_wconf 71' lang='lat' dir='ltr'><strong><em>ann._955.</em></strong></span> <span class='ocrx_word' id='word_1_746' title='bbox 401 2641 429 2668; x_wconf 74' lang='lat'><strong><em>5°</em></strong></span> <span class='ocrx_word' id='word_1_747' title='bbox 440 2641 549 2678; x_wconf 78' lang='lat' dir='ltr'><strong><em>Majoris</em></strong></span> <span class='ocrx_word' id='word_1_748' title='bbox 558 2642 718 2678; x_wconf 65' lang='lat' dir='ltr'><strong><em>monasterii</em></strong></span> <span class='ocrx_word' id='word_1_749' title='bbox 733 2641 820 2678; x_wconf 86' lang='lat' dir='ltr'><strong><em>Turo-</em></strong></span> 
     </span>
    </p>
   </div>
   <div class='ocr_carea' id='block_1_72' title="bbox 63 2675 818 2704">
    <p class='ocr_par' dir='ltr' id='par_1_72' title="bbox 63 2675 818 2704">
     <span class='ocr_line' id='line_1_72' title="bbox 63 2675 818 2704; baseline 0.009 -9"><span class='ocrx_word' id='word_1_750' title='bbox 63 2675 142 2700; x_wconf 65' lang='lat' dir='ltr'><strong><em>Itt’ltsis.</em></strong></span> <span class='ocrx_word' id='word_1_751' title='bbox 168 2675 197 2701; x_wconf 72' lang='grc'><strong><em>4·</em></strong></span> <span class='ocrx_word' id='word_1_752' title='bbox 218 2676 345 2703; x_wconf 65' lang='lat' dir='ltr'><strong><em>Ecclesia:</em></strong></span> <span class='ocrx_word' id='word_1_753' title='bbox 368 2677 534 2704; x_wconf 84' lang='lat' dir='ltr'><strong><em>catltedralis</em></strong></span> <span class='ocrx_word' id='word_1_754' title='bbox 557 2677 770 2703; x_wconf 74' lang='lat' dir='ltr'><strong><em>Bellovaceusis.</em></strong></span> <span class='ocrx_word' id='word_1_755' title='bbox 789 2677 818 2702; x_wconf 76' lang='lat'><strong><em>5°</em></strong></span> 
     </span>
    </p>
   </div>
   <div class='ocr_carea' id='block_1_73' title="bbox 62 2704 819 2746">
    <p class='ocr_par' dir='ltr' id='par_1_73' title="bbox 62 2704 819 2746">
     <span class='ocr_line' id='line_1_73' title="bbox 62 2704 819 2746; baseline 0.001 -9"><span class='ocrx_word' id='word_1_756' title='bbox 62 2704 163 2746; x_wconf 44' lang='grc' dir='ltr'><strong><em>ζωῇ-5111</em></strong></span> <span class='ocrx_word' id='word_1_757' title='bbox 175 2711 337 2746; x_wconf 75' lang='lat' dir='ltr'><strong><em>cathedralis</em></strong></span> <span class='ocrx_word' id='word_1_758' title='bbox 354 2711 551 2739; x_wconf 80' lang='lat' dir='ltr'><strong><em>Lauduuensis.</em></strong></span> <span class='ocrx_word' id='word_1_759' title='bbox 565 2713 593 2738; x_wconf 63' lang='grc' dir='ltr'><strong>ϐε</strong></span> <span class='ocrx_word' id='word_1_760' title='bbox 608 2712 727 2746; x_wconf 82' lang='lat' dir='ltr'><strong><em>Denique</em></strong></span> <span class='ocrx_word' id='word_1_761' title='bbox 735 2712 819 2738; x_wconf 77' lang='lat' dir='ltr'><strong><em>abba-</em></strong></span> 
     </span>
    </p>
   </div>
   <div class='ocr_carea' id='block_1_74' title="bbox 63 2742 465 2781">
    <p class='ocr_par' dir='ltr' id='par_1_74' title="bbox 63 2742 465 2781">
     <span class='ocr_line' id='line_1_74' title="bbox 63 2742 465 2781; baseline 0.012 -11"><span class='ocrx_word' id='word_1_762' title='bbox 63 2742 182 2781; x_wconf 53' lang='lat' dir='ltr'><strong><em>lilgﬁaucti</em></strong></span> <span class='ocrx_word' id='word_1_763' title='bbox 195 2746 299 2772; x_wconf 82' lang='lat' dir='ltr'><strong><em>Martini</em></strong></span> <span class='ocrx_word' id='word_1_764' title='bbox 315 2745 465 2781; x_wconf 77' lang='lat' dir='ltr'><strong><em>Sagiensis.</em></strong></span> 
     </span>
    </p>
   </div>
   <div class='ocr_carea' id='block_1_75' title="bbox 85 2776 817 2819">
    <p class='ocr_par' dir='ltr' id='par_1_75' title="bbox 85 2776 817 2819">
     <span class='ocr_line' id='line_1_75' title="bbox 85 2776 817 2819; baseline 0 -12"><span class='ocrx_word' id='word_1_765' title='bbox 147 2776 458 2819; x_wconf 50' lang='lat' dir='ltr'><strong><em>Codd:_Bel10\&#39;_a‘ét3llSlS,</em></strong></span> <span class='ocrx_word' id='word_1_766' title='bbox 483 2786 511 2809; x_wconf 86' lang='lat' dir='ltr'><strong><em>et</em></strong></span> <span class='ocrx_word' id='word_1_767' title='bbox 528 2781 713 2819; x_wconf 67' lang='lat' dir='ltr'><strong><em>Ebroiceusis,</em></strong></span> <span class='ocrx_word' id='word_1_768' title='bbox 733 2792 746 2806; x_wconf 72' lang='grc' dir='ltr'><strong>α</strong></span> <span class='ocrx_word' id='word_1_769' title='bbox 773 2781 817 2819; x_wconf 79' lang='lat' dir='ltr'><strong><em>qui</em></strong></span> 
     </span>
    </p>
   </div>
   <div class='ocr_carea' id='block_1_76' title="bbox 63 2816 819 2854">
    <p class='ocr_par' dir='ltr' id='par_1_76' title="bbox 63 2816 819 2854">
     <span class='ocr_line' id='line_1_76' title="bbox 63 2816 819 2854; baseline -0.001 -10"><span class='ocrx_word' id='word_1_770' title='bbox 63 2816 103 2854; x_wconf 62' lang='lat'><strong><em>[98!</em></strong></span> <span class='ocrx_word' id='word_1_771' title='bbox 122 2816 144 2854; x_wconf 63' lang='lat' dir='ltr'><strong><em>III</em></strong></span> <span class='ocrx_word' id='word_1_772' title='bbox 166 2816 270 2854; x_wconf 78' lang='lat' dir='ltr'><strong><em>oppido.</em></strong></span> <span class='ocrx_word' id='word_1_773' title='bbox 293 2826 314 2854; x_wconf 50' lang='lat' dir='ltr'>L</span> <span class='ocrx_word' id='word_1_774' title='bbox 327 2817 416 2844; x_wconf 80' lang='lat' dir='ltr'><strong><em>Codex</em></strong></span> <span class='ocrx_word' id='word_1_775' title='bbox 441 2817 723 2854; x_wconf 79' lang='lat' dir='ltr'><strong><em>Sancti&#39;l‘bcodorici,</em></strong></span> <span class='ocrx_word' id='word_1_776' title='bbox 745 2827 753 2843; x_wconf 83' lang='grc'><strong><em>1</em></strong></span> <span class='ocrx_word' id='word_1_777' title='bbox 769 2816 819 2854; x_wconf 75' lang='lat' dir='ltr'><strong><em>qui</em></strong></span> 
     </span>
    </p>
   </div>
   <div class='ocr_carea' id='block_1_77' title="bbox 63 2850 819 2886">
    <p class='ocr_par' dir='ltr' id='par_1_77' title="bbox 63 2850 819 2886">
     <span class='ocr_line' id='line_1_77' title="bbox 63 2850 819 2886; baseline 0.005 -12"><span class='ocrx_word' id='word_1_778' title='bbox 63 2850 128 2880; x_wconf 62' lang='lat' dir='ltr'><strong><em>regini</em></strong></span> <span class='ocrx_word' id='word_1_779' title='bbox 149 2851 245 2884; x_wconf 77' lang='lat' dir='ltr'><strong><em>oppidi.</em></strong></span> <span class='ocrx_word' id='word_1_780' title='bbox 265 2861 274 2876; x_wconf 74' lang='grc' dir='ltr'><strong><em>ι</em></strong></span> <span class='ocrx_word' id='word_1_781' title='bbox 294 2851 352 2879; x_wconf 74' lang='lat' dir='ltr'><strong><em>Mox</em></strong></span> <span class='ocrx_word' id='word_1_782' title='bbox 373 2860 422 2886; x_wconf 88' lang='lat' dir='ltr'><strong><em>pro</em></strong></span> <span class='ocrx_word' id='word_1_783' title='bbox 439 2862 447 2877; x_wconf 92' lang='grc'><strong><em>1</em></strong></span> <span class='ocrx_word' id='word_1_784' title='bbox 471 2852 626 2885; x_wconf 70' lang='lat' dir='ltr'><strong><em>arcebatur,</em></strong></span> <span class='ocrx_word' id='word_1_785' title='bbox 648 2862 656 2879; x_wconf 85' lang='grc'><strong><em>1</em></strong></span> <span class='ocrx_word' id='word_1_786' title='bbox 682 2853 707 2879; x_wconf 91' lang='grc'><strong><em>111</em></strong></span> <span class='ocrx_word' id='word_1_787' title='bbox 726 2852 819 2879; x_wconf 82' lang='lat' dir='ltr'><strong><em>codice</em></strong></span> 
     </span>
    </p>
   </div>
   <div class='ocr_carea' id='block_1_78' title="bbox 194 2898 490 2929">
    <p class='ocr_par' dir='ltr' id='par_1_78' title="bbox 194 2898 490 2929">
     <span class='ocr_line' id='line_1_78' title="bbox 194 2898 490 2929; baseline 0.007 -2"><span class='ocrx_word' id='word_1_788' title='bbox 194 2898 330 2928; x_wconf 66' lang='lat' dir='ltr'><strong><em>I‘nnou.</em></strong></span> <span class='ocrx_word' id='word_1_789' title='bbox 346 2899 404 2929; x_wconf 79' lang='lat' dir='ltr'><strong><em>Gn.</em></strong></span> <span class='ocrx_word' id='word_1_790' title='bbox 422 2899 490 2929; x_wconf 71' lang='lat' dir='ltr'><strong><em>XII.</em></strong></span> 
     </span>
    </p>
   </div>
   <div class='ocr_carea' id='block_1_79' title="bbox 911 2464 1674 2499">
    <p class='ocr_par' dir='ltr' id='par_1_79' title="bbox 911 2464 1674 2499">
     <span class='ocr_line' id='line_1_79' title="bbox 911 2464 1674 2499; baseline 0.003 -8"><span class='ocrx_word' id='word_1_791' title='bbox 911 2465 968 2499; x_wconf 71' lang='grc'><strong><em>(49)</em></strong></span> <span class='ocrx_word' id='word_1_792' title='bbox 983 2465 1074 2492; x_wconf 81' lang='lat' dir='ltr'><strong><em>Codex</em></strong></span> <span class='ocrx_word' id='word_1_793' title='bbox 1089 2464 1262 2492; x_wconf 84' lang='lat' dir='ltr'><strong><em>Belvacensis</em></strong></span> <span class='ocrx_word' id='word_1_794' title='bbox 1275 2467 1382 2492; x_wconf 83' lang='lat' dir='ltr'><strong><em>etalter</em></strong></span> <span class='ocrx_word' id='word_1_795' title='bbox 1396 2465 1489 2492; x_wconf 82' lang='lat' dir='ltr'><strong><em>Sancti</em></strong></span> <span class='ocrx_word' id='word_1_796' title='bbox 1504 2464 1616 2493; x_wconf 84' lang='lat' dir='ltr'><strong><em>Theodo</em></strong></span> <span class='ocrx_word' id='word_1_797' title='bbox 1625 2467 1674 2493; x_wconf 85' lang='grc'><strong>111-1</strong></span> 
     </span>
    </p>
   </div>
   <div class='ocr_carea' id='block_1_80' title="bbox 877 2505 1026 2534">
    <p class='ocr_par' dir='ltr' id='par_1_80' title="bbox 877 2505 1026 2534">
     <span class='ocr_line' id='line_1_80' title="bbox 877 2505 1026 2534; baseline 0 -9"><span class='ocrx_word' id='word_1_798' title='bbox 877 2509 886 2525; x_wconf 84' lang='grc'><strong><em>1</em></strong></span> <span class='ocrx_word' id='word_1_799' title='bbox 906 2505 997 2534; x_wconf 80' lang='lat' dir='ltr'><strong><em>ponat.</em></strong></span> <span class='ocrx_word' id='word_1_800' title='bbox 1018 2509 1026 2525; x_wconf 85' lang='lat' dir='ltr'><strong>I</strong></span> 
     </span>
    </p>
   </div>
   <div class='ocr_carea' id='block_1_81' title="bbox 911 2534 1673 2570">
    <p class='ocr_par' dir='ltr' id='par_1_81' title="bbox 911 2534 1673 2570">
     <span class='ocr_line' id='line_1_81' title="bbox 911 2534 1673 2570; baseline 0 -8"><span class='ocrx_word' id='word_1_801' title='bbox 911 2536 968 2570; x_wconf 79' lang='lat'><strong><em>(50)</em></strong></span> <span class='ocrx_word' id='word_1_802' title='bbox 982 2535 1072 2562; x_wconf 75' lang='lat' dir='ltr'><strong><em>Codex</em></strong></span> <span class='ocrx_word' id='word_1_803' title='bbox 1096 2534 1297 2567; x_wconf 79' lang='lat' dir='ltr'><strong><em>Lauduncusls,</em></strong></span> <span class='ocrx_word' id='word_1_804' title='bbox 1315 2543 1325 2560; x_wconf 88' lang='grc'><strong><em>1</em></strong></span> <span class='ocrx_word' id='word_1_805' title='bbox 1347 2535 1514 2562; x_wconf 89' lang='lat' dir='ltr'><strong><em>inscribitur.</em></strong></span> <span class='ocrx_word' id='word_1_806' title='bbox 1535 2544 1545 2562; x_wconf 75' lang='grc' dir='ltr'><strong><em>ι</em></strong></span> <span class='ocrx_word' id='word_1_807' title='bbox 1571 2535 1626 2563; x_wconf 85' lang='lat' dir='ltr'><strong><em>Ebr</em></strong></span> <span class='ocrx_word' id='word_1_808' title='bbox 1635 2537 1673 2562; x_wconf 90' lang='lat' dir='ltr'><strong><em>oi-</em></strong></span> 
     </span>
    </p>
   </div>
   <div class='ocr_carea' id='block_1_82' title="bbox 876 2570 1227 2601">
    <p class='ocr_par' dir='ltr' id='par_1_82' title="bbox 876 2570 1227 2601">
     <span class='ocr_line' id='line_1_82' title="bbox 876 2570 1227 2601; baseline -0.009 -3"><span class='ocrx_word' id='word_1_809' title='bbox 876 2571 977 2601; x_wconf 76' lang='lat' dir='ltr'><strong><em>censis,</em></strong></span> <span class='ocrx_word' id='word_1_810' title='bbox 995 2579 1004 2595; x_wconf 91' lang='grc'><strong><em>1</em></strong></span> <span class='ocrx_word' id='word_1_811' title='bbox 1024 2570 1200 2598; x_wconf 85' lang='lat' dir='ltr'><strong><em>describitur.</em></strong></span> <span class='ocrx_word' id='word_1_812' title='bbox 1218 2579 1227 2595; x_wconf 76' lang='grc'><strong><em>1</em></strong></span> 
     </span>
    </p>
   </div>
   <div class='ocr_carea' id='block_1_83' title="bbox 911 2604 1667 2640">
    <p class='ocr_par' dir='ltr' id='par_1_83' title="bbox 911 2604 1667 2640">
     <span class='ocr_line' id='line_1_83' title="bbox 911 2604 1667 2640; baseline 0.003 -8"><span class='ocrx_word' id='word_1_813' title='bbox 911 2605 968 2640; x_wconf 71' lang='lat' dir='ltr'><strong><em>(bl)</em></strong></span> <span class='ocrx_word' id='word_1_814' title='bbox 985 2604 1087 2632; x_wconf 87' lang='lat' dir='ltr'><strong><em>Nomen</em></strong></span> <span class='ocrx_word' id='word_1_815' title='bbox 1105 2614 1113 2630; x_wconf 92' lang='grc'><strong><em>1</em></strong></span> <span class='ocrx_word' id='word_1_816' title='bbox 1139 2605 1219 2632; x_wconf 81' lang='lat' dir='ltr'><strong><em>Israel</em></strong></span> <span class='ocrx_word' id='word_1_817' title='bbox 1233 2613 1243 2630; x_wconf 73' lang='grc'><strong><em>1</em></strong></span> <span class='ocrx_word' id='word_1_818' title='bbox 1263 2605 1340 2640; x_wconf 70' lang='lat' dir='ltr'><strong><em>deest</em></strong></span> <span class='ocrx_word' id='word_1_819' title='bbox 1356 2605 1381 2631; x_wconf 92' lang='lat' dir='ltr'><strong><em>in</em></strong></span> <span class='ocrx_word' id='word_1_820' title='bbox 1399 2604 1516 2639; x_wconf 76' lang='lat' dir='ltr'><strong><em>vulgatis</em></strong></span> <span class='ocrx_word' id='word_1_821' title='bbox 1536 2606 1667 2634; x_wconf 88' lang='lat' dir='ltr'><strong><em>editioni-</em></strong></span> 
     </span>
    </p>
   </div>
   <div class='ocr_carea' id='block_1_84' title="bbox 874 2639 1665 2676">
    <p class='ocr_par' dir='ltr' id='par_1_84' title="bbox 874 2639 1665 2676">
     <span class='ocr_line' id='line_1_84' title="bbox 874 2639 1665 2676; baseline 0.001 -9"><span class='ocrx_word' id='word_1_822' title='bbox 874 2641 934 2671; x_wconf 88' lang='lat' dir='ltr'><strong><em>Ims.</em></strong></span> <span class='ocrx_word' id='word_1_823' title='bbox 956 2641 1001 2667; x_wconf 87' lang='lat' dir='ltr'><strong><em>sed</em></strong></span> <span class='ocrx_word' id='word_1_824' title='bbox 1022 2640 1168 2676; x_wconf 81' lang='lat' dir='ltr'><strong><em>suppletur</em></strong></span> <span class='ocrx_word' id='word_1_825' title='bbox 1185 2647 1200 2676; x_wconf 84' lang='lat' dir='ltr'><strong><em>e</em></strong></span> <span class='ocrx_word' id='word_1_826' title='bbox 1217 2647 1281 2667; x_wconf 88' lang='lat' dir='ltr'><strong><em>mss.</em></strong></span> <span class='ocrx_word' id='word_1_827' title='bbox 1301 2639 1459 2676; x_wconf 83' lang='lat' dir='ltr'><strong><em>Ebroicensi</em></strong></span> <span class='ocrx_word' id='word_1_828' title='bbox 1482 2646 1509 2667; x_wconf 86' lang='lat' dir='ltr'><strong><em>et</em></strong></span> <span class='ocrx_word' id='word_1_829' title='bbox 1527 2640 1665 2676; x_wconf 76' lang='lat' dir='ltr'><strong><em>Sagiensi.</em></strong></span> 
     </span>
    </p>
   </div>
   <div class='ocr_carea' id='block_1_85' title="bbox 874 2675 1552 2709">
    <p class='ocr_par' dir='ltr' id='par_1_85' title="bbox 874 2675 1552 2709">
     <span class='ocr_line' id='line_1_85' title="bbox 874 2675 1552 2709; baseline 0.001 -7"><span class='ocrx_word' id='word_1_830' title='bbox 874 2675 958 2702; x_wconf 80' lang='lat' dir='ltr'><strong><em>Paulo</em></strong></span> <span class='ocrx_word' id='word_1_831' title='bbox 973 2679 1032 2709; x_wconf 68' lang='lat' dir='ltr'><strong><em>past</em></strong></span> <span class='ocrx_word' id='word_1_832' title='bbox 1053 2675 1117 2701; x_wconf 86' lang='lat' dir='ltr'><strong><em>libb.</em></strong></span> <span class='ocrx_word' id='word_1_833' title='bbox 1135 2675 1212 2704; x_wconf 86' lang='lat' dir='ltr'><strong><em>editi.</em></strong></span> <span class='ocrx_word' id='word_1_834' title='bbox 1228 2683 1237 2700; x_wconf 84' lang='grc'><strong><em>1</em></strong></span> <span class='ocrx_word' id='word_1_835' title='bbox 1253 2675 1338 2702; x_wconf 88' lang='lat' dir='ltr'><strong><em>virttts</em></strong></span> <span class='ocrx_word' id='word_1_836' title='bbox 1361 2675 1386 2700; x_wconf 93' lang='grc'><strong><em>111</em></strong></span> <span class='ocrx_word' id='word_1_837' title='bbox 1403 2675 1552 2703; x_wconf 82' lang='lat' dir='ltr'><strong><em>Israelitica</em></strong></span> 
     </span>
    </p>
   </div>
   <div class='ocr_carea' id='block_1_86' title="bbox 874 2710 1666 2745">
    <p class='ocr_par' dir='ltr' id='par_1_86' title="bbox 874 2710 1666 2745">
     <span class='ocr_line' id='line_1_86' title="bbox 874 2710 1666 2745; baseline 0 -7"><span class='ocrx_word' id='word_1_838' title='bbox 874 2711 1032 2745; x_wconf 87' lang='lat' dir='ltr'><strong><em>requiritur.</em></strong></span> <span class='ocrx_word' id='word_1_839' title='bbox 1057 2719 1066 2736; x_wconf 78' lang='lat' dir='ltr'><strong><em>s</em></strong></span> <span class='ocrx_word' id='word_1_840' title='bbox 1090 2710 1143 2736; x_wconf 81' lang='lat' dir='ltr'><strong><em>Sed</em></strong></span> <span class='ocrx_word' id='word_1_841' title='bbox 1154 2714 1270 2743; x_wconf 85' lang='lat' dir='ltr'><strong><em>quatuor</em></strong></span> <span class='ocrx_word' id='word_1_842' title='bbox 1290 2717 1353 2737; x_wconf 82' lang='lat' dir='ltr'><strong><em>mss.</em></strong></span> <span class='ocrx_word' id='word_1_843' title='bbox 1377 2710 1562 2744; x_wconf 79' lang='lat' dir='ltr'><strong><em>Ebroiceusis,</em></strong></span> <span class='ocrx_word' id='word_1_844' title='bbox 1577 2710 1666 2739; x_wconf 76' lang='lat' dir='ltr'><strong><em>Bello-</em></strong></span> 
     </span>
    </p>
   </div>
   <div class='ocr_carea' id='block_1_87' title="bbox 873 2745 1664 2779">
    <p class='ocr_par' dir='ltr' id='par_1_87' title="bbox 873 2745 1664 2779">
     <span class='ocr_line' id='line_1_87' title="bbox 873 2745 1664 2779; baseline 0.005 -7"><span class='ocrx_word' id='word_1_845' title='bbox 873 2746 1005 2775; x_wconf 72' lang='lat' dir='ltr'><strong><em>vacensis.</em></strong></span> <span class='ocrx_word' id='word_1_846' title='bbox 1015 2745 1182 2772; x_wconf 75' lang='lat' dir='ltr'><strong><em>Turonensis</em></strong></span> <span class='ocrx_word' id='word_1_847' title='bbox 1196 2750 1223 2771; x_wconf 85' lang='lat' dir='ltr'><strong><em>et</em></strong></span> <span class='ocrx_word' id='word_1_848' title='bbox 1234 2745 1382 2779; x_wconf 72' lang='lat' dir='ltr'><strong><em>Sagicnsis,</em></strong></span> <span class='ocrx_word' id='word_1_849' title='bbox 1399 2746 1463 2772; x_wconf 86' lang='lat' dir='ltr'><strong><em>utin</em></strong></span> <span class='ocrx_word' id='word_1_850' title='bbox 1475 2751 1565 2773; x_wconf 88' lang='lat' dir='ltr'><strong><em>nostra</em></strong></span> <span class='ocrx_word' id='word_1_851' title='bbox 1578 2751 1664 2776; x_wconf 77' lang='lat' dir='ltr'><strong><em>textu.</em></strong></span> 
     </span>
    </p>
   </div>
   <div class='ocr_carea' id='block_1_88' title="bbox 1586 2677 1665 2710">
    <p class='ocr_par' dir='ltr' id='par_1_88' title="bbox 1586 2677 1665 2710">
     <span class='ocr_line' id='line_1_88' title="bbox 1586 2677 1665 2710; baseline 0.038 -8"><span class='ocrx_word' id='word_1_852' title='bbox 1586 2677 1665 2710; x_wconf 82' lang='lat' dir='ltr'><strong><em>plebe</em></strong></span> 
     </span>
    </p>
   </div>
   <div class='ocr_carea' id='block_1_89' title="bbox 908 2779 1666 2819">
    <p class='ocr_par' dir='ltr' id='par_1_89' title="bbox 908 2779 1666 2819">
     <span class='ocr_line' id='line_1_89' title="bbox 908 2779 1666 2819; baseline 0.004 -12"><span class='ocrx_word' id='word_1_853' title='bbox 908 2781 964 2816; x_wconf 68' lang='grc' dir='ltr'>(ΒΞ)</span> <span class='ocrx_word' id='word_1_854' title='bbox 976 2779 1153 2819; x_wconf 46' lang='grc'><strong><em>⁴[111›1›.“1111111,</em></strong></span> <span class='ocrx_word' id='word_1_855' title='bbox 1175 2788 1183 2805; x_wconf 89' lang='grc'><strong><em>1</em></strong></span> <span class='ocrx_word' id='word_1_856' title='bbox 1205 2781 1335 2819; x_wconf 72' lang='lat' dir='ltr'><strong><em>resoluta.</em></strong></span> <span class='ocrx_word' id='word_1_857' title='bbox 1354 2790 1363 2806; x_wconf 86' lang='grc'><strong><em>1</em></strong></span> <span class='ocrx_word' id='word_1_858' title='bbox 1384 2781 1438 2808; x_wconf 85' lang='lat' dir='ltr'><strong><em>Sed</em></strong></span> <span class='ocrx_word' id='word_1_859' title='bbox 1455 2781 1507 2808; x_wconf 88' lang='lat' dir='ltr'><strong><em>duo</em></strong></span> <span class='ocrx_word' id='word_1_860' title='bbox 1524 2789 1590 2810; x_wconf 82' lang='lat' dir='ltr'><strong><em>mss.</em></strong></span> <span class='ocrx_word' id='word_1_861' title='bbox 1608 2781 1666 2810; x_wconf 71' lang='lat' dir='ltr'><strong><em>lic-l-</em></strong></span> 
     </span>
    </p>
   </div>
   <div class='ocr_carea' id='block_1_90' title="bbox 873 2814 1415 2848">
    <p class='ocr_par' dir='ltr' id='par_1_90' title="bbox 873 2814 1415 2848">
     <span class='ocr_line' id='line_1_90' title="bbox 873 2814 1415 2848; baseline -0.004 -5"><span class='ocrx_word' id='word_1_862' title='bbox 873 2814 998 2843; x_wconf 68' lang='lat' dir='ltr'><strong><em>vacensis</em></strong></span> <span class='ocrx_word' id='word_1_863' title='bbox 1013 2819 1040 2842; x_wconf 86' lang='lat' dir='ltr'><strong><em>et</em></strong></span> <span class='ocrx_word' id='word_1_864' title='bbox 1059 2814 1245 2848; x_wconf 82' lang='lat' dir='ltr'><strong><em>Ebruiceusis,</em></strong></span> <span class='ocrx_word' id='word_1_865' title='bbox 1261 2825 1270 2841; x_wconf 88' lang='grc'><strong><em>1</em></strong></span> <span class='ocrx_word' id='word_1_866' title='bbox 1287 2815 1385 2844; x_wconf 82' lang='lat' dir='ltr'><strong><em>soluta.</em></strong></span> <span class='ocrx_word' id='word_1_867' title='bbox 1406 2825 1415 2841; x_wconf 82' lang='grc'><strong><em>1</em></strong></span> 
     </span>
    </p>
   </div>
   <div class='ocr_carea' id='block_1_91' title="bbox 1473 2899 1506 2929">
    <p class='ocr_par' dir='ltr' id='par_1_91' title="bbox 1473 2899 1506 2929">
     <span class='ocr_line' id='line_1_91' title="bbox 1473 2899 1506 2929; baseline 0.061 -2"><span class='ocrx_word' id='word_1_868' title='bbox 1473 2899 1506 2929; x_wconf 83' lang='grc'><strong>19</strong></span> 
     </span>
    </p>
   </div>
  </div>
