1886 3051
212 115 261 143 πει-ι

955 112 1120 141 ORIGENIS
1786 118 1828 147 588

211 178 342 206 meratos,
366 173 404 200 ait
416 173 488 200 enim
503 172 525 188 "°
544 179 550 198 :
569 181 577 197 t
593 172 683 200 Vestri
704 177 795 200 autem
812 173 896 201 etiam
913 174 1003 209 capilli
1021 175 1042 204 Λ
1058 178 1084 200 ta
1103 173 1253 205 toleranda,
1266 178 1333 209 quot
1358 173 1534 209 profectibus,
1554 179 1620 211 quot
1639 177 1828 211 teutatiouibus,

178 247 182 254 ,
210 221 309 256 capitis
326 219 461 247 numerati
476 224 548 247 sunt.
568 228 577 244 ι
592 219 619 246 lu
634 226 687 254 quo
703 219 797 254 tttique
810 227 862 247 non
876 219 935 247 illos
962 220 1004 246 di-

210 267 291 294 ccbat
309 265 421 300 capillos
441 272 501 292 esse
518 270 686 298 numeratos,
703 265 748 300 qui
766 265 806 294 vel
825 265 898 293 ferro
914 270 1005 293 ιιιιοιι-

210 313 269 341 deri
282 316 308 340 et
320 311 415 347 projici
431 311 531 343 solent,
546 310 589 338 vel
608 311 738 346 temporis
755 315 836 339 aetate
846 311 963 339 dclluere
973 318 1005 338 ac

212 356 319 391 perire;
335 356 382 384 sed
398 356 436 384 illi
455 357 553 391 capitis
572 356 662 390 capilli
675 357 746 391 apud
764 356 847 384 Deum
869 356 1003 384 numerati

210 409 284 436 sunt,
306 402 352 437 qui
372 402 398 430 in
423 401 560 429 Nazarmis
578 407 668 435 erant,
692 402 790 436 quibus
809 402 897 429 inerat
917 403 1005 430 virtus

211 450 328 486 Spiritus
349 449 436 476 sancti
453 448 486 476 ad
507 448 718 483 prosterucmlos
741 448 919 484 alienigenas.
945 449 1005 476 Vir-

209 503 283 525 tutes
297 504 363 531 ergo
379 495 462 523 animi
479 501 507 522 et
524 494 723 522 multitudinem
740 502 881 527 sensuum,
901 496 945 530 qui
969 495 1003 523 de

209 543 355 580 prinqipaIi
383 541 482 570 mentis
510 546 638 574 tanquam
661 540 694 568 de
711 541 801 576 capite
819 542 1002 577 apostolorum

211 590 446 626 producebantur,
467 587 581 622 capillos
599 587 698 622 capitis
718 587 871 622 appellavit.
891 587 944 616 Sed
975 588 1001 615 iu

209 638 268 666 haec
288 645 336 673 per
354 644 496 665 excessum
519 636 663 671 quemdam
681 635 851 667 devenimus,
877 642 948 663 nunc
968 636 1001 662 ad

209 684 377 720 propositum
392 687 572 710 revertamur.

242 731 270 758 2.
289 739 298 756 ι
314 730 346 758 Et
359 730 464 757 locutus
477 734 529 762 est,
544 728 631 764 inquit
643 729 679 761 '”,
695 728 827 757 Dominus
839 727 872 755 ad
890 727 1000 764 Moysen

210 778 236 804 in
253 777 360 805 deserto
379 776 461 804 Sina:
479 785 487 802 ι
504 775 549 802 illa
567 774 672 802 scilicet
688 775 778 802 omnia
795 782 855 809 qua!
875 775 1002 808 superius

202 824 399 859 compendiosa
417 823 573 850 narratione
587 822 855 856 comprehendimus,
872 820 917 848 ubi
933 828 1001 855 pra:-

208 870 308 905 cipitur
324 869 460 896 ntunerari
476 876 490 896 a
506 870 598 904 viginti
617 868 695 896 anuis
709 872 737 896 et
755 875 835 902 supra
854 867 941 895 omnis
955 867 999 901 qui

208 916 331 951 procedit
347 916 372 943 iu
390 915 490 943 virtute
503 915 596 943 Israel.
615 915 643 942 Si
657 915 719 950 quis
744 922 808 949 ergo
824 914 946 949 procedit
973 914 999 941 in

207 964 318 995 virtute,
335 963 391 997 ipse
408 967 578 993 numeratur,
594 966 620 989 ct
634 969 687 989 non
704 961 729 988 iu
745 960 929 996 qualicunque
945 961 1000 987 vir-

207 1013 274 1039 tute,
298 1009 322 1036 id
343 1013 395 1041 est,
410 1016 462 1035 non
479 1007 506 1034 iu
523 1007 714 1043 Egyptiorum
727 1007 842 1038 virtttte,
860 1013 947 1041 neque
971 1006 998 1033 in

207 1054 391 1089 Assyriorum,
406 1060 492 1087 neque
522 1053 548 1079 in
576 1053 745 1083 Gnccorum,
772 1052 818 1078 sed
843 1051 868 1078 in
896 1051 1000 1078 virtute

200 1099 298 1133 'lsracl,
314 1101 369 1135 ipse
384 1104 543 1126 numeratur
556 1099 627 1134 apud
646 1098 740 1125 Deum.
758 1097 805 1125 Est
821 1097 894 1124 enim
913 1097 999 1124 virtus

206 1148 301 1179 animi,
315 1154 395 1182 quam
408 1147 566 1173 Cra-corum
581 1145 733 1181 philosophi
750 1145 859 1173 docent.
876 1144 929 1172 Sed
942 1145 999 1172 haec

207 1202 261 1221 non
277 1192 394 1229 pertinet
412 1192 445 1219 ad
462 1200 604 1219 ntttucrttttt
621 1191 680 1218 Dei.
703 1190 760 1217 Non
774 1191 846 1217 eniut
868 1198 916 1224 pro
932 1190 996 1222 Det).

206 1241 252 1267 sed
266 1247 314 1274 pro
325 1237 411 1273 gloria
420 1243 565 1265 exercetur
581 1237 709 1264 lutmana.
724 1236 769 1264 Est
785 1241 812 1263 et
824 1236 997 1271 Assyriorum

202 1287 305 1316 'virtus,
322 1289 365 1311 est
386 1284 587 1314 Chaldmorum,
601 1291 661 1317 qua:
679 1283 705 1309 iu
727 1282 880 1317 astrologia:
902 1283 999 1310 studiis

208 1331 381 1366 pra-dicatur.
403 1328 456 1357 Sed
476 1337 527 1356 non
551 1334 593 1356 est
609 1329 659 1355 ista
676 1328 762 1355 virtus
785 1328 944 1360 Israelitica,
972 1332 1000 1355 et

208 1378 269 1404 idco
285 1384 337 1403 non
350 1376 466 1411 pertinet
480 1376 514 1402 ad
527 1375 620 1402 Deum.
637 1374 684 1402 Est
699 1379 725 1402 et
737 1373 929 1410 Egyptiorum
945 1374 998 1401 vir-

203 1428 252 1450 tus
270 1423 296 1449 in
310 1429 342 1449 ea
367 1429 447 1456 quam
462 1421 555 1448 dicuttt
581 1424 687 1447 secreta
707 1419 852 1454 sapientia,
870 1420 918 1446 sed
941 1420 997 1447 lucc

206 1477 260 1496 non
276 1467 430 1503 adiungitur
452 1467 484 1494 ad
497 1466 631 1493 calculunt
654 1466 712 1494 Dei.
735 1465 800 1493 Sola
827 1466 898 1500 apud
914 1465 997 1492 Demu

205 1515 294 1542 virtus
322 1514 469 1542 lsraelitica
495 1517 664 1540 nttmeratur.
689 1512 751 1540 “:00
776 1519 817 1541 est
836 1512 881 1540 illa
897 1512 994 1546 virtus,
1010 1528 1032 1557 Ο

200 1569 267 1597 quae
291 1570 306 1588 a
336 1560 391 1588 Deo
411 1561 536 1592 docetur,
556 1567 616 1595 quae
639 1567 686 1595 per
715 1559 873 1594 Seriptttras
890 1559 997 1586 divinas

206 1609 335 1641 discitur,
355 1615 415 1643 qua:
432 1615 480 1642 per
497 1607 576 1634 lidctn
605 1606 790 1642 evangelicum
814 1610 843 1633 et
868 1605 997 1641 apostoli-

198 1663 267 1682 tum
281 1655 407 1682 traditur.
430 1654 461 1681 Et
476 1654 535 1681 ideo
555 1653 621 1680 dicit
639 1658 667 1680 ut
680 1652 717 1679 illi
735 1652 786 1680 soli
805 1655 996 1685 numerentur,

199 1702 252 1736 qui
279 1700 489 1735 progrediuntur
518 1699 543 1726 in
571 1699 672 1726 virtute
698 1698 791 1725 lsrael.
808 1697 861 1725 Sed
883 1702 911 1724 et
929 1697 996 1724 illud

198 1748 422 1779 consideremus,
437 1745 500 1780 quid
514 1744 638 1780 estquod
655 1753 706 1771 non
723 1744 814 1772 statim
830 1748 858 1770 ut
869 1751 996 1779 egressus

197 1799 246 1822 ’ρει
262 1794 296 1822 de
323 1792 441 1828 Egypto
466 1791 580 1826 populus
606 1795 774 1818 numeratur.
801 1790 897 1817 Adhuc
923 1790 994 1816 enim

206 1841 419 1877 persequebatur
433 1839 550 1866 l'harao.
566 1837 620 1865 Sed
635 1846 685 1865 nec
699 1845 759 1864 cum
777 1844 851 1864 mare
874 1836 995 1864 Rubrum

197 1887 316 1923 quidem
336 1886 470 1914 transiens
485 1884 558 1911 venit
575 1885 600 1910 in
622 1884 761 1911 desertum
782 1883 881 1910 dicitur
901 1890 995 1909 nume-

207 1934 273 1960 rari.
290 1932 413 1960 Nondum
436 1931 508 1958 enim
525 1930 631 1963 tentati,
647 1929 765 1957 nondum
788 1929 822 1956 ab
845 1929 922 1956 hoste
938 1928 996 1956 fue-

207 1984 268 2006 rant
288 1977 448 2013 impugnati.
469 1975 623 2010 Conﬂigunt
645 1975 789 2002 adversum
806 1974 948 2006 Amalech,
969 1979 998 2001 et

207 2025 328 2052 vincunt.
353 2023 405 2051 Sed
431 2030 481 2050 nec
503 2028 566 2050 tunc
590 2021 700 2056 quidem
725 2025 917 2048 numerantur.
938 2020 995 2047 Non

207 2070 279 2099 enim
294 2069 392 2097 sullicit
406 2069 439 2096 ad
457 2067 653 2103 perfectionem
665 2065 784 2093 tendenti
802 2074 853 2093 una
871 2066 995 2094 victoria.

207 2116 311 2143 Matutae
332 2114 470 2150 accipittnt
491 2115 594 2146 cibum,
611 2118 636 2140 et
655 2120 731 2148 aquae
752 2112 876 2147 poculum
893 2113 927 2140 de
954 2119 997 2140 se-

206 2161 301 2195 quenti
317 2160 445 2188 hauriunt
458 2164 547 2193 petra;
565 2158 612 2186 sed
622 2165 709 2193 ueqtte
724 2163 787 2186 tunc
804 2163 994 2185 numerantur.

1058 225 1124 254 quot
1141 219 1242 254 prmliis
1261 221 1433 256 pugnandum
1450 221 1497 247 tibi
1522 225 1564 248 est
1582 229 1608 249 et
1624 223 1789 258 vincendum,
1805 230 1828 252 ιιι

1057 266 1145 301 possis
1164 267 1197 293 ad
1213 267 1335 294 divinum
1359 275 1502 295 numerum
1525 269 1663 303 pertinere
1678 270 1745 305 (53),
1767 275 1793 298 ιιι
1808 271 1829 298 in

1056 317 1184 347 cennputo
1194 313 1286 348 aliquo
1304 314 1431 341 habearis
1443 316 1513 350 apud
1533 315 1629 348 Deutu,
1650 321 1679 344 ut
1699 316 1828 344 iutersan-

1056 364 1115 387 etas
1133 360 1219 387 tribns
1237 360 1410 387 adnumerari
1430 361 1526 395 dignus
1544 361 1681 394 hahearis,
1697 368 1726 390 ut
1739 362 1828 391 visitari

1055 405 1157 439 possis,
1172 409 1199 432 et
1219 413 1267 440 per
1283 405 1328 432 Dei
1346 405 1502 433 sacerdotes
1516 405 1605 433 Aaron
1625 411 1652 434 et
1668 407 1771 442 Moysen
1787 417 1828 435 uu-

1056 457 1193 477 uterorum
1205 451 1334 478 censibus
1347 450 1457 478 ascribi.
1475 449 1653 486 Suscipiemla
1674 452 1721 479 tibi
1733 457 1770 480 est
1785 454 1831 487 pri-

1055 504 1100 524 mo
1119 495 1160 524 lex
1173 496 1232 530 Dei,
1247 497 1289 525 lex
1304 497 1423 532 Spiritus
1431 498 1531 528 sancti.
1545 498 1685 526 otfcrenda
1698 499 1829 532 sacriﬁcia,

1055 543 1194 578 explenda;
1209 543 1424 578 puriﬁcationes.
1447 547 1599 581 peragenda
1616 549 1713 572 cuncta
1727 552 1782 579 qua:
1794 545 1828 572 lex

1054 588 1168 624 spiritus
1183 589 1271 621 docet,
1292 594 1318 616 ut
1334 591 1421 625 possis
1437 591 1583 626 aliquando
1608 591 1641 618 ad
1665 590 1829 618 lsraeliticuut

1055 641 1199 662 numerum
1215 637 1352 670 pertinere
1369 636 1437 672 (δι).

1088 680 1116 709 ὅ.
1142 681 1198 716 Ego
1224 682 1312 710 adhuc
1337 683 1453 719 amplius
1481 682 1581 718 aliquid
1606 682 1713 710 intueor
1736 683 1761 710 in
1787 681 1830 710 hoc

1053 727 1235 756 Numerorum
1277 730 1346 758 libro
1387 730 1523 766 mysterii.
1563 729 1642 757 Ratio
1685 730 1756 756 enim
1791 730 1831 756 tri-

1053 775 1157 809 buum,
1188 781 1215 803 et
1235 777 1373 804 distinctio
1394 777 1540 808 ordinum,
1575 777 1693 804 societas
1723 775 1830 802 familia-

1055 829 1112 848 rum
1125 841 1134 853 .
1164 827 1245 856 atque
1271 823 1409 850 ordinatio
1429 827 1527 850 cuncta
1562 825 1714 849 castrorum
1732 843 1738 855 ,
1758 821 1828 856 277

1054 868 1202 903 ingentium
1237 869 1301 896 tttihi
1336 874 1569 897 sacramentorum
1603 869 1695 903 prodit
1723 868 1830 895 indicia:

1052 914 1173 948 apostolo
1199 915 1278 942 nobis
1301 915 1384 943 Paulo
1417 916 1546 950 spiritalis
1582 914 1770 949 intelligentia:
1799 921 1833 940 se-

1051 961 1123 988 mina
1148 968 1333 997 respergente.
1360 962 1393 990 Et
1412 969 1478 997 age.
1509 962 1564 996 jam
1584 961 1648 996 quid
1673 960 1765 988 outnis
1780 960 1832 986 lucc.

1051 1015 1227 1034 mnuerortuu
1245 1010 1331 1040 ratio,
1350 1008 1415 1043 quid
1435 1009 1561 1036 ordinum
1579 1007 1723 1035 diversitas
1745 1005 1834 1033 intelli-

1050 1054 1145 1089 gentia:
1171 1055 1291 1089 mysticre
1313 1054 1465 1088 contineat,
1484 1055 1633 1082 videamus.
1662 1053 1832 1088 Exspectatio

1049 1105 1122 1127 certa
1142 1100 1220 1128 nobis
1237 1105 1278 1128 est
1301 1101 1509 1128 resurrectionis
1531 1105 1715 1132 mortuorum,
1736 1107 1794 1126 cum
1810 1098 1833 1125 hi

1049 1147 1093 1181 qui
1113 1146 1217 1179 vivunt,
1244 1147 1289 1180 qtti
1317 1147 1412 1182 reliqui
1432 1152 1512 1178 sttut,
1544 1154 1597 1173 non
1625 1146 1791 1181 prmvenient
1812 1144 1834 1170 in

1050 1193 1166 1219 adventu
1191 1192 1293 1220 Citriin
1317 1201 1364 1220 eos
1399 1194 1444 1227 qui
1476 1193 1665 1224 dormierunt,
1688 1193 1737 1219 sed
1763 1190 1834 1218 simul

1050 1246 1111 1265 ettut
1127 1239 1166 1265 eis
1178 1238 1262 1273 juncti
1278 1244 1304 1266 cl
1317 1239 1426 1270 50ciati,
1452 1240 1594 1274 rapientttr
1610 1239 1635 1265 in
1660 1238 1779 1265 nubibus
1793 1237 1836 1263 ob-

1049 1283 1120 1310 viam
1138 1283 1246 1311 Christo
1267 1284 1293 1311 in
1319 1292 1394 1317 aera,
1419 1285 1519 1311 terreni
1547 1283 1653 1311 Scilicet
1680 1283 1761 1317 hujus
1787 1281 1834 1308 loci

1049 1331 1231 1366 corruptelam
1248 1335 1276 1358 et
1292 1330 1387 1357 mortis
1415 1330 1571 1358 habitacula
1596 1331 1771 1360 deserentes,
1787 1328 1837 1355 sive

1048 1383 1143 1404 otnues
1157 1376 1183 1402 in
1197 1382 1270 1409 aere,
1285 1381 1312 1403 ut
1325 1374 1423 1403 Paulus
1435 1376 1607 1412 pronuntiat,
1619 1374 1793 1411 permansuri
1805 1374 1834 1403 τ’.

1049 1421 1107 1449 sive
1131 1421 1213 1448 etiam
1242 1421 1326 1456 aliqui
1342 1421 1376 1449 ad
1397 1422 1552 1456 paradisum
1572 1426 1619 1448 aut
1641 1420 1696 1448 alia
1716 1419 1838 1455 quaelibet

1049 1475 1082 1495 ex
1109 1466 1204 1494 utultis
1232 1467 1420 1495 mansionibus
1448 1475 1507 1502 qua:
1535 1467 1607 1502 apud
1638 1466 1751 1494 Patrem
1780 1469 1837 1492 sunt

1050 1514 1233 1542 transferendi
1254 1514 1314 1542 loca
1332 1514 1398 1550 (55).
1426 1513 1574 1542 Diversitas
1604 1519 1697 1541 autem
1726 1511 1838 1540 transla-

1048 1561 1140 1593 tionis,
1156 1566 1184 1589 et
1199 1561 1284 1597 gloria
1305 1569 1338 1588 ex
1363 1561 1472 1589 meritis
1487 1561 1547 1589 sine
1568 1561 1650 1589 dubio
1676 1565 1707 1588 et
1734 1561 1835 1588 actibus

1047 1608 1260 1643 uniuscujusque
1296 1607 1479 1642 prmstabitur,
1504 1612 1530 1635 et
1558 1607 1622 1634 erit
1651 1607 1838 1643 unusquisque

1048 1655 1074 1682 iu
1098 1663 1131 1682 eo
1153 1654 1259 1688 ordine,
1281 1661 1362 1689 quem
1382 1654 1435 1681 sibi
1458 1658 1597 1688 gestorum
1624 1654 1727 1681 merita
1746 1659 1838 1681 contu-

1048 1701 1145 1732 lerint;
1172 1701 1241 1728 sicut
1270 1704 1295 1727 et
1329 1699 1400 1727 ident
1429 1698 1528 1726 Paulus
1548 1702 1723 1733 protestatur
1750 1698 1838 1725 dicens

1047 1747 1081 1773 de
1116 1745 1320 1780 rcsurgcnlihus
1351 1744 1393 1771 ":
1424 1752 1434 1770 ι
1454 1742 1647 1778 Unusquisque
1680 1747 1775 1771 autem
1813 1742 1836 1768 in

1047 1800 1097 1820 suo
1128 1791 1257 1820 ordine.»
1298 1790 1367 1818 lline
1409 1797 1473 1825 ergo
1502 1789 1609 1817 accidet
1637 1789 1664 1816 in
1715 1794 1837 1817 resurre-

1048 1838 1151 1871 ctione,
1167 1843 1197 1864 ut
1212 1836 1398 1871 unusquisque
1409 1841 1455 1863 aut
1469 1836 1496 1862 in
1513 1835 1584 1862 tribu
1600 1835 1699 1863 Ruben
1714 1832 1840 1871 spiritali-

1047 1885 1097 1912 bus
1115 1883 1222 1911 iudieiis
1238 1882 1403 1914 ascribatur,
1425 1882 1460 1910 ob
1477 1883 1528 1909 hoc
1550 1881 1687 1917 profecto,
1703 1880 1777 1916 quod
1794 1879 1840 1906 ali-

1048 1929 1114 1964 quid
1127 1930 1153 1956 in
1167 1929 1300 1961 moribus,
1318 1928 1434 1960 actibus,
1450 1932 1496 1955 aut
1509 1927 1562 1954 vita
1577 1927 1627 1962 ipsi
1642 1925 1743 1954 Ruben
1757 1925 1840 1954 simile

1047 1981 1075 2004 et
1106 1975 1337 2010 consanguineum
1363 1974 1468 2002 habuit.
1492 1973 1569 2001 Alius
1590 1977 1684 2001 autem
1712 1972 1740 2000 in
1771 1972 1838 1999 tribu

1049 2022 1170 2055 Simeon,
1199 2021 1324 2048 fortassis
1349 2028 1400 2055 pro
1426 2020 1592 2047 obedientia.
1619 2019 1699 2046 Alius
1722 2019 1750 2046 in
1772 2018 1837 2046 tribu

1048 2069 1123 2101 Levi,
1140 2069 1221 2095 credo
1238 2067 1282 2102 qui
1300 2067 1369 2094 bene
1394 2065 1504 2101 pratl'uit
1527 2065 1695 2098 sacerdotio,
1728 2064 1770 2092 vel
1798 2062 1838 2098 qui

1048 2114 1116 2141 bene
1141 2113 1299 2141 ministraus
1328 2112 1442 2147 gradum
1469 2111 1519 2139 sibi
1546 2111 1647 2139 bonum
1685 2110 1838 2146 acquisivit.

1047 2160 1123 2187 Alius
1138 2160 1164 2186 in
1180 2160 1252 2186 tribu
1267 2158 1337 2185 .luda
1350 2177 1358 2190 ,
1376 2165 1430 2185 non
1444 2158 1537 2186 dubito
1554 2158 1625 2194 quod
1645 2158 1671 2184 is
1693 2158 1743 2193 qui
1757 2156 1839 2192 regios

207 2207 330 2235 Nondum
351 2207 422 2233 euiut
442 2206 468 2233 in
489 2206 531 2233 his
548 2212 579 2231 ea
601 2211 661 2238 qum
676 2205 796 2231 numeris
812 2209 873 2238 apta
888 2205 994 2231 ducuu-
1013 2206 1033 2233 D
1049 2206 1162 2241 spiritus
1180 2204 1276 2240 gessit,
1291 2209 1318 2231 et
1332 2204 1402 2231 bene
1421 2204 1492 2231 rexit
1508 2203 1636 2239 populum
1660 2203 1712 2238 qui
1732 2204 1840 2231 intras:

208 2259 261 2286 tur,
278 2252 461 2280 adoleverant.
475 2250 689 2278 Taberuaculum
705 2250 996 2278 testiutouiiconstrui-

207 2304 262 2332 tur,
278 2300 325 2326 sed
340 2306 390 2326 nec
410 2298 435 2325 in
450 2298 501 2325 hoc
515 2297 624 2331 quidem
638 2296 797 2322 numerandi
816 2296 905 2330 populi
926 2302 994 2324 leut-

208 2353 257 2382 pus
281 2345 400 2372 advenit.
427 2343 480 2370 Lex
495 2350 543 2377 per
561 2341 671 2376 Moysen
687 2342 777 2372 datur,
796 2341 994 2369 sacriﬁciorum

206 2399 266 2419 mos
283 2390 410 2424 traditur,
426 2388 646 2425 purificationqu
668 2387 737 2414 ritus
753 2387 876 2421 docetur,
893 2388 996 2415 sancti-

206 2436 365 2468 ﬁcationum
382 2435 454 2469 leges
471 2441 497 2461 et
522 2437 693 2461 sacramenta
713 2433 877 2464 conduntur,
891 2437 917 2459 et
933 2438 996 2460 ltttte

206 2483 240 2510 ad
261 2489 405 2509 numerum
428 2489 461 2508 ex
477 2485 612 2515 prmeepto
640 2478 685 2506 Dei
707 2477 821 2512 populus
839 2479 994 2506 adducitur.

209 2528 337 2556 Describe
350 2529 417 2559 lucc,
437 2535 454 2555 ο
469 2526 587 2557 auditor.
605 2526 630 2552 iu
651 2525 733 2551 corde
750 2529 795 2551 tuo
810 2525 954 2559 dupliciter
969 2532 996 2554 ct

208 2574 359 2609 tripliciter.
376 2573 443 2601 Vide
453 2577 554 2608 quanta
572 2571 618 2599 tibi
637 2570 801 2598 transeumla
816 2575 890 2603 sunt,
912 2579 997 2605 quatt-

245 2645 268 2661 "
281 2646 377 2673 Matth.
394 2654 422 2678 χ,
440 2645 485 2672 50.
521 2645 543 2660 τ’
562 2643 685 2674 Num.,t,
701 2643 728 2670 l.
767 2642 789 2657 ⁷⁸
811 2641 818 2668 l
839 2640 935 2670 Thess.
955 2650 993 2676 tv,

243 2705 392 2740 (53)Cudd.
407 2705 606 2732 Bcllovaceusis
618 2708 645 2731 et
655 2702 771 2740 Turrim,
785 2710 794 2727 ι
810 2702 961 2740 pervenire.
984 2713 993 2729 ι

209 2737 295 2767 Paulo
309 2746 369 2775 post
382 2742 458 2767 codd.
478 2740 648 2767 Ebroicensis
662 2745 689 2765 et
711 2737 858 2772 Sagieusis,
879 2746 888 2762 t
907 2738 995 2765 adnu-

211 2774 465 2807 merarimercaris,
478 2781 507 2801 ut
525 2775 627 2802 visitavi
651 2774 747 2807 possis.
767 2783 776 2799 ι

245 2811 300 2843 (5/5)
318 2811 406 2836 Codex
425 2810 631 2840 Bt-lluvaceusls,
647 2817 655 2833 ί
673 2809 824 2842 pervenire.
840 2816 850 2833 ι

247 2846 301 2880 ᾠῦ)
320 2845 438 2879 Vulgata:
453 2844 585 2871 editiones
602 2844 700 2871 habent
717 2852 722 2868 :
743 2852 751 2869 ι
766 2849 846 2877 atque
869 2843 901 2869 ad
918 2849 994 2877 para-

1049 2257 1100 2285 est,
1112 2258 1240 2279 sensuum
1252 2250 1357 2277 scilicet
1372 2251 1470 2277 utentis
1485 2255 1513 2277 et
1526 2249 1726 2285 cogitationum
1740 2247 1838 2277 cordis.

1050 2297 1102 2325 Sed
1127 2301 1154 2324 et
1176 2296 1288 2331 singulis
1316 2296 1468 2331 quibusque
1497 2296 1622 2323 tribubus
1651 2294 1841 2331 unusquisque

1049 2343 1198 2371 sociabitur
1222 2350 1270 2379 pro
1294 2343 1337 2371 his
1350 2351 1410 2378 qua:
1427 2343 1462 2370 ad
1487 2349 1714 2377 unamquamque
1737 2347 1840 2371 earum.

1049 2390 1091 2417 vel
1109 2390 1134 2417 in
1147 2391 1255 2418 actibus
1267 2395 1382 2426 cognata
1398 2390 1438 2418 vel
1450 2390 1476 2417 iu
1494 2389 1614 2417 moribus
1628 2388 1741 2417 habuit.
1758 2388 1842 2416 Erunt

1049 2444 1113 2471 ergo
1139 2435 1294 2470 hujusmodi
1321 2436 1431 2470 quidam
1453 2435 1563 2463 ordines
1585 2435 1612 2462 in
1636 2434 1843 2462 resurrectione

1050 2487 1228 2515 tuortuorum,
1244 2481 1447 2517 sicutdesiguat
1459 2481 1622 2515 Apostolus;
1634 2487 1762 2515 quorum
1774 2480 1845 2508 ordi-

1050 2536 1114 2555 num
1130 2533 1208 2562 typus
1224 2527 1249 2554 in
1264 2528 1314 2554 hoc
1333 2526 1402 2554 libro
1421 2532 1449 2554 et
1467 2527 1551 2561 ligura
1579 2525 1759 2561 prtefortnarj
1781 2524 1843 2552 mihi

1052 2575 1167 2602 videtur.
1197 2574 1250 2601 Sed
1270 2579 1298 2601 et
1319 2573 1386 2601 illud
1400 2573 1471 2608 quod
1493 2572 1703 2600 eonsociatioue
1725 2570 1844 2607 quadam

1019 2645 1063 2672 li.
1101 2646 1124 2661 ⁷³
1144 2645 1152 2672 l
1169 2644 1233 2672 Cor.
1254 2652 1300 2677 xv,
1321 2644 1364 2672 23.

1051 2707 1137 2734 disuut
1160 2707 1186 2734 in
1205 2713 1284 2733 unam
1306 2713 1338 2733 ex
1362 2705 1454 2733 multis
1478 2712 1539 2739 qua:
1553 2705 1624 2738 apud
1642 2703 1758 2732 Patrem
1782 2707 1844 2732 sunt

1050 2742 1235 2769 mansionibus
1253 2741 1444 2768 transferendi.
1459 2750 1468 2766 ι
1494 2740 1547 2767 Sed
1565 2747 1659 2767 omnes
1681 2748 1752 2768 mss.
1770 2744 1799 2767 ut
1817 2740 1842 2766 iu

1050 2784 1144 2804 nostro
1175 2782 1258 2803 textu.
1293 2775 1410 2803 Consule
1447 2775 1572 2802 Huctitnn
1612 2773 1843 2810 Origenianomtu

1049 2812 1094 2839 lib.
1111 2819 1141 2844 tt,
1154 2816 1251 2846 qua'st.
1269 2811 1311 2844 ll,
1328 2818 1402 2838 num.
1419 2810 1446 2843 9,
1461 2810 1505 2843 l0,
1519 2810 1547 2837 ll
1562 2814 1588 2837 et
1602 2810 1643 2838 li.
