1886 3051
63 143 114 171 583

63 250 146 277 tionis
158 250 226 277 ordo
239 249 416 281 describitur,
439 249 561 284 pertinet
577 248 638 276 sine
653 247 736 275 dttbio
758 247 791 274 ad
808 246 859 274 ali-

62 305 144 332 quem
168 297 195 323 in
222 296 425 324 resurrectione
450 300 620 323 tnortuorum
639 300 749 322 statum.
782 294 859 327 Quod

63 347 120 370 tres
135 342 169 370 ad
184 343 320 370 orientem
335 341 475 369 collocata:
492 341 623 368 dicuntur
637 341 734 373 tribus,
753 345 811 367 tres
825 339 858 366 ad

63 387 247 420 Occidentem,
272 391 328 414 tres
352 386 436 414 etiam
459 386 492 413 ad
512 386 654 414 meridiem
673 385 730 422 (56)
752 390 779 413 et
803 389 859 413 tres

63 433 167 460 ultima!
195 433 228 460 ad
259 433 424 468 aquilonem,
449 432 497 467 qui
515 433 599 460 durus
618 432 719 460 dicitur
740 436 857 464 ventus;

61 479 110 506 sed
124 484 153 506 et
170 479 242 513 qttod
257 479 345 506 tribus
355 478 435 511 Juda,
452 485 513 513 qua;
529 478 628 512 regalis
647 483 701 511 est,
720 478 754 504 ad
767 477 859 505 orien-

63 530 118 552 tem
134 526 273 557 statuitur,
284 533 316 553 ex
330 533 382 560 qua
397 530 474 553 ortus
485 533 528 553 est.
543 525 673 553 Dominus
686 529 789 557 noster,
804 531 857 551 non

61 577 128 605 puto
143 572 275 605 otiosum,
296 575 324 599 et
344 572 415 606 quod
437 571 564 600 lssacltar
589 572 653 599 huic
672 571 806 606 jungitur,
830 575 858 598 et

60 616 197 649 Zabnlon,
221 622 249 645 et
274 617 347 653 quod
374 618 401 644 in
425 623 543 653 quatuor
572 624 664 653 partes
694 618 782 645 triuus
806 617 858 645 iste

61 671 193 691 numerus
204 664 357 691 ordinatur.
374 664 439 697 Quae
463 665 589 699 quamvis
607 664 773 700 positionum
793 671 857 691 sna-

61 717 122 736 rutu
138 709 264 737 diversas
287 709 405 737 habeant
421 711 583 745 qualitates,
597 718 692 738 omnes
708 715 796 737 tamen
816 710 857 737 itt-

61 761 104 782 tra
131 755 264 783 trinitatis
288 764 428 784 numerum
453 756 638 784 continentur.
659 756 693 784 Et
716 756 788 791 quod
809 763 857 791 per

61 807 133 830 totas
149 803 199 830 has
211 807 328 838 quatuor
347 810 439 838 partes
451 804 477 830 in
494 811 577 831 untnn
593 811 736 830 nttmerttm
751 803 854 837 colligi-

61 853 106 875 tur
120 849 216 876 eadem
232 849 340 876 trinitas
356 857 474 884 semper,
490 857 540 884 pro
553 858 586 877 eo
601 850 660 877 sine
680 849 763 877 dubio
783 849 854 884 quod

60 896 110 922 sub
132 903 189 923 uno
205 896 314 923 nomine
338 895 428 923 Patris
453 900 481 923 et
500 896 560 923 Filii
582 901 611 923 et
630 895 748 930 Spiritus
765 897 853 923 sancti

61 947 212 970 censentur
229 950 334 974 omnes,
361 943 407 978 qui
427 951 461 970 ex
492 950 611 977 qttatttnr
636 942 710 970 orbis
732 943 855 978 partibus

60 989 204 1017 venientes
235 988 362 1016 invocant
385 996 484 1016 nomen
514 988 639 1021 Domini,
665 990 855 1018 rerumhentes

59 1043 122 1063 ctnn
140 1034 276 1062 Abraham
291 1039 318 1061 et
330 1034 406 1062 Isaac
417 1039 444 1061 et
458 1033 545 1062 Jacob
564 1034 591 1062 in
606 1041 690 1070 regno
712 1035 770 1063 Dei.
789 1035 852 1062 lltec

61 1089 75 1107 a
90 1081 171 1108 nobis
193 1079 357 1114 generaliter
381 1079 501 1107 indicata
524 1080 577 1108 sint
600 1081 755 1109 volentibus
771 1081 853 1108 totius

61 1127 130 1154 saeri
148 1127 229 1161 hujus
246 1126 392 1154 voluminis
408 1127 608 1154 continentiam
629 1127 774 1163 mysticam
794 1127 856 1155 bre-

60 1174 132 1200 vitcr
146 1171 392 1207 comprehendere,
414 1176 443 1199 ut
456 1179 489 1199 ex
505 1172 547 1200 his
567 1172 754 1208 intelligentia:
773 1173 856 1208 spiri-

64 1219 127 1245 talis
143 1219 292 1246 occasione
308 1222 435 1253 suscepta
450 1219 639 1253 unusquisque
659 1223 686 1246 et
701 1219 728 1247 in
744 1220 855 1255 reliqttis

60 1265 197 1297 similem,
215 1269 264 1292 aut
284 1265 365 1292 etiam
388 1265 411 1292 si
437 1264 480 1292 cui
504 1265 620 1300 amplius
641 1265 710 1292 Dens
740 1266 854 1300 revelat,

61 1312 230 1345 superiorem
246 1316 273 1339 et
287 1312 468 1340 excelsiorem
483 1316 663 1347 persequatur
686 1312 853 1348 indaginem.

62 1359 117 1392 Ego
130 1359 204 1386 cnim
222 1366 287 1386 vere
309 1359 440 1394 itnparem
465 1367 508 1386 me
529 1358 622 1393 judico
645 1359 678 1385 ad
698 1360 855 1388 enarranda

61 1405 209 1440 mysteria,
238 1412 299 1440 qua:
331 1405 401 1432 liber
426 1405 471 1432 hic
503 1405 625 1432 continet
648 1403 852 1438 Numerorum;

62 1451 145 1477 multo
157 1456 249 1478 autem
267 1450 425 1479 inferiorem
442 1451 474 1478 ad
489 1451 534 1478 illa
547 1472 555 1485 ,
571 1458 630 1486 qua:
649 1451 853 1478 Denteronomii

61 1496 185 1523 \olumen
210 1495 334 1525 includit.
362 1496 396 1524 Et
422 1497 482 1524 ideo
500 1497 684 1524 festinandum
707 1496 786 1524 nobis
811 1501 854 1524 est

61 1540 206 1576 tervenire
219 1541 253 1568 ad
267 1540 372 1573 Jesum,
388 1549 441 1569 non
457 1542 532 1569 illum
550 1541 633 1568 lilium
652 1541 736 1574 Nave,
752 1542 799 1569 sed
818 1541 851 1568 ad
867 1557 887 1585 ο

59 1586 148 1614 Iesum
176 1585 324 1613 Christum.
356 1586 435 1614 l’rius
462 1591 551 1614 tamen
577 1587 723 1621 pzcdagogo
745 1591 851 1614 utentes

63 1634 164 1669 Moyse,
174 1638 200 1659 et
210 1633 282 1667 apud
297 1641 358 1660 eum
374 1634 527 1661 rudimenta
543 1633 664 1660 infantia:
676 1633 850 1668 deponentes,

60 1679 98 1705 sic
115 1679 259 1706 tendamus
272 1679 305 1705 ad
318 1677 513 1712 perfectionem
527 1678 639 1706 Christi.
662 1678 767 1713 Moyses
780 1678 851 1705 eniut

62 1732 112 1751 mn
129 1724 214 1751 multa
231 1723 302 1751 bella
314 1724 487 1759 compressit.
505 1724 585 1752 Jcsus
597 1729 686 1752 autem
704 1724 773 1752 bella
791 1724 852 1759 qui-

59 1771 117 1798 dem
144 1771 272 1797 univcrsa
297 1770 476 1805 compescuit,
509 1778 603 1805 pacettt
633 1778 698 1798 vero
724 1770 852 1798 omnibus

60 1817 144 1847 dedit.
161 1817 198 1843 ita
220 1821 248 1843 ut
264 1816 398 1851 scriptum
418 1817 454 1844 sit
481 1817 514 1849 ⁷⁵,
538 1817 600 1851 quia
619 1826 629 1842 ‹
644 1817 761 1844 cessavit
777 1820 850 1844 terra

60 1871 73 1888 a
90 1861 178 1889 bellis.
205 1871 214 1887 ι
233 1861 317 1888 Terra
337 1862 565 1897 repromissionis,
586 1866 656 1889 terra
673 1862 850 1895 hmreditatis,

62 1913 131 1935 terra
155 1915 220 1942 qua:
241 1907 301 1934 ﬂuit
327 1908 369 1935 lac
388 1913 413 1935 et
432 1907 494 1940 tncl,
511 1907 545 1935 ab
572 1907 636 1935 Jestt
666 1908 849 1935 distribuitur.

62 1954 167 1982 «Beati»
181 1954 255 1981 enim
272 1954 377 1986 unites,
388 1954 449 1989 quia
461 1954 527 1989 ipsi»
544 1962 592 1988 per
603 1953 695 1981 Jcsum
714 1955 850 1982 «incredi-

58 2002 153 2028 tahunt
169 2005 272 2027 terram
285 2000 335 2029 ".I
355 1999 407 2027 Sed
422 2005 450 2027 et
465 2001 548 2035 ipsius
559 2000 759 2028 distributionis
772 2001 851 2028 inve-

60 2048 116 2075 uies
132 2053 213 2083 typos
229 2051 256 2073 et
276 2047 408 2081 imagines
423 2047 607 2081 prteeessisse.
622 2046 680 2073 Non
695 2047 768 2074 enim
785 2047 851 2073 otio-

60 2101 115 2120 sum
131 2098 176 2120 est
191 2092 264 2126 quod
278 2092 339 2119 aliis
358 2091 429 2119 nltra
445 2091 589 2119 Jordauem
611 2097 683 2120 terra
708 2092 849 2124 dividitur,

61 2139 118 2166 aliis
135 2139 210 2165 intra
234 2136 397 2169 Iordanem,
427 2143 455 2164 et
479 2137 540 2165 aliis
565 2138 671 2172 primis,
700 2137 763 2165 aliis
785 2145 851 2165 vero

60 2184 197 2215 secundis,
213 2183 350 2210 nonnullis
363 2183 446 2210 etiatn
463 2183 558 2215 tertiis,
569 2187 595 2209 et
611 2183 650 2210 sic
663 2190 711 2217 per
727 2183 849 2210 ordinem

61 2230 205 2258 ha-reditas
217 2234 295 2257 terra
307 2229 459 2262 dividitur;
475 2229 518 2256 ubi
540 2229 727 2264 unusquisque
746 2229 850 2262 requie-
867 2229 888 2257 ι)

59 2277 172 2304 scatsub
186 2277 239 2303 ﬁcu
254 2283 313 2309 sua,
328 2280 356 2302 et
371 2275 422 2303 sub
437 2275 493 2302 vite
507 2283 554 2302 sua
570 2275 605 2307 ⁷⁸,
620 2279 711 2302 etnon
728 2275 763 2301 sit
779 2275 848 2302 ultra

59 2324 101 2356 qui
119 2326 270 2351 exterreat.
298 2322 362 2354 Qua:
386 2325 484 2348 cuncta
509 2321 661 2356 magniﬁcis
685 2321 849 2354 prazs'tguata

61 2369 207 2406 mysteriis,
229 2369 286 2403 ipse
302 2369 432 2395 Domimts
448 2367 527 2394 Iesus
542 2367 567 2394 itt
589 2367 632 2394 die
653 2367 788 2393 adventus
807 2366 849 2393 sui

60 2424 109 2443 non
120 2415 176 2450 jam
196 2423 245 2449 per
260 2414 397 2449 speculum
413 2419 441 2441 ct
454 2415 480 2441 in
494 2414 638 2449 aenigmate
649 2433 657 2445 ,
674 2413 720 2440 sed
735 2412 803 2439 l'acic
818 2412 851 2439 ad

61 2461 152 2489 faciem
167 2463 189 2477 ""
210 2462 236 2488 in
252 2462 368 2488 veritate
389 2461 537 2495 complebit
564 2459 730 2493 ttnicuiqtte,
754 2465 851 2485 secun-

61 2509 119 2534 tllltll
146 2508 220 2543 quod
245 2508 301 2542 ipse
325 2507 431 2535 noverit
461 2507 556 2533 merita
584 2505 751 2540 singulorum
770 2525 778 2536 ,
803 2503 849 2538 qui

60 2555 180 2590 cognitor
193 2555 283 2582 cordis
299 2559 349 2587 est,
360 2554 402 2580 cui
415 2553 500 2588 gloria
512 2557 540 2580 et
555 2551 697 2586 impcriutn
710 2551 737 2578 in
751 2550 848 2577 szeeulu

61 2602 230 2629 saculorum.
251 2600 349 2629 Amen.

432 2659 467 2666 -α

92 2722 115 2737 ⁷⁵
149 2720 205 2747 los.
220 2728 275 2752 xtv,
298 2720 341 2747 l5.
379 2720 402 2736 "
421 2719 517 2747 Matth.
534 2727 561 2753 v,
582 2719 610 2746 ι.
648 2718 671 2734 ’¹⁶
691 2717 775 2744 Zach.
789 2724 830 2750 ιιι,
844 2716 885 2743 l0.

60 2764 113 2790 xw,
128 2757 173 2784 ιυ.
201 2757 224 2772 ⁸ο
245 2757 299 2783 'l‘it.
321 2763 351 2789 tt,
373 2755 400 2782 ὃ.

105 2817 150 2853 5b)
168 2817 255 2845 Codd.
266 2816 412 2853 _Sagiottsis
427 2821 453 2853 et
469 2813 679 2853 Bellovaeensis,
710 2821 719 2838 (
733 2819 838 2853 mare.)

106 2847 149 2887 57)
170 2853 233 2879 Mss.
265 2847 473 2887 Brllbt’:tt:cltsi5,
492 2849 669 2887 Turonensis,
694 2854 720 2887 et
733 2847 842 2887 _|j1broi--

60 2883 162 2923 censis,
184 2896 193 2913 (
207 2888 332 2914 insideat.
350 2896 358 2911 ι
380 2885 500 2920 Vulgata
511 2884 643 2911 editiones
662 2883 814 2910 «obsideat.
831 2891 840 2908 ο

685 140 717 168 ΙΝ
735 138 900 168 NUMEROS
920 138 1062 168 llOMlLlA
1082 140 1114 168 Il.
1159 136 1162 140 λ

63 202 185 230 tribuum
199 207 227 230 et
242 202 423 234 connexione,
438 206 593 230 castrorum
617 202 718 236 positio
732 205 760 228 et
775 205 859 228 meta-
874 204 898 230 Α

1652 143 1706 171 δυο

1209 200 1350 229 llOMlLlA
1373 201 1403 229 ll.

1042 246 1080 274 De
1101 247 1193 275 ordine
1212 252 1235 276 et
1256 247 1397 275 collatione
1416 253 1575 278 castrorum.

948 293 974 320 l.
998 292 1091 320 Prima
1112 294 1294 322 Numerorum
1313 294 1394 322 lectio
1411 295 1514 325 docuit.
1533 296 1605 330 quod
1622 303 1706 325 exer-

911 337 981 365 citus
999 337 1046 365 Dei
1070 339 1116 373 qui
1143 339 1228 367 exivit
1257 339 1291 367 de
1319 345 1391 367 terra
1410 339 1521 376 [Egypti
1539 345 1567 369 et
1583 342 1636 369 iter
1650 343 1707 377 egit.

911 390 959 417 per
971 384 1121 418 desertum,
1142 385 1268 413 visitatus
1281 386 1327 418 sit,
1352 386 1403 413 hoc
1416 391 1467 420 est,
1484 392 1643 416 numeratus
1657 396 1705 423 per

911 429 1020 465 Moysen
1038 435 1066 458 et
1087 431 1190 464 Aaron,
1209 439 1241 459 ac
1263 439 1314 466 per
1330 432 1450 467 singulas
1471 441 1593 469 quasque
1617 435 1706 463 tribus

910 482 1097 512 seqttestralus
1115 482 1191 505 certo
1203 478 1256 505 sub
1268 486 1382 505 numero
1398 481 1548 509 recensitus
1562 482 1599 509 sit
1611 493 1617 510 :
1631 484 1704 516 quod

911 531 961 551 ttos
979 523 1054 551 velut
1072 532 1134 552 cum
1152 529 1208 552 tota
1222 524 1303 551 simul
1325 524 1407 553 libelli
1434 527 1602 555 continentia
1619 536 1704 564 expo-

910 576 1017 604 nentes,
1029 570 1142 598 formam
1155 571 1275 598 diximus
1289 578 1349 599 esse
1361 572 1554 607 perscriptum.
1567 577 1703 609 quomodo

910 617 1026 653 populus
1045 617 1091 644 Dei
1105 617 1251 652 egrediens
1263 616 1297 645 de
1314 618 1406 644 mundi
1423 618 1503 652 hujus
1524 619 1659 656 Egypto,
1676 627 1704 649 et

909 664 942 691 ad
962 670 1062 690 terram
1087 663 1326 698 repromissionis,
1350 664 1376 692 id
1400 668 1460 697 est,
1479 665 1564 701 278
1592 667 1635 695 vel
1667 669 1701 695 ad

909 709 1039 736 virtutum
1063 708 1161 741 locum,
1189 709 1232 736 vel
1256 709 1289 736 ad
1313 710 1388 745 regni
1428 710 1559 738 catlnrum
1586 712 1701 748 gloriam

908 755 1152 790 htereditatemque
1170 754 1304 782 festinans
1315 774 1323 787 ,
1338 756 1480 784 ordinibus
1497 756 1659 792 quibusdam
1673 764 1703 786 et

909 802 1070 829 nteritorum
1086 801 1216 835 gradibus
1227 801 1389 829 deducatur.
1404 802 1434 829 Et
1448 810 1497 838 per
1509 804 1569 832 hac
1578 805 1703 832 ostendi-

909 856 969 875 mus
998 848 1152 875 luturorum
1178 848 1312 876 bonorum
1342 849 1571 884 magniﬁcentiam
1592 851 1618 878 itt
1635 851 1702 886 legis

908 894 1074 929 imaginibus
1091 894 1294 922 adumbratam.
1313 894 1391 922 Nunc
1403 902 1466 923 vero
1483 896 1610 925 lectionis
1622 897 1702 931 hujus

907 940 1024 972 initium,
1041 946 1100 973 qua:
1118 939 1198 966 hodie
1217 940 1332 967 recitata
1346 945 1398 972 est.
1410 941 1506 974 edocet
1519 949 1570 969 nos
1585 942 1703 977 qualiter

906 987 939 1014 ab
957 987 998 1014 his
1014 987 1059 1021 qui
1077 985 1134 1014 Deo
1162 987 1309 1021 mancipati
1333 993 1396 1015 sunt
1408 1007 1416 1020 ,
1437 996 1487 1017 nec
1513 990 1653 1025 impliraut
1671 997 1702 1018 se

907 1032 1022 1066 negotiis
1034 1031 1210 1059 stccularibns
1222 1052 1229 1065 ,
1254 1037 1432 1067 componatur
1451 1033 1519 1061 ordo
1536 1039 1700 1062 castrorum.

905 1078 951 1105 Ait
968 1078 1040 1105 enim
1061 1078 1084 1094 ⁷⁸
1102 1087 1107 1104 :
1132 1087 1141 1104 ε
1155 1077 1189 1105 Et
1206 1079 1312 1106 locutus
1327 1084 1369 1107 est
1384 1079 1514 1107 Dominus
1533 1080 1568 1106 ad
1590 1080 1701 1115 Moysen

905 1128 932 1151 et
952 1124 1044 1152 Aaron
1061 1124 1175 1152 dicens:
1191 1124 1277 1152 llomo
1293 1126 1444 1153 secundum
1463 1126 1589 1154 ordinem
1609 1134 1700 1158 suum,

906 1174 934 1197 et
949 1170 1098 1197 secttudum
1121 1171 1198 1206 signa
1222 1178 1282 1204 sua,
1300 1176 1326 1200 et
1340 1173 1491 1200 secundum
1509 1173 1608 1200 domus
1621 1171 1700 1200 fanti-

906 1215 1002 1242 liarum
1012 1222 1124 1242 suarum
1138 1221 1229 1242 castra
1243 1216 1370 1250 collocct,
1382 1217 1428 1245 lilii
1442 1217 1526 1245 lsrael
1538 1226 1571 1246 ex
1583 1220 1701 1249 adverso

907 1261 934 1289 in
967 1261 1086 1288 circuitu
1123 1262 1292 1289 tabernaculi
1330 1264 1479 1291 testimonii
1515 1266 1668 1294 considant.
1688 1277 1698 1293 ι

905 1308 1013 1344 Moyses
1029 1307 1096 1335 dicit
1114 1317 1120 1335 :
1135 1307 1223 1336 Homo
1241 1309 1389 1337 secundum
1411 1311 1535 1338 ordinem
1556 1320 1647 1345 suum.
1671 1319 1701 1341 et

905 1354 1055 1382 secundum
1070 1353 1147 1389 signa
1172 1362 1233 1385 sua.
1258 1359 1286 1382 et
1300 1356 1450 1384 secundutn
1474 1357 1569 1385 domos
1584 1358 1702 1386 l'amilia-

906 1408 965 1428 rum
976 1408 1087 1428 suarum
1100 1401 1212 1428 incedat
1231 1401 1258 1428 in
1275 1401 1392 1436 castris;
1410 1407 1438 1430 et
1463 1403 1562 1431 Paulus
1576 1403 1641 1432 dicit
1652 1405 1675 1421 τ’
1692 1414 1698 1432 :

907 1456 916 1473 ε
931 1447 1029 1475 Omnia
1051 1447 1166 1475 honeste
1181 1453 1209 1476 et
1232 1449 1380 1476 secundum
1398 1449 1522 1477 ordinent
1542 1449 1619 1479 ﬁant.
1638 1461 1648 1477 ι
1667 1452 1701 1478 Et

904 1502 957 1521 non
974 1494 1020 1522 tibi
1036 1494 1144 1521 videtur
1160 1502 1229 1522 unus
1248 1502 1308 1522 esse
1339 1494 1458 1529 Spititus
1483 1495 1540 1530 Dei,
1558 1497 1603 1531 qui
1624 1502 1651 1525 et
1671 1499 1698 1524 iu

905 1540 997 1575 Moyse
1017 1540 1148 1575 loquitttr,
1167 1546 1195 1568 et
1219 1541 1245 1567 in
1262 1541 1367 1568 Paulo?
1389 1541 1548 1569 Secundum
1574 1543 1698 1572 ordinem

906 1586 1013 1622 Moyses
1027 1587 1115 1614 incedi
1131 1588 1243 1614 mandat
1268 1587 1295 1614 itt
1322 1588 1438 1620 castris;
1461 1590 1610 1616 secundum
1623 1589 1699 1617 ordi-

905 1641 967 1659 netu
992 1638 1092 1660 ettncla
1109 1634 1167 1668 geri
1189 1634 1214 1660 itt
1232 1633 1356 1661 Ecclesia
1383 1634 1506 1669 przecipit
1526 1634 1637 1662 Paulus.
1667 1635 1700 1663 Et.

906 1679 1012 1715 Moyses
1034 1679 1155 1714 quidem,
1181 1679 1227 1714 qtti
1257 1679 1310 1714 legi
1336 1680 1520 1712 ministrabat,
1548 1681 1574 1707 in
1598 1680 1699 1708 castris

905 1725 1035 1752 custodiri
1065 1725 1191 1752 ordinem
1217 1725 1314 1759 jubet:
1341 1724 1443 1752 Paulus
1475 1733 1542 1752 vero
1570 1731 1697 1761 tanquam

904 1771 1046 1808 Evangelii
1060 1772 1199 1804 minister,
1226 1778 1278 1798 non
1303 1771 1389 1799 solum
1405 1771 1432 1798 in
1455 1771 1581 1805 actibus,
1605 1773 1652 1799 sed
1670 1773 1696 1800 iu

904 1820 962 1854 ipso
979 1819 1071 1847 ltabittt
1087 1839 1095 1850 ,
1112 1819 1267 1846 ordinatum
1287 1818 1345 1844 vult
1360 1825 1421 1845 esse
1443 1817 1632 1845 Christianum
1647 1826 1656 1852 ;
1671 1823 1699 1846 t-t

908 1866 968 1893 ideo
984 1865 1050 1893 dicit
1064 1866 1107 1892 "z
1124 1864 1267 1892 tMulieres
1281 1863 1408 1891 similiter
1421 1863 1446 1890 in
1460 1863 1555 1891 habitu
1570 1871 1676 1892 ornato.
1686 1875 1695 1890 ι

905 1911 982 1940 Unde
1004 1918 1055 1946 ego
1068 1910 1190 1938 arbitror
1207 1910 1280 1945 quod
1309 1916 1362 1936 non
1387 1908 1474 1935 solum
1497 1909 1524 1936 in
1547 1909 1643 1936 odit-iis
1671 1917 1699 1937 et

903 1958 998 1985 habitu
1016 1956 1122 1984 servari
1148 1956 1273 1983 ordinem
1290 1955 1402 1986 volunt,
1431 1954 1478 1982 sed
1500 1954 1565 1981 dant
1582 1954 1697 1990 intelligi

903 2004 975 2040 qttod
995 2003 1031 2031 sit
1050 2003 1149 2037 aliquis
1159 2002 1242 2030 etiam
1263 2001 1288 2028 in
1304 2001 1394 2028 anima
1411 2000 1489 2032 ordo,
1506 2002 1539 2027 de
1552 2007 1606 2034 quo
1624 2000 1698 2027 dica-

905 2056 947 2078 tur
964 2049 1038 2085 quod
1060 2049 1248 2083 unusquisque
1272 2047 1401 2074 incedere
1421 2046 1521 2074 debeat
1544 2047 1696 2073 secundum

903 2095 1027 2122 ordinem
1042 2102 1133 2122 suum.
1146 2094 1197 2127 Qui
1214 2094 1281 2121 ordo
1296 2092 1434 2127 praecipue
1451 2091 1563 2126 quidem
1584 2098 1618 2119 ex
1632 2099 1698 2126 ope-

905 2150 964 2169 rutn
996 2142 1086 2168 fructu
1113 2140 1250 2167 indicatur
1268 2148 1273 2166 :
1292 2139 1468 2166 nihilominus
1490 2143 1581 2165 autem
1607 2143 1634 2165 et
1663 2145 1694 2165 ex

905 2187 1107 2222 magniﬁcentia
1123 2194 1265 2214 settsuutu.
1281 2185 1347 2212 Nam
1363 2192 1434 2219 saepe
1450 2185 1561 2219 accidit,
1574 2190 1602 2212 ιιι
1616 2185 1639 2212 is
1650 2186 1695 2220 qui

906 2233 1036 2261 humilem
1051 2240 1160 2261 sensum
1178 2232 1247 2267 gerit
1263 2232 1435 2266 etahjectum
1447 2252 1455 2265 ,
1473 2237 1501 2258 et
1520 2231 1565 2265 qui
1585 2236 1695 2258 terrena

904 2280 986 2314 sapit,
1003 2279 1142 2306 excelsum
1156 2278 1302 2306 sacerdotii
1320 2279 1433 2312 gradmu
1448 2297 1455 2309 ,
1477 2277 1518 2303 vel
1533 2277 1693 2304 cathedram

905 2325 1026 2353 doctoris
1041 2324 1158 2352 insideat
1172 2322 1240 2359 (5'1);
1254 2328 1281 2350 ct
1297 2323 1342 2350 ille
1358 2323 1404 2357 qui
1418 2322 1552 2357 Spiritalis
1567 2327 1626 2355 est,
1643 2325 1669 2349 et
1680 2330 1695 2349 a

905 2375 1014 2398 terrena
1037 2369 1244 2397 conversatione
1264 2374 1318 2396 tam
1335 2368 1402 2396 liber
1430 2373 1459 2395 ut
1481 2369 1565 2403 possit
1590 2369 1696 2395 exami-

904 2424 970 2444 nare
983 2416 1085 2449 omnia,
1097 2420 1125 2443 et
1136 2416 1194 2450 ipse
1209 2423 1224 2442 a
1245 2416 1354 2442 nemine
1369 2415 1487 2449 jttdicari
1501 2434 1508 2447 ,
1525 2413 1566 2441 vel
1583 2413 1695 2441 inierin-

905 2462 943 2488 ris
959 2461 1101 2488 ministerii
1117 2461 1240 2489 ordinem
1258 2465 1347 2488 teneat
1361 2480 1368 2492 ,
1384 2459 1424 2486 vrl
1445 2459 1528 2486 etiam
1547 2460 1574 2485 iu
1591 2456 1696 2493 plebeii

904 2506 1080 2533 ntultitudine
1103 2506 1285 2541 reliuqttatur.
1313 2505 1366 2532 Sed
1391 2506 1443 2532 hoc
1467 2509 1553 2531 estet
1577 2504 1642 2538 legis
1667 2509 1695 2531 et

905 2552 1044 2587 Evangelii
1070 2556 1171 2579 statuta
1199 2556 1393 2582 contemnere,
1408 2555 1436 2577 et
1460 2549 1527 2576 nihil
1544 2549 1693 2576 secundum

903 2597 1027 2624 ordittetn
1041 2602 1147 2633 gerere.
1164 2596 1217 2625 Sed
1233 2601 1260 2624 et
1279 2595 1466 2630 unusquisque
1486 2598 1612 2621 nostrtnn
1625 2593 1647 2621 si
1659 2594 1694 2622 de

902 2644 963 2671 cibo
978 2648 1006 2671 et
1017 2648 1081 2679 potu
1096 2643 1231 2671 sollicitus
1241 2643 1288 2674 sit,
1300 2647 1327 2670 et
1338 2649 1446 2670 omnem
1462 2648 1555 2667 curam
1571 2640 1596 2667 in
1610 2641 1691 2667 rebus

923 2718 945 2733 ⁷⁷
966 2716 1053 2744 lCor.
1075 2724 1143 2748 xm,
1165 2716 1208 2742 l2.
1246 2716 1268 2731 ⁷⁸
1288 2714 1368 2742 Num.
1390 2722 1421 2747 tt,
1442 2713 1468 2747 l,
1488 2712 1516 2739 2.
1554 2713 1577 2729 "'
1596 2711 1607 2739 l
1626 2712 1691 2740 Cor.

897 2810 981 2838 Paulo
993 2812 1054 2843 post
1067 2808 1170 2835 ezedem
1181 2806 1314 2843 editiones
1331 2815 1338 2831 I
1353 2806 1472 2843 inplebe
1490 2813 1503 2832 a
1515 2805 1692 2843 νηιιιΙιίψιΙ-ῖ-ηθ

899 2840 1099 2879 relinquatur.»
1127 2843 1180 2870 Sed
1203 2842 1257 2868 duo
1274 2849 1339 2868 mss.
1361 2841 1536 2869 Ebroiceusis
1554 2845 1581 2868 et
1603 2840 1690 2867 Bello«

901 2880 1025 2908 vacensis
1042 2884 1070 2906 nt
1083 2879 1110 2907 iu
1126 2882 1218 2906 nostro
1235 2881 1321 2904 textu.
