1894 3058
193 140 241 166 ῖιυι

921 135 1082 163 ORIGENIS

1777 133 1832 161 ειη

193 199 371 226 saecularibus
395 202 482 232 gerat,
501 204 579 224 unam
594 203 658 224 vero
680 201 726 223 aut
753 195 821 223 duas
845 195 928 223 horas
949 203 982 223 ex
997 198 1021 226 Α
1035 195 1208 227 hominibus,
1227 199 1301 221 tanta
1315 198 1342 221 ct
1357 194 1384 220 in
1399 193 1496 220 animis
1517 193 1655 220 invenitur
1669 200 1732 219 esse
1748 192 1830 218 diffe-

196 247 302 279 integro
323 245 366 271 die
383 245 463 271 etiam
491 244 544 270 Deo
565 243 685 277 deputet,
712 247 740 270 et
766 243 800 270 ad
824 242 980 270 orationem

193 291 284 317 wniat
312 290 338 316 iu
358 288 513 321 ecclesiam,
538 288 579 315 vel
609 289 635 314 in
662 287 779 314 transitu
805 287 916 314 verbum
935 287 981 314 Dei

192 335 296 366 audiat,
317 334 481 369 praecipuam
498 340 562 359 vero
577 339 672 359 curam
687 340 750 367 erga
769 332 980 360 sollicitudinem

193 380 284 408 εει-ρυιί
301 384 328 407 et
340 379 442 406 ventris
459 378 597 413 expendat
611 387 618 405 :
638 378 689 405 iste
704 385 757 405 non
774 378 892 412 complet
905 386 979 406 ruan-

191 430 283 456 dattrm
302 427 378 461 quod
411 427 488 458 dicit,
518 429 547 452 ut
571 426 653 452 homo
680 425 830 453 secundum
856 426 981 453 ordinem

191 482 268 501 suum
285 473 392 500 incedat
404 493 412 505 ,
432 472 473 500 vel
490 471 563 506 quod
580 471 658 503 dicit,
676 476 706 498 ιιι
720 472 811 498 omnia
832 473 981 498 secundum

190 520 313 547 ordinent
344 519 421 545 fiant.
433 518 512 545 Ordo
536 521 578 544 est
595 517 668 544 enim
683 522 802 544 statutus
824 525 838 543 a
859 518 980 550 Christo,

189 574 313 602 quaerere
327 565 402 599 prius
418 572 531 599 regnum
550 563 597 592 Dei
617 568 644 590 et
655 562 792 597 justitiam
803 562 867 597 ejus
883 570 982 591 etcre-

189 615 254 640 dere
268 612 348 646 ~quotl
365 609 485 636 secundo
505 609 564 635 loco
580 609 636 635 haec
656 608 733 635 nobis
754 614 925 643 appouaumr
946 609 980 636 ἰ.

192 659 277 686 Ilomo
290 665 354 692 ergo
371 655 519 683 secundum
536 655 667 681 ordinem
685 662 764 681 suum
788 655 904 682 incedat.
924 655 982 682 ‘l‘n-

190 709 267 731 tasue
289 703 335 738 qui
363 700 519 728 sacerdotio
545 700 708 735 funguntur,
725 703 753 726 et
768 699 794 726 in
812 700 981 727 sacerdotali

189 751 285 778 ordine
297 749 467 784 gloriantur,
491 746 641 774 secundum
657 746 784 774 ordinem
808 754 886 774 suum
903 747 981 774 Lince-

189 798 266 829 dttnt,
291 801 317 823 et
332 799 416 830 agunt
429 794 521 822 omnia
536 801 597 828 qnte
615 793 660 820 illo
676 793 774 820 ordine
796 793 877 828 digna
894 794 982 820 sunt?

189 842 321 870 Similiter
330 844 464 867 autemet
477 838 585 866 diaconi
601 843 680 872 putas
695 838 844 865 secundum
857 838 979 865 ordinem

190 887 334 915 ministerii
352 886 394 912 sui
411 885 562 913 incedunt?
591 884 623 911 Et
652 884 723 912 unde
752 889 793 912 est
816 884 888 918 quod
910 891 981 919 saepe

190 934 315 960 audimus
339 932 529 966 blasphcmarc
559 931 694 963 homines,
722 935 750 958 et
773 930 887 964 dicere,
909 931 981 959 Ecce

188 979 278 1014 qualis
295 978 459 1013 episcopus,
484 982 530 1004 aut
548 976 637 1011 qualis
661 976 814 1013 presbyter,
835 976 876 1005 vel
893 977 981 1012 qualis

189 1025 341 1053 diaconus?
365 1024 459 1051 Nonne
485 1024 543 1050 haec
568 1023 707 1055 dicutttur,
732 1023 777 1050 ubi
795 1024 836 1051 vel
853 1023 982 1051 sacerdos

187 1071 231 1099 vel
248 1071 372 1098 minister
388 1070 434 1097 Dei
450 1077 532 1097 ausus
549 1068 630 1096 fuerit
645 1069 671 1096 in
687 1069 780 1105 aliquo
792 1075 889 1097 contra
903 1070 979 1098 ordi-

190 1125 251 1145 nem
271 1125 350 1145 suum
373 1116 476 1147 venire,
493 1119 521 1142 et
540 1115 641 1150 aliquid
666 1119 761 1143 contra
782 1116 980 1144 sacerdotalem

188 1164 231 1191 vel
256 1162 404 1190 Leviticum
425 1161 548 1188 ordinem
567 1160 686 1196 gerere?
712 1160 781 1194 Quid
797 1166 886 1190 autem
907 1167 935 1190 et
949 1164 981 1190 de

189 1209 341 1245 virginibus
357 1208 458 1240 dicam,
473 1211 521 1233 aut
533 1207 566 1233 de
577 1207 786 1235 continentibus
800 1208 842 1235 vel
854 1209 981 1236 onmibus

189 1256 236 1291 qui
259 1256 286 1282 in
317 1253 488 1289 professione
507 1253 647 1288 religionis
667 1253 813 1282 videntur?
839 1255 935 1283 Nonne
957 1257 979 1284 si

189 1301 255 1336 quid
272 1299 498 1331 inverecundum,
511 1298 551 1326 vel
562 1298 730 1333 petulans,si
744 1299 808 1334 quid
824 1307 980 1335 protervum

190 1347 347 1382 gesserint,
374 1345 465 1378 arguit
492 1352 539 1372 eos
562 1345 691 1372 continuo
715 1344 822 1380 Moyses
845 1351 872 1373 et
896 1347 980 1381 dicit,

192 1402 203 1419 ι
225 1393 312 1421 Homo
329 1393 477 1421 secundum
489 1392 612 1420 ordinem
630 1399 707 1420 suum
723 1392 850 1420 incedat?
861 1401 872 1419 ι
889 1393 981 1428 Agno-

190 1444 250 1468 scat
269 1440 352 1475 igitur
369 1438 557 1474 unusquisque
585 1438 710 1466 ordinem
741 1446 834 1471 suum,
857 1445 885 1466 et
911 1440 980 1474 quid

190 1486 303 1522 dignum
322 1485 359 1513 sit
381 1493 414 1512 eo
427 1484 620 1519 ordinequem
639 1485 776 1519 suscepit,
797 1485 939 1519 intelligat,
954 1490 982 1513 ct

191 1533 230 1560 ita
244 1532 323 1560 librct
338 1536 415 1559 actus
426 1538 500 1564 suos,
518 1531 552 1558 ita
566 1531 650 1558 etiarn
665 1538 830 1564 sermonem,
845 1531 981 1560 inceSSum

190 1585 299 1614 quoque
311 1577 399 1613 ipsum
409 1582 437 1605 et
451 1578 571 1604 habitum
585 1577 753 1609 moderetur,
767 1581 865 1604 utcum
877 1579 982 1608 ordinis

190 1625 233 1652 sui
249 1623 420 1660 professiotte
439 1624 602 1656 conveniat,
630 1631 663 1650 nc
687 1623 779 1650 audiat
795 1623 846 1651 dici
873 1625 907 1652 ad
922 1633 951 1653 se
967 1633 982 1653 a

192 1671 260 1704 Deo,
274 1671 338 1707 quia
353 1676 479 1706 tpropter
496 1679 543 1698 vos
554 1678 652 1698 nomen
669 1677 759 1698 meum
777 1669 982 1706 blasphematur

192 1718 263 1745 inter
277 1721 373 1752 gentes
387 1716 419 1743 ⁸².
434 1727 442 1742 ι

226 1775 255 1803 2.
276 1775 346 1809 Quid
370 1779 462 1802 autem
489 1775 524 1802 sit
549 1775 622 1810 quod
646 1775 729 1809 dicit,
757 1781 804 1804 tet
833 1778 982 1805 secundum

189 1822 267 1857 signa
284 1830 365 1854 sua,»
393 1822 543 1849 videamus.
572 1823 628 1856 Ego
654 1827 718 1858 puto
747 1824 824 1857 signa
851 1832 912 1852 esse
940 1833 982 1857 ea,

192 1867 290 1902 quibus
304 1867 517 1902 uniuscujusque
533 1868 686 1902 proprietas
710 1869 869 1905 designatur
884 1871 981 1898 :‘verbi

192 1915 292 1949 gratia,
308 1921 402 1941 omnes
417 1914 525 1948 quidem
550 1913 672 1941 homines
690 1915 793 1942 similes
813 1923 922 1950 sumus,
936 1917 983 1944 sed

192 1965 234 1987 est
250 1960 495 1994 propriaqua'dam
520 1959 734 1994 uniuscujusque
756 1962 912 1995 distinctio,
942 1962 982 1989 vel

193 2007 220 2034 iu
237 2006 293 2040 ipso
306 2005 392 2037 vultu,
408 2005 450 2032 vel
465 2005 492 2031 in
510 2010 621 2037 statura,
639 2006 680 2033 vel
698 2008 724 2033 in
739 2007 882 2041 positione,
899 2008 939 2035 vel
958 2009 983 2036 in

195 2052 300 2082 habitu,
317 2058 364 2085 per
380 2058 450 2084 qute,
474 2051 548 2077 verbi
564 2051 662 2085 gratia,
686 2051 785 2080 Paulus
806 2054 869 2088 quia
886 2054 985 2083 Paulus

195 2097 232 2123 εἰ
245 2095 413 2130 designatur,
427 2100 454 2122 et
467 2095 563 2122 Petrus
576 2096 639 2130 quia
655 2097 751 2125 Petrus
766 2099 820 2132 sit,
837 2103 866 2126 et
880 2107 932 2126 non
950 2101 986 2127 sit

197 2141 304 2168 Paulus.
338 2142 475 2169 Interdum
510 2147 599 2170 autem
627 2144 709 2171 etiam
745 2153 796 2172 non
830 2146 986 2175 videntibus

196 2187 412 2222 uniuscujusque
429 2188 497 2223 signi
522 2189 667 2217 diversitas
684 2190 773 2224 datur,
792 2196 820 2218 ut
832 2199 863 2219 ex
874 2200 945 2221 voce
960 2199 987 2220 et

198 2234 305 2269 loquela
318 2239 447 2268 agnoscat
463 2234 537 2260 illutn
553 2241 614 2261 esse
629 2235 670 2262 vel
682 2235 758 2262 illum
778 2237 824 2271 qui
840 2237 963 2272 loquitur
979 2247 985 2264 :
1003 2231 1025 2257 D

198 2287 226 2308 et
241 2281 387 2308 secundum
404 2288 458 2308 sua:
478 2281 652 2316 proprietatis
671 2282 779 2316 signum
802 2285 988 2320 unusquisque

198 2327 281 2354 ctiatn
294 2327 354 2354 sine
368 2327 501 2361 corporali
521 2327 627 2355 visione
639 2329 822 2362 cognoscitur.
836 2329 892 2357 Hoc
907 2330 989 2358 ntodo

198 2373 388 2400 arbitroresse
402 2374 483 2401 etiam
499 2373 524 2400 in
539 2374 638 2401 animis
651 2374 726 2408 signa
744 2374 861 2403 diversa.
878 2375 912 2403 Et
922 2375 990 2403 alte-

199 2419 256 2446 rius
269 2419 378 2453 quidctn
393 2419 475 2446 animi
490 2425 579 2446 motus
592 2419 679 2447 leuior
691 2424 743 2453 est,
762 2420 844 2456 mitis,
856 2421 989 2456 placidus,

201 2466 373 2500 tranquillus,
388 2466 517 2501 requalis;
530 2467 642 2493 alterius
656 2467 791 2499 turbidus,
801 2467 900 2502 elatus,
913 2476 991 2504 aspe-

202 2513 268 2543 rior,
289 2512 438 2545 incitatior,
466 2512 642 2548 petulantior.
664 2513 741 2540 Alius
758 2514 990 2549 circumspectus,

201 2563 309 2590 cautus,
322 2559 460 2593 providus,
477 2558 622 2592 sollicitus,
636 2560 760 2595 impiger.
774 2560 849 2588 Alius
866 2562 989 2589 desidio-

203 2614 259 2637 sus,
277 2609 417 2643 remissus,
437 2609 585 2644 negligens,
611 2609 747 2637 incautus.
776 2610 808 2637 Et
821 2611 849 2638 iri
866 2612 908 2639 his
922 2611 992 2640 alius

206 2652 275 2686 plus,
303 2653 371 2681 alius
397 2655 497 2682 minus.
521 2655 554 2682 Et
583 2655 670 2683 audeo
701 2657 895 2691 pronuntiare,
927 2659 991 2693 quia

205 2697 330 2726 fortassis
351 2706 451 2734 quanta
472 2701 499 2728 in
521 2703 612 2736 specie
632 2703 723 2730 vultus
754 2703 827 2731 inest
848 2705 993 2733 diversitas

243 2747 265 2762 ⁸¹
281 2747 373 2776 Matth.
388 2758 425 2782 vt,
439 2751 483 2778 55.
522 2751 544 2767 ⁸¹
560 2751 638 2780 Rom.
654 2760 684 2785 ιι,
699 2753 744 2780 24.
778 2753 805 2769 ’⁵³
820 2753 830 2780 Ι
845 2753 907 2782 Cor.
924 2762 961 2788 rx,
976 2755 983 2782 ε

1059 2754 1082 2771 ⁰⁴
1096 2754 1179 2785 Hebr.
1195 2765 1223 2790 x,
1239 2757 1262 2784 l.

244 2814 300 2849 (58)
318 2814 392 2848 Μ55.,
409 2826 417 2842 t
434 2817 543 2853 subjici.
561 2828 570 2845 ι
588 2819 664 2848 Libb.
684 2821 758 2855 editi,
778 2832 786 2848 ι
804 2823 948 2859 subjicere.
970 2834 979 2850 ι

1034 240 1132 267 rentia.
1147 239 1220 266 Sicut
1233 244 1259 266 et
1276 239 1505 273 sapientissitumn
1520 237 1699 265 Salomoncm
1715 237 1830 263 tuemini

1032 286 1148 321 quodam
1167 285 1226 312 loco
1243 285 1377 312 dicentem
1396 292 1403 311 :
1422 293 1431 309 ι
1445 284 1523 310 Sicut
1538 282 1641 310 diversi
1660 285 1724 309 sunt
1736 281 1832 309 vultus

1033 332 1159 365 vultibus,
1174 332 1209 358 ita
1225 336 1252 358 et
1267 331 1374 357 diversa
1392 334 1457 357 sunt
1475 328 1558 356 corda
1571 328 1726 355 hominum.
1744 336 1758 353 ο
1776 327 1832 354 Sed

1032 378 1228 412 unusquisque,
1257 381 1286 403 ut
1302 377 1339 403 ait
1355 375 1472 410 Moyses,
1498 374 1650 403 secundum
1676 374 1756 409 signa
1781 381 1831 400 sua

1033 425 1150 455 incedat,
1174 424 1203 450 id
1221 427 1273 456 est,
1292 429 1326 450 ne
1342 422 1364 449 is
1377 441 1385 454 ,
1402 420 1613 460 cujus'humilia
1639 424 1668 447 et
1696 419 1832 454 despecta

1032 474 1094 497 sunt
1118 469 1206 502 signa,
1224 468 1322 495 elatior
1334 466 1457 499 incedat,
1484 466 1526 494 vel
1545 465 1629 493 altior
1653 472 1739 500 quam
1769 464 1832 491 ani—

1033 522 1139 542 morum
1171 522 1282 542 suorum
1310 514 1387 549 signa
1413 513 1576 549 deposcunt.
1612 511 1648 539 Et
1681 516 1711 539 ut
1741 511 1834 539 adhuc

1033 561 1150 596 amplius
1164 560 1330 588 diversitatis
1345 560 1487 595 signoruni
1501 559 1571 586 ratio
1582 558 1732 590 clarescat,
1747 557 1832 584 adde-

1035 614 1095 634 mus
1117 607 1200 634 etiant
1221 607 1287 634 hate.
1301 606 1404 634 Omnes
1427 606 1474 641 qui
1499 605 1608 632 litteras
1619 608 1734 634 norunt,
1747 603 1833 638 279

1027 655 1138 678 certum
1157 651 1284 684 estquod
1301 650 1394 685 viginti
1419 653 1537 684 quatuor
1552 648 1575 675 si
1598 645 1708 681 Greca,
1734 648 1832 683 viginti

1033 696 1085 723 tria
1105 695 1128 722 si
1151 694 1248 722 Latina
1265 695 1416 722 litterarum
1433 694 1568 722 eletnenta
1580 694 1740 725 didicerint,
1752 699 1785 720 et
1799 700 1832 720 ex

1032 741 1077 769 his
1108 740 1203 769 omnia
1226 748 1396 776 quacunque
1425 741 1568 768 scribenda
1592 745 1667 774 sunt,
1689 740 1832 768 scribunt.

1032 785 1112 813 Aliud
1131 791 1221 814 tamen
1237 786 1356 821 signum,
1375 785 1450 813 verbi
1466 785 1566 820 gratia,
1579 785 1660 820 alpha
1673 785 1749 820 quod
1763 785 1833 812 Pau-

1033 831 1075 858 lus
1092 831 1249 866 scripserit,
1267 831 1361 863 habet,
1383 835 1410 858 et
1431 830 1503 857 aliud
1519 830 1592 865 quod
1608 830 1727 864 Petrus;
1749 834 1779 857 et
1794 831 1834 857 sic

1033 883 1083 911 per
1094 876 1218 911 singulos
1239 876 1376 908 homines,
1396 875 1441 910 qui
1455 874 1563 903 litteras
1583 880 1693 907 norunt,
1721 875 1833 902 diversa

1033 921 1170 950 scribendi
1187 929 1235 956 per
1254 921 1376 954 singulas
1391 928 1513 956 quasque
1522 921 1635 948 litteras
1654 921 1734 956 signa
1752 929 1833 956 repe-

1036 968 1101 996 ries.
1133 966 1210 995 Unde
1237 972 1265 994 et
1289 966 1471 1003 chirographa
1503 967 1673 1002 singulorum
1703 968 1834 995 manibus

1033 1013 1148 1048 scripta,
1160 1012 1280 1048 propriis
1294 1013 1457 1047 quibusdam
1475 1013 1563 1048 signis
1575 1018 1602 1040 et
1618 1013 1729 1042 iudiciis
1751 1022 1834 1049 agno-

1036 1064 1165 1090 scuntur;
1183 1063 1210 1085 et
1223 1058 1351 1085 cumsiut
1363 1057 1618 1091 eleutentaeadem,
1631 1063 1673 1085 est
1690 1064 1787 1086 tamen
1808 1059 1834 1086 in

1034 1103 1092 1138 ipsa
1107 1103 1287 1130 similitudine
1302 1102 1455 1130 litterarum
1473 1103 1558 1130 multa
1575 1103 1782 1130 dissimilitudo
1795 1105 1833 1131 si-

1034 1156 1159 1184 gnorum.
1177 1148 1262 1184 Igitur
1285 1149 1306 1176 si
1324 1149 1430 1183 integre
1453 1149 1500 1176 tibi
1519 1149 1666 1184 proposita:
1683 1150 1724 1176 rei
1747 1150 1835 1185 patuit

1034 1194 1200 1228 exemplum,
1215 1194 1276 1222 veni
1294 1202 1365 1221 ttttttc
1392 1195 1424 1221 ad
1452 1199 1542 1222 motus
1567 1195 1667 1222 tuentis
1683 1201 1711 1222 et
1728 1196 1835 1222 animo-

1035 1248 1107 1272 rum,
1123 1240 1224 1274 quibus
1247 1239 1281 1266 ad
1298 1239 1400 1274 aliquid
1424 1241 1598 1267 concitantur
1609 1243 1776 1276 gerendum.
1793 1241 1834 1268 lu-

1036 1292 1113 1314 tuere
1124 1286 1293 1321 singulorum
1313 1287 1431 1313 virorum
1447 1287 1628 1322 chirographa
1645 1291 1673 1314 et
1689 1288 1755 1315 vide
1765 1296 1834 1322 quo-

1036 1333 1126 1366 tnodo,
1146 1333 1220 1360 verbi
1239 1333 1338 1368 gratia,
1356 1332 1464 1359 animus
1484 1331 1562 1360 Pauli
1586 1334 1733 1368 proposuit
1749 1335 1834 1361 casti-

1036 1383 1166 1411 tatcm,et
1183 1379 1292 1406 animus
1304 1379 1483 1406 nihilominus
1495 1378 1586 1412 Petri;
1601 1381 1648 1406 sed
1663 1386 1705 1408 est
1723 1382 1834 1415 propria

1035 1425 1158 1459 qua'dam
1174 1425 1288 1453 castitas
1298 1425 1411 1457 Petri,et
1427 1425 1480 1452 alia
1494 1427 1607 1453 castitas
1618 1426 1710 1458 Pauli,
1724 1427 1834 1454 etiamsi

1036 1479 1089 1498 una
1106 1472 1257 1507 eademque
1273 1471 1407 1499 videatur.
1427 1473 1546 1507 Denique
1568 1473 1685 1501 alterius
1705 1474 1832 1509 ipsorum

1038 1518 1103 1546 talis
1125 1519 1244 1546 castitas
1270 1524 1321 1550 est,
1338 1527 1398 1553 quae
1419 1520 1539 1554 requirat
1565 1521 1701 1547 macerari
1731 1529 1834 1555 corpus

1039 1572 1128 1597 suttm,
1144 1569 1171 1592 et
1187 1564 1283 1599 subjici
1302 1565 1360 1600 (58)
1385 1566 1522 1597 servituti,
1546 1571 1574 1593 et
1595 1574 1655 1600 qua:
1671 1567 1766 1595 adlntc
1796 1567 1835 1594 di-

1039 1615 1083 1638 cat
1100 1610 1123 1626 "
1141 1617 1148 1637 :
1168 1619 1177 1635 ι
1192 1611 1306 1644 ’(,ἶιιειὶκο
1328 1618 1428 1646 «orpns
1441 1620 1473 1638 nn
1485 1620 1542 1644 um,
1558 1620 1590 1639 m-
1607 1611 1677 1638 fortc
1689 1612 1755 1640 aliis
1770 1621 1836 1648 prte-

1037 1656 1133 1683 dicans
1159 1656 1216 1690 ipsc
1229 1657 1366 1692 reprobus
1395 1657 1537 1689 inveniar;
1562 1667 1571 1684 ι
1598 1658 1714 1686 alterius
1744 1665 1834 1686 autem

1038 1702 1150 1730 castitas
1170 1702 1230 1729 talis
1246 1707 1298 1734 est,
1317 1710 1377 1736 qua:
1389 1703 1459 1729 istud
1473 1703 1542 1730 forte
1555 1711 1607 1730 non
1634 1704 1741 1731 timeat.
1756 1704 1837 1732 Simi-

1037 1747 1100 1774 liter
1113 1747 1256 1782 etjustitia
1278 1748 1359 1775 habet
1375 1748 1478 1783 aliquid
1498 1749 1676 1783 proprietatis
1691 1750 1721 1777 in
1739 1751 1834 1780 Paulo.

1038 1792 1120 1819 habet
1135 1797 1162 1819 et
1180 1793 1205 1819 in
1224 1792 1315 1820 Petro.
1328 1793 1430 1820 Eodem
1448 1794 1527 1821 modo
1543 1799 1569 1821 ct
1595 1795 1734 1829 sapientia
1760 1801 1836 1822 ciete-

1039 1846 1130 1873 ra'qnc
1142 1840 1266 1866 virtutes.
1279 1839 1355 1872 Quod
1369 1839 1390 1866 si
1406 1840 1488 1866 etiam
1505 1840 1531 1867 itt
1548 1840 1591 1868 llis
1604 1841 1765 1869 nominibus
1777 1849 1836 1877 qua

1039 1885 1156 1920 exempli
1173 1893 1253 1912 causa
1274 1886 1424 1920 posui-mus,
1444 1890 1532 1921 potest
1549 1887 1606 1913 fieri
1623 1891 1651 1913 ut
1671 1895 1737 1914 cum
1751 1896 1833 1915 tnttmt

1042 1931 1158 1965 sintpcr
1173 1930 1307 1966 Spiritum
1319 1930 1426 1963 Dei,sit
1437 1936 1526 1958 tamen
1541 1931 1631 1967 aliqua
1646 1932 1796 1960 diversitas
1804 1933 1833 1960 in

1040 1977 1160 2011 ipsarum
1173 1977 1342 2011 proprietate
1355 1977 1498 2009 virtutum,
1514 1983 1617 2012 quanto
1634 1978 1724 2013 magis
1738 1979 1833 2014 reliqui

1041 2029 1137 2050 omnes
1151 2022 1277 2050 homines
1291 2023 1400 2058 propria
1418 2024 1541 2058 quamam
1565 2024 1643 2058 signa
1665 2024 1693 2051 in
1717 2026 1834 2053 motibus

1041 2068 1194 2095 animorum
1209 2073 1237 2095 et
1251 2069 1349 2095 anima:
1360 2069 1506 2096 virtutibus
1520 2069 1640 2104 gerunt?
1650 2070 1717 2103 Quae
1728 2071 1834 2107 Moyses

1041 2113 1154 2148 mystica
1180 2113 1287 2140 ratione
1316 2114 1505 2148 perspiciens,
1531 2114 1626 2141 scribit
1656 2115 1682 2141 iu
1711 2115 1783 2151 Ισ-εθ,
1808 2122 1833 2141 ιιι

1041 2160 1227 2193 unusquisque
1243 2159 1391 2186 secundum
1408 2160 1485 2195 signa
1502 2160 1669 2187 suaincedat
1683 2161 1710 2188 in
1725 2161 1832 2188 castris.

1042 2204 1137 2232 Potest
1158 2209 1249 2232 autem
1265 2205 1322 2232 ﬁeri
1339 2210 1367 2232 ut
1382 2205 1557 2233 temulatione
1571 2213 1686 2241 operum
1700 2207 1833 2234 honorum

1041 2251 1075 2277 ab
1093 2251 1270 2278 inferioribus
1285 2251 1371 2286 signis
1406 2252 1440 2278 ad
1463 2252 1575 2279 tneliora
1602 2256 1629 2279 et
1654 2254 1834 2288 magniﬁcen-

1041 2295 1112 2323 tiora
1130 2296 1279 2323 veniamus.
1299 2296 1327 2323 Si
1345 2296 1417 2323 enim
1440 2301 1515 2324 recte
1538 2304 1552 2323 a
1568 2298 1647 2325 nobis
1664 2298 1832 2326 intellectum

1040 2347 1094 2374 est,
1119 2341 1176 2369 lttec
1191 2342 1281 2369 omnia
1298 2349 1358 2376 qua:
1383 2343 1409 2369 in
1427 2342 1486 2377 lege
1508 2344 1610 2378 scripta
1633 2349 1710 2376 sunt,
1734 2344 1833 2371 formas

1041 2394 1103 2414 esse
1119 2387 1273 2414 futurorum
1289 2387 1422 2415 bonorum
1432 2387 1467 2422 ⁸⁸,
1479 2393 1505 2416 et
1517 2389 1590 2416 illius
1606 2390 1701 2417 saeculi
1716 2391 1790 2426 quod
1801 2397 1832 2417 ex

1042 2433 1243 2460 resurrectione
1270 2440 1438 2461 mortuorum
1462 2442 1626 2469 speramus,
1662 2442 1771 2463 certum
1794 2440 1834 2463 εει

1041 2479 1134 2513 utique
1148 2480 1220 2514 quod
1234 2479 1255 2506 si
1270 2479 1296 2506 in
1308 2481 1435 2514 praesenti
1449 2481 1504 2507 vita
1518 2481 1698 2509 habuerimus
1715 2482 1832 2510 studium

1042 2524 1196 2556 meliorum,
1214 2529 1241 2552 et
1265 2526 1416 2552 secundum
1437 2526 1561 2561 Apostoli
1575 2527 1732 2562 exemplum
1747 2534 1834 2564 poste-

1043 2571 1115 2599 riora
1131 2571 1322 2600 obliviscentes
1352 2574 1385 2600 ad
1401 2581 1431 2600 ea
1456 2582 1515 2609 quae
1533 2575 1559 2602 in
1581 2580 1645 2602 ante
1660 2581 1726 2604 sunt
1741 2583 1828 2604 exten-

1041 2618 1156 2645 damur:
1168 2618 1195 2644 in
1211 2621 1411 2647 resurrectione
1423 2625 1604 2654 mortuorutn,
1615 2621 1661 2648 ubi
1671 2622 1744 2649 sicut
1756 2622 1830 2650 stella

1043 2661 1078 2689 ab
1089 2662 1167 2689 stella
1185 2662 1311 2690 dill'ertin
1321 2664 1406 2699 gloria
1423 2665 1458 2698 ⁸⁵,
1472 2665 1542 2693 itaet
1556 2666 1832 2702 uniuscujusqneme-

1041 2708 1093 2735 rita
1109 2708 1290 2743 refulgebunt,
1317 2711 1467 2743 poterimus
1475 2711 1568 2746 utique
1575 2712 1609 2741 ab
1619 2712 1832 2742 iuferioribusad

1301 2757 1323 2774 "
1337 2756 1347 2784 l
1362 2757 1424 2788 Cor.
1440 2766 1484 2793 xv,
1500 2759 1544 2788 4i.
