1894 3058
69 140 120 168 593

677 137 711 165 IN
731 136 895 166 NUMEROS
916 137 1056 165 llOtlllLlA
1075 137 1118 166 III.

1650 139 1705 165 51ἲῖ

69 201 186 229 meliora
203 202 284 237 signa
299 206 325 229 et
345 201 508 237 fulgentiora
526 200 680 233 transferri.
698 206 726 228 et
745 200 864 235 splendi-
880 203 902 230 Α
918 202 993 229 crisi.
1021 201 1117 229 Melius
1151 206 1242 229 autem
1272 201 1388 229 dicimus
1415 202 1448 228 ad
1474 200 1704 236 comparationem

69 248 193 276 dioribus
207 249 347 277 sideribus
361 249 511 284 exaequari.
527 250 616 284 Atque
630 249 764 275 inlantum
777 253 866 283 potest

70 300 170 322 natura
196 295 318 322 humana
337 296 363 323 in
381 296 433 323 hac
450 295 504 322 vita
527 296 670 330 proiicere.
685 295 752 322 utin
771 303 864 322 resur-

69 340 196 368 rectione
211 347 383 370 mortuorum
407 350 461 370 non
487 342 574 370 solum
592 341 732 369 stellarum
760 342 863 378 gloriae.

70 387 118 415 sed
146 393 174 415 et
199 388 267 415 solis
282 388 421 423 splendori
440 388 528 416 valeat
551 389 700 423 exaequari.
715 389 863 416 secundum

71 434 142 467 quod
157 435 290 469 scriptutn
307 440 348 463 est
363 435 398 467 ⁸⁸,
414 435 478 470 quia
497 445 506 462 ι
532 435 601 470 justi
621 435 762 471 fulgebunt
777 435 802 462 iu
821 443 864 462 re-

70 488 123 515 gno
139 479 186 508 Dei
206 481 273 508 sicut
291 481 344 509 sol.
361 491 370 507 ›
389 481 456 509 llinc
471 490 538 517 ergo
549 487 600 515 est,
623 483 695 517 quod
708 487 735 510 et
753 482 778 509 in
796 481 865 509 infe-

71 526 195 553 rioribus
209 527 275 554 dicit
290 527 312 542 ³⁷
331 536 338 553 :
360 537 370 553 ι
387 527 538 555 secundum
552 529 630 564 signa
644 536 760 563 sua,per
770 528 866 556 domos

70 571 241 600 familiarum
254 581 376 601 suarum.
399 583 408 601 ι
423 573 501 607 Quod
513 574 588 607 dicit,
609 585 618 601 ι
644 583 692 610 per
714 575 809 602 domos
825 574 866 601 fa-

71 618 213 645 miliarum
227 627 348 650 suarum.
369 629 378 644 ι
398 619 423 646 in
445 619 544 648 Graeco
570 621 641 647 idem
658 628 747 647 sermo
762 620 865 654 positus

71 667 124 696 est,
139 671 222 697 quem
237 669 264 691 et
279 664 313 691 ibi
329 664 473 699 Apostolus
487 665 563 697 dicit.
574 665 619 692 ubi
631 665 668 692 ait
682 665 728 691 εει
751 675 759 691 ι
782 665 866 699 Hujus

73 710 110 736 rei
121 710 211 743 gratia
227 717 312 737 curvo
325 719 411 745 genua
432 718 490 738 mea
503 711 536 737 ad
552 710 660 738 Patroni
684 711 791 738 Domini
817 718 866 736 no-

73 755 122 782 stri
137 755 204 783 Jesu
225 755 339 788 Christi,
355 764 387 784 ex
400 764 453 791 quo
469 757 559 784 omnis
575 758 726 791 paternitas
743 757 768 784 in
796 756 866 784 cwlo

71 807 99 829 et
116 802 143 829 in
166 807 241 829 terra
259 803 425 830 nominatur.
446 813 455 830 ›
471 803 544 838 Quas
559 810 624 838 ergo
641 804 684 831 hic
701 803 799 830 l‘aulus
818 811 866 838 pa-

73 849 218 876 ternitales
236 849 313 882 dicit,
327 849 363 876 ibi
388 849 508 877 familias
528 849 619 884 posuit.
641 849 755 877 Latinus
780 851 863 876 inter-

73 902 151 929 pres.
163 896 215 922 sed
222 903 294 923 unus
301 900 382 930 atque
397 896 468 923 idem
485 904 575 924 sermo
589 896 706 924 habetur
719 896 745 923 in
758 895 862 923 Grarco.

73 939 136 968 Istae
147 946 213 968 sunt
226 949 292 976 ergo
306 942 494 976 paternitates,
509 943 550 970 vel
565 942 675 969 familia:
687 949 754 977 quas
769 941 867 968 Paulus

73 988 184 1022 quidem
199 988 256 1022 jam
283 989 402 1015 ostendit
428 989 454 1015 in
477 988 564 1020 caalis.
581 987 686 1023 Moyses
711 992 800 1015 autetn
816 989 867 1014 sub

74 1034 170 1069 figuris
197 1035 288 1062 adhuc
311 1034 445 1068 legalibus
463 1035 592 1062 describit
616 1035 642 1062 in
658 1035 756 1067 terris;
771 1042 867 1062 SCl'uIl-

74 1081 138 1107 dum
154 1087 225 1114 quas
237 1079 364 1106 incedere
383 1087 431 1106 nos
445 1085 545 1112 monet,
563 1086 592 1107 ut.
618 1081 752 1115 possimus
782 1080 865 1107 crele.

73 1126 163 1153 stibus
179 1126 391 1160 paternitatibus
412 1126 524 1153 sociari.
540 1125 609 1153 Sunt
629 1127 711 1157 enim,
731 1125 866 1154 utl’aulns

73 1171 201 1206 superius
208 1172 404 1206 pronuntiavit,
414 1172 470 1198 sive
479 1171 588 1199 familia:
597 1172 654 1199 istic
663 1172 784 1199 dicenda).
792 1178 865 1203 Slllll,

74 1218 131 1244 sive
140 1218 319 1252 pateruilales
327 1218 352 1244 iu
361 1218 439 1249 caelo.
449 1226 480 1245 ex
489 1218 586 1252 quibus
596 1218 663 1245 forte
671 1223 711 1245 est
720 1218 777 1251 i!la,
785 1225 866 1252 quant

74 1264 100 1290 in
116 1263 172 1291 alio
190 1264 251 1291 loco
269 1264 393 1290 nominat
409 1264 479 1291 idem
496 1264 597 1291 Paulus
609 1264 757 1292 ECclesiam
772 1264 866 1299 primi-

73 1310 192 1339 tivornm
213 1310 361 1345 ascriptam
397 1311 422 1337 in
450 1310 527 1337 caelis
541 1311 582 1343 ⁸⁹;
618 1310 661 1337 cui
687 1318 737 1337 nos
755 1310 864 1337 eveniet

73 1356 188 1388 sociari,
205 1357 226 1384 si
246 1357 397 1384 secundum
412 1357 536 1384 ordinem
554 1356 713 1384 iucedamus
731 1360 758 1382 et
775 1356 866 1383 omnia

74 1404 226 1431 secundum
237 1403 362 1431 ordinem
379 1412 515 1437 geramus.
537 1403 566 1430 Si
583 1403 649 1430 nihil
671 1403 866 1436 inordinatum,

74 1449 143 1477 nihil
167 1449 340 1484 inquietum,
362 1449 431 1476 nihil
457 1449 630 1476 inhonestum
654 1449 810 1476 inveniatur
839 1448 867 1477 in

75 1496 167 1528 nobis.
186 1500 252 1523 lutte
267 1500 295 1523 et
312 1496 383 1523 sicut
408 1495 610 1523 ﬁrmamentum
624 1496 865 1530 resplendehinnts.

916 249 1060 276 malorum.
1080 248 1149 276 Vere
1171 254 1262 277 autem
1283 249 1393 282 melius.
1417 254 1445 276 et
1460 256 1524 275 vero
1548 247 1658 279 rectius.
1673 254 1706 274 ac

916 295 1066 330 perfectius
1093 300 1145 327 est.
1173 300 1203 323 ut
1219 295 1264 330 qui
1290 296 1365 323 audit
1389 295 1502 322 verbum
1527 295 1585 327 Dei,
1609 293 1705 321 audiat

916 343 1000 370 corde
1017 344 1087 371 bono
1108 348 1135 371 et
1156 343 1285 378 simplici,
1298 344 1392 371 audiat
1407 344 1489 371 corde
1504 347 1579 370 recto
1602 346 1630 368 et
1656 348 1706 376 pa»
1745 334 1749 339 ’

917 393 990 421 rato,
1003 393 1030 416 ut
1046 389 1123 423 quasi
1139 389 1164 415 iu
1187 393 1262 416 terra
1279 389 1350 416 bona
1367 388 1514 416 fructificet
1535 391 1563 415 et
1587 391 1704 414 crescat.

917 435 980 464 Haec
996 437 1022 464 iu
1036 436 1196 471 prmfatione
1203 436 1322 463 diximus
1330 440 1441 470 propter
1454 433 1600 462 nonnullos
1611 439 1705 460 eorum

916 483 963 518 qui
981 483 1014 510 ad
1040 482 1204 509 audiendum
1223 490 1274 509 non
1295 481 1426 516 simplici.
1451 488 1500 508 nec
1520 479 1591 507 ﬁdeli
1615 483 1707 506 tuente

917 528 1094 555 conveniunt.
1112 527 1195 562 280
1219 527 1256 554 De
1269 526 1432 561 quibusdam
1455 526 1517 553 dico
1538 525 1710 553 catechume-

919 575 970 605 nis.
988 574 1088 609 quibus
1104 574 1223 601 fortasse
1237 573 1360 601 nonnulli
1378 573 1461 600 etiam
1482 579 1575 600 eorum
1592 571 1636 605 qui
1649 570 1705 604 Jam

919 623 1086 656 baptisnmm
1107 622 1246 649 consecuti
1264 625 1338 653 sunt,
1354 620 1507 648 sociantur.
1528 628 1536 644 ι
1556 618 1614 645 Νοιι
1633 617 1705 645 enim

919 676 1014 695 omnes
1032 668 1078 703 qui
1100 676 1131 695 ex
1154 667 1249 697 Israel.
1268 667 1284 694 ii
1300 671 1363 694 sunt
1377 665 1508 693 Israelita:
1520 665 1562 696 ⁹¹;
1587 674 1596 689 ι
1619 669 1708 697 neque

917 722 1013 741 omnes
1040 714 1085 748 qui
1107 713 1154 740 loti
1181 717 1243 740 sunt
1271 719 1351 746 aqua.
1382 711 1513 738 continuo
1538 710 1618 736 etiam
1645 715 1708 735 sau-

918 765 962 787 cto
980 759 1082 794 Spiritu
1101 759 1145 785 loti
1167 762 1248 785 sunt:
1273 758 1343 784 sicut
1355 756 1512 784 erontrario
1536 763 1588 782 non
1613 760 1709 780 omnes

917 805 963 840 qui
986 805 1012 832 in
1046 803 1253 832 catechumenis
1271 806 1463 834 numerantur,
1483 800 1565 827 alieni
1592 802 1656 826 sntit
1679 802 1709 824 et.

917 856 1045 887 expertes
1066 850 1186 885 Spiritus
1201 849 1302 877 sancti.
1318 847 1433 875 Invenio
1446 846 1518 873 enim
1538 845 1565 872 in
1582 844 1708 878 Scriptu~

920 899 958 926 ris
970 897 1071 925 divinis
1088 896 1234 924 nonnullos
1246 895 1507 922 cateclmmenorum
1521 891 1618 926 dignos
1629 888 1708 916 habi-

919 952 960 974 tos
975 945 1080 980 Spiritu
1104 950 1210 975 sancto.
1226 948 1252 970 et
1276 943 1344 969 alios
1358 945 1470 974 accepto
1486 938 1622 973 baptismo
1634 935 1708 963 indi-

918 1000 985 1028 gnos
1004 992 1086 1018 fuisse
1115 990 1201 1017 sancti
1219 989 1336 1023 Spiritus
1365 987 1463 1021 gratia.
1476 984 1617 1013 Cornelius
1633 985 1708 1009 cate-

918 1039 1069 1065 chumenos
1085 1040 1145 1063 erat
1160 1036 1194 1067 ".
1213 1041 1239 1061 et
1263 1039 1409 1068 antequam
1432 1031 1464 1059 ad
1478 1038 1576 1065 aquam
1591 1029 1706 1059 veniret.

920 1084 1019 1111 meruit
1034 1083 1158 1116 accipere
1184 1081 1316 1116 Spiritum
1341 1083 1478 1106 sanctum.
1499 1077 1593 1103 Simon
1621 1075 1708 1109 bapti-

918 1137 1008 1157 sntnm
1018 1132 1172 1163 acceperat,
1188 1127 1236 1155 sed
1248 1126 1375 1162 quoniam
1388 1132 1449 1151 cum
1465 1121 1600 1158 hypocrisi
1615 1128 1707 1148 acces-

918 1177 951 1204 sit
963 1177 996 1203 ad
1012 1176 1140 1210 gratiam,
1164 1174 1326 1209 repudiatur
1340 1181 1353 1200 a
1372 1173 1441 1199 dono
1469 1170 1588 1204 Spiritus
1604 1169 1704 1197 sancti.

918 1224 987 1252 Nolo
1005 1224 1112 1251 dubites
1129 1227 1156 1249 et
1178 1228 1250 1249 nunc
1272 1227 1334 1247 esse
1358 1219 1385 1246 in
1409 1217 1509 1252 popqu
1533 1215 1707 1243 catechume-

918 1277 1015 1298 norum
1033 1269 1139 1303 aliquos
1151 1267 1305 1298 Cornelios,
1322 1266 1357 1292 ad
1375 1272 1445 1300 quos
1460 1263 1512 1290 dici
1529 1262 1629 1296 possit.
1642 1261 1707 1295 quia

919 1316 1117 1344 misericordiae
1134 1319 1160 1341 et
1179 1313 1320 1342 Orationes
1335 1317 1387 1338 tua:
1401 1309 1583 1338 ascenderunt
1602 1308 1628 1334 in
1653 1313 1710 1333 cm-

918 1363 974 1390 lum
990 1362 1062 1398 (59);
1085 1367 1113 1388 et
1141 1368 1248 1388 rurstun
1266 1360 1292 1386 in
1317 1357 1418 1393 popqu
1433 1355 1551 1383 ﬁdelium
1567 1360 1630 1382 esse
1656 1352 1709 1379 ali-

918 1416 986 1445 quos
1015 1408 1149 1440 Simones,
1165 1407 1264 1442 quibus
1280 1405 1450 1433 c0ntldenter
1458 1402 1602 1430 dicendum
1619 1400 1707 1427 sit":

922 1465 932 1482 ι
952 1455 974 1483 0
991 1455 1069 1490 plene
1089 1455 1163 1481 oumi
1188 1453 1252 1480 dolo
1275 1456 1302 1478 et
1327 1450 1444 1483 fallacia,
1462 1450 1498 1476 lili
1514 1448 1627 1480 diaboli,
1655 1453 1709 1473 ttu-

921 1505 990 1532 Inice
1004 1502 1094 1531 omnis
1119 1500 1243 1535 iustitiae.
1265 1508 1274 1524 »
1294 1497 1357 1525 Hrec
1375 1504 1425 1532 ego
1449 1496 1482 1522 ad
1507 1493 1708 1528 correptionem

75 1546 104 1568 et
125 1542 198 1569 sicut
222 1542 308 1570 stella:
321 1546 347 1569 ct
371 1542 410 1569 sol
434 1542 492 1576 ipse
518 1542 713 1577 refulgebimus
736 1542 761 1568 in
785 1543 901 1577 n-gnoC
920 1553 971 1581 me,
999 1552 1084 1586 ipsi“;
1111 1549 1226 1584 ιοιμιοτ,
1253 1554 1307 1573 non
1333 1544 1420 1572 solum
1443 1543 1607 1570 auditOrum.
1633 1539 1708 1568 Until

76 1588 151 1620 Dei,
192 1595 240 1622 per
274 1587 414 1615 Chrisltttn
455 1587 597 1614 Dominum
632 1593 755 1614 nostrum
776 1608 784 1617 ,
823 1589 866 1615 cui

75 1636 119 1660 est
149 1632 238 1668 gloria
272 1637 301 1660 et
333 1633 479 1669 intperium
509 1633 535 1660 in
569 1634 668 1661 saecula
695 1635 867 1664 satculorutu.

74 1679 174 1708 Amen.

371 1726 513 1754 IlOMlLlA
530 1727 574 1754 Ill.

76 1783 117 1812 De
128 1793 160 1812 ιο
171 1785 244 1820 quod
257 1786 386 1821 scriptum
396 1791 432 1821 est
447 1785 469 1801 ’°
482 1793 497 1821 εν
507 1794 516 1811 ι
537 1785 592 1820 Ego
610 1787 741 1821 autmtpsi
765 1786 867 1815 Levita:

113 1821 248 1858 amcitia
269 1820 386 1858 ﬁliorum
412 1820 498 1847 Israel
532 1829 580 1858 pro
599 1822 669 1849 omni
695 1823 868 1858 primogenita

112 1856 158 1888 qui
176 1856 299 1890 adaperi!
316 1855 432 1887 vulvam,
447 1865 456 1881 ι
473 1861 497 1882 et
511 1857 624 1891 reliqua.

112 1913 139 1940 1.
157 1912 296 1946 Scriptum
315 1917 357 1940 est
374 1912 407 1939 de
427 1920 536 1946 manna,
559 1913 622 1947 quia
637 1915 785 1942 secundum
802 1921 868 1943 tem-

75 1966 127 1994 pus
144 1958 211 1986 illud
223 1958 246 1986 si
262 1958 324 1993 quis
339 1958 365 1986 id
383 1959 418 1985 ita
433 1959 624 1993 assumpsisset
651 1965 679 1987 ut
700 1966 868 1996 praeceperat

76 2005 161 2038 Deus,
188 2006 342 2032 nutriretur
367 2013 400 2032 ex
422 2012 475 2037 eo;
492 2006 514 2032 si
528 2006 591 2040 quis
609 2014 673 2033 vero
685 2011 781 2034 contra
799 2016 868 2042 prae-

75 2058 186 2087 ceptum
210 2052 268 2084 Dei.
284 2057 312 2079 et
334 2056 427 2079 contra
453 2056 585 2079 statutum
609 2053 742 2080 divinitus
759 2055 867 2082 tundunt

74 2098 210 2126 voluisset
224 2105 376 2129 assumere.
387 2105 439 2125 non
449 2097 587 2126 frueretur
603 2106 648 2132 eo,
664 2104 694 2127 ut
708 2099 782 2127 vitali
795 2100 868 2134 cibo,

73 2145 122 2172 sed
137 2152 247 2172 vermes
264 2144 410 2172 ebullirent
430 2152 463 2171 ex
484 2152 528 2172 eo.
545 2144 577 2172 Et
603 2146 638 2172 ita
655 2145 748 2177 ﬁebat,
765 2151 794 2174 ut
814 2155 866 2176 una

74 2195 158 2226 atque
183 2192 281 2218 eadem
307 2190 411 2225 species
428 2198 534 2217 mannae
552 2191 614 2218 aliis
630 2191 745 2226 quidem.
761 2200 867 2220 vermes

74 2241 103 2264 et
114 2236 278 2272 putredines
297 2242 451 2272 generaret,
471 2236 532 2263 aliis
546 2244 610 2263 vero
629 2237 763 2265 salubrem
777 2238 866 2266 cibum

73 2283 225 2314 conferret.
246 2287 271 2310 et
299 2283 360 2309 vita:
377 2282 575 2310 necessarium.
590 2282 675 2317 Igitur
701 2288 728 2310 et
742 2289 865 2313 nostrum

74 2337 173 2356 manna
192 2330 306 2356 verbum
332 2328 378 2355 Dei
403 2333 457 2360 est.
483 2333 509 2354 et
531 2328 599 2362 apud
628 2336 678 2356 nos
695 2336 761 2363 ergo
775 2338 867 2358 sermo

74 2374 123 2402 Dei
136 2374 202 2402 aliis
214 2373 329 2401 eﬂicitur
341 2374 374 2400 ad
387 2373 516 2406 salutem,
532 2373 592 2401 aliis
613 2373 685 2400 cedit
701 2375 733 2401 ad
747 2383 865 2409 pinnam.

74 2420 109 2448 Et
121 2425 235 2455 propter
250 2419 302 2447 hoc
315 2419 433 2447 arbitror
446 2420 518 2454 quod
539 2420 596 2455 ipse
612 2420 744 2447 Dominus
760 2427 788 2448 et
806 2421 867 2449 Sal-

73 2472 164 2499 vator,
177 2466 223 2501 qtti
240 2471 283 2494 est
299 2467 391 2493 vivttm
416 2465 464 2493 Dei
484 2466 609 2500 verbum,
626 2466 734 2495 dicebat
750 2468 771 2484 ⁹¹
787 2478 792 2495 :
810 2478 818 2494 ι
837 2469 865 2497 In

70 2512 206 2547 judicium
218 2519 268 2546 ego
283 2512 344 2539 veni
358 2512 385 2539 in
399 2513 472 2539 hunc
488 2512 629 2544 mundum.
645 2518 674 2540 ut
701 2521 754 2541 non
769 2515 865 2542 viden-

74 2564 115 2585 tes
135 2559 258 2591 videant,
280 2565 307 2586 ct
327 2559 450 2586 videntes
468 2559 533 2586 caeci
555 2558 632 2585 ﬁant.
652 2568 661 2585 ι
678 2559 785 2592 Quanto
810 2570 865 2589 tne-

73 2604 127 2631 Iius
143 2610 218 2632 esset
232 2605 370 2632 nonnullis
383 2605 495 2633 omnino
511 2614 561 2633 nec
575 2608 668 2634 audire
684 2609 795 2634 verbum
805 2607 865 2641 Dei.

73 2658 163 2692 quant
173 2650 268 2678 audire
287 2659 347 2678 cum
377 2652 491 2684 malitia.
521 2653 564 2679 vel
588 2654 682 2680 audire
705 2653 865 2689 cumhypo-

105 2699 127 2712 “
148 2698 245 2725 Matth.
267 2707 324 2731 xm.
346 2699 390 2726 43.
428 2701 449 2716 ⁸⁷
470 2700 549 2727 Num.
573 2708 600 2732 ιι,
620 2701 647 2727 '2.

81 2734 91 2748 '
108 2732 189 2759 Rom.
205 2742 241 2766 ιχ,
258 2735 284 2761 6.
323 2734 346 2750 ’³
362 2735 423 2762 Act.
440 2743 465 2762 Χ.

101 2782 160 2816 (59)
189 2783 220 2810 In
234 2785 337 2811 uehit".

68 2825 77 2843 ι
98 2818 131 2844 ad
150 2819 305 2846 Dominum.
330 2829 338 2845 I

101 2853 160 2888 (60)
175 2854 262 2881 Codd.
280 2855 470 2889 Ebroivcnsis,
490 2855 668 2892 Turonensis,
689 2857 860 2886 Bellovaccu-

400 2785 484 2812 Codd.
511 2786 682 2814 Ebroirensis
696 2791 724 2813 et
740 2787 859 2823 Turon.,

685 2701 708 2715 ’⁸⁵
728 2701 826 2736 I'thes.
847 2709 886 2734 Ill,
905 2703 946 2730 Μ.

504 2735 527 2751 ⁹³
543 2735 602 2763 Act.
618 2744 676 2768 xm.
696 2735 755 2763 10(
774 2736 797 2754 ’³
811 2737 862 2764 Nut

935 2746 949 2765 ι.
966 2739 994 2766 Η
1015 2744 1042 2766 ct
1057 2747 1131 2773 seqq.
1169 2738 1192 2753 "
1207 2738 1274 2767 Gen.
1295 2748 1377 2768 svnt.

919 1599 991 1626 enim
1004 1604 1094 1634 etego
1117 1606 1176 1625 sum
1192 1605 1224 1624 ex
1253 1597 1295 1629 iis,
1311 1596 1356 1631 qui
1384 1595 1499 1622 audiunt
1520 1592 1631 1621 verbum
1651 1590 1709 1617 Dei.

942 1643 980 1670 ,2.
999 1643 1051 1670 Sed
1069 1643 1214 1670 audiamus
1226 1642 1282 1677 jam
1299 1641 1366 1676 qttid
1382 1647 1472 1667 sermo
1491 1638 1600 1666 divinus
1615 1636 1711 1677 loqua-

919 1694 964 1716 tttr
975 1689 1009 1715 ad
1029 1687 1150 1724 Moysen.
1165 1697 1174 1713 ι
1193 1687 1226 1715 Ει
1247 1687 1352 1714 locutus
1362 1691 1413 1719 est,
1430 1684 1519 1720 inquit
1531 1684 1565 1716 ³⁵,
1580 1682 1714 1709 Dominus

919 1735 952 1762 ad
969 1735 1091 1770 Moysen,
1108 1735 1202 1761 dicens
1218 1742 1224 1760 :
1242 1733 1314 1760 Ecce
1329 1741 1378 1768 ego
1398 1730 1533 1765 assumpsi
1550 1729 1660 1757 Levitas
1675 1727 1711 1753 do

919 1781 1009 1808 medio
1033 1779 1151 1807 filiorum
1178 1779 1273 1810 Israel,
1294 1786 1343 1814 pro
1364 1777 1439 1804 omni
1462 1775 1644 1811 primogenita
1662 1772 1709 1808 qui

919 1826 1044 1862 adaperit
1058 1826 1166 1853 vuIVam
1192 1833 1225 1852 ex
1244 1824 1306 1851 filiis
1333 1823 1427 1855 Israel.
1451 1821 1650 1855 redemptioncs
1663 1826 1710 1846 eo—

919 1880 980 1900 rum
998 1876 1088 1903 erttnt,
1104 1876 1134 1899 et
1155 1875 1237 1899 cront
1261 1871 1326 1898 mihi
1351 1869 1461 1896 Levitaz.
1477 1867 1564 1895 Meum
1579 1871 1622 1894 est
1635 1865 1718 1892 enim»,

918 1926 1000 1946 omne
1026 1918 1248 1953 primogenitum.
1273 1916 1310 1943 Ex
1330 1914 1375 1942 die
1397 1921 1448 1949 qua
1479 1912 1600 1948 percussi
1627 1919 1713 1940 omne

919 1965 1130 2001 primogenitum
1155 1964 1183 1992 in
1211 1968 1282 1991 terra
1308 1962 1430 1998 Egypti.
1447 1959 1719 1988 sanctiticaviunihi.

919 2019 1000 2040 omne
1025 2010 1236 2046 primogenitum
1270 2008 1363 2039 Israel,
1390 2007 1423 2035 ab
1441 2007 1550 2034 homine
1575 2005 1709 2040 usquead

919 2066 1002 2094 pecus
1031 2065 1119 2086 meum
1143 2057 1209 2088 erit.
1238 2056 1450 2090 cgoDominus.
1478 2064 1487 2080 ι
1508 2053 1608 2081 Levita:
1633 2059 1710 2078 ussu-

920 2109 1032 2131 mnutur
1046 2110 1096 2138 pro
1112 2101 1392 2137 primogenitis,cuxn
1403 2099 1496 2134 utique
1513 2107 1566 2125 non
1586 2099 1640 2125 sint
1655 2098 1710 2132 pri—

919 2149 1058 2184 mogeniti.
1075 2147 1138 2176 Levi
1161 2147 1233 2174 enim
1257 2146 1352 2174 tertius
1376 2145 1499 2172 nascitur
1511 2152 1543 2171 ex
1560 2143 1616 2170 Lia.
1647 2143 1708 2170 Pri-

920 2203 981 2222 nms
1005 2202 1124 2229 namque
1136 2198 1180 2222 est
1193 2193 1305 2225 Ruben;
1321 2192 1432 2220 Simeon
1450 2191 1597 2222 secundus,
1615 2190 1709 2217 tertius

921 2241 1006 2274 Levi;
1024 2245 1051 2268 et
1067 2244 1246 2269 assumuntur
1262 2239 1289 2267 in
1308 2236 1598 2274 primogenitosii.qui
1614 2241 1711 2263 natura

921 2297 975 2317 non
1004 2292 1068 2316 sunt
1091 2287 1276 2322 primogeniti.
1303 2285 1431 2322 Nunquid
1458 2285 1516 2312 luec
1539 2285 1565 2311 in
1580 2284 1638 2319 lege
1662 2282 1712 2311 Dei

920 2337 1008 2364 otiose
1020 2336 1122 2370 scripta
1138 2341 1200 2362 esse
1214 2333 1381 2361 credendum
1398 2332 1460 2359 est?
1474 2332 1515 2360 Au
1540 2331 1604 2359 illud
1616 2331 1713 2360 edocet

921 2390 983 2414 nos.
999 2382 1070 2417 quod
1089 2382 1158 2416 apud
1173 2381 1256 2408 Deum
1271 2388 1324 2406 non
1339 2379 1376 2406 illi
1395 2378 1566 2417 primogeniti
1588 2377 1706 2405 liabean:

921 2431 975 2455 tur.
987 2426 1032 2459 qui
1046 2433 1176 2460 corporea
1193 2424 1337 2453 nativitate
1359 2423 1527 2458 praecedunt.
1540 2422 1587 2449 se-J
1605 2422 1621 2450 ii
1638 2430 1706 2457 quos

920 2472 1061 2507 proposito
1080 2472 1179 2500 mentis
1201 2471 1336 2505 inspecto,
1359 2470 1429 2497 Deus
1455 2470 1513 2504 ipse
1536 2469 1562 2496 in
1585 2468 1706 2495 ordinem

920 2517 1120 2551 primitivorum
1135 2516 1240 2552 iudicat
1260 2515 1464 2543 assumendos?
1488 2514 1533 2541 Sic
1549 2513 1622 2540 enim
1639 2514 1706 2547 apud

920 2564 1004 2591 Deum
1016 2563 1101 2592 Jaeob
1114 2564 1250 2599 posterior
1268 2569 1332 2590 natu
1354 2562 1551 2597 primogenitus
1572 2561 1711 2596 iudicatos

920 2615 973 2643 est,
995 2615 1023 2638 et
1043 2610 1248 2647 benedictiqnes
1274 2609 1457 2644 primittvatns
1480 2608 1536 2641 (60)
1563 2612 1706 2642 procurata

920 2656 1051 2684 divinitus
1065 2656 1188 2691 parentis
1201 2656 1325 2683 caecitate
1337 2655 1456 2690 suscepit
1467 2655 1501 2679 ".
1516 2654 1554 2681 Ex
1568 2654 1705 2689 proposito

985 2704 1007 2741 ξω
1024 2704 1105 2731 Hebr.
1121 2703 1226 2741 νιιιςᾷῦἐ
1264 2705 1287 2720 ⁹⁰
1302 2705 1380 2732 Num.
1399 2713 1438 2733 ut.
1477 2707 1498 2722 "
1513 2706 1591 2734 .Ioan.
1608 2715 1644 2741 Ix,
1660 2708 1704 2736 59.

913 2791 984 2822 sisu
1006 2790 1170 2825 primitivas.
1193 2800 1202 2817 ι
1222 2790 1282 2817 Mox
1308 2791 1392 2818 codex
1413 2791 1504 2818 Sancti
1523 2791 1702 2819 Theudorici.

923 2835 932 2851 ι
948 2831 1112 2860 procurante
1124 2826 1267 2854 divinitate
1283 2827 1404 2860 parentis
1416 2827 1547 2861 twcilulc,
1569 2836 1577 2852 ι
1596 2832 1650 2855 etc.
