1886 3051
208 119 261 148 595i

932 114 1094 143 ORIGI‘INIS

1778 117 1819 145 5ῧῦ

207 179 310 207 etenim
325 179 416 206 cordis
440 178 511 214 quod
536 179 590 205 Deo
612 177 709 212 patuit,
734 176 817 203 etiam
837 175 993 210 priusquam
1010 176 1033 204 Α
1047 178 1072 201 et
1089 173 1228 205 Manasse;
1245 173 1271 199 in
1287 172 1414 206 aquilone
1435 179 1498 199 vero
1517 172 1573 199 Dan
1587 179 1647 198 cum
1664 171 1817 206 Nepbthalim

209 224 238 252 in
250 225 302 252 hoc
320 225 421 252 mundo
432 229 622 255 nasceremur.
641 227 687 250 aut
698 222 798 257 aliquid
812 220 996 256 agcreutbnui

209 271 252 298 vel
268 271 344 304 mali,
358 271 514 306 pronuntiat
533 271 664 297 Dominus
687 270 719 297 tle
733 269 774 296 eis
788 270 822 301 ’7,
844 269 905 304 quia
922 279 930 294 ι
950 268 997 294 .Ia-

207 316 259 344 cob
275 317 366 349 dilexi,
389 317 459 344 Esau
488 321 577 343 autem
599 315 660 343 odio
685 315 779 343 habui.
810 325 819 341 ι
847 315 907 342 Filii
931 321 995 349 ergo

208 361 272 389 Levi
288 362 463 397 primogeniti
480 361 589 396 quidem
607 369 659 388 non
680 366 744 388 sunt
758 360 906 388 secundum
932 368 993 386 rar-

205 414 280 440 nem,
296 407 341 434 sed
355 415 406 442 pro
425 408 613 443 primogenitis
632 412 825 439 assumuntur;
843 411 871 433 ut
885 407 919 433 sit
936 413 994 432 am-

205 453 275 484 plius
302 452 405 488 aliquid
430 461 480 488 pro
500 453 682 488 primogenita
698 453 809 484 assumi,
830 460 910 488 quam
938 452 993 487 pri-

204 498 372 534 mogenitum
384 500 470 526 nasci.
489 508 497 524 ι
520 499 600 532 Ecce,
618 499 716 533 inquit,
734 499 866 533 assumpsi
885 498 992 526 Levitas

199 548 235 570 cx
265 545 352 571 n.edio
371 544 488 572 ﬁliorum
519 544 613 572 Israel.
645 555 655 570 ι
677 545 725 572 Dic
749 544 919 579 simpliciter,
940 550 992 572 As-

200 589 305 622 sinnpsi
319 588 428 616 Levitas
441 598 472 617 ex
493 590 556 617 ﬁliis
575 590 665 617 Israel.
679 589 748 622 Quid
762 595 804 617 est
819 591 891 624 quod
902 589 990 621 addis,

201 637 230 660 ct
249 633 282 661 de
308 635 398 662 medio
414 635 529 662 ﬁliorum
550 635 653 663 Israel?
669 635 702 662 de
718 643 771 670 quo
786 635 874 661 medio
889 634 900 661 ?
925 634 988 662 Ter-

202 679 257 707 tius
274 685 318 707 est
332 680 407 714 Levi,
431 686 459 708 ut
472 690 552 716 supra
570 681 699 715 diximus,
720 682 790 708 inter
809 681 880 708 ﬁlios
895 680 987 709 Israel.

201 725 238 752 lle
253 733 307 760 quo
330 734 396 761 ergo
419 727 508 756 medio
532 733 707 755 assumantur
739 727 840 755 Levila:
863 735 988 762 cuperem

199 772 281 799 scire.
296 771 408 800 Invenio
421 773 446 800 in
461 773 610 809 Scripturis
631 775 737 802 beatam
750 774 822 801 illam
841 774 990 801 Sunamili-

198 817 260 844 dem
278 826 339 853 qua:
351 819 613 854 aluerataliquundo
629 821 800 856 prophetam,
822 821 986 855 responden-

1049 225 1076 248 et
1092 220 1172 247 Aser.
1190 219 1225 246 Ex
1248 219 1289 246 his
1311 219 1438 245 onmihus
1457 219 1534 252 quasi
1560 227 1610 254 per
1625 225 1742 254 quatuor
1754 225 1818 248 terra

1049 266 1174 293 cardines
1201 265 1228 293 in
1250 265 1366 292 circuitu
1393 264 1554 298 collocatis,
1583 266 1610 293 in
1640 267 1729 294 incdio
1741 275 1817 294 eorum

1049 317 1142 346 utpote
1160 311 1213 338 Deo
1228 310 1344 346 proximi
1358 310 1430 338 circa
1447 311 1535 345 ipsum
1560 312 1761 341 tabernaculum
1780 314 1817 342 Dei

1047 358 1251 385 constituuntur
1267 357 1378 386 chitm.
1394 358 1421 385 In
1446 359 1545 386 castris
1568 359 1678 393 quidem
1693 359 1758 386 Juda
1770 368 1818 394 qua:

1048 409 1110 431 sunt
1135 404 1168 429 ah
1182 404 1299 437 oriente,
1314 403 1421 439 Moyses
1438 409 1466 431 et.
1487 405 1596 437 Aaron;
1617 405 1643 432 in
1658 405 1753 433 castris
1765 412 1818 433 vero

1048 448 1161 482 Ruben,
1188 447 1321 480 Gcrson;
1355 449 1380 475 in
1414 449 1514 476 castris
1550 454 1640 477 autem
1667 449 1816 484 Benjamin,

1046 494 1126 529 281
1144 494 1247 526 Caath;
1271 494 1314 522 tibi
1340 502 1405 521 vero
1418 494 1476 533 Dan
1494 500 1582 522 castra
1606 495 1757 527 constituit,
1776 495 1817 522 IIe-

1046 541 1101 567 rari
1119 540 1249 568 scribitur
1277 540 1442 573 collocatus;
1463 546 1490 568 et
1505 542 1540 568 ita
1566 541 1592 568 in
1609 542 1696 569 medio
1715 541 1816 569 Iiliorum

1044 586 1128 614 Israel
1144 594 1175 613 ex
1200 586 1273 613 otnni
1290 590 1376 620 parte,
1401 591 1428 613 ct
1450 593 1498 621 per
1524 586 1678 617 circuitum,
1694 587 1766 622 quasi
1783 587 1816 614 in-

1044 633 1109 660 serti
1124 633 1230 660 caeteris
1244 637 1271 660 et
1286 632 1379 659 innexi
1397 632 1521 659 ridentur
1533 640 1594 660 esse
1612 633 1659 660 lilii
1678 632 1751 660 Levi.
1765 633 1817 660 Ilarc

1043 683 1106 706 sunt
1120 686 1181 713 qua:
1204 677 1380 706 nobislittera
1403 678 1471 714 legis
1491 679 1612 713 exponit,
1631 684 1660 705 nt
1681 687 1714 706 ex
1732 680 1770 707 his
1782 687 1817 707 sa-

1042 728 1242 751 eramentortnn
1255 723 1358 751 semina
1371 723 1541 758 colligentes,
1556 729 1686 760 tanquam
1701 725 1817 760 gradibus

1042 769 1204 805 quibusdam
1220 769 1253 796 ab
1272 769 1418 797 humilibus
1430 771 1464 797 ad
1478 770 1582 798 excelsa
1594 790 1601 803 ,
1624 775 1652 798 et
1677 779 1691 797 a
1711 770 1817 798 terrenis

1042 814 1075 841 ad
1096 814 1218 842 ctelestia
1242 816 1464 844 conscendamus.
1491 816 1613 843 Ascende
1627 823 1692 852 ergo
1716 823 1790 848 nunc,
1804 825 1818 844 ο

200 868 325 892 tetncum
343 864 441 893 ﬁducia
461 866 518 901 regi
528 866 610 893 Israel
629 866 729 893 volenti
742 866 795 893 sibi
810 866 912 902 aliquid
926 874 972 894 con

1044 860 1160 893 auditor,
1184 860 1205 887 si
1228 865 1315 894 potes.
1341 865 1369 887 et
1392 868 1406 887 a
1440 862 1554 889 terrenis
1579 862 1702 889 sensibus
1730 861 1817 889 intuitu

199 909 273 937 ferre
289 909 425 943 beneﬁcii,
451 917 479 938 et
502 912 636 940 dicentem
650 913 673 929 ’⁸
689 923 695 940 :
715 923 724 940 ι
743 914 771 941 1η
789 913 879 941 medio
895 913 986 948 populi

200 954 252 982 mei
272 962 322 990 ego
346 956 450 985 habito.
480 967 490 983 ι
508 958 631 993 Amplius
655 963 746 987 autem
764 964 790 987 et
814 959 987 994 magniﬁcen-

198 1000 252 1027 tius
284 1001 310 1031 in
331 1001 480 1037 Evangelio
507 1004 586 1031 video
613 1004 744 1039 scriptum
773 1005 806 1033 de
829 1005 944 1032 Domino
959 1008 987 1032 et

197 1046 340 1075 Salvatore
357 1053 461 1083 nostro,
477 1049 586 1077 dicente
599 1050 737 1079 Joanne"
753 1061 759 1078 :
779 1061 788 1078 ι
808 1051 912 1079 Medius
939 1058 985 1079 ve-

194 1097 282 1120 strum
305 1094 370 1126 s'tat,
388 1102 467 1130 quem
485 1103 534 1123 vos
563 1096 686 1124 nescitis.
709 1107 719 1124 ι
737 1097 807 1126 Puto
826 1105 892 1133 ergo
921 1105 983 1126 eum

197 1139 245 1172 qui
260 1147 399 1175 nunquam
420 1141 599 1169 declinaverit
625 1142 660 1169 ad
683 1142 823 1176 dextram,
844 1151 931 1178 neque
951 1143 983 1170 ad

193 1183 407 1218 sinistram,dici
421 1193 502 1221 posse
519 1187 637 1214 medium
652 1192 736 1219 stare.
750 1197 759 1214 ι
780 1189 825 1223 qui
841 1193 982 1224 peccaturo]

194 1237 246 1257 non
263 1229 337 1262 fecit,
353 1238 403 1258 nec
425 1232 554 1259 inventus
571 1237 613 1259 est
628 1232 706 1260 dolus
725 1232 751 1260 in
778 1240 826 1261 ore
846 1233 904 1268 ejus
922 1233 943 1260 ¹.
970 1242 980 1258 ι

193 1276 227 1303 Et
245 1277 305 1304 ideo
329 1277 374 1304 ille
399 1277 529 1312 quidem,
558 1279 621 1313 quia
647 1286 756 1313 semper
786 1283 852 1312 stat,
877 1279 982 1307 medius

193 1327 267 1350 stare
286 1323 398 1351 dicitur.
419 1324 448 1352 Si
467 1325 530 1359 quis
547 1332 613 1352 vero
637 1325 760 1353 imitator
774 1325 834 1360 ejus
848 1330 900 1358 est,
911 1326 982 1353 sicut

192 1375 288 1395 omnes
302 1369 402 1400 sancti,
427 1373 455 1397 et
474 1369 519 1396 illa
539 1370 618 1397 beata
633 1370 742 1404 mulier,
761 1370 839 1405 cujus
855 1370 980 1406 superius

192 1412 308 1440 Ieciums
321 1409 502 1448 mentionem,
517 1419 591 1443 stare
604 1415 712 1450 quidem
731 1423 785 1444 non
800 1416 908 1445 dicitur.
921 1416 979 1444 Non

190 1461 266 1487 enim
280 1465 370 1495 potest
383 1461 454 1494 ﬁeri,
469 1467 498 1489 ut
511 1468 563 1489 non
575 1461 731 1497 aliquando,
751 1467 798 1490 aut
809 1464 843 1490 ad
856 1463 978 1490 dextram

191 1506 254 1540 quis
271 1507 417 1536 inclinatus
430 1507 475 1540 sit,
494 1512 542 1534 aut
556 1507 589 1535 ad
607 1508 759 1536 sinistram.
779 1517 788 1534 ι
808 1508 894 1537 Nemo
906 1509 977 1538 enim

1042 906 1141 934 mentis
1164 912 1191 934 et
1211 907 1378 942 perspicacia
1404 907 1494 935 cordis
1518 907 1634 935 elevare.
1657 907 1818 935 Obliviscere

1041 953 1176 988 paulisper
1193 958 1310 986 terrena,
1326 962 1405 989 supra
1423 954 1507 982 nubes
1523 959 1550 982 et
1567 962 1648 989 supra
1668 954 1756 990 ipsum
1769 962 1818 982 cte-

1040 1000 1094 1027 lum
1109 1007 1202 1034 gressu
1220 1000 1319 1028 mentis
1336 1001 1441 1029 incede.
1464 1001 1502 1029 Ibi
1526 1002 1635 1035 require
1662 1001 1817 1028 tabernacu-

1039 1046 1093 1074 lum
1111 1047 1169 1080 Dei,
1184 1047 1228 1074 ubi
1244 1055 1396 1082 przecursor
1411 1055 1460 1084 pro
1473 1048 1548 1075 nobis
1561 1048 1683 1075 introivit
1697 1046 1786 1079 Jesus,
1796 1051 1819 1074 et

1038 1093 1142 1120 assistit
1159 1101 1230 1121 nunc
1247 1094 1331 1121 vultui
1347 1094 1391 1121 Dei
1418 1093 1592 1127 interpellans
1608 1101 1655 1128 pro
1668 1095 1757 1121 nobis.
1775 1093 1817 1124 Ibi,

1038 1139 1161 1175 inquam,
1181 1140 1289 1175 require
1314 1145 1464 1175 quaternos
1486 1140 1553 1168 istos
1579 1141 1703 1172 ordines,
1728 1140 1819 1168 statio-

1037 1192 1139 1221 nesque
1152 1191 1315 1213 castrorum.
1342 1186 1379 1215 Ibi
1396 1186 1543 1214 Israelitica
1568 1186 1676 1221 agmina
1691 1190 1718 1212 et
1741 1193 1818 1213 excu-

1037 1231 1095 1259 bias
1109 1239 1190 1260 cerne
1202 1236 1370 1266 sanctorum,
1383 1237 1409 1259 et
1422 1233 1458 1259 ibi
1477 1232 1521 1260 illa
1534 1240 1594 1267 quat
1609 1233 1652 1259 hic
1665 1240 1740 1259 nunc
1752 1239 1821 1266 qum-

1036 1276 1121 1304 rimus
1140 1277 1339 1312 primitivorum
1365 1283 1537 1305 sacramenta
1565 1278 1675 1304 rimare.
1704 1278 1757 1304 Sed
1774 1284 1819 1311 ego

1037 1329 1090 1349 non
1107 1322 1192 1350 audeo
1207 1323 1272 1350 illuc
1286 1323 1361 1351 solus
1376 1323 1534 1356 ascendere,
1553 1332 1606 1350 non
1629 1323 1719 1351 audeo
1744 1323 1820 1350 mcin

1035 1366 1086 1394 hos
1111 1370 1166 1394 tam
1186 1371 1306 1395 secretos
1330 1368 1520 1403 mysteriorum
1544 1376 1669 1396 secessus
1696 1369 1756 1395 sine
1775 1375 1820 1393 au-

1035 1412 1160 1439 ctoritate
1177 1413 1267 1447 magni
1288 1413 1402 1447 alicujus
1423 1414 1543 1442 doctoris
1566 1415 1743 1450 immergere.
1765 1413 1821 1442 Non

1035 1465 1146 1494 possum
1159 1459 1221 1487 illuc
1236 1460 1394 1492 ascendere,
1409 1459 1458 1487 nisi
1473 1460 1608 1494 praecedat
1621 1469 1663 1488 ine
1678 1461 1821 1493 Paulus,ct

1034 1504 1093 1539 ipse
1108 1504 1173 1532 mihi
1189 1504 1260 1531 viam
1274 1505 1337 1532 novi
1361 1503 1441 1538 huius
1455 1509 1482 1532 et
1505 1506 1583 1533 ardui
1609 1507 1719 1534 itineris
1733 1512 1821 1535 osten-

191 1553 310 1581 mundus
332 1562 346 1581 a
368 1555 466 1588 sorde;
498 1561 548 1582 nec
574 1554 596 1582 si
625 1555 707 1583 unius
738 1555 793 1583 diei
819 1555 902 1584 fuerit
924 1555 972 1583 vit:

1044 1549 1091 1578 lat.
1116 1549 1176 1585 Ipse
1199 1558 1263 1586 ergo
1278 1550 1462 1586 apostolorum
1486 1552 1638 1584 maxinuts,
1663 1553 1714 1587 qui
1744 1553 1821 1580 sciret

189 1597 250 1632 ejus
263 1598 285 1625 ’.
305 1607 314 1624 ι
333 1598 464 1627 Habitare
476 1605 566 1627 tamen
581 1599 633 1626 dici
641 1603 684 1627 tur
705 1601 731 1628 iu
756 1599 845 1628 medio
859 1601 950 1636 populi
971 1609 978 1628 :

188 1649 216 1670 et
230 1643 334 1671 Leviue
358 1652 425 1680 ergo
441 1651 619 1674 assumuntur
635 1647 668 1675 de
690 1647 780 1675 medio
799 1645 919 1675 ﬁliorum
941 1646 980 1674 Is-

190 1688 257 1716 rael.
271 1689 372 1717 Levita!
385 1695 449 1718 sunt
462 1691 534 1718 enim
559 1693 605 1727 qui
630 1699 683 1720 non
704 1697 892 1728 cognoverunt
911 1692 978 1720 dex-

190 1738 258 1761 tram
275 1739 302 1761 et
322 1735 460 1763 sinistram
476 1744 565 1770 suam,
581 1738 628 1765 sed
642 1743 788 1773 sequentes
809 1737 931 1775 Moysen,
952 1738 978 1766 id

188 1783 232 1805 est
249 1777 334 1813 legem
356 1780 412 1812 Dei,
430 1788 482 1808 non
513 1788 697 1817 pepercerunt
725 1783 796 1818 patri
816 1790 865 1811 nec
885 1783 977 1811 matri.

189 1822 223 1849 Et
241 1828 268 1850 tu
290 1831 357 1859 ergo
380 1825 402 1853 si
423 1825 550 1854 veniente
570 1827 732 1861 tentatioue,
754 1828 776 1856 si
794 1829 921 1856 veniente
935 1829 977 1857 ira

187 1870 293 1903 peccati
312 1879 364 1898 non
381 1871 520 1899 inclineris
549 1872 582 1900 ad
606 1873 759 1907 dexteram,
787 1882 876 1911 neque
892 1875 925 1902 ad
939 1875 975 1902 si—

188 1915 313 1948 nistram,
335 1924 384 1945 nec
408 1919 603 1952 prmvarieatus
625 1921 711 1948 I‘ueris
734 1920 820 1956 legem
847 1922 907 1953 Dei.
929 1920 976 1948 sed

187 1964 244 1987 stes
259 1961 285 1988 in
303 1963 393 1991 tnedio
418 1963 490 1992 ﬁxus
513 1971 541 1993 et
565 1965 681 1999 stabilis,
700 1971 727 1994 et
753 1974 806 1994 non
824 1966 976 2000 inclineris,

187 2014 275 2041 neque
287 2014 385 2035 curves
397 2015 486 2044 genua
498 2015 542 2037 tua
556 2015 681 2046 peccato,
697 2019 746 2040 nec
756 2012 870 2047 pecudis
882 2017 974 2047 caput,

186 2053 213 2080 id
238 2058 281 2081 est
307 2054 430 2083 stultitiae
441 2057 568 2091 sequaris
592 2058 750 2094 imaginem,
768 2060 917 2087 assumeris
942 2060 976 2088 de

188 2097 278 2124 medio
293 2098 410 2127 ﬁliorum
434 2100 529 2134 Israel,
545 2107 573 2130 et
598 2102 624 2129 in
643 2103 843 2138 primitivorum
861 2112 975 2133 numero

185 2142 375 2173 eollocaberis.
392 2145 454 2174 Ilaec
468 2155 518 2182 pro
537 2154 570 2175 eo
584 2148 655 2182 quod
679 2149 812 2184 scriptum
837 2155 890 2182 est,
908 2160 917 2176 ι
947 2155 975 2179 et

185 2195 322 2217 assumatn
339 2190 449 2219 Levitas
463 2193 496 2220 de
514 2194 603 2222 medio
616 2193 733 2222 ﬁliorum
751 2194 846 2223 Israel.
868 2204 878 2222 ι

219 2234 247 2262 5.
273 2234 385 2269 Verum,
399 2236 422 2264 si
435 2237 554 2272 videtur,
580 2246 755 2268 recurremus
781 2240 869 2268 adhuc
883 2242 916 2269 ad
933 2242 972 2275 ip-

183 2290 243 2309 sum
260 2283 383 2311 ordinem
398 2284 531 2318 historiae,
549 2287 595 2321 qui
611 2287 731 2314 refertur
753 2287 780 2314 in
793 2286 931 2321 Nutneris,
944 2293 971 2316 et

182 2337 217 2356 ex
232 2329 292 2364 ipso
314 2331 472 2365 mysterium
491 2332 703 2367 primitivorum,
719 2334 764 2361 ubi
780 2333 822 2361 vel
837 2335 971 2369 quomodo

183 2377 288 2410 requiri
302 2377 410 2410 debeat,
425 2380 652 2415 contemplemur.
675 2381 759 2417 Igitur
778 2388 972 2410 recenseamus

182 2423 325 2456 attentius,
349 2425 485 2459 quomodo
506 2426 708 2454 distribuuntur
721 2427 864 2455 duodecim
885 2427 971 2454 tribus

182 2477 231 2500 per
246 2475 340 2497 ternas
365 2471 391 2498 in
405 2476 521 2506 quatuor
533 2477 634 2507 partes,
650 2478 676 2500 et
686 2481 735 2508 per
749 2472 873 2508 singulas
889 2480 972 2507 quas-

180 2522 234 2549 que
247 2515 307 2543 coeli
328 2516 420 2552 plagas
435 2523 510 2545 certa
525 2519 644 2546 statione
667 2519 812 2546 considunt
829 2528 836 2546 :
852 2523 879 2545 et
898 2518 972 2545 inve-

182 2561 287 2588 niemus
303 2561 401 2590 .ludam
422 2564 530 2598 quidem
548 2564 582 2591 ab
597 2564 702 2592 oriente
723 2564 805 2592 statui
830 2572 890 2591 cutn
903 2564 972 2592 Issa-

181 2607 249 2634 rhar
266 2613 294 2635 et
309 2609 448 2643 Zabulon;
475 2610 570 2638 Iluben
591 2619 655 2639 vero
677 2611 712 2638 ab
731 2612 882 2644 occidente,
909 2617 969 2638 cum

181 2651 290 2682 Sime0n
304 2660 332 2682 et
350 2655 424 2689 God;
438 2657 465 2684 in
485 2657 600 2684 meridie
617 2657 733 2692 Ephrem
747 2664 809 2684 cum
829 2656 968 2691 Beniamin

215 2745 367 2784 _"_.\lulach.
379 2747 471 2784 52.35.
498 2748 532 2784 μ’·
544 2747 587 2775 IV.
602 2749 667 2784 Reg.
683 2757 721 2782 ιν,
738 2749 780 2776 15.
819 2749 841 2766 ³⁸
853 2748 931 2776 Joan.
950 2757 970 2783 ι,
988 2747 1033 2776 26.

180 2779 281 2808 ‘llcbr.
303 2787 354 2814 xu,
376 2782 418 2814 I8,
435 2783 480 2815 22,
495 2782 542 2810 ‘25.

990 2226 1011 2253 D

1033 1595 1132 1624 multas
1149 1604 1211 1624 esse
1234 1604 1287 1624 non
1305 1597 1392 1624 solum
1416 1598 1442 1624 in
1466 1598 1557 1631 terris,
1582 1598 1629 1625 sed
1655 1604 1685 1626 et
1703 1599 1731 1626 in
1749 1599 1823 1627 cozlis

1032 1641 1179 1676 Ecclesias,
1201 1649 1234 1670 ex
1257 1642 1357 1678 quibus
1378 1648 1405 1671 et
1427 1648 1528 1678 septem
1549 1645 1682 1678 quasdam
1705 1644 1823 1672 Joannes

1031 1693 1174 1716 enumerat
1193 1688 1204 1704 ³
1222 1697 1229 1716 :
1245 1689 1302 1724 ipse
1316 1694 1407 1716 tamen
1433 1688 1533 1716 Paulus
1555 1690 1705 1718 ostendere
1729 1690 1822 1718 Valens

1029 1740 1091 1761 esse
1102 1734 1244 1768 quamdam
1262 1737 1360 1770 praeter
1373 1741 1420 1761 eas
1436 1735 1520 1762 etiam
1544 1734 1750 1770 primitivorum
1774 1736 1822 1763 Ec-

1029 1778 1152 1812 clesiam,
1166 1779 1233 1807 dicit
1245 1779 1278 1806 ad
1292 1779 1421 1807 Ilebrzeos
1435 1779 1558 1807 scribens
1577 1780 1609 1806 ιε
1638 1789 1648 1806 ι
1670 1780 1733 1809 Non
1751 1781 1821 1808 enim

1028 1825 1185 1853 accessistis
1205 1825 1239 1853 ad
1257 1826 1397 1853 ardentem
1420 1831 1447 1853 et
1467 1825 1636 1854 tractabilem
1651 1827 1760 1863 ignem,
1777 1828 1823 1855 sed

1028 1872 1184 1900 accessistis
1197 1873 1230 1899 ad
1243 1877 1362 1900 montem
1379 1872 1454 1905 Sion,
1472 1877 1498 1899 et
1510 1872 1648 1901 civitatem
1663 1875 1716 1902 Dei
1732 1875 1824 1902 viven-

1029 1916 1063 1944 tis
1077 1915 1228 1944 Jerusalem
1245 1916 1393 1949 cmlestem,
1405 1921 1432 1944 et
1447 1918 1646 1947 multitudinem
1659 1920 1823 1955 angelorum

1028 1962 1252 1996 collaudantium,
1277 1967 1304 1990 et
1325 1962 1473 1990 Eeclcsiam
1501 1964 1708 1999 primitivorum
1737 1966 1824 1993 ascri-

1027 2012 1101 2043 ptam
1116 2008 1142 2035 in
1157 2008 1245 2036 caelis.
1264 2017 1273 2034 ι
1303 2007 1387 2042 Igitur
1400 2007 1504 2044 Moyses
1518 2016 1567 2044 per
1593 2015 1719 2044 quatuor
1736 2016 1824 2038 castra

1027 2054 1152 2089 populum
1171 2055 1216 2082 Dei
1240 2054 1357 2081 divisum
1380 2054 1512 2082 describit
1530 2055 1556 2082 in
1575 2056 1657 2083 terris
1679 2065 1687 2084 :
1709 2061 1739 2085 et
1752 2057 1824 2091 Apo-

1026 2100 1114 2128 stolus
1129 2106 1247 2136 quatuor
1261 2102 1372 2129 ordines
1388 2105 1546 2129 sanctorum
1564 2100 1621 2136 (61)
1645 2102 1785 2130 describit
1799 2104 1823 2130 in

1027 2146 1115 2179 uelis,
1129 2148 1163 2175 ad
1176 2155 1292 2182 quorum
1306 2147 1427 2183 singulos
1445 2154 1669 2183 unumquemque
1696 2154 1824 2178 nostrum

1027 2193 1093 2222 dicit
1108 2194 1248 2222 accedere.
1269 2193 1327 2222 Non
1352 2189 1430 2221 enim.
1449 2200 1547 2221 omnes
1572 2194 1606 2220 ad
1629 2201 1734 2224 omnes
1748 2203 1824 2224 accc.

1026 2241 1105 2273 dunt,
1118 2240 1164 2268 sed
1180 2246 1207 2268 et
1223 2239 1268 2268 alii
1285 2240 1393 2275 quidem
1409 2240 1543 2267 accedunt
1555 2239 1589 2267 ad
1603 2246 1732 2269 montem
1747 2242 1825 2274 Sion,

1027 2286 1123 2314 horum
1141 2291 1230 2314 autem
1246 2286 1329 2322 paulo
1344 2286 1469 2314 meliores
1481 2286 1614 2314 accedunt
1627 2288 1662 2314 ad
1681 2288 1826 2316 civitatem

1028 2334 1074 2361 Dei
1090 2334 1205 2361 viventis
1219 2332 1370 2361 Jerusalem
1387 2334 1545 2368 cmlestem;
1565 2335 1611 2370 qui
1630 2340 1732 2364 autem
1751 2342 1780 2365 et
1794 2337 1826 2364 iis

1026 2379 1220 2408 eminentiores
1240 2385 1313 2412 sunt,
1329 2381 1463 2408 accedunt
1485 2382 1519 2409 ad
1530 2417 1534 2420 '
1547 2381 1760 2410 multitudinem
1776 2391 1826 2410 an-

1025 2426 1146 2462 gelorum
1174 2426 1400 2460 collaudantium;
1434 2427 1479 2462 qui
1506 2432 1596 2455 autem
1631 2435 1724 2463 super
1760 2430 1828 2457 istos

1025 2478 1120 2499 omnes
1135 2476 1208 2504 sunt,
1233 2471 1367 2499 accedunt
1388 2471 1422 2498 ad
1444 2471 1592 2500 Ecelesiam
1614 2473 1826 2508 primitivorum

1025 2517 1171 2552 ascriptam
1188 2517 1214 2544 iu
1230 2516 1316 2544 cmlis.
1338 2517 1366 2544 Si
1384 2524 1450 2552 ergo
1469 2524 1501 2545 ex
1521 2519 1554 2546 iis
1578 2520 1748 2548 intellexisti
1765 2522 1830 2556 quis

1025 2563 1062 2590 sit
1077 2565 1144 2591 ordo
1167 2564 1379 2599 primitivorum,
1400 2569 1427 2591 et
1451 2566 1522 2599 quod
1536 2566 1571 2593 sit
1590 2567 1718 2594 nominis
1749 2568 1829 2596 istius

1024 2615 1237 2642 sacramentum,
1252 2618 1373 2646 praepara
1388 2617 1425 2645 te,
1448 2617 1474 2640 ct
1489 2613 1593 2639 enitere
1612 2618 1757 2646 quantum
1778 2622 1824 2640 va-

1024 2655 1073 2687 les,
1089 2655 1111 2683 si
1127 2655 1198 2683 lorte
1212 2657 1326 2690 actibus,
1346 2659 1413 2692 vita,
1431 2658 1563 2691 moribus,
1580 2657 1644 2691 ﬁde,
1672 2659 1826 2688 institutis-

1074 2750 1081 2764 '
1098 2749 1106 2776 I
1122 2749 1196 2777 Petr.
1213 2757 1243 2784 ιι,
1265 2750 1309 2778 22.
1349 2752 1358 2766 ¹
1373 2750 1434 2778 .Iob.
1451 2751 1541 2784 χιν,ι,
1556 2751 1581 2778 5.
1614 2750 1624 2765 ³
1636 2751 1732 2786 Apoc.
1753 2752 1828 2785 1,“.

216 2837 273 2872 (bl)
288 2838 373 2869 Codd.
389 2840 504 2872 'I‘nrun.,
521 2839 694 2869 Bclvacensis
709 2846 735 2868 et
748 2841 842 2868 Sancti
859 2840 1033 2874 Theudorici,
1050 2850 1058 2865 ι
1078 2845 1244 2869 sanctorum.
1267 2850 1276 2868 ›
1296 2841 1373 2869 Libb.
1387 2841 1461 2874 editi,
1481 2850 1490 2867 ε
1509 2846 1625 2869 sanctos.
1648 2851 1659 2869 ι
