1894 3058
88 110 141 139 δῖΠ

718 107 750 134 IN
769 106 935 134 NL'MEROS
951 105 1094 134 IIOMILIA
1116 105 1161 134 IV.

1675 104 1726 133 598

87 176 144 204 que
159 169 299 203 proﬁcias.
319 173 348 196 ut
364 169 452 204 possis
463 168 596 197 accedere
613 168 645 195 ad
662 168 812 196 Ecelcsiam
829 169 884 203 pri-
899 170 922 198 Α
935 167 1075 200 exstincti,
1098 166 1340 193 sanetilicationcm
1365 165 1507 200 percipere
1542 164 1725 192 Israelilat'itm

88 215 265 248 mttivorum,
281 222 342 250 qua:
360 215 476 249 ascripta
489 219 532 242 est
550 214 574 241 in
587 214 674 241 cadis.
702 214 780 248 Quod
793 215 814 241 si
832 222 884 241 nou

87 266 197 289 tantum
223 261 308 294 Vales,
333 262 381 288 sed
402 268 433 288 es
459 260 540 295 paqu
567 260 698 292 inferior,
726 261 826 288 accede
852 260 885 286 ad

87 306 299 334 multitudinem
321 307 480 343 angelorum
507 306 734 334 collaudantinm.
762 306 839 340 Quod
863 306 885 333 si

88 359 141 380 nec
161 352 197 379 ad
212 352 296 380 istum
319 353 445 379 ordinem
466 356 544 386 potes
566 352 726 384 ascendere,
741 353 773 379 ad
786 353 885 379 civita-

89 402 144 424 tem
160 398 258 426 saltem
276 398 322 426 Dei
337 398 454 426 viventis
469 398 619 426 Jerusalem
635 398 773 426 cmlestem
788 406 885 434 prope-

88 449 154 470 rare
167 444 309 471 contende.
327 443 355 471 Si
376 451 440 472 vero
455 452 506 473 nec
522 445 556 472 ad
572 445 624 473 hoc
639 449 718 479 aptus
734 451 773 476 es,
789 444 884 472 saltem

87 489 123 516 ad
147 493 270 516 montem
295 492 433 520 contende
458 490 535 524 Sion,
560 491 629 518 utin
647 495 739 518 tuente
760 491 883 518 salveris.

88 535 209 564 Tantum
234 545 269 565 ne
295 538 323 566 in
351 543 424 567 terra
449 539 580 571 residens,
606 546 641 566 ne
655 539 682 566 in
699 538 814 566 vallibus
828 546 885 565 ma-

86 590 168 614 neas.
185 591 218 611 ne
232 584 258 611 in
277 585 410 613 demersis
426 590 453 613 et
466 585 614 613 humilibus
632 592 800 620 perseveres.
818 585 883 612 Mihi

88 630 126 656 ita
153 630 361 666 intelligendum
390 632 498 659 videtur
521 631 622 659 assumi
645 631 840 666 primogenitos
854 630 884 658 li-

87 674 140 702 lios
154 675 230 706 Levi.
247 677 296 711 qui
314 677 469 705 ministrant
497 678 561 708 Deo.
578 677 699 705 etaItari
718 677 778 711 ejus
794 678 885 704 taber—

88 720 247 755 naculoque
260 721 429 753 deserviunt,
452 722 631 757 excubiisque
648 722 785 757 perpetuis
804 722 884 750 mini-

87 765 174 792 steria
191 767 282 793 divina
297 768 500 795 concelebrant.

123 809 151 836 4.
167 811 222 838 Sed
235 817 264 839 et
277 813 350 847 quod
366 813 417 844 ait,
436 822 445 838 ι
465 821 514 849 pro
530 814 604 841 omni
621 814 811 849 pritnogcnito.
836 814 882 849 qui

87 857 214 892 adaperit
229 859 348 892 vulvam,
367 869 377 885 ι
397 867 449 887 ιιοιι
465 860 529 887 mihi
550 860 631 888 facile
656 860 766 888 videtur
785 860 881 888 disseri

88 910 170 936 posse
182 908 210 931 et
227 904 380 939 explanari.
401 905 495 939 Neque
511 905 584 933 enim
608 906 764 941 quicunque
781 907 882 940 adape-

88 950 124 977 tit
136 950 257 983 vulvam,
283 953 413 980 cotttimto
427 953 524 988 dignus
539 953 758 980 sanctiﬁcatione
789 953 881 988 primi-

87 997 191 1024 tivatns
205 997 348 1026 habendus
361 1003 414 1030 ext.
432 999 495 1033 quia
512 1004 539 1026 et
557 999 582 1025 in
598 998 714 1026 Psalmis
730 999 845 1034 legimus
859 1000 880 1032 ',

86 1041 159 1075 quod
177 1050 186 1067 t
207 1042 317 1070 alienati
343 1048 406 1070 sunt
437 1049 594 1077 peccatores
615 1052 629 1071 a
657 1045 748 1077 vulva,
774 1053 881 1072 errave-

88 1091 151 1114 runt
177 1095 192 1114 a
221 1093 332 1120 ventre,
357 1089 440 1116 locuti
465 1093 529 1116 sunt
553 1089 629 1117 falsa.
654 1100 662 1116 ι
684 1091 759 1124 Quod
787 1092 881 1127 utique

86 1137 161 1161 stare
176 1134 327 1161 secundum
349 1135 467 1162 litteram
486 1136 560 1163 nullo
580 1137 660 1164 modo
677 1142 774 1171 potest.
804 1138 877 1172 Quo-

87 1179 168 1206 modo
179 1179 263 1206 etiam
280 1180 343 1213 quis
363 1188 457 1209 errare
472 1189 486 1207 a
505 1182 546 1208 via
570 1182 616 1209 Dei
640 1184 727 1217 potuit
742 1184 834 1211 statim
851 1189 880 1212 ιιι

85 1224 119 1251 de
132 1230 227 1252 ventre
242 1226 339 1253 matris
356 1227 459 1254 exivit?
478 1226 530 1254 Αιιι
548 1229 684 1262 (ιιιυιιιοιιο
705 1230 792 1263 potuit
810 1230 878 1257 falsa

85 1269 159 1303 loqui
175 1277 263 1305 nuper
281 1271 370 1298 editus
393 1279 473 1306 puer,
499 1273 540 1300 vel
565 1273 784 1309 qualemcunque
813 1283 878 1309 pro-

86 1314 158 1342 I‘errc
174 1315 349 1343 sermonem?
363 1317 430 1344 Curti
447 1325 512 1353 ergo
534 1319 703 1353 impossibile
730 1321 766 1348 sit
778 1321 819 1348 vel
833 1329 879 1348 cr-

86 1367 147 1388 rare
166 1361 284 1395 aliquem
310 1370 324 1388 a
341 1368 446 1393 ventre,
478 1362 519 1390 vel
551 1363 623 1398 loqui
651 1363 731 1397 falsa,
752 1373 878 1393 necessa-

87 1406 156 1432 riutn
170 1406 223 1433 erit
238 1412 265 1434 et
279 1411 410 1439 ventrem,
430 1411 457 1434 et
474 1407 582 1435 vulvam
609 1410 690 1437 talem
717 1412 816 1446 requiri
834 1413 876 1440 cui

84 1452 236 1479 convenire
257 1454 342 1486 possit
362 1453 413 1481 hoc
435 1454 538 1481 dictum
554 1455 626 1489 quod
648 1465 656 1482 ι
673 1457 782 1485 alienati
812 1463 878 1486 sant

938 213 1112 248 primogeniti
1124 213 1235 239 omnino
1250 220 1302 238 tton
1318 215 1438 245 possunt.
1453 210 1519 243 Quis
1534 217 1600 245 ergo
1611 215 1651 237 est
1665 211 1726 242 Isit‘,

937 260 984 294 qui
999 259 1195 294 primogenitos
1218 257 1420 293 Egyptiornm.
1440 256 1466 284 id
1491 261 1532 283 est
1559 257 1728 291 principatus

937 310 965 332 et
984 311 1134 339 potestates
1163 305 1316 332 dmntonntn
1340 303 1492 338 percussit?
1516 302 1610 329 Nonne
1634 301 1728 328 Domi-

938 359 989 379 nus
1017 358 1092 378 mens
1118 350 1195 378 Jesns
1221 350 1356 381 Christus,
1385 350 1430 382 qui
1461 353 1502 375 est
1532 347 1729 382 primogenitns

937 398 1026 426 omnis
1040 397 1122 432 282
1139 401 1280 429 creatura‘,
1300 395 1345 430 qui
1359 395 1529 429 principatus
1539 399 1565 421 et
1579 399 1727 428 potestates

938 444 1067 470 adversas
1091 442 1222 474 traduxit,
1239 440 1410 475 triumphans
1425 448 1472 467 eos
1487 441 1512 466 in
1537 439 1642 467 cruce?
1654 441 1728 473 Quos

938 487 1032 521 utique
1044 486 1095 513 nisi
1113 486 1157 513 ille
1175 486 1368 521 percussisset,
1386 489 1414 511 et
1430 485 1634 520 triumphasset,
1665 493 1728 512 san-

937 533 1066 560 ctiﬁcatio
1077 532 1111 559 ad
1126 539 1176 559 nos
1191 532 1364 566 primitivalis
1387 532 1481 559 venire
1514 532 1668 559 mtilatenus
1679 540 1727 566 po-

937 579 1040 606 tuisset.
1061 578 1093 606 Ut
1105 583 1196 605 atttem
1211 578 1290 606 nobis
1303 578 1543 613 primogenitorum
1560 579 1727 606 benedict'o—

937 632 984 653 nes
1011 625 1136 656 donaret,
1156 623 1271 652 eilieitur
1295 625 1371 660 prius
1393 625 1451 660 ipse
1473 624 1670 659 primogenilns
1692 633 1725 652 ex

936 672 1061 704 mortuis,
1080 675 1109 698 ut
1127 672 1162 698 sit
1183 671 1209 698 in
1225 671 1353 698 otnnihus
1378 671 1436 705 ipse
1453 671 1599 706 primatum
1619 677 1724 702 tenens.

935 721 962 744 et
978 725 1026 745 nos
1044 718 1190 745 credentes
1209 719 1403 745 resurrectioni
1432 725 1488 745 sua:
1507 723 1660 745 assumeret
1676 726 1724 752 pro

937 763 1093 798 primitivis,
1111 768 1138 791 et
1154 764 1179 790 in
1202 764 1402 798 primitivorum
1419 765 1515 791 ordine
1529 765 1687 797 collocaret,
1700 765 1724 791 si

937 814 1025 836 tamen
1046 810 1263 836 hencdictionum
1285 811 1399 845 gratiam
1414 817 1500 844 usque
1527 810 1560 836 ad
1583 811 1664 837 linem
1681 810 1727 836 lir-

935 863 1006 882 matn
1022 856 1197 888 retineamus,
1212 855 1296 889 adjuti
1309 855 1496 882 misericordia
1516 855 1601 890 ipsius
1619 855 1725 882 Domini

934 901 1020 927 nostri
1035 900 1097 928 Jesu
1113 900 1228 933 Christi,
1242 901 1284 928 cui
1298 906 1339 929 est
1355 901 1441 936 gloria
1457 906 1485 929 et
1503 901 1647 936 imperium
1666 901 1725 936 (64)

935 945 960 972 in
974 945 1072 972 smcnla
1085 945 1258 973 saeculorum.
1274 946 1370 974 Amen.

1226 1001 1364 1029 IIOSIILIA
1387 1001 1430 1029 IV.

933 1057 972 1085 De
985 1066 1014 1085 eo
1036 1059 1106 1093 quod
1128 1058 1254 1092 scriptum
1267 1064 1305 1094 est
1320 1059 1341 1090 ',
1365 1067 1374 1083 ι
1392 1058 1484 1094 viginti
1501 1059 1553 1086 duo
1571 1059 1657 1086 millia
1674 1068 1724 1086 nu-

968 1092 1045 1120 mero
1062 1094 1183 1120 invento:
1203 1101 1260 1120 eu:
1278 1092 1611 1128 Levita5,.primogeuilos
1634 1100 1724 1121 autent

966 1128 1084 1169 ﬁliorum
1097 1127 1182 1155 Israel
1200 1128 1290 1164 viginti
1309 1129 1362 1155 duo
1375 1128 1461 1155 millia
1474 1127 1600 1156 ducentos
1613 1136 1722 1164 septua-

968 1168 1042 1198 gmla
1055 1169 1120 1190 tres.
1141 1172 1150 1189 ι

970 1221 994 1247 l.
1016 1219 1193 1247 Numerorum
1206 1219 1275 1247 liber
1289 1224 1340 1252 est,
1357 1219 1401 1254 qui
1415 1220 1513 1255 legitur
1529 1221 1615 1253 nobis,
1625 1221 1653 1248 in
1669 1229 1724 1256 quo

932 1267 1023 1294 multa:
1040 1270 1102 1293 sunt
1127 1273 1303 1293 numerorum
1325 1265 1500 1299 dill‘erentize,
1525 1275 1586 1302 qua:
1600 1268 1722 1295 conscri-

932 1312 1033 1340 buntur
1049 1312 1081 1339 de
1098 1311 1160 1339 ﬁliis
1174 1312 1265 1339 Israel.
1285 1312 1338 1339 Sed
1361 1317 1422 1348 post
1446 1313 1515 1341 lllios
1528 1313 1610 1342 Israel
1626 1322 1721 1342 mune-

931 1363 1027 1386 rantur
1050 1359 1134 1386 etiam
1154 1357 1255 1385 Levila:
1276 1365 1411 1386 seorsum.
1438 1358 1495 1387 Non
1521 1359 1592 1388 enim
1616 1360 1721 1387 fuerant

931 1404 1058 1432 recensiti
1075 1412 1136 1432 cunt
1154 1404 1217 1432 ﬁliis
1232 1403 1326 1436 Israel,
1343 1410 1371 1432 et
1384 1405 1499 1433 habetur
1517 1413 1611 1433 coruut
1626 1413 1721 1441 segre-

930 1455 1008 1485 gatus
1022 1450 1144 1485 quidam,
1160 1457 1192 1478 ac
1208 1450 1359 1485 praecipuus
1380 1458 1436 1485 pra:
1454 1451 1561 1479 exteris
1577 1459 1719 1483 numerus,

84 1503 241 1531 peccatores
266 1498 300 1526 ab
324 1505 413 1533 utero,
439 1508 599 1529 erraverunt
624 1511 638 1530 a
663 1510 767 1537 ventre,
793 1505 863 1533 Iocul

950 1504 984 1523 no
1002 1496 1156 1524 referuntur
1180 1504 1275 1524 ontttes
1290 1496 1372 1524 simul
1393 1497 1487 1531 viginti
1505 1497 1559 1525 duo
1575 1497 1658 1525 milia
1677 1507 1720 1525 rc-

85 1549 147 1572 sunt
165 1544 243 1572 I‘alsa.
258 1555 266 1572 ι
281 1546 314 1573 Ει
329 1546 371 1574 illa
385 1548 438 1575 erit
452 1548 541 1583 vulva,
555 1557 636 1584 quant
652 1550 774 1585 adaperit
785 1552 876 1579 ontuis

84 1591 252 1624 primitivus,
279 1593 327 1627 qui
355 1593 543 1622 sanctiﬁcatur
566 1595 632 1624 Deo.
656 1597 806 1631 Adaperuit
823 1597 875 1624 ali-

82 1638 193 1671 quando
206 1637 278 1665 Deus
291 1639 397 1666 vulvam
412 1639 468 1668 Lite
480 1641 502 1674 ⁸,
521 1649 581 1677 qua:
593 1647 652 1670 erat
671 1643 772 1676 clausa,
789 1648 816 1670 et
828 1651 874 1678 pe-

83 1682 153 1716 perit
170 1683 362 1717 patriarchas;
390 1685 518 1713 similiter
533 1692 561 1714 et
572 1687 692 1720 Rachel,
715 1692 744 1715 ttt
765 1693 874 1723 pareret

82 1728 165 1755 etiam
182 1729 240 1764 ipsa
262 1731 339 1763 cujus
362 1732 436 1760 visus
454 1740 515 1761 erat
531 1733 686 1769 perspicax,
701 1733 739 1762 ἐι
756 1735 873 1763 decorus

83 1780 219 1809 aspectus.
239 1775 292 1804 Sed
307 1783 333 1805 et
349 1778 375 1805 in
394 1779 485 1806 multis
502 1779 563 1806 aliis
581 1779 730 1814 Scriptura:
746 1779 814 1807 locis
828 1780 871 1807 in-

83 1820 175 1849 venies
196 1823 333 1857 adaperiri
349 1825 451 1853 vulvas.
474 1826 593 1859 Quarum
611 1826 633 1853 si
648 1826 753 1861 singula
768 1834 817 1861 pro
833 1826 872 1854 Io-

82 1867 121 1893 cis
134 1868 307 1902 consideres,
327 1870 450 1898 invenies
467 1872 604 1906 qnomodo
625 1876 653 1899 et
670 1877 762 1899 errent
773 1880 870 1907 pecca-

82 1917 154 1940 tores
165 1920 180 1940 a
202 1914 291 1948 vulva,
307 1920 335 1943 et
349 1916 387 1943 illi
404 1917 594 1951 adaperientes
609 1917 728 1951 vulvam,
745 1918 869 1946 sanctiﬁ-

81 1965 178 1987 centur
192 1961 218 1987 in
234 1961 331 1989 ordine
346 1962 556 1996 primitivorutn.
568 1973 577 1990 ι
589 1964 622 1992 Et
636 1969 715 1991 erunt
731 1965 809 1996 ntihi,
825 1965 868 1992 in-

81 2006 138 2040 quit
152 2006 175 2040 ',
186 2005 309 2040 Levilas;
328 2016 416 2036 meum
436 2013 477 2036 est
492 2010 565 2036 enim
582 2017 662 2038 omne
677 2010 844 2044 primitivum
859 2018 868 2038 :

80 2059 111 2079 ex
127 2059 180 2087 qua
195 2052 240 2080 die
263 2054 388 2088 percussi
414 2063 496 2082 omne
511 2056 726 2091 primogenitum
748 2056 773 2083 in
796 2061 867 2084 terra

79 2098 199 2134 Egypti,
221 2099 285 2126 mihi
311 2100 477 2128 sanctiﬁcavi
508 2109 589 2129 omne
615 2102 835 2137 primogenitum.
855 2112 864 2129 I

80 2143 174 2172 Notutn
189 2148 232 2171 est
242 2145 306 2180 quid
326 2146 359 2172 de
372 2146 405 2173 iis
420 2146 532 2173 historia
552 2148 703 2181 contineat,
730 2149 866 2183 quomodo

930 1542 1010 1576 perti,
1035 1543 1071 1570 ita
1096 1548 1124 1570 ut
1144 1550 1231 1578 neque
1246 1542 1363 1577 amplius
1387 1542 1501 1578 aliquid,
1524 1552 1612 1579 neque
1629 1545 1723 1575 minus

930 1589 982 1616 hoc
995 1596 1108 1616 numero
1121 1589 1262 1618 inventum
1274 1591 1320 1618 sit.
1332 1590 1396 1618 Post
1417 1591 1468 1618 Itoc
1482 1590 1611 1626 praecepit
1627 1591 1719 1617 Domi-

928 1643 980 1663 nus
1000 1636 1139 1663 numerari
1161 1637 1245 1664 etiam
1274 1637 1469 1672 primogenitos
1494 1637 1610 1665 illioram
1636 1637 1725 1665 Israel,

927 1682 1022 1710 eodem
1038 1682 1144 1714 ordine,
1160 1690 1212 1718 quo
1226 1683 1326 1712 Levita:
1337 1684 1443 1711 fuerant
1459 1683 1605 1715 numerati,
1623 1683 1649 1710 id
1665 1688 1717 1716 est,

928 1728 963 1755 ab
979 1736 1032 1756 uno
1049 1736 1143 1756 mense
1157 1734 1184 1756 et
1197 1737 1289 1764 supra,
1307 1736 1334 1757 et
1357 1729 1530 1756 inveniuntur
1543 1729 1717 1764 primogeniti

928 1775 1044 1802 ﬁliorum
1056 1775 1139 1803 Israel
1158 1776 1251 1811 viginti
1265 1776 1318 1804 duo
1330 1775 1427 1808 millia,
1441 1780 1469 1802 et
1483 1776 1593 1804 ducenti
1606 1781 1716 1811 septua-

925 1822 1000 1857 ginta
1022 1826 1087 1849 tres.
1110 1821 1233 1850 Putasne
1255 1830 1305 1857 per
1329 1824 1388 1851 haec
1400 1824 1485 1852 solam
1508 1824 1612 1851 muneri
1628 1823 1715 1849 histo-

926 1871 993 1899 riam
1008 1871 1108 1899 docere
1123 1878 1172 1899 nas
1187 1871 1271 1898 voluit
1291 1871 1406 1907 Moyses.
1417 1877 1445 1899 et
1458 1872 1559 1899 nullum
1577 1872 1602 1898 in
1620 1872 1654 1899 iis
1671 1872 1713 1898 ιιι-

924 1917 1100 1945 versitatibus
1116 1925 1290 1944 numerorutn
1319 1917 1454 1945 conclusit
1470 1918 1552 1946 solito
1567 1917 1618 1945 sibi
1638 1925 1715 1944 more

925 1963 1103 1999 mysterium?
1127 1962 1237 1991 Nihilne
1258 1962 1393 1991 videbitur
1414 1971 1475 1991 esse
1497 1964 1613 1991 rationis
1641 1964 1712 1998 quod

923 2008 1031 2036 ducenti
1043 2008 1214 2043 septuaginta
1232 2012 1286 2036 tres
1298 2013 1402 2035 tantum
1420 2008 1561 2036 abundare
1586 2008 1713 2035 dicuntur

923 2056 949 2083 in
963 2055 1152 2091 pritnogenitis
1164 2055 1259 2088 Israel,
1276 2059 1303 2083 et
1319 2055 1344 2083 itt
1357 2055 1484 2083 Letiticis
1499 2056 1532 2083 ad
1548 2055 1641 2090 viginti
1659 2055 1714 2082 duo

923 2101 1018 2133 millia.
1041 2109 1130 2136 neque
1158 2101 1298 2129 abundare
1320 2102 1480 2137 quidquam,
1507 2108 1596 2136 neque
1617 2101 1712 2128 deesse

921 2147 1106 2175 describitur?
1120 2147 1220 2184 Viginti
1243 2148 1298 2176 duo
1318 2149 1428 2183 quidem
1445 2156 1574 2175 nttmerus
1593 2148 1619 2175 in
1640 2147 1711 2174 Seri-

79 2197 207 2223 percussa
224 2190 276 2218 sint
292 2191 469 2227 primogenita
487 2192 689 2228 Egyptiorum,
704 2202 765 2221 cuin
783 2203 868 2230 popu-
884 2192 906 2220 D
921 2193 1006 2228 pluris
1018 2193 1132 2226 divinis,
1147 2194 1170 2220 si
1186 2194 1247 2228 quis
1261 2194 1410 2227 observet,
1424 2194 1496 2228 quod
1513 2193 1710 2228 principalibus

79 2235 118 2263 Ius
144 2235 228 2264 Israel
247 2236 410 2265 educeretur
425 2245 459 2265 ex
482 2238 600 2274 Egypto
618 2240 639 2267 ⁸.
666 2239 722 2267 IIoc
741 2246 782 2268 est
799 2249 865 2275 ergo

77 2282 146 2316 quod
160 2283 187 2310 in
202 2283 261 2310 Ioco
277 2283 422 2316 indicatur,
445 2285 508 2319 quia
525 2293 577 2312 non
596 2286 674 2321 prius
699 2287 864 2314 sanctiﬁcati

76 2332 137 2356 sunt
159 2329 334 2364 primogeniti
353 2330 434 2359 Israel
465 2338 547 2366 quam
573 2337 782 2366 percuterentur
806 2333 863 2368 (62)

76 2372 263 2409 Egyptiornm
279 2376 450 2412 primogeniti
467 2385 474 2403 :
492 2382 519 2404 et
535 2378 612 2412 quasi
630 2385 741 2406 causam
761 2381 863 2407 sancti-

76 2418 207 2448 ﬁcationis
223 2420 333 2454 horum,
345 2422 486 2449 interitum
498 2427 526 2450 et
542 2430 636 2450 necem
651 2423 726 2458 ponit
741 2424 859 2452 illorum.

77 2463 189 2493 Undeet
211 2465 256 2493 hic
277 2466 479 2502 intelligendum
496 2473 548 2500 est.
571 2476 633 2497 esse
653 2470 787 2504 quosdam
804 2471 860 2506 pri-

75 2511 221 2546 mogenitos
239 2512 320 2540 etiam
336 2513 363 2540 in
379 2513 524 2549 Egyptiis,
551 2515 577 2542 id
594 2519 646 2548 est,
671 2516 696 2543 itt
713 2517 862 2544 contrariis

74 2559 260 2590 poteshﬁbus,
277 2560 356 2593 quasi
372 2560 473 2588 electos
497 2561 524 2588 in
541 2561 643 2589 malitia
658 2566 685 2589 et
699 2561 802 2597 pritnos
818 2563 859 2589 III-

73 2607 111 2630 tcr
135 2603 191 2639 (63)
221 2605 362 2632 dan-tonas
388 2615 395 2634 :
426 2607 472 2641 qui
505 2607 556 2635 nisi
572 2608 696 2643 percussi
719 2607 819 2636 iuerint
833 2613 860 2636 et

101 2688 112 2705 '
123 2688 195 2717 Psal.
212 2697 281 2722 LVII,
295 2689 322 2717 4.

71 2750 156 2814 ω
171 2751 235 2779 Ilss.
254 2751 396 2787 Sagiensis
404 2756 430 2779 et
445 2752 628 2788 Ebroicensis,
642 2762 652 2780 ι
669 2759 858 2790 perverteret:-

103 2821 154 2855 (65)
173 2822 261 2850 Codd.
285 2821 454 2850 Turonensis
477 2829 504 2851 et
529 2824 738 2858 Ebroiccnsisu
758 2827 857 2859 primo-

359 2691 369 2706 ‘
381 2691 449 2719 Gen.
461 2699 527 2720 xxx.
561 2693 573 2709 "
588 2692 667 2721 Num.
682 2700 726 2727 nt,
743 2693 845 2728 3,15.

885 2695 896 2710 ⁸
912 2695 998 2723 Exod.
1013 2703 1052 2723 at.

918 2239 1079 2274 quibusdatn
1093 2240 1185 2268 causis
1198 2241 1331 2276 ascriptus
1344 2241 1390 2274 sit,
1408 2241 1564 2276 frequenter
1578 2240 1707 2267 inveniet.

917 2283 984 2310 Nam
1009 2284 1106 2319 viginti
1135 2285 1189 2313 duo
1214 2287 1303 2320 prima
1324 2286 1395 2320 apud
1421 2285 1552 2314 Hebraeos
1572 2285 1706 2313 elementa

918 2330 1028 2358 tradunt
1048 2338 1110 2359 esse
1135 2331 1301 2359 litterarum.
1332 2332 1431 2367 Viginti
1453 2337 1481 2360 et
1502 2332 1555 2360 duo
1575 2338 1670 2359 rursus
1690 2339 1706 2358 a

916 2377 1084 2411 proloplasto
1097 2378 1182 2405 Adam
1195 2385 1282 2413 usque
1297 2379 1330 2405 ad
1344 2378 1441 2412 Iacob,
1459 2386 1492 2406 ex
1507 2378 1584 2414 cujus
1602 2379 1706 2405 semine

917 2423 1023 2450 initium
1035 2424 1177 2452 duodecim
1193 2425 1279 2453 tribus
1290 2431 1413 2458 sumunt,
1438 2430 1530 2460 patres
1548 2424 1633 2452 fuisse
1651 2432 1707 2450 Ine-

917 2475 1066 2497 morantur.
1102 2470 1227 2498 Tradunt
1255 2471 1339 2499 etiam
1363 2472 1485 2500 omnium
1513 2476 1702 2498 creaturarum

917 2516 963 2543 Dei
980 2517 1086 2551 species
1108 2516 1179 2544 intra
1202 2517 1298 2552 viginti
1319 2521 1347 2544 et
1364 2517 1418 2545 duo
1435 2523 1578 2543 numerum
1600 2514 1702 2550 colligi.

915 2562 968 2590 Sed
985 2568 1012 2590 et
1027 2563 1078 2590 alia
1104 2563 1188 2590 multa
1210 2563 1237 2590 in
1255 2563 1418 2598 Scripturis,
1433 2563 1456 2590 si
1474 2562 1536 2597 quis
1549 2561 1704 2596 diligentius

915 2616 1092 2645 exsequatur,
1109 2611 1159 2638 sub
1181 2610 1233 2640 hoc
1257 2618 1372 2639 numero
1398 2614 1558 2638 consecrata
1574 2609 1702 2644 reperiet.

1091 2695 1101 2711 '
1114 2695 1195 2723 Num.
1212 2703 1253 2730 ιιι,
1269 2695 1315 2729 59,
1328 2695 1373 2724 ιε.

912 2757 1016 2791 genitos
1029 2757 1107 2784 inter.
1125 2766 1135 2782 ι

949 2791 1005 2829 (δι)
1017 2792 1044 2818 Ιιι
1055 2792 1169 2829 vulgatis
1180 2792 1345 2822 editionibus
1360 2793 1445 2827 deest,
1457 2802 1469 2820 ί
1479 2797 1506 2821 ct
1518 2792 1672 2829 imperium,
1685 2804 1694 2820 ›

911 2827 982 2858 quod
997 2827 1136 2863 suppletur
1148 2836 1163 2855 e
1175 2836 1240 2856 mss.
