1894 3058
187 118 240 146 599

901 113 1064 143 ORIGENIS

1775 104 1829 132 ΰυο

189 176 369 211 Proplerhoe
382 184 447 211 ergo
460 175 610 207 ctl.evit:e,
632 175 658 204 id
675 179 728 209 est,
752 176 799 210 qui
824 175 984 203 deserviunt
998 176 1021 204 Α
1036 171 1288 202 constructionibns
1313 169 1463 204 exemplari
1489 174 1516 195 ct
1546 168 1649 195 umbra:
1672 166 1829 194 caelestium

190 222 316 254 Domino,
337 227 365 250 et
381 221 553 257 primogeniti
578 221 694 250 ﬁliorum
720 221 803 249 Israel
825 221 979 249 admirabili

189 270 242 297 hoc
255 274 283 296 et
303 274 410 296 sacrato
431 276 544 295 numero
568 268 725 295 titulantur.
751 268 829 301 Quod
845 272 934 295 autent
951 267 978 295 in

190 315 252 342 ﬁliis
266 313 347 342 lsrael
362 315 498 341 adduntur
519 313 630 340 ducenti
655 313 828 348 septuaginta
853 318 919 344 tres,
936 319 980 339 ne-

190 368 244 395 que
254 361 370 387 otiosum
387 360 451 386 mihi
467 359 584 391 videtur,
604 366 693 393 neque
709 358 889 386 absolutionis
907 358 977 385 viam

188 406 267 433 lacile
282 413 373 437 cerno,
399 405 448 432 nisi
476 405 608 432 Dominus
633 404 756 432 velamen
780 404 849 431 istud
868 404 979 438 imposi-

189 457 245 478 tunt
260 459 274 478 a
290 450 382 486 Moyse
395 451 429 478 iis
452 451 551 477 litteris
571 449 716 485 adaperire
735 449 813 476 nobis
837 449 977 484 dignetur,

187 501 215 524 et
229 496 348 524 auferre.
364 496 449 531 Igitur
461 495 573 523 humani
593 494 704 530 generis
720 494 746 520 in
769 501 851 521 carne
865 501 979 529 genera-

189 543 226 571 tio
243 543 324 577 (sicut
336 547 462 570 asserunt
476 542 522 577 qui
539 543 565 569 itt
581 541 680 570 talibus
697 541 776 577 periti
789 541 864 576 sunt)
880 549 978 568 novem

186 589 298 624 quidem
310 588 448 616 mensibus
461 589 615 616 continetur
628 589 654 615 in
670 587 761 620 vulva,
776 587 822 615 sed
837 594 890 614 non
904 588 979 621 prius

188 634 290 662 moveri
307 634 393 661 fertur
412 635 445 661 ad
460 639 570 669 partum
587 642 667 669 quam
683 634 764 661 etiam
788 633 886 661 decimi
901 641 978 660 tuen-

187 679 226 707 sis
247 679 363 706 triduum
381 684 520 707 transeat:
541 683 569 707 et
587 680 623 707 ita
638 679 777 706 invenitur
795 679 866 713 quod
884 686 979 705 nurne-

187 732 235 753 rus
247 725 308 756 iste,
323 725 349 752 id
368 729 420 758 est,
441 726 550 752 ducenti
575 725 745 760 septuaginta
766 729 822 752 tres
840 725 898 752 dies
919 725 979 751 illos

188 771 317 805 iudicent,
332 771 378 806 qui
394 779 425 798 ex
444 779 540 798 novem
556 772 696 798 mensibus
707 791 714 803 ,
731 775 757 798 et
775 771 863 798 triduo
878 770 979 797 mensis

172 813 285 846 [decimi
308 817 481 851 colliguntur,
506 821 533 844 et
556 817 622 843 ﬁunt
639 816 719 844 simul
742 816 851 844 ducenti
868 821 976 851 septua-

173 860 260 899 ‘lginta
278 864 333 887 tres
351 861 409 887 dies
426 861 482 893 isti,
497 861 597 895 quibus
613 861 734 888 humano
755 862 847 896 generi
864 861 890 888 in
908 861 978 889 lntne

189 905 319 933 mundum
333 907 470 940 praebetur
488 906 640 941 ingressus.
661 907 692 933 Et
707 907 744 934 ita
763 907 789 934 in
805 907 900 942 viginti
916 907 976 942 qni-

187 951 249 978 dem
260 955 287 979 et
302 952 407 980 duobus
420 953 550 985 Immeris,
562 953 682 980 omnium
697 953 776 980 simul
788 958 976 980 creaturarum

188 998 340 1025 rationibus
366 999 489 1034 mysticis
510 1007 615 1027 summa
636 999 785 1034 colligitur.
808 998 836 1026 lu
853 1000 894 1027 hs
913 1007 978 1026 vero

185 1052 246 1078 qua:
269 1051 302 1071 ex
330 1045 478 1072 abundanti
519 1045 544 1072 in
581 1046 766 1080 pritnogenitis
800 1046 977 1073 inveniuntur

187 1090 279 1123 Israel,
295 1091 377 1119 etiam
393 1091 553 1126 mysterium
576 1092 701 1119 humana:
718 1093 901 1128 generationis
926 1100 977 1119 ex-

185 1136 321 1171 pri.nitur.
340 1137 403 1165 Post
426 1138 483 1165 lucc
498 1145 559 1166 enm
578 1138 604 1165 in
625 1143 680 1165 tres
699 1139 809 1165 ordines
833 1139 910 1166 divisi
930 1146 976 1165 es-

185 1190 247 1210 sent
261 1184 308 1211 lilii
332 1183 407 1216 Levi,
423 1190 450 1212 et
477 1193 509 1212 ex
535 1183 632 1211 tribus
649 1185 803 1212 noruiuibns
824 1185 975 1220 principum

185 1229 282 1265 singuli
303 1230 405 1265 quique
426 1230 537 1257 ordines
559 1234 738 1257 censerentur
753 1229 821 1264 (65),
847 1229 930 1257 etiam
949 1229 975 1255 in

187 1277 252 1310 ipsis
263 1277 435 1304 diversitates
449 1277 572 1310 quaedam
589 1285 640 1303 non
653 1277 712 1304 sine
731 1275 872 1312 mysteriis
889 1275 976 1302 ascri-

188 1322 297 1348 buntur.
317 1321 383 1349 Nam
398 1322 512 1349 ﬁliormn
533 1321 617 1348 Caath
639 1322 744 1356 primus
759 1321 828 1348 ordo
844 1320 976 1348 describi-

188 1371 243 1398 tur,
257 1372 284 1394 et
304 1368 401 1394 merito
423 1376 430 1395 :
449 1375 480 1394 ex
497 1367 554 1401 ipso
574 1367 646 1395 enim
665 1367 805 1395 descendit
823 1367 929 1403 Moyses
950 1372 977 1395 ct

187 1414 288 1444 Aaron,
310 1413 407 1447 quibus
426 1413 570 1440 sacerdotii
593 1420 698 1440 summa
720 1413 913 1440 committitur.
937 1412 974 1440 Ex

187 1460 245 1495 ipso
276 1460 348 1487 enim
375 1460 494 1486 nascitur
522 1459 641 1486 Amram.
674 1459 712 1486 Ex
741 1459 852 1486 Amram
886 1464 975 1487 autem

186 1507 304 1542 Moyses.
328 1511 355 1534 et
371 1506 473 1534 Aaron.
491 1505 633 1533 Scenndus
658 1512 723 1541 ergo
751 1511 794 1534 est
808 1506 974 1541 Gerson,qui

186 1553 290 1587 primus
303 1553 410 1588 quidem
429 1552 456 1579 in
473 1551 623 1581 nativitate.
650 1554 697 1580 sed
712 1555 846 1579 secundus
861 1551 975 1579 hibetur

187 1600 213 1626 in
227 1600 333 1627 ordine.
351 1598 397 1626 Sic
417 1598 490 1625 enim
508 1598 649 1633 Scriptura
665 1598 732 1625 dicit
746 1598 768 1614 '°
787 1606 792 1623 :
815 1607 824 1623 ι
844 1597 903 1624 Filii
925 1605 976 1623 au-

187 1651 240 1673 tem
256 1645 330 1677 Levi,
347 1644 463 1676 Gerson,
481 1645 567 1672 Caath
593 1649 621 1672 et
634 1644 744 1671 Merari.
762 1653 772 1670 ι
793 1643 846 1671 Sed
863 1651 896 1671 ex
915 1641 977 1670 ﬁliis

185 1690 271 1717 Caath
287 1690 339 1718 duo
358 1697 452 1717 rursus
474 1690 585 1718 ordines
599 1689 769 1725 diriguntur,
796 1693 824 1717 et
837 1689 854 1716 ii
867 1688 976 1724 quidem

185 1736 231 1771 qui
247 1744 280 1763 ex
295 1736 385 1763 Aaron
405 1735 584 1767 descendunt,
606 1734 758 1762 sacerdotio
774 1734 975 1769 mancipantur,

186 1791 249 1819 pars
270 1791 334 1811 vero
356 1784 458 1819 reliqua
483 1783 516 1810 ad
543 1783 750 1811 ministrandutn
787 1782 977 1810 sacerdotibus

185 1830 337 1862 ordinatur,
361 1835 389 1858 et
407 1830 510 1857 idcirco
535 1829 562 1857 in
577 1833 697 1864 quatuor
709 1833 800 1863 partes
819 1828 976 1856 Levitarum

185 1877 344 1904 dividuntur
358 1875 458 1909 ollicia,
473 1881 504 1903 ut
524 1876 677 1904 sacerdotio
691 1875 800 1911 quidem
828 1875 977 1910 fungantur

184 1923 276 1950 Aaron
301 1927 329 1950 et
345 1921 394 1949 ﬁlii
413 1921 490 1957 ejus,
521 1922 623 1950 Sancta
640 1926 731 1949 autem
759 1925 917 1949 sanctorum
947 1925 977 1948 ιιι

185 1972 294 2003 portent
315 1968 341 1994 in
367 1968 489 1995 humeris
508 1967 565 1995 suis
582 1967 599 1994 ii
614 1967 660 2002 qui
682 1966 779 2002 reliqui
796 1970 860 1993 sunt
880 1972 913 1993 ex
929 1973 977 2000 po-

185 2013 250 2049 pqu
263 2013 348 2041 Caath
364 2013 431 2049 (66).
447 2013 513 2046 Quae
529 2018 622 2041 autem
637 2012 671 2040 ad
688 2011 895 2040 tabernaculum
916 2019 977 2046 per-

187 2062 276 2089 tinent
299 2060 446 2088 testimonii
472 2060 514 2088 vel
535 2061 569 2088 ad
593 2060 662 2088 atria
680 2059 750 2094 ejus,
770 2063 798 2087 et
818 2059 914 2094 pelles,
935 2059 976 2086 vel

185 2107 269 2135 etiam
284 2106 447 2138 velamenta,
463 2111 491 2133 et
510 2113 679 2142 quaecunque
699 2111 763 2134 sunt
782 2106 874 2133 minus
897 2106 976 2138 dura,

186 2157 215 2180 et
231 2153 264 2180 ad
277 2160 346 2180 onus
362 2153 442 2184 levia,
454 2156 484 2179 ut
498 2157 644 2187 procurent
658 2151 706 2180 ﬁlii
726 2151 842 2180 Gerson.
868 2152 979 2180 Colum-

186 2206 237 2226 na
261 2205 326 2226 vero
343 2197 522 2230 tabernaculi,
547 2201 574 2224 et
595 2196 673 2224 bases
693 2197 761 2232 ejus,
776 2203 804 2225 et
817 2188 893 2224 s'eras
907 2197 975 2231 (67),
993 2210 1016 2238 υ

187 2248 218 2271 ιιι
229 2247 338 2278 portent
355 2242 401 2270 ﬁlii
418 2242 526 2270 Merari.
542 2241 647 2270 idcirco
662 2246 690 2269 et
703 2242 729 2269 iu
749 2242 924 2270 recensendis
935 2242 977 2270 eis

187 2290 362 2326 designanter
377 2288 520 2324 Scriptura
549 2292 761 2320 commemorat,
785 2293 814 2315 ut
834 2295 977 2316 recensea-

186 2341 232 2364 tur
248 2337 334 2363 virtus
355 2335 455 2364 Merari
472 2343 479 2363 :
497 2335 598 2362 virtute
617 2334 690 2363 enim
710 2341 779 2370 opus
795 2338 837 2363 est
857 2335 890 2361 ad
912 2343 976 2370 por-

187 2383 284 2410 tandas
301 2382 453 2417 Imjusmodi
473 2381 606 2410 sarcinas.

219 2429 248 2457 2.
265 2429 318 2457 Sed
328 2429 468 2456 redeanms
481 2427 629 2462 aliquando
639 2427 672 2455 ad
687 2426 840 2462 apostolum
853 2425 977 2459 Paulum,

186 2474 232 2508 qui
246 2474 305 2502 haec
331 2474 420 2501 omnia
442 2473 528 2501 libero
543 2473 599 2508 jam
614 2476 642 2500 et
668 2471 786 2499 revelato
802 2471 884 2507 283
898 2472 978 2499 oculo

188 2522 288 2550 mentis
314 2520 467 2555 aspiciens,
487 2524 514 2547 et
537 2518 638 2546 veteris
658 2517 825 2545 Testamenti
853 2517 975 2545 velamen

188 2566 330 2601 abjiciens,
349 2567 386 2594 ait
400 2566 433 2600 ”,
457 2566 519 2601 quia
538 2565 614 2599 prior
632 2563 745 2600 populus
766 2563 792 2590 in
820 2563 976 2599 Imjusmodi

224 2634 246 2650 ⁵ο
261 2633 338 2661 Num.
355 2643 395 2666 ιιι,
413 2635 457 2662 l7.
496 2635 516 2650 ¹¹
535 2634 616 2662 Hebr.
639 2633 702 2667 vtn',
717 2633 744 2661 5.
785 2634 806 2650 "
826 2633 904 2661 Num.
927 2640 964 2665 Iv,
980 2632 1008 2659 2.

237 2692 282 2733 tib)
294 2692 384 2733 Codex
403 2694 495 2733 Sancti
509 2694 682 2725 Theodorici.
700 2703 710 2720 ‹
728 2694 908 2729 principatmn
921 2693 979 2721 sin-

192 2729 245 2762 guli
259 2729 358 2763 quique
373 2729 483 2755 ordines
497 2735 736 2763 consequerentur.
754 2739 764 2755 ι

228 2763 284 2798 169)
299 2762 369 2798 idem
385 2764 480 2793 codex.
497 2772 506 2788 ι
525 2762 648 2798 exemplo
662 2764 757 2792 Caath.
779 2773 788 2790 ι

228 2797 285 2831 (67)
297 2797 383 2836 _Codd.
404 2798 575 2836 Ebroicensis
590 2797 617 2826 ct
632 2799 772 2834 Sagicusis
783 2807 844 2836 pro.
859 2808 869 2826 ‹
889 2803 916 2827 ct
930 2806 974 2826 sc-

193 2839 250 2864 ras,
270 2841 279 2858 ι
297 2832 397 2865 legunt,
413 2841 421 2858 α
440 2839 471 2860 ac
488 2834 626 2861 semisses.
648 2842 657 2859 I

1031 219 1210 248 deservierit.
1224 219 1257 246 Et
1271 218 1328 245 hare
1344 216 1468 247 audiens,
1484 215 1627 243 considera
1644 221 1679 241 ne
1693 214 1766 240 forte
1783 211 1829 239 isti

1031 272 1150 302 quatuor
1165 265 1276 293 ordines
1290 268 1444 290 castrorum
1468 261 1624 296 exemplum
1643 260 1700 287 sint
1718 263 1748 286 et
1768 265 1831 285 um-

1031 314 1080 342 bra
1106 313 1212 340 illorum
1238 315 1357 345 quatuor
1381 309 1524 341 ordinum,
1547 315 1617 342 quos
1639 306 1672 333 ad
1698 305 1830 338 Hebraos

1031 360 1153 388 scribens
1178 357 1280 385 Paulus
1305 354 1477 383 ennmeravit
1504 355 1530 381 in
1556 353 1644 381 cmlis.
1671 353 1705 379 Et
1732 357 1830 378 rursus

1030 405 1187 434 lsraeliticis
1200 409 1317 439 quatuor
1330 402 1473 429 ordinibus
1488 404 1657 431 castrorum,
1673 402 1830 433 quaternos

1030 451 1117 485 adjice
1140 449 1313 480 Levitarum;
1330 454 1392 481 qua:
1416 453 1465 474 nos
1481 452 1534 472 non
1553 449 1607 471 tant
1626 443 1779 478 explanare
1799 446 1830 469 et

1031 498 1151 532 aperire,
1175 503 1257 531 quam
1278 490 1655 528 contigisseztantmnmodo,
1679 493 1707 515 et
1732 488 1831 523 purio-

1032 544 1107 571 ribus
1125 542 1251 570 sensibus
1268 539 1302 576 (si
1331 539 1375 573 qui
1402 543 1491 565 tamen
1509 542 1571 564 sunt
1595 536 1640 571 qui
1663 542 1749 569 puros
1773 533 1829 561 huc

1030 594 1058 617 et
1074 589 1174 615 liberos
1188 595 1202 614 a
1221 585 1398 614 saecularibus
1422 581 1636 618 cogitationibus
1652 580 1710 615 (68)
1726 585 1829 606 sensus

1031 634 1186 669 detulerint)
1209 633 1354 664 indicasse,
1369 636 1396 659 et
1420 629 1516 657 leviter
1531 626 1728 663 perstrinxisse
1746 623 1827 651 δυσι-

1030 683 1094 709 ciat.
1111 690 1120 706 ι
1135 681 1244 714 Accipe,
1260 679 1345 714 inquit
1357 679 1391 710 ",
1407 682 1551 704 numerum
1571 673 1688 700 ﬁliorqu
1705 670 1825 698 Caath.»

1030 729 1101 756 Ecce
1125 728 1224 754 iterum
1241 725 1310 752 alius
1339 722 1522 751 introducitur
1537 719 1605 747 ordo
1631 725 1825 746 numerorum.

1030 773 1170 802 Numerali
1188 777 1251 800 sunt
1267 772 1323 806 jam
1346 769 1392 797 ﬁlii
1413 768 1478 796 Levi
1495 766 1529 794 ab
1547 773 1602 793 uno
1617 771 1712 792 mense
1726 768 1755 791 et
1778 770 1827 789 su-

1030 829 1077 855 pra
1097 819 1171 854 (69),
1196 826 1268 845 ttunc
1293 820 1472 844 numerantur
1498 813 1546 841 ﬁlii
1570 811 1634 840 Leti
1658 818 1673 838 a
1690 809 1827 837 vicesimo

1032 868 1128 900 quinto
1143 872 1225 896 anno,
1245 863 1292 891 sed
1311 871 1364 890 non
1381 865 1410 888 ut
1425 861 1451 888 in
1468 858 1576 888 caeteris
1594 864 1690 891 supra,
1713 855 1762 883 sed
1779 861 1828 881 us-

1031 921 1086 948 que
1105 912 1137 938 ad
1156 909 1414 946 quinquagesimum
1431 912 1544 937 annum,
1564 908 1591 931 et
1608 902 1637 930 ﬁt
1653 902 1704 929 iste
1725 900 1828 948 praeci-

1032 946 1101 994 puus
1118 965 1247 985 numerus
1262 961 1289 982 et
1302 954 1416 981 electus.
1433 951 1552 978 Additur
1567 950 1640 977 enim
1658 949 1711 975 iis:
1731 956 1740 973 t
1757 946 1827 974 Om-

1032 991 1089 1035 nis,
1113 1002 1199 1035 inquit
1213 1000 1245 1034 ¹³,
1269 999 1313 1034 qui
1338 997 1461 1033 procedit
1487 996 1520 1022 ad
1550 993 1762 1022 ministrandum
1789 991 1826 1019 ad

1031 1057 1113 1084 opera
1136 1046 1304 1075 tabernaculi
1330 1043 1512 1072 testimonii.)
1532 1041 1578 1068 Isti
1607 1045 1672 1068 sunt
1696 1038 1743 1074 qui
1769 1045 1825 1065 nu-

1032 1099 1175 1122 merantur
1201 1092 1314 1119 meliore
1337 1090 1466 1125 quatiam,
1489 1091 1516 1115 et
1539 1086 1677 1121 praecipuo
1691 1090 1825 1112 numero.

1032 1141 1108 1168 Sicut
1123 1140 1195 1167 enim
1212 1139 1237 1165 in
1261 1137 1324 1164 ﬁliis
1344 1135 1428 1162 lsrael
1444 1134 1587 1162 dicebatur
1603 1141 1609 1159 :
1628 1141 1636 1158 ι
1653 1130 1749 1158 Omnis
1773 1129 1821 1164 qui

1031 1186 1152 1222 procedit
1166 1185 1199 1212 ad
1220 1183 1345 1218 proelium
1367 1182 1393 1209 in
1411 1181 1472 1208 ﬁliis
1487 1179 1583 1212 Israel;
1595 1188 1605 1205 ι
1622 1179 1659 1206 ita
1677 1182 1705 1204 et
1723 1176 1768 1204 hic
1785 1175 1826 1203 di-

1031 1221 1118 1260 citur:
1133 1242 1143 1258 ι
1158 1230 1251 1260 Omnis
1267 1230 1313 1263 qui
1331 1227 1453 1264 procedit
1467 1227 1501 1253 ad
1521 1224 1715 1256 ministerium,
1735 1227 1766 1250 ut
1784 1221 1826 1248 la-

1030 1280 1084 1307 ciat
1107 1286 1189 1313 opera
1209 1277 1235 1304 in
1254 1274 1432 1303 tabernaculo
1458 1271 1639 1300 testimonii.»
1668 1270 1734 1297 Post
1763 1269 1826 1295 haec

1030 1326 1130 1353 dicitur
1147 1331 1207 1358 quae
1223 1322 1279 1350 sint
1298 1327 1381 1356 opera
1399 1320 1514 1347 ﬁliorum
1535 1317 1621 1344 Caath
1639 1317 1665 1343 in
1683 1315 1776 1342 medio
1792 1313 1826 1341 ﬁ-

1031 1372 1127 1400 liorum
1144 1370 1207 1398 Levi
1231 1369 1380 1396 secundum
1403 1367 1494 1402 plebes
1516 1373 1580 1393 suas
1600 1365 1627 1391 in
1643 1360 1825 1391 tabernaculo

1032 1416 1190 1445 testimonii.
1208 1425 1217 1441 ι
1232 1414 1368 1446 lntroibit,
1385 1413 1473 1448 inquit
1485 1412 1517 1446 η’,
1532 1412 1626 1439 Aaron
1642 1415 1670 1437 et
1686 1408 1736 1435 ﬁlii
1750 1407 1824 1442 ejus,

1031 1471 1091 1490 cum
1107 1462 1210 1490 elevata
1226 1460 1329 1488 fuerint
1341 1463 1444 1491 castra,
1455 1463 1484 1486 et
1496 1458 1633 1492 deponent
1647 1454 1752 1487 velum,
1766 1460 1823 1488 quo

1032 1513 1161 1544 teguntur
1178 1512 1283 1539 sancta,
1304 1511 1333 1534 et
1356 1505 1482 1540 operient
1503 1511 1536 1532 ex
1552 1502 1613 1538 ipso
1640 1501 1702 1529 velo
1729 1507 1824 1527 arcam

1031 1554 1196 1582 testamenti.
1208 1563 1217 1580 ι
1235 1553 1268 1580 Et
1282 1557 1344 1588 post
1363 1551 1422 1578 haec
1438 1555 1542 1584 septem
1568 1548 1694 1584 quaedam
1716 1546 1825 1581 species

1030 1604 1237 1630 enumerantur,
1252 1605 1313 1633 qua:
1328 1595 1525 1632 praecipiuntur
1541 1593 1655 1628 operiri.
1683 1591 1776 1618 Primo
1796 1589 1824 1616 in

1030 1646 1106 1678 loco,
1126 1649 1155 1672 ut
1178 1645 1299 1672 omnium
1323 1642 1470 1678 pretiosior
1494 1641 1551 1675 ipsa
1572 1646 1637 1666 arca
1663 1634 1824 1664 testamenti

1030 1691 1171 1727 operiatur
1183 1690 1243 1718 velo
1256 1696 1310 1724 quo
1326 1689 1403 1724 prius
1417 1686 1569 1717 velabatur,
1585 1683 1632 1712 sed
1647 1687 1675 1710 et
1691 1681 1762 1717 pelle
1776 1680 1825 1707 de-

1030 1745 1112 1773 super
1139 1735 1314 1768 hyacinthina
1341 1739 1457 1770 legatur.
1483 1732 1601 1760 Additur
1632 1729 1718 1757 etiam
1749 1727 1825 1755 aliud

1030 1784 1152 1812 velamen
1178 1783 1294 1817 desuper
1322 1779 1543 1816 hyacinthinum.
1565 1775 1692 1804 Secundo
1711 1775 1739 1802 in
1761 1773 1826 1800 loco

1031 1835 1124 1856 mensa
1145 1827 1277 1862 operitur.
1303 1825 1398 1853 Tertio
1422 1822 1630 1852 candelabrum.
1652 1820 1757 1854 Quarto
1782 1818 1823 1845 alo

1031 1879 1090 1902 tare
1105 1880 1230 1901 aureum.
1249 1871 1351 1905 Quinto
1367 1878 1430 1898 vasa
1446 1868 1606 1897 ministerii.
1621 1866 1705 1894 Sexto
1730 1864 1824 1899 operi-

1031 1923 1152 1948 mentum
1173 1918 1267 1945 altaris
1283 1924 1345 1945 cum
1365 1914 1528 1951 quibusdam
1553 1911 1715 1941 velamentis
1738 1917 1825 1945 appo-

1031 1965 1114 1992 nitur.
1130 1963 1252 1999 Septimo
1266 1963 1294 1990 in
1316 1962 1377 1990 loco
1391 1960 1513 1996 operitur
1527 1963 1555 1986 et
1578 1957 1697 1989 labrum,
1710 1961 1740 1984 et
1755 1954 1824 1982 nihil

1031 2010 1129 2037 horum
1145 2007 1266 2036 omnium
1281 2007 1382 2034 nudum
1399 2004 1575 2039 relinquitur,
1590 2007 1638 2030 aut
1655 2001 1823 2029 revelatum.

1031 2055 1154 2090 Denique
1166 2054 1276 2082 additur
1287 2053 1370 2080 etiam
1384 2056 1549 2087 praeceptum
1565 2048 1737 2083 huiusmodi:
1751 2055 1760 2072 ι
1773 2045 1826 2073 Nu-

1031 2101 1092 2135 lite,
1116 2101 1204 2136 inquit
1225 2100 1262 2133 ",
1285 2098 1471 2127 exterminare
1487 2097 1520 2123 de
1542 2096 1616 2122 tribu
1642 2101 1691 2121 sua
1718 2091 1823 2127 plebem

1030 2147 1128 2175 Caath.
1142 2155 1152 2172 ι
1173 2145 1232 2179 Quo
1256 2144 1362 2172 scilicet
1386 2140 1610 2171 exterminandos
1631 2146 1694 2167 esse
1714 2145 1747 2166 se
1769 2137 1824 2164 sci-

1032 2197 1104 2225 rent,
1121 2192 1143 2220 si
1162 2191 1233 2220 lorte
1248 2192 1280 2218 ad
1304 2191 1362 2218 hate
1379 2188 1513 2223 movenda
1530 2194 1628 2216 manus
1650 2192 1715 2214 suas
1733 2183 1826 2212 mitte-

1033 2244 1105 2272 rent,
1121 2239 1173 2267 nisi
1200 2237 1412 2272 unumquodque
1435 2242 1530 2264 eorum
1556 2233 1633 2270 prius
1654 2240 1669 2260 a
1694 2232 1825 2260 sacerdo-

1032 2285 1105 2313 tibus
1121 2285 1214 2312 luisset
1229 2285 1378 2311 obtectum.

1068 2332 1096 2359 3.
1116 2331 1193 2358 Nune
1215 2338 1280 2364 ergo
1299 2329 1443 2356 redeamus
1458 2327 1492 2354 ad
1516 2325 1588 2354 istud
1615 2323 1823 2354 tabernaculum

1033 2377 1164 2406 Ecclesize
1186 2376 1233 2404 Dei
1254 2375 1384 2408 viventis,
1398 2378 1425 2402 et
1447 2374 1587 2401 videamus
1608 2371 1751 2408 quomodo
1768 2370 1825 2398 haec

1033 2423 1138 2459 singula
1156 2422 1297 2450 observari
1315 2425 1441 2455 oporteat
1456 2420 1482 2448 in
1498 2418 1620 2447 Ecclesia
1635 2417 1683 2445 Dei
1702 2425 1717 2444 a
1733 2423 1826 2444 sacer-

1033 2469 1145 2498 dotibus
1160 2468 1274 2496 Christi.
1293 2467 1322 2495 Si
1336 2468 1400 2502 quis
1416 2474 1481 2495 vero
1497 2466 1625 2495 sacerdos
1640 2469 1682 2493 est
1696 2464 1742 2492 cui
1761 2471 1825 2491 vasa

1033 2523 1125 2549 sacra,
1139 2515 1165 2542 id
1183 2519 1236 2546 est,
1254 2514 1445 2550 mysteriorum
1468 2512 1609 2548 sapientiae
1625 2515 1733 2539 secreta
1752 2517 1826 2538 com-

1033 2563 1115 2590 missa
1139 2565 1220 2593 sunt,
1242 2560 1329 2587 discat
1353 2566 1386 2586 ex
1404 2559 1450 2592 iis,
1473 2563 1500 2586 et
1520 2557 1664 2589 observet.
1685 2555 1827 2591 quomodo

1048 2631 1070 2647 ¹³
1089 2630 1167 2663 ibid.,
1182 2629 1210 2657 5.
1248 2627 1271 2644 “
1290 2627 1369 2655 Num.
1383 2634 1420 2660 tv,
1435 2626 1462 2654 5.
1502 2625 1523 2642 "
1543 2623 1624 2657 ibid.,
1639 2623 1684 2651 l8.

1071 2691 1128 2726 (68)
1147 2689 1237 2718 Codex
1255 2689 1349 2716 Sancti
1372 2687 1544 2726 Theodoriei,
1561 2695 1571 2711 ι
1587 2683 1799 2726 tentationibus.
1813 2692 1824 2711 ι

1034 2720 1124 2754 Ρειὶιιό
1140 2729 1201 2759 post
1224 2731 1320 2752 omnes
1344 2731 1424 2759 mss.,
1446 2722 1573 2759 taccipe,
1592 2720 1703 2759 inquit,
1726 2726 1825 2746 nume-

1034 2769 1105 2790 rum.
1119 2770 1127 2786 ι
1142 2756 1226 2787 ΠΜ).
1247 2760 1327 2790 editi,
1345 2767 1354 2784 ι
1370 2758 1502 2792 accipiat,
1525 2756 1628 2792 inquit,
1644 2761 1821 2782 numerum.»

1070 2795 1128 2831 (69)
1148 2795 1241 2822 Codex
1259 2792 1352 2822 Sancti
1373 2791 1548 2825 Theoderici,
1563 2801 1572 2818 ι
1588 2791 1622 2818 ab
1637 2797 1693 2818 uno
1710 2797 1786 2818 anno
1797 2793 1824 2817 et

1033 2838 1124 2865 supra.
1139 2840 1148 2857 ι

1248 2627 1271 2644 ’⁵
1290 2627 1369 2655 Nam.
1383 2634 1420 2660 ιν,
1435 2626 1462 2654 5.
