1894 3058
66 134 110 162 GLI
689 132 720 160 IN
741 131 910 160 NUMEROS
927 130 1067 158 llOllIlLlA
1085 130 1118 159 ν.

1649 132 1703 160 602

67 197 120 222 IIJI‘C
138 199 262 228 oporteat
279 195 353 222 intra
369 195 490 223 velamen
515 194 692 222 conscientia:
706 194 855 226 custodire,
871 194 895 224 Α
910 200 970 219 ιιιυι·
987 192 1054 227 (70).
1078 191 1152 219 Gens
1173 190 1245 218 enim
1267 194 1379 223 sancta,
1406 189 1497 226 regale
1520 191 1702 218 sacerdotium

65 248 110 267 nec
133 239 213 267 lacilc
228 241 355 275 proferre
377 242 410 268 ad
432 241 580 277 publicum.
595 242 649 268 Attt
666 240 687 267 si
707 247 750 267 res
770 240 857 275 poscit

65 285 196 320 proferre,
212 291 240 313 et
257 286 448 318 inferioribus.
464 286 490 314 id
505 291 559 319 est,
576 286 789 321 imperitioribus
804 292 856 313 tra-

65 333 136 364 dt-re,
161 340 195 359 ne
212 334 284 359 nuda
302 332 434 367 proferat,
449 341 483 361 ne
503 338 596 368 aperta
617 332 751 365 ostendat,
769 337 794 359 et
810 340 856 367 pe-

65 377 134 404 nitus
158 379 292 412 patentia,
317 378 436 413 alioquin
464 379 641 407 homicidium
662 379 738 412 facit,
753 385 780 407 et
804 375 857 407 ex?

65 423 194 450 terminat
221 424 340 459 plebem.
365 424 571 452 Externtinatur
598 425 670 452 enim
696 426 786 453 omnis
808 426 854 460 qui

63 473 166 495 secreta
181 474 209 496 et
231 468 381 496 itteﬁ'abilia
406 474 581 497 sacramenta
601 470 759 506 contigerit,
785 479 854 498 non-

62 514 123 541 dum
141 516 250 542 meritis
264 520 291 543 et
307 516 425 543 scientia
443 516 469 543 itt
489 516 634 543 sacerdotii
650 517 774 544 ordinem
791 525 853 553 gra‘

62 561 181 595 dumque
198 562 357 589 translatus.
373 561 445 589 Solis
459 562 533 589 enim
558 562 623 590 ﬁliis
642 562 745 594 Aaron,
762 571 853 591 sacer-

61 607 171 634 dotibus
193 607 311 639 scilicet,
332 607 416 643 ipsam
433 616 526 635 arcam
544 609 711 641 testamenti.
725 614 753 637 et
776 618 853 638 uten-

60 660 134 686 sam,
159 657 187 679 et
209 652 416 687 candelabrum,
440 657 467 681 et
488 653 511 680 si
530 653 595 688 quid
615 658 656 681 est
676 661 770 681 eorum
793 663 853 689 qua:

59 705 140 733 supra
166 699 442 733 comprehendimus,
467 699 539 726 nuda
556 706 587 727 ac
613 700 732 727 revelata
759 700 852 728 videre

59 753 220 774 concessum
231 752 284 774 est.
298 747 351 774 Alii
370 751 461 774 autem
478 751 571 781 operta
586 747 643 774 haec
659 747 779 780 videant,
796 749 852 776 imo

58 793 153 826 potius
167 793 257 820 velata
281 793 340 820 bzec
355 793 381 820 itt
399 794 521 821 humeris
542 794 598 821 suis
613 799 733 829 portent.
751 795 783 822 Et
804 795 850 823 lllii

58 840 169 874 quidem
190 840 289 874 Caath,
306 842 435 876 quoniam
458 842 506 877 ipsi
529 842 593 870 licet
613 850 666 870 non
681 843 738 870 sittt
760 851 852 872 sacer-

58 886 146 919 dotes,
161 891 228 913 sunt
249 887 365 922 proximi
389 888 591 921 sacerdotibus,
613 888 640 916 in
658 889 778 917 humeris
793 890 851 918 suis

57 937 172 966 possunt
194 932 246 960 ista
272 939 401 968 portare;
425 934 470 961 alii
493 942 558 963 vero
584 935 705 963 sarcinas
726 944 801 969 suas,
824 941 852 964 et

58 978 210 1006 ministeria
229 987 280 1007 nec
297 980 322 1007 in
339 980 469 1014 humeris,
484 982 531 1009 sed
546 983 575 1009 in
594 981 722 1016 plaustris
734 989 849 1017 ponunt.

58 1024 91 1052 Ut
111 1025 187 1052 enitn
209 1026 408 1059 praevenientes
440 1027 587 1056 lectionem
612 1028 735 1057 dicamus
759 1029 850 1064 aliqua

56 1071 138 1098 etiam
155 1071 189 1099 de
203 1072 237 1099 iis
259 1080 321 1107 qua:
335 1072 410 1100 locus
434 1074 586 1107 admonuit,
604 1081 665 1102 cum
683 1075 850 1103 oﬁ'erreutnr

56 1124 70 1144 a
88 1116 208 1151 singulis
240 1117 393 1152 quibusque
417 1118 543 1146 tribubus
569 1118 706 1153 plaustra,
733 1124 850 1154 quatuor

56 1169 88 1189 ex
113 1161 150 1188 iis
170 1167 338 1197 acceperunt
364 1163 409 1190 lilii
432 1164 547 1196 Merari,
563 1164 616 1193 duo
631 1171 720 1193 autent
744 1166 848 1194 Gerson

57 1207 115 1235 lilii.
134 1208 175 1235 llli
199 1216 267 1236 vero
290 1210 336 1244 qtti
354 1210 451 1237 horum
476 1210 602 1239 meliores
625 1217 703 1245 sunt,
726 1213 847 1247 plaustra

55 1262 108 1282 non
130 1254 282 1289 accipiunt.
302 1254 411 1284 Intuere
438 1264 504 1291 ergo
529 1266 600 1285 nuttc
624 1259 777 1294 cuju.~tttodi
807 1259 848 1286 di-

53 1300 123 1328 visio
145 1299 265 1328 edicitur
281 1301 307 1328 itt
325 1301 421 1329 olliciis
443 1303 590 1331 ministerii
613 1304 710 1336 divini,
731 1309 760 1332 et
778 1313 845 1340 quo-

55 1345 137 1374 modo
161 1346 207 1374 illa
231 1347 342 1382 quidem
367 1356 428 1383 qua:
453 1354 548 1377 sancta
577 1356 656 1383 sunt,
679 1359 731 1378 non
758 1351 846 1386 impo-

55 1397 159 1420 nuntur
181 1394 314 1427 portanda
342 1394 505 1423 animalibus
533 1397 630 1429 tttutis,
653 1397 700 1425 sed
725 1397 847 1425 rationa-

54 1438 121 1466 biles
137 1446 200 1467 esse
214 1440 315 1467 debent
329 1440 466 1474 homines,
480 1447 507 1469 et
523 1442 550 1470 itt
571 1442 692 1471 humeris
707 1444 764 1471 suis
784 1451 847 1479 por-

54 1489 112 1513 tare
128 1492 208 1518 vasa,
225 1486 324 1520 quibus
340 1487 536 1516 ministrentur
555 1488 655 1516 Sancta
674 1494 843 1517 sanctorum.

52 1531 89 1559 Ea
111 1539 180 1560 vero
201 1541 262 1567 quae
278 1534 403 1568 graviora
428 1539 492 1562 sunt
514 1539 541 1562 et
567 1535 686 1570 duriora,
712 1544 764 1563 non
790 1540 844 1563 tam
859 1546 880 1575 α

53 1577 265 1607 rationabilibus
296 1586 378 1614 quam
403 1580 486 1608 mutis
511 1581 645 1615 portanda
680 1581 846 1609 animalibus

54 1624 244 1659 imponuntur.
265 1624 319 1653 Sed
334 1630 362 1653 et
379 1625 406 1653 in
421 1626 489 1662 ipsis
502 1632 544 1654 est
563 1627 655 1662 aliqua
680 1626 844 1656 diﬁ'eretttia.

52 1669 119 1698 Nam
140 1671 179 1698 illi
200 1671 247 1706 qtti
271 1672 397 1707 graviora
414 1676 440 1700 et
465 1673 578 1701 duriora
596 1674 743 1701 observant
762 1673 844 1701 mini-

51 1717 147 1750 steria,
166 1717 242 1752 plura
265 1718 366 1746 habent
384 1718 526 1748 animalia.
540 1720 663 1752 Quatuor
678 1719 751 1747 enim
768 1720 845 1755 plau-

51 1769 108 1789 stra
124 1762 228 1790 dantur
243 1763 307 1791 ﬁliis
325 1763 434 1793 Merari.
455 1764 532 1792 Filiis
546 1769 636 1793 autem
652 1765 759 1793 Gerson
780 1766 844 1801 quia

51 1814 130 1836 erant
148 1817 233 1845 prope
252 1810 322 1838 ﬁlios
336 1810 424 1839 Caath
450 1811 505 1839 duo
529 1815 632 1839 tantum
649 1812 770 1847 plaustra
790 1811 846 1839 sul-

53 1854 159 1888 ﬁciunt,
172 1864 207 1884 ex
221 1856 320 1891 quibus
335 1857 490 1885 ostenditur
504 1858 576 1892 quod
593 1857 722 1892 operibus
733 1857 843 1892 quidem

52 1901 220 1934 durioribus,
235 1905 277 1935 et,
294 1907 323 1930 ut
345 1902 381 1930 ita
409 1902 515 1936 dicam,
538 1903 733 1937 crassioribus,
752 1904 844 1939 plures

52 1953 130 1981 sunt,
151 1947 199 1982 qui
216 1947 292 1975 velut
317 1948 448 1976 animalia
472 1948 624 1977 inserviunt
641 1956 649 1976 :
673 1950 707 1977 ad
727 1957 759 1978 ea
777 1957 843 1978 vero

51 2000 110 2028 qua
133 1993 345 2022 rationabilibus
361 1999 555 2029 procurantur,
577 1995 659 2030 pauci
685 2002 718 2023 ex
740 1995 774 2024 iis
796 1997 843 2031 qui

50 2038 75 2066 in
91 2039 136 2067 his
149 2038 277 2067 instructi
289 2044 336 2067 aut
346 2040 446 2068 eruditi
462 2040 599 2074 videntur,
613 2041 757 2071 accedunt.
773 2040 841 2070 Nam

49 2085 82 2112 ad
100 2085 148 2113 illa
165 2093 229 2121 quae
251 2085 364 2121 mystica
381 2091 454 2120 sunt,
469 2090 495 2114 et
513 2086 541 2114 in
558 2087 673 2115 secretis
688 2088 841 2122 recondita,

49 2135 74 2160 et
91 2132 160 2159 solis
178 2133 367 2161 sacerdotibus
381 2137 489 2168 patent,
503 2140 557 2160 non
574 2133 661 2161 solum
679 2133 768 2161 nullus
783 2134 843 2162 ani-

50 2178 129 2206 malis
144 2178 228 2206 homo
250 2178 375 2211 accedit,
398 2178 446 2206 sed
462 2185 497 2206 ne
516 2178 569 2214 ipsi
591 2179 699 2214 quidem
720 2180 767 2215 qui
791 2181 841 2208 Ita-

49 2222 113 2252 bere
135 2223 240 2259 aliquld
256 2223 380 2252 exercitii
402 2228 431 2251 et
444 2224 606 2252 eruditionis
621 2224 756 2258 videntur,
772 2233 841 2254 non-
857 2217 880 2245 ι)

49 2269 111 2297 dum
134 2274 229 2298 tamen
254 2270 360 2297 meritis
374 2269 472 2298 etvita
491 2270 526 2297 ad
552 2271 748 2299 sacerdotalem
774 2279 839 2308 gra-

50 2317 113 2345 tiam
133 2317 365 2346 conscenderunt.
387 2317 446 2346 Non
472 2317 560 2346 solum
588 2326 637 2355 per
651 2320 791 2355 speculum
807 2327 840 2348 ea

50 2367 76 2390 et
91 2365 118 2391 in
133 2363 281 2399 aenigmate
294 2364 397 2397 vident,
411 2365 460 2393 sed
473 2371 500 2393 et
519 2370 613 2401 operta
629 2370 657 2394 et
673 2366 761 2393 velata
781 2373 842 2393 sus-

50 2409 165 2445 cipiunt,
184 2413 212 2436 et
228 2409 254 2437 in
269 2409 393 2439 humeris
411 2415 533 2447 portant,
556 2419 610 2447 quo
626 2411 733 2440 scilicet
755 2412 841 2448 magis

48 2462 77 2483 ea
92 2460 155 2484 actu
171 2463 299 2492 operum,
314 2464 396 2492 quam
416 2458 538 2487 scientiae
555 2458 724 2487 revelatione
739 2466 841 2494 cogno-

48 2507 136 2532 scant.
147 2502 217 2537 Quia
234 2503 316 2538 igitur
332 2503 485 2537 huiusmodi
505 2505 671 2541 dispensatio
687 2510 729 2534 est
739 2509 841 2541 myste-

47 2549 152 2577 riorum
171 2549 219 2577 Dei
235 2553 263 2577 et
277 2550 422 2579 ministerii
438 2551 511 2586 quod
534 2551 651 2579 habetur
673 2552 699 2579 in
725 2552 838 2586 sanctis,

49 2595 115 2624 tales
141 2603 193 2624 nos
213 2596 345 2624 exhibere
366 2597 513 2631 debemus,
535 2602 565 2625 ut
588 2598 662 2632 digni
690 2597 839 2626 efﬁciamur

47 2640 128 2676 πει
154 2641 252 2668 ordine
276 2641 436 2674 sacerdotii,
457 2649 491 2670 ne
509 2642 582 2671 velut
603 2643 838 2672 irrationabilibus

47 2686 125 2714 nobis
141 2693 227 2714 onera
250 2688 342 2722 gravia
365 2687 551 2722 imponantur,
571 2688 618 2717 sed
644 2693 773 2724 tanquam
792 2697 836 2716 ra-

47 2732 194 2760 tionabiles
212 2737 240 2761 et
254 2733 343 2761 sancti
370 2734 587 2763 sacerdotalibus
609 2734 705 2763 oﬁlciis
721 2737 835 2771 depute-

79 2790 102 2807 ¹⁶
121 2789 131 2818 I
149 2790 208 2819 Pet.
224 2800 258 2825 tt,
276 2792 302 2820 9.
345 2793 365 2808 "
376 2791 455 2821 Num.
470 2801 507 2828 tv,
526 2794 568 2822 l8.

908 246 1002 266 sumus
1025 242 1052 265 et
1075 237 1189 273 populus
1211 238 1237 264 in
1262 236 1474 272 acquisitionem
1489 237 1524 269 ",
1547 241 1650 264 tantum
1673 241 1703 264 ttt

907 289 1049 318 acceptam
1076 284 1191 319 gratiam
1212 283 1274 311 vita:
1290 282 1396 310 meritis
1417 287 1611 317 exsequentes,
1627 283 1701 318 digiti

907 331 1059 358 habeantur
1073 335 1168 357 sancto
1184 329 1359 357 ministerio:
1377 332 1405 355 ut
1419 335 1481 356 cum
1496 327 1703 355 diseesseriutus

910 376 944 404 de
963 378 1014 404 hac
1030 377 1095 409 vita,
1110 383 1267 404 mereantur
1284 375 1402 408 assumi,
1424 379 1453 402 ut
1469 381 1550 409 supra
1572 374 1701 406 diximus,

907 422 982 450 inter
1000 422 1158 450 sacerdotes
1184 421 1243 453 Dei,
1265 425 1291 448 et
1313 420 1504 447 ministrantes
1523 426 1594 446 arcte
1619 423 1704 446 testar-

907 468 1003 501 menti,
1026 468 1052 495 in
1068 467 1177 496 arcattis
1195 467 1302 495 scilicet
1322 470 1351 493 et
1372 465 1522 493 reconditis
1545 465 1696 500 mysteriis.

906 514 1026 541 revelata
1050 513 1119 541 facie
1141 513 1256 549 gloriam
1280 511 1386 540 Domini
1412 511 1596 545 speculemur,
1614 515 1641 537 et
1656 511 1701 538 itt-

904 560 1060 595 grediamur
1073 565 1173 587 terram
1185 564 1322 589 sanctam.
1332 559 1409 593 cujus
1426 559 1612 586 hmredilatem
1622 558 1700 585 nobis

904 605 1048 639 praestabit
1066 604 1198 632 Dominus
1222 609 1317 631 noster
1339 602 1420 631 Iesus
1443 604 1580 633 Christus,
1599 603 1641 629 ctti
1657 608 1700 630 est

903 652 987 687 gloria
1002 657 1030 680 et
1046 652 1190 687 imperium
1206 651 1232 678 itt
1249 649 1349 677 saecula
1365 650 1537 677 sarculorunt.
1548 650 1645 677 Amen.

1205 695 1350 724 ﬂOMlLlA
1372 694 1403 723 γ.

904 743 942 772 De
956 751 987 771 eo
1011 743 1081 778 quod
1099 743 1226 776 scriptum
1247 748 1284 778 est
1303 749 1315 778 ί
1333 750 1343 767 t
1368 740 1459 778 {Vadite
1478 741 1655 768 exterminare
1667 741 1699 768 de

1114 777 1183 805 tribu
1194 786 1243 804 sua
1257 777 1355 811 plebem
1365 776 1460 803 Caath.
1475 787 1484 802 ι

939 825 964 852 1.
986 824 1126 859 Responsa
1141 822 1209 849 dans
1227 820 1357 848 Dominus
1374 821 1407 846 ad
1424 819 1535 855 Moysen
1548 824 1575 846 et
1591 820 1697 852 Aaron,

868 869 888 897 Β
903 869 970 897 dicit
982 869 1004 885 ¹⁷
1019 875 1027 896 :
1048 878 1058 895 ι
1075 867 1163 895 Nolite
1183 864 1368 894 exterminare
1382 864 1416 892 de
1432 864 1502 891 tribu
1521 872 1571 892 sua
1591 863 1698 898 plebem

903 915 989 943 Caath
1004 915 1038 942 de
1054 914 1142 942 medio
1160 913 1276 940 ﬁliorum
1301 911 1384 944 Levi,
1410 911 1457 938 sed
1480 911 1531 938 hoc
1548 909 1630 938 facite
1646 910 1696 942 eis,

903 967 929 989 et
946 962 1039 989 vivent
1053 966 1078 988 et
1097 968 1151 988 non
1165 959 1318 987 morientur
1329 966 1390 985 cuttt
1404 957 1535 985 accedent
1547 957 1580 984 ad
1596 957 1695 984 Sancta

902 1012 1101 1039 sanctorum,t
1130 1010 1157 1034 ct
1181 1005 1298 1040 reliqua.
1323 1003 1417 1031 Primo
1444 1003 1628 1038 intelligamus
1652 1009 1695 1034 ea,

902 1060 961 1089 quat
985 1052 1134 1080 secundum
1160 1051 1281 1078 litteram
1317 1049 1485 1081 referuntur.
1511 1054 1538 1076 et
1559 1049 1595 1076 ita
1623 1056 1689 1083 pra:—

901 1102 989 1126 stante
1007 1097 1120 1125 Domino
1136 1097 1170 1124 ab
1183 1096 1322 1124 intellectu
1344 1095 1443 1122 littera:
1467 1095 1645 1121 asceudeutus
1659 1095 1693 1120 ad

901 1141 1109 1178 intelligentiam
1123 1140 1286 1176 spiritalem.
1301 1140 1421 1175 lutellige
1435 1147 1501 1175 ergo
1516 1140 1590 1174 prius
1606 1140 1691 1173 ipsam

900 1188 1107 1226 collocationem
1134 1186 1304 1215 tabernaculi
1334 1186 1483 1215 testimonii
1497 1206 1504 1218 ,
1526 1185 1644 1221 intellige
1665 1190 1693 1212 et

900 1236 998 1264 Sancta
1023 1240 1198 1266 sanctorum,
1221 1241 1281 1269 quae
1306 1233 1448 1268 interiecto
1468 1240 1482 1259 a
1500 1232 1601 1259 sanctis
1620 1231 1693 1258 vela-

899 1283 972 1310 mine
990 1282 1167 1312 dirintttntur,
1180 1288 1240 1315 qua:
1260 1279 1356 1314 inspici
1375 1286 1427 1305 non
1449 1278 1510 1306 licet
1526 1278 1560 1304 ab
1576 1277 1630 1304 ullo
1643 1277 1692 1304 hos

899 1328 1012 1361 minum,
1028 1327 1079 1354 nisi
1092 1334 1106 1354 a
1120 1325 1309 1354 sacerdotibus
1321 1324 1394 1352 solis.
1412 1323 1476 1350 l‘ost
1491 1324 1547 1350 haec
1562 1322 1691 1356 intelligo,

897 1374 1033 1409 quomodo
1049 1373 1095 1401 ubi
1115 1377 1224 1400 ventum
1245 1371 1327 1399 fuerit
1342 1375 1369 1397 ttt
1385 1376 1474 1397 castra
1497 1373 1623 1396 moveant
1646 1367 1692 1395 ﬁlii

899 1419 993 1453 Israel,
1007 1419 1124 1447 solvitur
1140 1416 1356 1448 tabernaculum,
1370 1420 1396 1442 et
1413 1415 1503 1442 Aaron
1522 1422 1553 1441 ac
1569 1413 1614 1440 lilii
1633 1413 1692 1446 ejus

897 1464 1053 1492 sacerdotes
1067 1463 1138 1490 intra
1155 1463 1255 1490 Sancta
1270 1466 1426 1489 sanctorum
1441 1460 1569 1494 operiuttt
1584 1457 1691 1493 singula

897 1517 1011 1544 quaeque
1025 1508 1203 1544 operimentis
1217 1514 1248 1534 ac
1264 1505 1443 1533 velantinibus
1460 1505 1526 1535 suis,
1541 1508 1568 1531 et
1582 1504 1690 1530 obtecta

897 1561 929 1581 ea
948 1554 1134 1588 relinquentes
1158 1554 1184 1580 in
1207 1552 1301 1579 eodem
1325 1558 1378 1585 quo
1396 1550 1504 1577 luerattt
1521 1549 1589 1581 loco,
1606 1549 1692 1575 intro-

897 1600 999 1628 ducunt
1015 1598 1084 1627 ﬁlios
1103 1598 1200 1630 Caath,
1217 1597 1263 1631 qtti
1281 1597 1314 1623 ad
1337 1595 1406 1623 istttd
1428 1594 1546 1622 alliciunt
1568 1594 1691 1628 deputati

896 1648 976 1678 sunt,
990 1648 1017 1672 et.
1031 1644 1134 1671 faciunt
1149 1650 1197 1670 eos
1209 1643 1316 1669 elevare
1329 1640 1450 1668 humeris
1470 1640 1527 1667 suis
1540 1639 1630 1667 omnia
1646 1639 1690 1666 illa

896 1699 957 1724 quae
973 1698 1070 1718 manus
1085 1689 1263 1718 sacerdotalis
1284 1688 1437 1715 obtexerat.
1460 1687 1492 1714 Et
1514 1691 1624 1722 propter
1640 1685 1691 1713 hoc

896 1737 995 1764 dicitur
1008 1744 1023 1763 a
1041 1735 1174 1763 Domino:
1196 1743 1205 1761 ι
1219 1734 1257 1762 Ne
1278 1733 1468 1762 exlertninetis
1490 1733 1524 1760 de
1549 1733 1619 1759 tribu
1639 1739 1688 1758 sua

895 1781 1003 1817 plebem
1018 1781 1119 1814 Caath;
1132 1790 1142 1807 ι
1161 1780 1239 1815 quasi
1262 1779 1288 1806 itt
1304 1787 1337 1806 eo
1359 1777 1556 1805 cxterntinandi
1581 1781 1689 1809 essunt,

896 1827 918 1855 si
937 1826 1036 1854 Sancta
1051 1831 1208 1853 sanctorum
1223 1825 1294 1852 nuda
1317 1829 1344 1852 et
1361 1825 1481 1859 patentia
1499 1823 1689 1857 contigissent,

895 1879 956 1907 quae
983 1879 1036 1899 non
1062 1871 1151 1899 solum
1177 1879 1229 1898 non
1255 1870 1431 1904 contingere,
1455 1870 1502 1896 sed
1528 1875 1561 1895 ne
1589 1867 1688 1894 intueri

895 1918 1002 1952 quidem
1029 1918 1069 1945 las
1094 1921 1154 1944 erat
1179 1924 1232 1944 non
1256 1916 1355 1944 velata.
1381 1915 1410 1943 Si
1438 1914 1594 1941 intellextstt
1622 1913 1687 1947 quid

895 1962 1014 1990 historiae
1037 1962 1104 1989 ordo
1125 1961 1281 1994 contineat,
1303 1960 1420 1988 ascende
1444 1966 1516 1986 nunc
1537 1959 1570 1986 ad
1596 1958 1687 1993 splen-

894 2007 987 2035 dorem
1002 2007 1122 2043 mystcrii
1137 2016 1144 2034 :
1160 2012 1186 2034 ct.
1202 2006 1269 2042 legis
1290 2005 1421 2041 spiritalis
1438 2005 1539 2035 luttten,
1557 2004 1580 2032 si
1604 2010 1688 2038 purus

895 2053 942 2080 tibi
960 2058 1002 2080 est
1018 2053 1115 2080 tttetttis
1132 2053 1238 2084 oculus,
1250 2057 1390 2080 cntttuere.
1408 2050 1436 2078 Si
1456 2050 1518 2085 quis
1537 2050 1635 2084 dignus
1653 2056 1686 2075 ex

894 2099 926 2126 iis
937 2099 984 2134 qtti
1005 2099 1059 2126 Deo
1079 2099 1247 2130 ministrant,
1262 2098 1352 2125 divitta
1369 2104 1468 2132 capere
1482 2101 1509 2123 et
1527 2096 1616 2122 ridere
1630 2101 1686 2129 my-

893 2145 991 2177 steria,
1016 2145 1050 2172 ad
1072 2153 1133 2179 qua:
1162 2145 1316 2172 contnenda
1340 2145 1430 2172 caeteri
1459 2143 1548 2170 minus
1572 2150 1687 2177 capaces

894 2195 971 2223 sunt,
986 2190 1030 2217 hic
1046 2190 1149 2223 Aaron,
1165 2191 1206 2218 vel
1227 2190 1298 2218 ﬁlius
1319 2190 1409 2217 Aaron
1432 2196 1492 2217 esse
1515 2188 1685 2224 intelligitur,

894 2237 940 2273 qui
964 2236 1068 2272 ingredi
1090 2241 1179 2272 potest
1199 2237 1232 2264 ad
1257 2245 1287 2265 ea
1304 2245 1364 2271 quae
1386 2237 1464 2264 adire
1487 2235 1549 2263 aliis
1569 2235 1609 2262 las
1633 2242 1685 2262 uott

894 2288 946 2311 est.
960 2283 988 2311 Si
1005 2283 1067 2318 quis
1082 2291 1146 2319 ergo
1168 2283 1230 2311 talis
1249 2288 1302 2316 est,
1323 2284 1387 2311 huic
1406 2283 1455 2311 soli
1478 2282 1594 2310 revelata
1612 2285 1684 2316 patet

894 2336 958 2356 arca
986 2330 1158 2363 testamenti,
1183 2330 1227 2356 hic
1251 2330 1323 2357 videt
1354 2336 1451 2356 urnam
1480 2329 1553 2356 intra
1576 2334 1607 2354 se
1635 2328 1685 2354 has

895 2374 1004 2402 bentem
1031 2382 1141 2408 manna,
1160 2375 1204 2402 hic
1223 2375 1379 2403 considerat
1393 2379 1420 2402 et
1446 2373 1574 2409 intelligit
1594 2372 1682 2407 propi-

895 2420 1045 2447 tiatorium.
1069 2419 1119 2448 Hic
1143 2420 1267 2448 intuetur
1299 2425 1328 2448 et
1361 2420 1503 2448 cherubim
1528 2424 1683 2452 utrumque,

894 2469 922 2492 et
944 2472 1065 2493 mensam
1088 2469 1227 2499 sanctam,
1250 2470 1279 2494 et
1303 2466 1497 2494 candelabrum
1521 2464 1642 2497 luminis,
1657 2469 1683 2491 et

894 2510 981 2538 altare
1006 2511 1123 2539 incensi.
1147 2512 1200 2540 Isle
1238 2512 1296 2540 haec
1324 2511 1482 2539 considerat
1508 2515 1536 2538 et
1559 2509 1681 2544 intelligit

893 2556 1065 2591 spiritaliter,
1080 2557 1106 2585 id
1121 2561 1163 2585 est
1183 2558 1229 2593 qtti
1244 2558 1327 2585 verbo
1347 2557 1394 2584 Dei
1412 2561 1441 2585 et
1460 2555 1601 2591 sapientia:
1625 2563 1681 2591 my-

893 2603 985 2630 steriis
1004 2611 1115 2638 Operam
1140 2604 1200 2635 dat.
1220 2608 1247 2631 et
1262 2603 1318 2631 Deo
1339 2603 1388 2631 soli
1416 2603 1441 2630 in
1464 2602 1566 2630 sanctis
1592 2606 1681 2628 vacat.

893 2648 967 2676 Sciat
989 2657 1054 2677 satte
1078 2650 1120 2677 cui
1141 2650 1199 2676 hate
1221 2649 1387 2682 revelantur,
1411 2653 1439 2676 et
1460 2647 1620 2683 spiritaliter
1642 2647 1680 2674 iu—

891 2695 1027 2729 spicieuda
1041 2696 1202 2728 creduntur,
1211 2703 1263 2722 non
1274 2694 1325 2722 sibi
1343 2699 1429 2721 ttttutn
1444 2702 1505 2722 esse
1518 2694 1625 2729 aperire
1637 2701 1680 2726 ea,

890 2743 917 2767 et
943 2739 1060 2774 pandere
1088 2739 1187 2774 quibus
1213 2746 1266 2766 tton
1290 2738 1354 2766 licet
1374 2738 1475 2773 pandi,
1497 2736 1543 2764 sed
1575 2736 1682 2772 operire

80 2865 135 2902 (70)
155 2865 246 2895 Codex
272 2865 369 2894 Sancti
393 2865 570 2903 Theudorici,
598 2876 607 2895 ι
623 2868 718 2898 ordine
737 2868 883 2899 sacerdotii
898 2869 995 2903 sancti,
1008 2877 1041 2897 tte
1058 2868 1099 2896 vel
1115 2867 1349 2897 irrationabilibus
1363 2868 1531 2904 dt‘plllt‘mul'.
1545 2875 1556 2892 ο
