1886 3051
210 135 263 163 ϋῦὂ

951 135 1112 165 OlllGENlS

1799 138 1845 164 (5N

210 199 290 225 debet
305 198 423 233 singula,
446 203 474 226 et
495 203 588 233 operta
612 198 720 226 caeteris
745 198 835 226 minus
856 198 1003 234 capacibus
1017 198 1113 228 Alncc
1129 203 1156 226 et
1180 199 1337 234 operienda,
1362 198 1407 226 ubi
1431 198 1538 226 caneris
1563 198 1620 226 dari
1643 205 1674 225 ea
1688 198 1761 226 etin
1781 206 1844 233 opus

213 244 323 270 tradere
338 243 470 278 portanda
493 245 519 271 in
541 244 675 276 humeris,
696 248 723 270 et
745 243 897 271 cervicibus
920 244 1007 279 impo-

212 291 312 317 nenda.
331 289 399 318 Cum
422 290 494 317 enim
518 298 552 317 ex
576 289 667 317 verbis
690 289 813 325 mysticis
836 290 955 322 eruditi,
978 294 1006 317 et

211 336 323 370 perfecti
338 343 443 371 quoque
456 336 582 363 doctores
595 343 676 371 opera
693 335 799 370 populis
812 335 966 371 injunguut,
979 339 1007 362 et

211 381 288 415 plebs
305 382 361 417 agit
385 381 494 416 quidem
508 387 536 409 et
558 382 650 417 implet
667 389 726 416 quae
753 381 926 414 mandantur,
952 389 1006 409 non

212 434 302 456 tamen
315 436 409 455 eorum
423 436 483 464 qua:
494 434 627 464 geruntur
640 428 765 463 intelligit
776 427 908 456 rationem
921 437 928 455 :
941 427 1006 463 quid

210 473 284 501 aliud
299 474 415 509 geritur,
429 474 482 501 nisi
493 478 586 510 operta
597 478 625 501 et
638 474 723 501 velata
737 473 835 501 Sancta
849 477 1006 501 sanctorum

210 527 292 555 super
307 520 437 548 humeros
451 520 613 554 portantur?
637 519 670 547 Et
682 525 710 547 ut
723 520 813 547 adhuc
833 519 1005 547 manifestius

208 575 269 602 qua:
288 567 416 594 dicttntur
429 567 566 600 advertas,
585 566 716 602 exemplis
733 571 758 593 te
771 574 803 594 ex
821 565 920 593 divinis
932 566 1005 593 volu-

210 612 329 639 minibus
351 611 481 638 adhibitis
516 612 736 639 informabimus.
766 611 873 647 Moyses
905 611 1004 639 intelli-

210 659 292 692 gehat
306 657 367 685 sine
387 657 471 685 dubio
483 665 542 692 quae
554 662 627 685 esset
643 665 704 684 vera
723 658 907 690 circumcisio,
923 657 999 685 intel-

208 704 309 738 ligebat
321 705 392 740 quod
406 710 480 733 esset
492 713 585 733 verum
598 705 711 737 Pascha,
726 704 828 732 sciebat
840 712 899 739 quae
912 709 1005 732 essent

208 757 279 777 verte
298 750 465 784 Neomenitc,
479 755 506 778 et
524 759 584 786 qnze
598 757 660 777 vera
676 750 794 778 Sabbata
809 760 815 778 :
830 756 929 778 etcum
947 751 1005 779 hrcc

207 796 299 823 omnia
315 796 494 824 intellexisset
517 797 543 823 in
564 795 672 830 spiritu,
693 796 783 823 verbis
799 801 888 824 tamen
910 805 941 824 ea
957 804 1005 831 per

208 848 298 868 rerum
320 841 503 876 corporalium
523 842 626 876 species
655 841 933 877 adutubrationesque
955 849 1003 870 ve«

208 886 311 914 labat:
336 892 364 915 et
391 895 452 915 cum
483 887 564 914 sciret
594 893 688 913 verum
721 886 824 914 Pascha
855 887 1001 915 immolan-

207 934 271 960 dum
293 940 354 961 csse
375 933 534 965 Christum,
558 940 636 960 ovem
662 932 832 966 corporalem
861 933 1002 961 immolare

209 979 319 1006 mandat
347 979 374 1006 in
402 979 519 1006 Pascha.
543 979 665 1012 Cumque
696 978 780 1005 sciret
805 978 877 1006 diem
903 979 1000 1007 festum

208 1024 251 1059 agi
284 1024 383 1051 debere
414 1024 440 1051 in
474 1024 578 1060 azymis
609 1024 777 1051 sinceritatis
811 1029 838 1052 et
864 1024 1000 1058 veritatis,

208 1075 299 1097 tamen
326 1070 359 1097 de
385 1069 480 1098 farina:
514 1071 620 1105 azymis
650 1070 826 1106 praecipiebat
857 1070 900 1106 agi
930 1071 1001 1099 diem

207 1115 315 1144 festum.
348 1116 412 1144 Hzec
447 1124 512 1152 ergo
537 1122 564 1144 et
594 1117 748 1151 huiusmodi
784 1122 862 1145 erant
900 1117 1001 1145 Sancta

206 1165 380 1194 sanctorum,
412 1169 473 1196 quae
502 1169 563 1190 cum
592 1161 698 1197 Moyses
729 1163 862 1197 portanda
893 1163 1002 1190 caeteris

209 1206 343 1238 traderet,
377 1206 404 1234 id
424 1212 467 1234 cst
487 1207 568 1234 rebus
588 1212 616 1234 et
638 1207 768 1242 operibus
793 1207 938 1243 implenda,
953 1215 1001 1236 co-

207 1257 300 1286 upcrta
320 1257 409 1279 tamen
426 1259 457 1279 ca
471 1257 498 1279 et
513 1253 601 1280 velata
620 1254 758 1280 communi
773 1261 928 1281 sermonum
945 1259 1001 1281 tra-

207 1297 287 1325 debat
297 1298 416 1332 eloquio.
431 1297 539 1326 llumeri
553 1303 643 1326 autem
657 1299 728 1334 quod
743 1307 855 1335 operum
871 1300 1000 1327 imlicium

207 1349 333 1376 teneant,
355 1344 382 1370 in
403 1343 495 1371 mttltis
514 1344 663 1378 Scriptura:
687 1352 759 1379 saepe
786 1345 852 1373 locis
877 1346 1001 1373 ostendi-

208 1397 279 1416 m-ts.
295 1390 348 1417 Sed
366 1395 394 1416 et
419 1390 446 1417 in
464 1391 660 1418 ecclesiasticis
679 1391 916 1419 observationibus
939 1396 1002 1419 sunt

207 1434 337 1461 nonnulla
361 1435 532 1470 huiusmodi,
555 1444 616 1471 qua:
636 1437 762 1464 omnibus
785 1437 892 1472 quidem
911 1437 1001 1465 facere

208 1488 320 1508 necesse
341 1485 399 1512 est,
419 1489 470 1508 1160
492 1486 580 1508 tatncn
603 1487 672 1509 l‘ﬂllf)
691 1489 785 1509 eorum
806 1483 934 1511 omnibus
954 1491 1000 1518 ρη-

208 1530 255 1554 tet.
269 1526 336 1554 Nam
351 1527 433 1561 quod,
455 1527 530 1554 verbi
546 1527 642 1562 gratia,
660 1535 748 1562 genua
764 1528 899 1557 ﬂectimus
917 1537 999 1556 oran-

206 1575 259 1605 tes,
274 1577 302 1600 et
314 1573 385 1607 quod
399 1580 432 1600 ex
444 1573 570 1600 omnibus
583 1573 645 1601 ραδιί
661 1573 746 1609 plagis
758 1575 791 1602 ad
808 1575 893 1603 solam
910 1576 1000 1603 orien-

208 1618 242 1644 tis
257 1623 363 1652 partem
388 1619 513 1646 conversi
536 1619 689 1647 orationem
712 1619 849 1648 fundimus
863 1621 931 1656 (71),
946 1629 998 1648 non

208 1661 288 1690 facile
310 1663 436 1697 cuiquam
467 1668 531 1698 puto
561 1663 669 1692 ratione
692 1669 873 1699 compettum.
898 1666 950 1693 Sed
973 1671 1000 1694 et

208 1707 291 1744 285
304 1708 484 1737 Eucharistiae
498 1710 557 1737 sive
570 1710 752 1745 percipiendae
762 1711 820 1738 sive
831 1718 864 1740 eo
881 1711 934 1739 ritu
946 1720 999 1747 quo

209 1755 316 1790 geritur
339 1756 525 1791 explicandae,
549 1757 592 1784 vel
617 1764 711 1785 eorum
737 1764 798 1792 qua:
821 1759 998 1793 geruntur’tn

209 1802 344 1838 baptismo
360 1803 517 1835 verborum,
535 1807 728 1838 gestorumque
741 1808 769 1830 et
782 1804 907 1831 ordinum
918 1810 1000 1838 atque

209 1847 455 1882 interrogationum
468 1854 500 1874 ac
516 1847 724 1882 responsionum
738 1848 801 1883 quis
816 1847 897 1876 facile
914 1849 1001 1884 expli-

206 1899 250 1921 cet
263 1893 416 1920 rationcm?
431 1893 461 1920 Et
478 1898 569 1920 tamen
580 1894 677 1922 omnia
695 1893 753 1921 hinc
765 1899 859 1928 operta
874 1898 900 1921 ct
912 1894 999 1921 velata

208 1943 350 1974 portamus
367 1945 449 1973 super
469 1940 600 1966 humeros
617 1945 727 1967 nostros
744 1947 751 1968 :
774 1947 836 1966 cum
853 1940 888 1966 ita
906 1940 999 1974 imple~

208 1993 267 2012 mus
278 1992 310 2013 ea
324 1989 352 2012 ct
368 1985 555 2019 exscquitnur,
580 1990 609 2013 ut
626 1993 640 2012 a
657 1993 756 2021 magno
778 1986 905 2020 pontifice
919 1991 1000 2020 atque

207 2031 268 2066 ejus
284 2031 347 2059 ﬁliis
361 2031 458 2058 tradita
476 2036 504 2058 et
516 2032 708 2059 commendata
732 2032 912 2067 suscepimus.
924 2032 999 2060 Cun-

208 2082 253 2104 cta
267 2078 326 2105 lucc
340 2085 407 2112 ergo
419 2082 447 2105 et
462 2077 559 2104 borunt
577 2077 677 2105 similia
700 2085 762 2105 cum
783 2078 905 2113 gerimus
916 2098 924 2112 ,
951 2086 1001 2107 nec

210 2129 300 2151 tamen
316 2131 410 2151 eortttn
423 2124 597 2159 asseqnimur
612 2124 758 2157 rationem,
773 2124 894 2152 levamus
909 2125 1001 2153 hume-

211 2171 248 2198 ris
264 2171 364 2199 nostris
377 2176 404 2199 et
426 2177 569 2207 portamus
585 2172 714 2207 adoperta
733 2177 761 2200 et
781 2174 889 2201 obtecta
910 2174 1000 2202 divina

210 2217 351 2252 mysteria,
380 2217 432 2245 nisi
460 2218 521 2253 quis
544 2217 581 2245 sit
597 2217 670 2245 inter
688 2225 738 2246 nos
756 2218 846 2246 Aaron
862 2224 910 2247 aut
929 2219 1001 2248 filius
1016 2231 1039 2259 ι)

208 2266 312 2297 Aaron,
329 2263 428 2298 quibus
444 2264 495 2291 ista
508 2263 668 2291 conceditur
679 2265 749 2292 nuda
763 2269 790 2291 et
803 2265 923 2292 revelata
937 2274 999 2301 per-

209 2308 325 2344 spicere.
344 2309 383 2336 Ita
396 2315 488 2337 tamen
498 2310 705 2346 conceditur,nt
718 2310 807 2338 sciant
821 2309 872 2338 sibi
885 2311 1000 2339 velanda

257 2355 280 2372 "
294 2355 375 2383 Nunt.
393 2363 431 2389 tv,
446 2357 492 2384 17.

245 2402 302 2436 (71)
322 2402 363 2428 Ad
380 2402 463 2430 solum
478 2403 587 2430 orientis
606 2408 706 2436 partem
721 2403 835 2431 conveni
851 2404 998 2431 oralionem

209 2434 358 2476 {audiunt}.
383 2436 455 2476 Idem
483 2439 563 2476 docet
579 2434 711 2473 Origenes
733 2440 786 2476 sub
808 2437 888 2465 lluetn
914 2437 998 2476 libelli

212 2472 250 2500 De
270 2473 398 2500 oratione.
416 2472 488 2500 Idem
504 2474 597 2501 videre
612 2472 654 2501 est
668 2473 739 2508 apud
754 2473 920 2501 Clementem
937 2474 1000 2501 Ale-

211 2508 378 2536 xandrinum
402 2508 499 2536 Strom.
513 2517 560 2541 vn,
574 2514 599 2536 et
616 2510 686 2544 apud
702 2514 843 2536 auctorem
859 2509 962 2540 Quam.
975 2514 999 2535 et

211 2552 328 2578 mpom.
341 2544 376 2570 ad
392 2543 573 2578 orthodoxae,
594 2543 666 2578 resp.
679 2544 742 2576 118,
761 2544 806 2571 ubi
831 2544 895 2578 ait:
912 2544 948 2570 Τὸ
971 2544 1001 2570 δὲ

211 2575 286 2628 ane;
297 2578 362 2621 παρ’
388 2575 425 2607 ὧν
437 2575 571 2628 “aliquav-
589 2580 619 2628 ἡὶ
630 2575 782 2628 ’ἰξκκληάίξ
797 2578 827 2605 τὸ
838 2577 980 2628 Αεῦχεὲοει
993 2599 1000 2611 ,

211 2613 287 2649 παρὰ
302 2613 405 2640 τούτων
420 2613 558 2649 εἰληφέναι
575 2613 622 2640 uel.
636 2613 665 2641 τὸ
681 2613 732 2640 παῦ
755 2613 900 2649 εῠχεσθαιζ
914 2614 1002 2641 Τοῦτο

211 2648 240 2674 δὲ
253 2648 332 2683 παρὰ
346 2648 401 2675 τῶν
412 2649 498 2683 ἁγίων
512 2649 679 2676 ἀποστόλων.
700 2648 803 2676 lit-vera
825 2648 859 2675 ab
872 2649 1002 2683 apostolis

214 2684 285 2711 ltuuc
292 2683 419 2712 Ecclesia:
427 2692 529 2711 morem
543 2685 671 2712 traditum
680 2692 739 2712 esse
745 2685 822 2712 docet
830 2683 1001 2711 auctorCon-

212 2719 382 2746 putationum
409 2720 614 2752 apostoﬁcurum
636 2719 682 2746 lib.
698 2728 731 2752 tt,
754 2727 813 2753 eap.
827 2719 872 2747 57.
889 2727 915 2753 p.
929 2719 980 2746 207
994 2727 1001 2745 ;

214 2753 268 2779 Καὶ
283 2753 351 2788 μετὰ
360 2754 439 2780 τοῦτο
453 2753 605 2789 συμφώνως
616 2754 734 2786 ἅπαντες
746 2753 943 2787 ἐξαναστάντες
956 2754 1003 2781 καὶ

214 2790 257 2824 ἐπ’
270 2788 404 2824 ἀνατολὰς
416 2789 643 2822 κατανοήσαντες,
660 2791 727 2824 μετὰ
738 2789 788 2824 τὴν
799 2789 853 2816 τῶν
870 2797 1004 2824 κατηχου-

215 2822 303 2859 μένων
315 2823 366 2859 ml:
381 2822 436 2859 {ita
448 2823 502 2859 τῷν
522 2822 721 2859 μετγανοτιύιὶτων
731 2822 831 2856 agaso»,
852 2822 1004 2859 προτέὺξά-

216 2858 321 2884 ςθωπαν
334 2858 372 2893 τῷ
382 2857 452 2894 Θεῷ,
464 2858 502 2894 τῷ
513 2858 688 2892 ἐπιϐεϐηκότι
706 2860 751 2886 ἐπὶ
766 2859 811 2886 τὴν
830 2857 943 2889 ebriae/ev
958 2859 1004 2886 τοῦ

1019 871 1040 898 Β

1059 244 1175 280 proferri
1194 246 1264 272 ratio
1275 244 1438 279 poposcerit.

1092 289 1120 316 2.
1137 289 1199 316 Post
1213 290 1269 317 hsce
1285 290 1386 317 dicitur
1405 289 1438 316 de
1454 288 1557 316 Levitis
1576 297 1583 315 :
1601 289 1646 324 qui
1669 293 1818 324 operentur
1829 298 1842 316 a

1038 371 1040 374 ν
1058 334 1189 362 vicesimo
1214 336 1310 370 quinto
1327 343 1399 362 anno
1415 340 1442 363 et
1458 343 1540 370 supra
1566 343 1652 370 usque
1666 337 1699 362 ad
1715 337 1845 371 quinqua-

1057 380 1192 415 gesimum
1213 389 1327 408 aununt.
1347 390 1356 407 ι
1374 380 1480 414 Omnis,
1499 381 1587 416 inquit
1602 382 1640 413 ¹⁸,
1664 382 1710 416 qni
1726 382 1846 417 procedit

1057 427 1091 454 ad
1107 434 1175 461 opus
1187 434 1301 462 operum
1316 431 1343 455 et
1364 428 1397 454 ad
1419 435 1501 462 opera
1518 434 1579 462 quae
1594 432 1739 462 portantur
1757 428 1845 455 taber-

1058 473 1146 500 naculi
1166 473 1326 500 testimonii.
1345 482 1354 499 ι
1374 473 1498 501 Observa
1527 473 1554 500 in
1580 473 1622 500 bis
1644 473 1849 500 distinctionem

1059 526 1217 546 sermonum
1233 519 1332 547 divina:
1352 519 1512 554 Scriptura.
1526 520 1576 548 Ubi
1594 520 1627 547 de
1635 520 1767 555 operibus
1783 520 1847 547 lilio-

1058 573 1118 592 rum
1140 565 1223 592 lsrael
1240 565 1374 600 loquitur,
1396 572 1449 594 non
1469 567 1535 594 dicit
1552 574 1634 602 opera
1650 574 1779 601 opcrunt,
1802 567 1849 594 sed

1056 611 1113 639 sola
1127 619 1220 645 opera.
1240 611 1291 639 Ubi
1307 619 1372 639 vero
1386 613 1421 640 de
1433 612 1527 640 oﬂiciis
1545 612 1715 645 Levitarum,
1735 621 1788 639 non
1807 613 1848 639 di-

1056 657 1093 684 cit
1111 657 1166 684 sola
1179 664 1275 692 opera,
1293 658 1339 685 sed
1355 666 1437 693 opera
1454 665 1579 693 operum.
1595 658 1673 686 Sicut
1696 659 1771 685 enim
1787 663 1848 686 sunt

1055 705 1177 738 quaedam
1193 709 1301 737 sancta,
1314 709 1378 731 sunt
1392 709 1483 731 autem
1500 710 1528 732 et
1551 705 1602 732 alia
1628 709 1722 732 sancta
1743 710 1847 732 sancto—

1057 757 1136 778 rum:
1153 750 1189 777 ita
1203 755 1266 778 sunt
1284 750 1408 785 quaedam
1425 759 1519 786 opera,
1539 756 1566 778 et
1591 751 1643 778 alia
1670 759 1757 786 opera
1784 759 1846 786 ope-

1056 803 1127 823 rum.
1155 795 1231 823 Unde
1248 796 1357 823 videtur
1381 796 1448 824 mibi
1470 798 1534 832 quia
1558 797 1666 833 Moyses
1692 797 1736 824 ubi
1762 799 1847 824 sensit

1056 849 1116 870 e~se
1141 843 1266 877 quaedam
1295 850 1379 878 opera
1403 843 1521 871 visibilia
1537 843 1665 878 quidem,
1682 844 1731 871 sed
1748 845 1848 879 quibus

1055 888 1280 915 inessetinterior
1295 888 1347 915 alia
1360 889 1473 924 mystica
1490 894 1517 916 et
1530 889 1636 917 occulta
1655 889 1846 924 intelligentia,

1054 935 1112 962 lnec
1128 942 1182 962 non
1199 935 1287 962 solum
1309 942 1405 970 opera,
1419 935 1466 963 sed
1484 942 1566 970 opera
1583 943 1698 971 operum
1721 935 1844 968 dixerit;

1053 987 1114 1014 quae
1125 988 1191 1008 vero
1205 981 1373 1013 communia,
1389 985 1417 1008 et
1430 981 1573 1016 pmsentis
1599 981 1688 1009 solum
1717 981 1846 1016 temporis

1052 1034 1136 1062 opera
1153 1027 1298 1060 intellexit,
1311 1027 1368 1055 haec
1381 1027 1468 1055 solum
1480 1035 1562 1063 opera
1578 1028 1845 1055 nominaverit.Sunt

1052 1080 1118 1108 ergo
1137 1073 1260 1107 quzedam
1285 1080 1369 1108 opera
1393 1078 1507 1107 operum
1531 1081 1592 1109 qua:
1610 1081 1662 1109 ego
1701 1079 1770 1109 puto
1786 1082 1847 1102 esse

1052 1119 1145 1146 omnia
1164 1119 1233 1152 lucc,
1247 1119 1280 1146 de
1294 1119 1394 1154 quibus
1407 1119 1449 1147 vel
1467 1119 1493 1147 in
1516 1121 1643 1154 praesenti
1661 1120 1791 1154 lectione,
1806 1121 1845 1148 vel

1055 1164 1082 1191 in
1104 1165 1196 1192 Exodo
1219 1170 1247 1192 et
1265 1165 1372 1192 caeteris
1391 1165 1459 1192 locis
1481 1165 1531 1193 sub
1545 1166 1666 1200 occultis
1689 1167 1847 1201 praecipitur

1054 1211 1207 1246 mysteriis,
1218 1215 1246 1238 et
1259 1218 1307 1245 pro
1325 1215 1404 1245 parte
1415 1211 1442 1238 in
1459 1212 1598 1245 praesenti,
1617 1219 1666 1247 pro
1689 1218 1769 1247 parte
1782 1220 1848 1239 vero

1055 1256 1199 1290 cxplendis
1227 1257 1253 1284 in
1283 1257 1416 1285 futurum.
1444 1257 1510 1290 Quae
1527 1262 1629 1291 tamen,
1657 1264 1688 1285 ut
1714 1258 1846 1290 diximus,

1053 1310 1137 1337 opera
1158 1310 1283 1337 operum,
1307 1310 1361 1330 non
1379 1302 1503 1336 cuilibet,
1522 1304 1569 1331 sed
1587 1303 1689 1332 Levitis
1709 1304 1777 1332 solis
1792 1308 1847 1330 tra-

1054 1349 1141 1377 denda
1160 1350 1334 1379 mandantur.
1350 1350 1382 1377 Et
1401 1351 1472 1378 inter
1491 1351 1599 1379 Levites
1611 1352 1684 1386 ipsos
1702 1359 1755 1379 non
1771 1353 1848 1387 prius

1053 1396 1086 1422 ad
1107 1395 1165 1422 haec
1181 1403 1262 1429 opera
1283 1395 1427 1430 quisquam
1451 1401 1585 1428 vocatur,
1609 1397 1661 1424 nisi
1679 1404 1695 1424 a
1713 1397 1849 1424 vicesimo

1051 1440 1161 1467 detntttn
1178 1444 1206 1467 et
1217 1440 1315 1474 quinto
1329 1448 1400 1468 anno
1415 1442 1477 1468 vita
1491 1448 1546 1468 suae
1564 1448 1648 1476 ttsque
1661 1441 1694 1468 ad
1711 1442 1848 1477 quinqua-

1051 1486 1197 1519 gesimum.
1217 1485 1270 1513 Sed
1289 1494 1342 1513 non
1360 1491 1436 1514 caret
1458 1492 1631 1514 sacramento
1649 1494 1683 1514 ne
1707 1487 1767 1522 ipse
1787 1488 1848 1522 qui—

1053 1532 1113 1559 dem
1128 1532 1222 1568 viginti
1238 1533 1359 1568 qttinque
1372 1537 1399 1559 et
1411 1532 1609 1568 quinquaginta
1619 1540 1750 1561 tmmerus
1761 1541 1848 1561 anno-

1055 1585 1125 1606 rum.
1137 1578 1203 1605 Nam
1221 1579 1248 1606 in
1267 1579 1361 1613 viginti
1375 1580 1496 1613 quinque
1513 1586 1638 1611 numero,
1655 1579 1780 1614 quinque
1791 1588 1851 1608 sen-

1053 1631 1134 1651 suum
1159 1624 1292 1659 perfectio
1309 1625 1474 1658 declaratur,
1498 1625 1535 1652 ita
1553 1631 1580 1652 ut
1596 1625 1744 1660 quinquies
1763 1628 1851 1661 quina

1053 1676 1244 1698 nttmerentur.
1262 1671 1340 1705 Quod
1367 1671 1462 1705 utique
1484 1671 1587 1698 indicat
1609 1678 1672 1699 eum
1696 1672 1793 1699 vocari
1817 1673 1850 1699 ad

1052 1724 1135 1752 opera
1153 1724 1268 1751 operum
1281 1717 1307 1744 in
1324 1718 1456 1752 mysterio
1471 1717 1627 1752 peragenda
1637 1737 1645 1749 ,
1661 1717 1709 1752 qui
1724 1725 1759 1745 ex
1774 1719 1849 1745 omni

1053 1767 1130 1798 parte
1148 1762 1337 1796 multiplicatis
1352 1767 1379 1790 et
1392 1763 1545 1797 puriticatls
1563 1763 1690 1790 sensibus
1706 1763 1849 1792 invenitur

1054 1816 1117 1836 esse
1147 1809 1294 1844 perfectus.
1321 1808 1567 1844 Quinquagr-simos
1596 1814 1686 1837 autent
1718 1817 1851 1837 numerus

1052 1853 1125 1886 quod
1154 1853 1323 1881 remissionis
1337 1857 1363 1880 et
1381 1853 1556 1889 indulgentia:
1573 1859 1665 1881 teneat
1687 1862 1847 1882 sacramen-

1053 1904 1121 1930 tum,
1140 1899 1167 1926 in
1185 1899 1277 1927 multis
1292 1899 1499 1935 Scripturarum
1514 1900 1582 1927 locis
1610 1907 1682 1934 saepe
1709 1905 1737 1927 et
1759 1902 1849 1927 abun-

1051 1945 1148 1972 danter
1160 1945 1341 1973 ostendimus.
1365 1945 1433 1972 Nam
1451 1950 1478 1974 et
1492 1946 1735 1980 quinquagesimus
1759 1955 1850 1974 annus

1053 1996 1096 2018 est
1111 1992 1156 2026 qui
1171 1990 1333 2025 etjubilmns
1347 1991 1448 2019 dicitur
1468 1994 1539 2027 apud
1554 1991 1694 2025 Hebrazos,
1711 1993 1738 2019 in
1754 2001 1812 2028 quo
1822 1998 1849 2021 et

1054 2037 1259 2070 possessionum
1273 2044 1300 2065 et
1316 2038 1457 2065 servitutis
1472 2043 1500 2066 et
1519 2038 1602 2066 debiti
1619 2038 1648 2065 lit
1666 2039 1807 2073 remissio,
1822 2045 1848 2067 et

1054 2083 1302 2118 quinquagesimus
1314 2084 1373 2111 dies
1387 2089 1448 2119 post
1460 2083 1564 2111 Pascha
1582 2084 1667 2112 festus
1687 2085 1811 2112 traditur
1822 2087 1848 2113 in

1054 2128 1123 2163 lege.
1137 2128 1190 2156 Sed
1204 2133 1232 2156 et
1247 2128 1378 2156 Dominus
1394 2130 1420 2156 in
1442 2129 1592 2164 Evangelia
1609 2137 1672 2156 cum
1686 2130 1848 2164 parabolam

1054 2174 1226 2202 remissionis
1239 2175 1349 2202 doceret
1370 2180 1398 2201 et
1422 2174 1610 2210 indulgentia,
1625 2176 1766 2204 debitores
1780 2184 1850 2211 quos

1054 2220 1214 2254 introducit,
1230 2228 1313 2248 unum
1326 2220 1353 2248 in
1368 2220 1575 2256 quinquaginta,
1588 2225 1616 2248 et
1627 2221 1710 2248 alium
1725 2220 1754 2247 in
1768 2221 1849 2256 quin-

1054 2266 1143 2302 gentis
1156 2265 1240 2293 l’uisse
1252 2266 1373 2294 denariis
1387 2266 1454 2294 dicit
1475 2267 1620 2294 olmoxios.
1636 2267 1847 2303 Quinquaginta

1054 2317 1148 2339 autem
1171 2317 1200 2340 et
1215 2312 1358 2347 quingenti
1372 2317 1505 2348 cognatus
1522 2316 1564 2339 est
1576 2320 1717 2339 numerus.
1732 2312 1850 2340 Decede

1052 2403 1179 2440 οὐρανοῦ.
1199 2403 1270 2440 καὶτὰ
1284 2402 1428 2440 ἁνςτολὰς,
1444 2402 1715 2440 ὐπομιμνησκόμεγοξ
1735 2403 1787 2429 καὶ
1798 2403 1850 2440 τῆς

1053 2437 1169 2475 dolata;
1179 2438 1266 2475 νομῆς
1288 2437 1334 2465 τοῦ
1357 2438 1427 2475 καῖὰ
1445 2437 1773 2475 ᾀναὲολᾲέπᾳραὸξξισουέ
1788 2437 1852 2465 eos»

1053 2472 1192 2510 datodato;
1212 2472 1359 2510 ἆύθρῳπος
1373 2473 1518 2510 γάθεςήᾳας
1533 2474 1583 2508 τὴν
1599 2472 1724 2510 γὲῨτολὴν
1734 2493 1742 2504 ,
1757 2472 1848 2508 ὄφεως

1053 2510 1205 2546 υυμῦουλίᾳ
1221 2509 1352 2540 residing,
1367 2509 1517 2546 insﬁlﬁon.
1537 2518 1545 2534 I
1560 2509 1660 2534 Deinde
1679 2510 1774 2546 cuncti
1798 2517 1847 2542 pa-

1057 2547 1124 2572 riter
1144 2544 1351 2579 consurgentes,
1366 2549 1394 2570 et
1417 2545 1442 2570 in
1465 2549 1597 2570 orientem
1615 2544 1849 2576 contemplantes,

1056 2580 1173 2613 egressis
1185 2579 1388 2606 eatechntnenis
1409 2583 1436 2605 et
1448 2579 1653 2613 paenitentibus.
1665 2583 1744 2613 orent
1759 2579 1844 2606 Deum

1056 2611 1102 2648 qui
1121 2615 1242 2641 ascendit
1266 2621 1347 2648 super
1371 2611 1469 2641 caelum
1500 2612 1561 2640 cwli
1585 2614 1618 2640 ad
1638 2611 1791 2644 orientem,
1815 2621 1848 2639 ac

1059 2647 1234 2676 recordantes
1257 2647 1397 2683 antiquam
1424 2649 1623 2682 possessionem
1652 2648 1792 2682 paradisi,
1813 2647 1847 2674 ad

1054 2686 1187 2712 orientem
1203 2684 1259 2716 siti.
1275 2685 1348 2711 unde
1362 2684 1466 2718 primus
1482 2683 1574 2715 houto,
1591 2683 1636 2710 Dei
1651 2684 1784 2718 maculato
1799 2691 1847 2709 ne-

1074 2720 1154 2751 Ιι-ειυ,
1177 2727 1322 2754 persuasus
1338 2717 1452 2746 censilio
1474 2718 1618 2754 serpentis.
1639 2718 1744 2752 ejectus
1761 2717 1823 2744 fuit.
1835 2726 1847 2743 ι

1074 2728 1154 2751 ιιιειυ,
1177 2728 1322 2754 persuasus
1338 2728 1452 2746 consuto
1474 2728 1618 2754 serpentis.
1639 2728 1744 2752 cjccws
1761 2728 1823 2744 run.
1835 2728 1847 2743 ι

1055 2728 1248 2782 Ucrumtamen
1266 2763 1323 2782 mos
1348 2753 1499 2780 inﬂcclendi
1521 2753 1645 2788 corporis
1665 2759 1782 2788 versus
1800 2760 1849 2788 na-

1057 2789 1274 2816 seentemsolem
1300 2798 1352 2816 non
1379 2789 1477 2824 placuit
1503 2788 1532 2817 S.
1551 2786 1633 2816 Leoni
1660 2795 1746 2815 scrin.
1769 2787 1785 2813 7
1812 2786 1849 2813 Ue

1056 2823 1154 2852 Christi
1172 2824 1274 2858 Nolim,
1291 2833 1314 2854 ιι.
1328 2825 1353 2852 Ai.
