1886 3051
51 129 104 158 005

656 122 689 150 ΙΝ
710 121 877 150 NUMEROS
897 120 1037 149 llOMILIA
1059 120 1092 148 V.

1630 125 1683 155 606

51 189 127 216 enim
154 187 352 223 quinquaginta
379 186 482 214 faciunt
507 185 681 220 quingentos.
697 185 750 212 Sed
771 189 797 212 ct
815 192 846 210 ex
864 185 884 213 Α
900 182 1208 217 niunt,propitiatorium
1226 181 1410 210 nominentur.
1424 183 1512 219 Atqui
1536 187 1685 215 meruerint

51 235 104 261 alia
133 239 212 269 parte
228 240 359 261 numerus
372 233 427 261 iste
448 238 573 260 sacratus
590 232 629 259 ﬁt.
646 231 753 266 Septem
772 231 846 258 enim

51 280 217 315 septimanis
233 280 255 307 si
270 279 385 306 addatur
400 278 481 306 unius
492 277 597 305 numeri
609 276 753 312 perfectio,
767 277 846 311 quin-

52 326 185 361 quaginta
206 324 309 352 faciunt
328 324 398 352 dies.
416 323 552 351 Similiter
567 328 595 351 et
608 322 781 358 septuaginta
807 329 846 349 se-

53 372 187 406 ptimanis
210 371 232 399 si
254 371 373 398 addatur
393 370 474 398 ttnius
500 369 610 398 decadae
634 368 844 401 consummatio,

52 417 159 446 faciunt
179 417 354 453 quingentos.
372 416 448 450 Quod
465 421 493 444 et
513 416 535 444 si
560 415 744 443 abundantius
758 415 846 441 adhuc

50 469 226 492 sacramenta
241 463 442 499 quinquaginta
459 467 487 489 et
505 463 715 497 quingentorum
739 461 843 488 nttmcri

50 511 143 546 placet
156 510 296 545 colligere,
311 509 443 537 habemus
458 513 487 536 et
505 509 531 536 in
545 509 596 536 hoc
614 509 672 543 ipso
687 508 732 542 qui
749 507 775 535 in
789 515 845 534 ma-

50 557 134 585 nibus
147 561 190 584 est
205 555 385 584 Numerorum
404 555 473 582 libro
490 555 522 588 ",
538 554 581 582 ubi
596 555 630 582 de
648 554 766 582 hostium
781 560 843 588 spo-

49 602 94 631 liis
110 602 348 638 quidamquidem
365 601 483 629 offerunt
506 602 533 628 in
555 600 625 628 dona
643 600 690 628 Dei
710 600 844 635 quinqua-

48 650 185 686 gesitnam
220 648 396 684 portionem,
435 648 480 683 qui
509 655 562 675 non
592 650 784 681 processerunt
810 645 843 672 ad

49 695 162 728 bellulll,
173 695 283 730 quidam
297 701 362 721 vero
370 693 628 729 quingentesimam;
644 696 671 719 ct
684 692 776 726 utique
790 699 842 719 non

48 743 171 771 inaniter
182 743 264 770 etiam
277 743 321 770 hic
341 741 581 777 quinquagesimus
603 745 628 768 et
653 740 839 775 quingentesi-

47 795 110 815 nius
128 795 262 815 numerus
279 787 405 815 habetur.
432 785 485 813 Sed
501 791 528 813 et
545 785 572 812 in
589 785 688 813 Genesi
708 785 752 812 ubi
771 784 841 812 Deus

47 833 190 861 tractabat
212 833 245 861 de
272 832 441 868 indulgentia
458 831 638 860 Sodomorum
652 831 676 859 si
692 831 761 859 forte
779 838 840 866 pos-

899 229 1098 256 multitudinetu
1121 227 1251 261 scientiaa,
1276 234 1303 256 et
1331 229 1503 257 abundantes
1529 230 1640 260 divitias
1656 233 1683 260 iu

898 275 1038 310 agnitione
1067 274 1124 308 Dei,
1141 274 1282 302 cherubim
1299 275 1413 310 intelligi
1434 283 1557 311 possunt.
1580 279 1684 306 Cheru-

897 321 952 349 bim
969 328 1084 355 namque
1099 321 1124 347 in
1144 326 1237 348 nostra
1253 321 1343 356 lingua
1365 322 1506 350 multitudo
1518 325 1632 352 scientia:
1645 327 1686 353 in»

898 371 1074 401 lerprelalur.
1090 366 1142 394 Sed
1165 367 1213 394 bos
1237 374 1345 400 omnes,
1371 368 1416 402 qtti
1435 375 1482 401 per
1498 370 1554 398 lucc
1577 367 1682 407 singula

897 421 956 448 quae
982 421 1062 449 supra
1092 418 1250 440 enumerala
1279 418 1341 441 sunt
1366 415 1553 451 designantur,
1581 419 1683 452 portari

897 468 1008 487 necesse
1018 465 1069 492 est,
1090 464 1118 487 et
1134 460 1236 494 portari
1254 460 1279 486 in
1298 460 1426 489 humeris.
1440 462 1516 490 Unde
1538 463 1684 499 fortassis,

897 512 925 534 ιιι
944 515 994 542 ego
1019 507 1126 543 opinor,
1150 507 1239 543 angeli
1264 509 1309 543 qui
1337 509 1456 537 ordinati
1483 517 1546 539 sunt
1573 519 1683 548 propter

896 561 953 585 eos,
975 554 1020 588 qui
1045 554 1232 582 hmreditatcm
1256 556 1368 589 capiunt
1385 555 1480 584 salutis
1496 558 1530 589 ²’,
1549 560 1599 594 ipsi
1615 561 1680 592 sint.

895 600 942 634 qui
967 599 1091 633 singulos
1103 607 1197 626 eorum
1225 608 1293 634 quos
1320 609 1398 635 supra
1424 602 1543 632 diximus
1560 611 1680 640 ponant.

895 644 962 670 Cum
978 644 1049 670 enitn
1061 644 1178 671 solutum
1194 645 1274 672 fuerit
1290 647 1495 676 tabernaculum
1508 650 1569 683 boe,
1585 656 1612 678 et
1625 659 1682 678 cce-

894 690 1014 723 perimus
1029 689 1084 725 (72)
1103 690 1206 724 ingredi
1229 692 1261 718 ad
1278 692 1321 718 illa
1342 698 1434 720 sancta
1448 713 1455 726 ,
1477 700 1504 722 et
1519 704 1632 731 pergere
1646 699 1680 724 ad

893 732 981 762 locum
1000 736 1230 770 repromissionis,
1243 737 1260 764 ii
1274 738 1320 771 qni
1333 747 1397 767 vere
1414 741 1502 768 sancti
1516 747 1589 774 sunt,
1604 748 1631 769 et
1652 743 1680 770 in

893 780 995 808 sanctis
1010 785 1166 808 sanctorum
1183 782 1326 817 habentur,
1337 785 1440 820 angelis
1451 787 1509 814 sine
1522 787 1603 815 dubio
1615 790 1680 816 sub-

893 826 1066 854 vectantibus
1081 826 1222 860 incedunt,
1234 833 1260 856 et
1275 838 1414 865 nsquequo
1425 833 1574 868 requiescat
1590 835 1681 862 taber—

46 885 109 908 sent
122 880 157 907 ad
174 881 282 908 veniam
296 866 453 914 pervenire,
467 879 620 914 huiusmodi
646 878 837 914 mysteriorum
857 866 878 893 Β
893 875 1016 903 naculum
1034 877 1090 911 Dei,
1102 881 1246 912 portantur
1259 878 1285 904 in
1298 878 1420 905 humeris
1432 866 1640 909 etﬁextolluntur
1653 883 1679 909 in

45 924 179 952 conscius
194 924 350 959 patriarcha
366 924 503 951 Abraham
523 932 538 952 a
550 923 775 959 quinquagesimo
792 932 838 950 nu-

45 977 124 998 mero
141 970 240 1005 incipit
264 977 315 1006 pro
338 970 504 1006 indulgentia
525 970 704 997 Sodomormn
723 969 838 997 Domino

45 1015 215 1050 supplicare,
229 1020 256 1043 et
272 1016 338 1044 dicit
352 1016 375 1032 ‘°
393 1023 401 1042 :
419 1025 427 1042 ι
446 1015 475 1043 Si
501 1015 603 1043 inventi
630 1015 731 1042 fuerint
756 1015 838 1049 quin-

44 1062 178 1096 quaginta
198 1061 225 1088 in
240 1061 359 1096 civitate,
376 1069 428 1089 non
445 1061 564 1089 salvabis
577 1054 689 1097 propier
705 1062 839 1096 quinqua-

43 1107 120 1141 ginta
136 1107 293 1135 civitatem?
311 1117 321 1133 ι

79 1154 107 1180 5.
121 1154 176 1181 Sed
192 1154 225 1180 ad
240 1154 410 1190 propositum
435 1160 614 1183 revertamur.
637 1155 752 1190 Oportet
773 1161 838 1191 ergo

42 1199 154 1233 Operari
172 1198 283 1226 Levitas
307 1200 333 1227 in
360 1200 462 1227 sanctis
476 1208 562 1235 usque
587 1200 620 1227 ad
637 1200 836 1236 quinquaginta

41 1252 141 1276 annos,
151 1244 297 1273 inferiores
309 1246 420 1280 quidem
432 1254 525 1281 opera,
538 1246 665 1274 meliores
676 1254 742 1274 vero
754 1253 836 1281 opera

41 1299 157 1324 operum
183 1292 309 1319 :hornm
337 1298 427 1320 autem
455 1294 632 1328 superiores,
665 1293 835 1329 spiritalibus

43 1336 143 1365 ofﬁciis
154 1337 308 1372 deservire,
325 1344 352 1367 et
368 1339 482 1367 introire
500 1340 527 1367 in
546 1340 645 1367 Sancta
665 1344 835 1372 sanctorum,

42 1383 136 1417 ibique
151 1384 262 1418 operire
277 1392 338 1419 qua:
349 1385 495 1418 operienda
509 1390 582 1418 sunt,
605 1390 632 1413 et
649 1386 758 1414 tradere
772 1385 836 1413 ﬁliis

41 1428 127 1456 Caath
143 1430 282 1464 portanda
300 1430 431 1464 humeris,
443 1435 470 1458 et
482 1431 607 1459 manibus
623 1431 834 1460 evehenda.Scd

40 1479 67 1502 et
83 1475 202 1510 reliquis
220 1476 366 1512 unicuique
382 1477 530 1505 secundum
545 1486 576 1505 ea
597 1486 657 1513 qua:
679 1478 734 1512 jam
752 1485 834 1512 supc-

40 1521 97 1548 rius
112 1529 190 1557 stepe
199 1521 313 1550 disserta
327 1528 391 1550 sunt
402 1524 573 1552 ordinantur.
592 1523 690 1551 Verum
703 1531 736 1550 ne
752 1523 833 1551 nimia
849 1539 871 1570 ο

40 1567 98 1595 haec
118 1568 354 1603 operimentorum
371 1569 641 1604 velatnentormuque
661 1569 765 1597 cautela
789 1570 836 1597 de-

39 1614 229 1648 sperationem
245 1615 391 1650 quamdam
404 1620 431 1643 et
446 1616 604 1643 mtestitiatu
625 1619 736 1650 generet
757 1615 834 1643 audi-

40 1659 159 1693 toribus,
184 1667 269 1694 pauca
289 1660 377 1695 aliqua
394 1668 452 1695 quae
466 1666 494 1688 et
514 1662 592 1689 nobis
606 1661 726 1696 pandere
745 1666 832 1688 tutum

39 1706 84 1736 sit,
100 1711 130 1732 et
149 1705 229 1733 vobis
245 1704 286 1733 fas
306 1706 342 1733 sit
362 1706 495 1740 aspicere,
520 1707 649 1742 quoniam
666 1708 785 1742 quidem,
804 1712 833 1735 nt

39 1751 116 1786 prius
137 1751 273 1783 diximus,
293 1759 378 1787 genus
396 1752 485 1788 regale
507 1757 535 1780 et
557 1753 747 1786 sacerdotium,
766 1760 832 1788 gens

38 1803 135 1826 saneta
159 1802 188 1826 et
213 1798 329 1833 populus
353 1798 379 1825 in
397 1799 577 1833 acquisitione
598 1799 661 1826 dicti
686 1807 780 1827 sumus
795 1799 831 1832 “,

38 1844 149 1876 aperire
176 1843 353 1871 tentabimus.
372 1842 559 1879 lntelliga‘mus
580 1851 646 1880 ergo
668 1844 830 1872 tabernacu-

38 1889 93 1916 lum
109 1888 263 1917 testimonii
287 1896 382 1916 omnes
403 1893 525 1921 sanctos,
540 1889 586 1923 qui
602 1889 651 1916 sub
667 1894 830 1918 testamento

39 1935 83 1962 Dei
100 1938 251 1962 censentur
265 1942 272 1960 :
289 1939 316 1961 et
329 1934 355 1961 in
374 1934 424 1961 hoc
437 1933 611 1961 tabernaculo
622 1941 683 1962 esse
698 1934 829 1969 quosdam

36 1980 173 2007 celsiores
185 1979 292 2007 meritis
301 1984 328 2006 et
345 1979 431 2014 gratia
447 1979 621 2014 superiores:
639 1983 666 2007 et
681 1986 714 2006 ex
730 1979 762 2007 iis
781 1979 831 2007 ali-

37 2032 108 2060 quos
129 2024 241 2060 quidem
262 2025 454 2052 candelabrum
470 2023 535 2057 dici,
552 2024 625 2059 ipsos
642 2024 711 2052 forte
724 2029 831 2059 aposto-

36 2071 88 2104 los,
104 2069 153 2105 qui
171 2069 326 2097 illuminant
338 2070 502 2098 accedentes
524 2069 557 2096 ad
574 2070 671 2096 Deum.
686 2069 741 2097 Sed
757 2074 784 2097 et
805 2069 828 2097 si

35 2117 80 2152 qni
98 2116 146 2144 alii
167 2120 241 2149 sunt,
257 2116 344 2151 quiin
367 2117 418 2144 ltoc
443 2115 618 2143 tabernaculo
638 2116 684 2143 Dei
703 2117 829 2144 omnibus

35 2161 258 2198 ingredientibus
274 2162 394 2189 scientia:
417 2166 444 2189 et
466 2161 598 2189 doctrinae
623 2161 714 2189 lumen
737 2167 829 2190 osten-

891 921 1026 951 manilius.
1040 922 1116 956 Quod
1130 925 1297 958 prospiciens
1311 924 1337 951 in
1350 925 1447 960 spiritu
1458 925 1593 961 Propheta
1606 928 1679 956 dice-

890 965 937 993 bat
951 966 974 982 “
991 976 997 994 :
1018 977 1028 993 ι
1043 968 1176 1001 Quoniam
1191 970 1295 1005 angelis
1313 971 1370 997 suis
1396 971 1534 1000 mandavit
1550 973 1582 1000 de
1597 979 1634 1006 te,
1651 980 1678 1002 ιιι

890 1011 916 1039 in
930 1013 1054 1040 manibus
1070 1014 1163 1042 tollant
1180 1020 1216 1049 te,
1234 1024 1267 1044 ne
1288 1016 1358 1044 forte
1380 1016 1502 1045 offendas
1512 1019 1545 1047 ad
1561 1020 1677 1055 lapidem

890 1058 984 1092 pedem
998 1063 1082 1086 tttum.
1100 1069 1109 1086 ι
1127 1060 1202 1094 Quod
1219 1062 1326 1096 quidem
1347 1064 1446 1091 dictum
1463 1066 1568 1099 putavit
1584 1067 1679 1094 diabo-

889 1102 930 1130 lus
946 1103 978 1131 de
997 1104 1138 1133 Salvatore
1154 1107 1353 1142 accipiendum,
1367 1110 1413 1136 sed
1431 1115 1548 1138 ca'catus
1563 1112 1678 1144 malitia,

889 1157 943 1177 non
959 1150 1093 1179 intellexit
1109 1152 1218 1187 eloquia
1233 1153 1339 1181 Domini
1353 1155 1481 1190 mystica.
1501 1156 1594 1192 Neque
1605 1158 1676 1185 enim

889 1194 1014 1237 Salvator
1031 1205 1106 1225 ments
1118 1199 1222 1232 angelis
1241 1200 1390 1234 indigebat,
1412 1206 1440 1229 ut
1457 1210 1510 1229 non
1527 1202 1678 1231 offenderet

888 1241 921 1268 ad
939 1241 1054 1276 lapidem
1067 1243 1162 1277 pedem
1184 1252 1273 1271 suum.
1288 1245 1409 1280 Namque
1424 1247 1606 1275 calumniatur
1619 1249 1678 1276 dia-

888 1285 965 1314 bolus
975 1287 1143 1322 Scripturam
1153 1288 1283 1320 divinam,
1293 1291 1337 1324 qui
1348 1291 1402 1318 haec
1412 1291 1444 1318 de
1454 1290 1594 1320 Salvatore
1604 1294 1676 1322 dicta

887 1333 1051 1368 protulerit:
1070 1342 1123 1362 nou
1137 1336 1170 1362 de
1185 1334 1242 1368 illo,
1260 1337 1306 1364 sed
1324 1337 1357 1363 de
1366 1337 1492 1366 omnibus
1508 1340 1610 1368 sanctis
1627 1342 1678 1368 hoc.

887 1378 997 1411 dicitur,
1012 1379 1075 1415 quia
1088 1380 1194 1415 angelis
1210 1381 1266 1408 suis
1283 1382 1421 1410 mandavit
1438 1383 1565 1420 Deuspro
1578 1387 1678 1421 populo

886 1431 946 1458 suo,
963 1430 992 1452 ut
1008 1433 1060 1453 non
1073 1425 1192 1454 oﬂ'endat
1205 1428 1239 1455 ad
1258 1428 1374 1463 lapidem
1394 1431 1490 1464 pedem
1511 1440 1601 1459 sntnu.
1623 1433 1676 1460 Sed

886 1475 913 1497 et
930 1472 1022 1498 omnia
1039 1479 1098 1506 qua:
1114 1473 1139 1499 in
1158 1472 1210 1500 hoc
1235 1474 1339 1508 psalmo
1364 1476 1465 1510 scripta
1493 1482 1567 1509 sunt,
1591 1478 1676 1511 justis

887 1517 1044 1552 quibusque
1059 1517 1146 1553 magis
1160 1526 1240 1553 quam
1260 1520 1392 1548 Salvatori
1407 1523 1584 1550 conveniunt.
1597 1524 1677 1552 Libe-

889 1564 1012 1590 ratenint
1032 1563 1161 1592 Dominus
1175 1573 1188 1591 a
1208 1562 1297 1598 ruina,
1319 1572 1347 1594 et
1374 1568 1511 1596 dmtnottio
1525 1571 1676 1600 meridiano

889 1617 943 1636 non
960 1607 1146 1642 Salvatorcm,
1163 1612 1235 1646 quod
1253 1611 1323 1640 absit
1339 1620 1352 1639 a
1368 1614 1445 1642 nobis
1462 1615 1498 1641 ila
1515 1615 1674 1651 intelligere,

885 1654 933 1680 sed
950 1661 1058 1682 onmem
1073 1654 1188 1690 justum.
1212 1655 1282 1684 Justi
1297 1659 1369 1685 ettim
1396 1665 1469 1692 sunt,
1484 1662 1530 1696 qui
1556 1662 1675 1698 indigent

886 1699 1022 1735 adjutorio
1038 1701 1195 1736 angelorum
1214 1703 1271 1737 Dei,
1292 1705 1329 1731 uti
1347 1713 1381 1733 ne
1395 1713 1409 1732 a
1425 1706 1594 1736 daemonibus
1612 1710 1675 1736 sub-

886 1751 1014 1778 ruautttr.
1043 1751 1069 1774 et
1097 1755 1131 1774 ne
1156 1748 1237 1775 corda
1270 1757 1364 1778 eortnn
1391 1753 1488 1788 sagitta
1515 1755 1621 1781 volante
1646 1756 1673 1782 in

885 1792 1005 1819 tenebris
1021 1792 1202 1821 terebrenlur.
1218 1795 1269 1822 Per
1287 1795 1360 1830 ipsos
1382 1800 1493 1833 angelos
1509 1801 1559 1828 sub
1578 1803 1672 1829 eodem

884 1839 1013 1874 ntysterio
1025 1839 1126 1867 Paulus
1139 1841 1287 1874 portandos
1303 1850 1363 1870 esse
1378 1846 1511 1878 quosdam
1529 1847 1674 1874 conﬁrmat

882 1883 910 1911 in
928 1884 1045 1912 nubibus
1058 1892 1118 1912 cum
1134 1886 1199 1913 dicit
1215 1886 1236 1902 "
1252 1895 1258 1913 :
1282 1895 1291 1913 ι
1308 1886 1361 1915 Sed
1376 1893 1404 1916 et
1422 1898 1470 1916 nos
1484 1891 1530 1925 qni
1546 1892 1672 1926 vivimus,

883 1929 929 1964 qtti
946 1929 1042 1964 reliqui
1060 1938 1165 1963 sumus,
1180 1931 1260 1960 simul
1276 1941 1337 1960 cum
1354 1934 1409 1962 illis
1432 1936 1568 1970 rapientur
1585 1938 1610 1965 in
1627 1947 1673 1966 uu-

882 1977 961 2004 bibus
975 1977 1082 2005 obviam
1103 1978 1212 2006 Christo
1229 1979 1254 2006 in
1269 1987 1343 2007 aera.
1361 1989 1370 2006 ι
1391 1980 1545 2016 ῐὶιιρῑιιιιιιιι-
1563 1986 1674 2020 etgoah

882 2023 985 2058 angelis
1000 2023 1016 2050 ii
1030 2023 1074 2058 qui
1087 2024 1196 2058 penitus
1211 2026 1317 2060 purgati
1343 2031 1372 2054 et
1389 2027 1460 2056 leves
1476 2029 1563 2056 clfecti
1577 2035 1640 2057 sunt
1657 2039 1674 2058 a

883 2070 998 2098 delictis.
1013 2070 1161 2099 Portantur
1181 2080 1246 2100 vero
1260 2073 1278 2100 ii
1291 2074 1336 2109 qui
1353 2074 1491 2110 aliquibus
1507 2078 1595 2105 adhuc
1608 2079 1671 2106 reli-

882 2117 952 2151 quiis
967 2123 1183 2153 prtegravantur.
1198 2118 1347 2147 Portantur
1359 2128 1423 2149 vero
1437 2126 1464 2149 et
1475 2122 1609 2150 columna:
1631 2129 1673 2151 ta-

882 2163 1020 2190 bernaculi
1034 2171 1048 2190 a
1064 2164 1241 2198 quibusdam,
1255 2169 1282 2192 et
1306 2165 1389 2199 atria,
1404 2172 1432 2194 et
1447 2173 1545 2196 canora
1570 2177 1630 2204 qua:
1655 2178 1670 2196 a

35 2211 115 2243 dunt,
135 2215 235 2237 omnes
251 2209 295 2236 isti
311 2208 502 2236 candelabrum
524 2209 667 2243 mysticum
686 2209 826 2236 nominen-
842 2208 865 2237 Ι)
880 2208 1022 2243 Scriptura
1048 2209 1218 2237 referunlttr.
1252 2209 1401 2239 Portantur
1432 2219 1522 2241 antetn
1553 2222 1605 2242 non
1636 2216 1671 2243 ah

36 2261 90 2283 tur.
106 2255 161 2282 Alii
175 2255 231 2283 sint
247 2262 339 2288 mensa
367 2262 457 2287 sacra,
479 2255 587 2282 scilicet
607 2254 763 2290 quicunque
778 2255 828 2282 ha-

35 2302 101 2330 bent
112 2309 199 2337 panes
220 2301 277 2335 Dei,
289 2306 317 2329 et
328 2301 454 2329 reﬁciunt
467 2309 498 2328 ac
513 2307 626 2336 pascunt
643 2302 748 2330 animas
766 2310 829 2330 esu-

879 2249 1022 2287 lsraelitis,
1038 2255 1084 2282 sed
1099 2262 1114 2281 a
1137 2254 1252 2288 Levitis,
1282 2258 1434 2286 secundum
1464 2259 1535 2287 hunc
1558 2268 1671 2289 sensum

878 2307 958 2335 quem
972 2301 997 2327 in
1015 2305 1175 2329 transcursu
1188 2301 1314 2330 videmur
1327 2303 1404 2331 brevi
1419 2306 1578 2340 contigisse,
1590 2307 1672 2335 relin-

36 2350 142 2377 rientes
163 2348 311 2383 justitiam.
326 2349 378 2376 Alii
395 2348 449 2376 sint
470 2350 556 2377 altare
582 2348 698 2383 incensi,
714 2350 829 2384 quicun-
877 2351 994 2382 quentes
1008 2348 1135 2375 sensibus
1147 2348 1314 2382 auditorum,
1328 2355 1357 2378 ut
1370 2352 1392 2379 si
1403 2353 1464 2387 quis
1473 2353 1505 2380 de
1522 2352 1554 2380 iis
1567 2353 1671 2387 majore

34 2404 88 2431 que
107 2395 283 2423 orationibus
299 2399 326 2422 et
344 2395 456 2431 jejnniis
474 2396 518 2423 die
534 2403 566 2423 ac
586 2400 665 2423 nocte
689 2400 786 2423 vacant
802 2396 827 2423 in

34 2440 135 2477 templo
149 2440 210 2474 Dei,
221 2446 334 2469 orantes
351 2449 403 2469 non
415 2442 498 2478 286
509 2442 596 2469 solum
609 2449 656 2477 pro
666 2442 832 2478 semetipsis,

34 2490 76 2515 scd
96 2493 124 2515 et
151 2495 201 2521 pro
226 2487 353 2515 universo
376 2488 485 2522 populo.
499 2487 518 2514 li
537 2494 602 2514 vero
620 2486 719 2522 quibus
732 2495 830 2515 arcana

34 2534 166 2569 mysteria
176 2533 293 2562 credidit
301 2533 583 2566 Deus,etoccultorum
592 2532 766 2568 providentiae
774 2541 830 2561 suat

35 2581 198 2616 ,Itdiciorum
226 2584 331 2608 secreta
361 2579 508 2612 conuuisit,
526 2586 589 2606 arca
609 2579 761 2606 testamenti
781 2578 826 2606 Dei

33 2628 216 2663 appellentur.
229 2626 315 2654 Porro
329 2626 376 2660 qui
388 2633 448 2653 cum
462 2626 535 2653 omni
553 2625 649 2652 li-lucia
664 2632 711 2659 per
722 2625 826 2652 hostias

34 2680 161 2708 precum,
191 2671 475 2708 supplicationntnque
491 2670 616 2697 victimas
632 2670 714 2696 Deum
742 2669 824 2696 homi-

34 2721 112 2749 nibus
130 2719 324 2755 repropitiant,
346 2723 372 2746 et
388 2726 436 2753 pro
459 2717 565 2744 delictis
585 2715 673 2751 populi
700 2715 820 2743 interve-

67 2791 89 2806 "
103 2788 186 2816 Nunt.
204 2795 281 2815 xxxt.
322 2786 344 2802 ‘°
359 2785 427 2813 Gen.
442 2792 519 2816 xvnt,
532 2783 578 2811 Μ.
616 2784 638 2799 ¹¹
657 2783 751 2811 ll‘etr.
765 2783 831 2816 n,9.

878 2392 1013 2421 desiderio
1026 2392 1195 2428 ﬂagraverit,
1213 2396 1346 2423 accendat
1358 2396 1410 2424 sibi
1430 2397 1519 2426 lumen
1538 2399 1670 2431 scientite,

883 2443 911 2467 et
936 2439 1038 2474 majora
1074 2440 1171 2468 horum
1196 2442 1276 2470 oculo
1303 2444 1504 2478 perspicaciore
1532 2444 1668 2479 conjiciat.

883 2484 967 2512 Nobis
988 2489 1078 2513 autem
1093 2487 1228 2514 concedat
1244 2487 1385 2522 Dominus,
1409 2493 1438 2516 ut
1454 2497 1467 2516 a
1495 2488 1594 2515 talibus
1606 2497 1670 2522 ope-

883 2531 961 2558 rariis
977 2532 1077 2566 portati
1092 2536 1118 2559 et
1128 2532 1276 2565 sublevati,
1291 2533 1442 2561 liberemur
1455 2538 1481 2561 et
1493 2533 1670 2561 defendamur

879 2584 894 2603 a
910 2577 1006 2612 sagitta
1020 2577 1129 2606 volante
1145 2579 1172 2605 in
1191 2579 1327 2611 tenebris,
1351 2583 1379 2606 et
1394 2587 1408 2606 a
1423 2579 1511 2612 ruitta,
1529 2584 1556 2606 et
1567 2580 1668 2607 d;l‘,lll()-

878 2624 924 2651 nio
936 2624 1096 2658 meridiano,
1119 2633 1152 2652 ne
1166 2625 1236 2653 forte
1250 2624 1422 2653 olfeudamus
1437 2626 1470 2652 ad
1485 2626 1598 2660 lapidem
1618 2633 1667 2660 pet

875 2670 935 2697 dem
951 2675 1087 2703 nostrum,
1106 2679 1247 2706 usquequo
1260 2673 1452 2707 perveniamus
1471 2673 1504 2700 ad
1525 2673 1612 2700 locum
1629 2681 1673 2700 re—

874 2716 1067 2751 promissionis
1092 2722 1263 2752 sanctorum,
1285 2726 1335 2754 per
1353 2719 1492 2748 Christum
1520 2720 1664 2748 Dominum

870 2784 891 2799 ¹¹
909 2783 990 2812 Hebr.
1009 2793 1027 2817 ι,
1042 2785 1082 2812 H-
1121 2785 1224 2815 "Psal.
1242 2795 1296 2819 xct,
1317 2787 1359 2816 Η.

1399 2788 1421 2803 ’⁵
1438 2787 1446 2815 Ι
1462 2787 1557 2817 Thess.
1572 2795 1608 2821 tv,
1625 2788 1664 2817 lii.

65 2859 125 2892 t7?)
150 2859 233 2891 “35.,
257 2867 265 2883 ι
290 2856 462 2892 cmpct‘itnus.
485 2866 493 2882 ι
514 2855 591 2884 Libb.
612 2855 692 2889 editi,
717 2864 724 2882 ι
744 2855 884 2891 coepimus.
904 2864 914 2882 ι
