1886 3051
215 149 267 176 607

944 148 996 176 om

1065 147 1106 176 llS
1795 142 1837 170 008

218 214 351 240 nostrum,
369 210 413 237 cui
426 214 468 237 est
480 210 567 237 honor
580 214 608 237 et
619 209 763 245 imperium
786 209 842 245 (75)
863 209 889 237 itt
911 209 1007 237 saecula
1024 210 1045 239 Δ
1061 208 1148 244 inquit
1160 207 1191 240 ³³,
1213 214 1296 242 super
1322 213 1368 234 eos
1391 204 1516 240 spiritus,
1530 203 1763 239 pmphctaveruut
1785 209 1838 228 out.-

216 253 390 281 satculorunt.
405 255 499 282 Amen.

509 311 650 340 llOMlLIA
668 312 711 340 γι.

217 357 259 395 De
275 366 304 384 eo
323 358 394 393 quod
407 359 533 393 scriptum
551 365 587 386 est
605 368 615 386 :
634 369 642 384 ι
661 359 733 386 Ezt't't
753 359 858 395 Moyses
870 363 904 387 ad
922 369 1002 394 popu-

250 392 316 424 lum,
332 403 341 418 ι
362 398 385 419 et
403 395 433 420 tle
448 395 612 428 septuaginta
632 392 839 428 presbyterisfet
853 396 885 423 de
896 392 1007 423 {Eli—tio-

252 428 335 462 piua,
360 437 439 460 quam
456 428 560 464 Moyse:
572 431 670 464 accepit
689 438 808 457 uxorem.

250 482 276 510 1.
292 481 373 510 Plura
386 483 464 510 nobis
476 484 557 511 sitttttl
577 485 690 512 recitata
706 490 778 517 sunt,
794 490 820 514 et
834 486 866 515 de
881 487 1006 516 omnibus

215 527 249 555 iis
266 527 369 560 dicere,
386 537 437 557 nec
452 530 585 564 temporis
603 531 733 566 brevitas,
749 539 798 560 nec
814 534 1005 568 mysteriorum

215 574 374 608 magnitudo
390 576 536 610 permittit.
560 576 666 603 Licebit
688 582 779 605 tamen
799 585 831 605 ex
848 579 1005 614 ingentibus

215 620 320 654 campis
342 628 444 656 paucos
462 622 588 650 flosculos
610 623 709 658 legere,
738 629 765 652 et
794 633 847 652 non
872 631 1004 660 qttantutn

215 672 281 699 ager
297 667 440 700 exuberat,
457 669 503 695 sed
518 674 652 703 quantum
666 670 792 697 odoralui
816 671 931 699 sufiiciat
946 680 1006 700 car-

215 718 290 745 pere.
308 711 423 740 Slcutet
436 721 496 740 cum
511 715 572 748 quis
596 715 703 742 accedit
725 715 759 742 ad
786 715 898 750 fontem,
912 726 965 746 non
979 719 1004 746 ei

216 760 320 784 tantuttt
340 757 451 786 haurire
474 767 585 788 necesse
611 766 669 794 est,
692 768 823 798 quantttttt
843 772 911 792 vena
929 765 1004 793 dives

214 800 352 836 cll'uderit,
369 805 415 831 sed
434 810 565 838 quantunt
588 812 697 835 arentes
711 808 756 835 siti
778 808 884 844 mitiget
899 809 1003 841 fauces,

216 855 250 874 tte
278 848 348 876 forte
365 849 425 884 plus
438 849 514 884 justo
535 857 653 886 sumpta,
679 853 725 880 fiat
761 855 864 888 potanti
888 855 1004 884 salubris

215 894 288 920 unda
301 895 446 929 pernicies.
459 906 468 922 ε
479 896 512 924 Εῑ
522 898 600 930 exiit.
611 899 697 933 inquit
711 900 744 932 “,
757 899 863 935 Moyses
876 900 909 928 ad
919 908 1004 936 popu-

217 940 282 973 lum,
294 945 321 967 et
339 941 446 970 locutus
458 947 500 970 est
518 944 550 970 ad
564 951 626 970 ettttt
642 945 723 972 verba
747 945 865 973 Domini.
890 955 900 973 ι
915 946 1006 975 Donec

216 987 299 1014 verba
308 987 413 1015 Domini
428 990 503 1017 audit
519 990 624 1026 Moyses
635 995 663 1018 et
677 991 710 1018 ab
722 992 781 1027 ipso
798 993 919 1028 docetur,
934 994 1007 1022 itttus

213 1039 268 1068 est,
277 1038 304 1061 ct
313 1035 340 1061 in
354 1034 530 1063 interioribus
538 1037 664 1064 consistit
673 1042 755 1072 atque
765 1038 791 1065 in
803 1039 909 1067 intitnis
919 1046 1007 1067 secre-

217 1079 252 1106 tis
280 1080 407 1107 habetur.
430 1081 479 1109 Ubi
507 1089 572 1110 vero
590 1082 680 1109 turbis
707 1083 828 1118 loquitur
845 1088 872 1110 et
889 1084 1005 1118 populis,

216 1125 352 1154 ministrat
367 1127 390 1154 ei
407 1128 452 1161 qui
473 1128 547 1155 intus
562 1136 614 1155 non
633 1134 723 1164 potest
750 1136 834 1162 stare,
849 1130 926 1157 exire
940 1129 1007 1157 dici-

216 1176 260 1199 tur
284 1173 368 1200 l'oras.
387 1174 455 1207 Quid
477 1182 541 1209 ergo
565 1175 661 1202 forma:
680 1175 742 1203 talis
758 1177 879 1203 continet
898 1176 1007 1204 sermo?

214 1217 293 1252 Quod
307 1220 398 1247 onmis
409 1220 517 1254 doctor,
532 1226 559 1248 et
571 1222 701 1256 magister
712 1221 842 1249 Ecclesiae
856 1222 879 1249 si
899 1222 932 1250 de
945 1229 1008 1256 pro-

217 1264 388 1293 l'undioribus
413 1267 552 1301 mysteriis
570 1266 672 1301 aliquid
688 1272 813 1300 moveat,
837 1267 859 1295 si
878 1275 1006 1295 arcanum

216 1310 281 1344 quid
297 1315 325 1338 et
343 1312 512 1339 reconditum
527 1312 560 1340 de
576 1312 623 1341 Dei
648 1313 782 1348 sapientia
802 1313 919 1348 proferat
937 1314 1008 1341 inter

217 1358 366 1392 perfectos,
386 1358 472 1386 donec
500 1358 526 1386 in
553 1359 696 1394 profundis
721 1359 849 1388 sensibus
870 1365 1006 1393 versatur,

217 1404 292 1432 inttts
306 1411 377 1437 esse,
394 1409 423 1432 et
447 1403 474 1431 itt
500 1404 677 1433 interioribus
699 1406 852 1434 consistere
878 1406 1008 1434 dicendus

216 1454 269 1477 cst.
283 1449 349 1477 Cum
365 1457 429 1478 vero
441 1451 561 1485 loquitur
572 1451 606 1478 ad
628 1452 733 1485 turbas,
746 1457 775 1480 et
788 1459 818 1479 ea
832 1451 935 1487 profert
948 1459 1008 1487 qua:

219 1496 354 1524 suﬂiciant
372 1497 405 1525 iis
418 1497 464 1532 qui
486 1497 554 1525 foris
576 1502 652 1531 sunt,
667 1502 696 1526 et
717 1506 777 1534 quae
796 1503 888 1534 potest
912 1499 1008 1534 vulgus

1060 262 1117 283 nes.
1140 264 1150 280 ι
1171 253 1344 288 Quod‘dixit,
1359 253 1423 287 quia
1438 258 1580 279 assumens
1593 251 1625 277 de
1639 249 1739 284 spiritu
1752 248 1839 284 Moysi,

1058 303 1132 330 dedit
1150 301 1323 336 septuaginta
1337 300 1493 327 senioribus
1514 298 1652 333 spiritum,
1670 304 1723 323 tton
1749 295 1785 323 ita
1805 296 1838 322 itt-

1059 346 1164 381 telligas
1180 346 1258 380 quasi
1291 344 1461 372 materialem
1488 343 1606 378 aliquam
1632 348 1839 376 corporeamque

1057 392 1238 420 substantiam
1254 391 1381 419 auferens
1398 391 1469 418 Dens
1486 397 1499 416 a
1515 389 1608 425 M‘oysc
1627 389 1653 415 itt
1678 388 1838 423 septuaginta

1057 439 1175 466 secuerit
1190 438 1341 474 portiones,
1361 443 1387 465 et
1406 437 1441 464 ita
1461 437 1606 471 unicuique
1627 436 1770 463 seniorum
1787 435 1838 463 exi-

1058 493 1138 520 guam
1154 484 1318 520 partiettlam
1337 484 1453 511 dederit.
1480 483 1594 518 lmpiuttt
1620 487 1663 510 est
1689 482 1726 509 ita
1750 481 1840 508 intelli-

1057 538 1124 567 gere
1142 536 1267 558 naturam
1286 529 1403 565 Spiritus
1425 529 1524 556 sancti.
1542 527 1595 555 Sed
1618 528 1668 554 hoc
1684 526 1765 553 modo
1779 526 1839 561 tign-

1057 584 1116 604 ram
1134 576 1239 610 mystici
1258 575 1336 610 httjus
1349 574 1484 602 sermonis
1499 574 1621 605 adverte,
1634 573 1713 608 quasi
1731 572 1840 607 Moyses,

1057 626 1083 649 et
1098 621 1212 656 spiritus
1225 621 1347 656 quierat
1367 621 1392 647 in
1414 619 1523 655 Moyse,
1546 618 1692 646 clarissimi
1709 617 1840 651 cujusdam

1056 667 1166 696 luminis
1198 667 1282 695 fuerit
1311 667 1422 694 lucerna
1434 687 1441 699 ,
1470 673 1503 693 ex
1521 673 1573 700 qtta
1590 665 1658 692 alias
1677 664 1839 699 septuaginta

1056 714 1185 742 lucernas
1207 712 1366 740 accenderit
1386 712 1458 739 Deus
1473 731 1481 744 ,
1498 711 1531 738 ad
1544 718 1614 746 quas
1631 710 1666 737 ita
1690 709 1840 745 principalis

1057 760 1132 788 illius
1155 759 1266 786 luminis
1294 758 1424 793 splendor
1453 757 1633 793 pervenerit,
1649 761 1678 783 ttt
1700 756 1776 790 origo
1790 756 1840 790 ipsa

1056 805 1167 833 luminis
1183 804 1251 832 nihil
1268 803 1358 831 damni
1375 810 1407 830 ex
1424 802 1590 830 commercio
1603 801 1784 829 derivationis
1799 809 1840 828 ac-

1056 851 1170 886 ceperit.
1184 850 1218 877 Et
1235 850 1286 877 hoc
1301 849 1380 876 modo
1395 849 1438 884 pie
1453 847 1614 883 intelligitur
1627 847 1700 882 qttod
1717 847 1841 881 scriptum

1058 902 1099 925 est
1120 897 1160 929 ³³.
1178 906 1188 923 t
1207 897 1269 931 quia
1292 895 1402 923 abstulit
1421 894 1552 921 Dominus
1575 894 1608 921 de
1629 893 1727 928 spiritu
1751 892 1841 929 Moysi,

1058 947 1085 971 et
1101 943 1178 970 dedit
1197 943 1370 978 septuaginta
1386 942 1549 969 senioribus.
1563 949 1573 967 ι

1093 989 1120 1016 5.
1133 988 1186 1016 Sed
1201 989 1342 1016 videamus
1364 988 1428 1023 quid
1448 992 1489 1014 est
1503 987 1575 1021 quod
1588 987 1625 1014 ait
1638 987 1664 1022 i_n
1679 994 1844 1022 consequen-

1059 1036 1151 1063 tibus:
1167 1045 1176 1061 ι
1194 1035 1227 1062 Et
1244 1035 1390 1069 requievit,
1408 1035 1495 1070 inquit
1511 1035 1533 1051 "
1544 1055 1551 1067 ,
1567 1042 1649 1068 super
1660 1042 1707 1061 eos
1724 1035 1844 1070 spiritus,

1058 1087 1085 1109 et
1100 1082 1298 1117 prophetarum
1309 1089 1414 1109 outues.
1430 1091 1439 1107 ι
1458 1081 1639 1116 Requiescere
1652 1081 1780 1115 spiritum
1795 1089 1841 1107 nou

1059 1129 1085 1156 itt
1100 1129 1309 1164 quibuscunqtte
1322 1129 1477 1156 hominibus
1492 1128 1605 1162 legimus
1622 1135 1629 1153 :
1644 1127 1692 1155 sed
1705 1127 1732 1154 itt
1748 1126 1845 1155 sanctis

1057 1181 1085 1204 et
1109 1176 1208 1203 beatis.
1231 1175 1389 1210 chtticseit
1405 1176 1477 1201 enim
1504 1175 1617 1210 spiritus
1634 1175 1680 1201 Dei
1701 1174 1729 1201 in
1755 1174 1787 1201 iis
1802 1174 1842 1207 qui

1059 1222 1160 1250 mundo
1175 1226 1238 1249 sttttt
1256 1223 1337 1248 corde
1349 1243 1355 1254 ,
1373 1227 1400 1248 et
1417 1221 1443 1248 itt
1460 1221 1493 1248 iis
1508 1221 1554 1256 qui
1578 1221 1726 1256 purificant
1745 1220 1844 1247 animas

1059 1275 1122 1294 suas
1139 1275 1153 1294 a
1175 1272 1288 1301 pet-cato
1307 1276 1314 1293 :
1331 1267 1404 1294 sicut
1423 1268 1578 1294 ccoutrario
1594 1275 1647 1294 non
1664 1267 1801 1294 inhabitat
1821 1266 1843 1292 in

1058 1321 1173 1349 corpore
1202 1313 1311 1340 subdito
1338 1314 1477 1348 peccatis,
1507 1314 1616 1340 etiamsi
1637 1313 1775 1340 habitavit
1799 1312 1845 1339 ali-

1059 1359 1168 1394 quando
1180 1358 1326 1386 ineo.Non
1340 1359 1411 1385 enint
1429 1364 1516 1393 potest
1535 1358 1653 1393 Spiritus
1670 1362 1784 1384 sanctus
1796 1356 1845 1392 (Ἠ)

1059 1405 1228 1433 consortium
1252 1405 1306 1439 pati
1330 1409 1356 1432 et
1382 1405 1540 1431 societatem
1562 1404 1677 1439 spiritus
1693 1404 1771 1431 tttali.
1786 1404 1845 1431 Cer-

1061 1455 1117 1478 tum
1134 1456 1177 1478 est
1196 1451 1268 1478 ettitn
1299 1451 1402 1486 peccati
1434 1456 1555 1485 tempore
1586 1451 1682 1478 adesse
1713 1451 1742 1478 itt
1772 1453 1845 1478 conte

1060 1496 1275 1531 uniuscujusque
1302 1497 1426 1530 spiritum
1454 1496 1572 1530 malum,
1601 1501 1629 1524 et
1651 1504 1737 1532 agere
1761 1502 1848 1532 partes

217 1542 323 1575 audire.
342 1543 416 1571 foras
431 1543 531 1571 dicitur
549 1543 652 1577 exisse,
672 1549 699 1572 et
721 1544 796 1580 loqui
822 1545 856 1573 ad
878 1545 1006 1580 populum
1021 1550 1042 1580 ο
1060 1549 1135 1569 suas.
1154 1542 1203 1570 Cui
1219 1543 1315 1576 utique
1331 1550 1391 1569 cunt
1409 1542 1485 1569 loctts
1500 1543 1598 1575 datur,
1623 1547 1650 1570 et
1679 1543 1811 1578 recipitur
1835 1551 1847 1568 a

217 1590 299 1618 verba
314 1590 430 1618 Domini.
449 1590 507 1618 Hoc
523 1590 603 1618 video
617 1596 645 1619 et
669 1591 784 1620 Paulum
802 1592 910 1626 fecisse,
925 1598 954 1621 et
966 1593 1008 1621 in-

219 1641 262 1663 tus
286 1637 396 1672 quidem
424 1637 519 1670 fuisse.
539 1646 601 1665 ettm
629 1638 733 1666 diceret
748 1639 771 1655 ’⁸
788 1650 794 1667 ;
814 1648 823 1665 ‹
840 1638 1007 1675 Sapientiam

217 1686 308 1709 autem
323 1682 461 1718 loquimur
480 1684 552 1711 inter
574 1684 722 1719 perfectos,
737 1684 898 1719 sapientiam
915 1691 1007 1713 autem

219 1735 274 1755 non
291 1727 373 1762 hujus
386 1729 495 1762 mundi,
512 1736 600 1764 neque
617 1729 771 1765 principum
789 1730 869 1765 hujus
894 1732 1006 1766 mundi,

216 1774 262 1808 qui
288 1774 474 1802 destruentur.
499 1775 552 1803 Sed
567 1774 705 1811 loquimur
729 1775 777 1804 Dei
801 1768 964 1811 sapientiam
981 1778 1008 1806 in

218 1820 348 1855 mysterio
359 1819 559 1852 absconditam,
572 1828 654 1856 quam
671 1828 751 1848 nemo
763 1821 916 1856 principum
930 1822 1009 1857 ltujus

218 1865 312 1892 tnuttdi
327 1866 463 1900 cognovit.
483 1875 493 1893 ι
517 1865 596 1894 Vides
614 1867 751 1901 quomodo
767 1866 839 1895 intus
855 1871 907 1900 est,
923 1872 951 1895 et
968 1868 1009 1895 in-

219 1916 295 1938 terna
311 1915 392 1946 atque
404 1919 505 1940 arcana
517 1912 616 1940 divinae
639 1913 782 1947 sapientia:
799 1918 925 1948 penetrat
936 1913 1008 1941 Pau-

218 1956 273 1989 lus,
289 1964 349 1984 cum
365 1957 422 1984 haec
437 1957 569 1992 loquitur.
581 1958 648 1985 Cum
661 1963 753 1985 atttettt
767 1959 891 1992 procedit
915 1958 948 1985 ad
962 1966 1009 1994 po-

218 2003 394 2038 pulutu,audi
406 2003 470 2038 qttid
486 2003 605 2038 loquitur
620 2004 642 2020 ’⁷
660 2012 668 2032 :
685 2004 769 2039 287
787 2014 795 2030 ι
813 2004 907 2032 Omnis
919 2012 1010 2033 sermo

220 2049 308 2076 tnalus
328 2049 361 2076 de
374 2056 422 2076 ore
433 2054 525 2076 vestro
539 2057 592 2076 non
605 2050 754 2084 procedat;
775 2060 784 2076 ι
802 2055 829 2077 et
846 2059 852 2078 :
870 2060 879 2076 ε
901 2050 952 2084 Qui
965 2049 1009 2077 fu-

219 2094 343 2127 rabatur,
355 2092 412 2127 jam
433 2100 486 2120 non
504 2093 661 2126 furetur”;
683 2104 693 2121 ›
712 2099 739 2122 et
755 2103 763 2121 :
779 2104 788 2120 ε
818 2094 1010 2129 Unusquisque

219 2140 262 2166 vir
279 2147 391 2167 uxorem
417 2146 494 2167 suam
518 2139 616 2167 habeat
631 2142 671 2173 '9;
694 2150 704 2167 ι
722 2146 769 2168 et:
788 2150 797 2166 ί
815 2141 875 2169 Unu
894 2142 1010 2177 quisque

219 2186 373 2220 proximum
401 2193 481 2213 sutttn
510 2186 582 2213 sicut
609 2187 727 2221 seipsum
753 2187 902 2220 diligat”;
926 2197 934 2214 ι
958 2193 1006 2215 et:

222 2241 232 2258 ε
253 2232 429 2267 Unaquaeque
443 2232 541 2260 mttlicr
559 2233 646 2259 virum
662 2241 741 2260 suum
759 2233 860 2260 haheat
871 2234 903 2260 ".
919 2242 928 2260 ι
945 2233 1008 2262 "ch
1024 2227 1046 2254 D

222 2285 250 2307 et
263 2279 285 2307 si
300 2287 352 2314 qua
367 2279 522 2314 ltujnsntodi
543 2284 626 2313 sunt,
641 2278 742 2307 Paulus
761 2280 907 2307 secundum
935 2280 1008 2316 Moy-

220 2326 258 2354 sis
273 2327 386 2353 fortnam
404 2324 478 2353 foras
489 2327 593 2358 exiens,
614 2326 646 2352 ad
664 2325 793 2361 populum
808 2325 940 2359 loquitur.

254 2373 282 2400 2.
302 2372 356 2400 Sed
373 2373 515 2400 videamus
531 2378 558 2400 et
571 2372 644 2400 aliud
657 2377 757 2406 caput,
776 2373 801 2399 in
819 2380 871 2407 quo
891 2373 1009 2400 refertur

218 2418 292 2454 quod
313 2418 486 2453 septuaginta
511 2417 584 2446 viros
607 2418 720 2452 elegerit
743 2418 849 2454 Moyses
866 2427 898 2445 ex
914 2419 1006 2446 senio-

219 2467 296 2493 ribus
319 2465 410 2501 populi
430 2471 458 2493 et
486 2465 612 2493 habuerit
637 2473 685 2493 eos
709 2470 772 2493 ante
805 2465 1007 2492 tabernaculum

220 2512 380 2543 testimonii.
399 2516 427 2539 et
451 2512 483 2539 de
505 2512 603 2546 spiritu
619 2511 703 2548 Moysi
721 2511 859 2547 accipiens
874 2511 944 2538 Deus
960 2511 1008 2539 de-

219 2559 290 2586 derit
307 2558 478 2593 septuaginta
495 2558 660 2591 senioribus,
675 2567 684 2584 ι
695 2562 722 2586 et
738 2566 799 2586 cunt
821 2560 1008 2593 requievisset,

267 2629 290 2644 "
306 2627 384 2655 Nunt.
402 2637 440 2659 st,
453 2628 497 2655 2b.
551 2629 574 2644 “
588 2628 596 2655 |
609 2628 706 2660 Contr,
724 2627 740 2655 6
754 2633 783 2656 et
800 2635 877 2663 seqq.

220 2671 248 2696 v,
260 2665 304 2691 55.
343 2665 364 2681 ³·
381 2664 388 2690 l
404 2665 468 2692 Cor.
486 2671 533 2697 vn,
548 2663 576 2690 2.

258 2733 315 2769 (73)
336 2734 362 2761 In
379 2735 495 2769 vulgatis
506 2735 669 2770 editionibus
681 2735 757 2763 deest
768 2745 776 2759 ι
793 2741 819 2762 et
835 2735 1004 2770 itnpct-ium,t

226 2769 297 2803 quod
310 2769 452 2802 suppletur
467 2777 481 2796 ε
493 2771 586 2796 codice
603 2769 696 2797 Sancti
710 2769 884 2798 Theoderici.

261 2804 317 2838 (iri)
337 2803 398 2830 Non
416 2806 485 2830 enim
510 2809 593 2838 potest
617 2805 731 2838 Spiritus
747 2812 871 2837 sanctus,
892 2811 945 2833 etc.
965 2805 1010 2832 Sic

227 2841 282 2865 lt-tt:
301 2839 413 2865 Ilcrntas
432 2840 478 2866 lib.
495 2848 524 2869 II,
540 2841 660 2866 Iuatnlat.
679 2841 706 2870 5.
724 2848 784 2873 pag.
802 2841 855 2867 47:
872 2850 880 2866 t
898 2841 973 2873 Quod
988 2842 1009 2867 si

227 2875 366 2901 iracundia
393 2874 483 2909 aliqua
508 2876 690 2909 :upctvcncrit
707 2895 714 2907 ,
733 2877 862 2903 continuo
892 2875 1011 2911 Spuitus

915 2629 937 2644 "
958 2628 1055 2663 Epltes.

624 2663 645 2680 "
660 2663 741 2691 Nunt.
758 2672 796 2696 xt,
814 2664 859 2691 25.
897 2663 918 2679 "
931 2664 986 2690 ibid
1025 2663 1048 2678 ”

1060 1588 1139 1616 nobis
1155 1596 1203 1624 per
1227 1588 1405 1623 cogitationes
1427 1589 1533 1620 malas,
1564 1593 1592 1616 et
1613 1589 1847 1623 concupiscentias

1060 1634 1202 1669 pessirnas,
1221 1634 1411 1666 contristatus,
1429 1638 1466 1666 et,
1484 1639 1514 1660 ut
1541 1634 1577 1660 ita
1593 1634 1681 1662 dicam
1696 1655 1705 1668 ,
1732 1643 1847 1670 coangu—

1060 1685 1149 1708 status
1174 1680 1284 1715 fugatur
1302 1680 1335 1707 de
1359 1680 1436 1707 nobis
1451 1679 1570 1713 Spiritus
1593 1684 1716 1707 sanctus.
1742 1680 1847 1714 Propter

1060 1727 1131 1762 quod
1145 1732 1172 1754 et
1190 1727 1335 1761 Apostolus
1354 1727 1444 1753 sciens
1470 1726 1527 1753 lucc
1543 1726 1579 1752 ita
1598 1726 1737 1759 accidere,
1763 1735 1848 1753 mone-

1060 1774 1107 1802 bat
1121 1774 1217 1800 dicens
1236 1783 1242 1801 :
1261 1783 1270 1798 ι
1287 1772 1374 1800 Nolite
1389 1773 1553 1800 contristare
1564 1772 1696 1807 Spiritum
1715 1778 1847 1803 sanctum,

1061 1820 1088 1847 in
1112 1828 1166 1855 qtto
1192 1820 1291 1855 signati
1316 1820 1383 1846 estis
1403 1820 1490 1846 indie
1514 1819 1725 1853 redemptionis.
1743 1829 1752 1845 ι
1771 1819 1849 1854 Igitur

1060 1871 1207 1901 peccantes
1226 1865 1424 1893 contristamus
1451 1865 1582 1901 Spiritum
1604 1871 1733 1892 sanctum
1755 1875 1762 1892 :
1783 1865 1850 1900 jusle

1061 1921 1126 1939 vero
1156 1917 1270 1946 agentes
1298 1917 1325 1939 ct
1354 1916 1457 1943 sancte,
1488 1912 1610 1946 requictn
1633 1911 1657 1938 ei
1673 1920 1805 1946 paramus
1825 1913 1850 1938 in

1061 1958 1148 1985 nobis.
1165 1957 1242 1985 Unde
1262 1962 1289 1984 et
1309 1958 1384 1992 quod
1400 1965 1474 1985 nunc
1490 1957 1528 1984 ait
1545 1957 1577 1984 de
1592 1957 1776 1993 Septuaginta
1792 1966 1848 1992 pre-

1060 2006 1190 2040 sbyteris,
1206 2006 1270 2041 quia
1292 2006 1428 2040 requievit
1459 2007 1485 2034 in
1517 2008 1558 2034 eis
1580 2007 1697 2041 spiritus
1713 2028 1723 2040 ,
1749 2007 1847 2035 laudent

1060 2053 1122 2080 vita:
1136 2059 1230 2080 eorum
1247 2057 1274 2080 ct
1289 2053 1405 2080 virtutes
1430 2054 1570 2088 exposuit.
1584 2054 1710 2088 Denique
1725 2055 1788 2089 quia
1806 2061 1850 2088 pu-

1061 2097 1141 2125 ritate
1154 2098 1244 2125 cordis
1256 2105 1352 2126 eorum
1367 2103 1395 2126 et
1407 2098 1567 2126 sinceritate
1579 2099 1691 2131 mentis,
1717 2104 1800 2134 atque
1814 2098 1850 2125 in-

1062 2143 1217 2179 telligentiae
1248 2143 1401 2178 capacitate
1429 2145 1563 2179 requievit
1595 2144 1719 2180 Spiritus
1745 2151 1850 2173 sanctus

1061 2190 1189 2217 continuo
1205 2194 1230 2217 et
1241 2194 1372 2224 operatur
1389 2190 1416 2217 itt
1435 2190 1485 2223 eis,
1503 2198 1553 2218 nec
1568 2192 1654 2218 otiutu
1668 2192 1792 2226 patitur,
1809 2190 1849 2217 ubi

1062 2236 1192 2270 operandi
1215 2236 1329 2263 materia
1348 2236 1429 2271 digna
1445 2237 1612 2272 suppeditat.
1630 2237 1675 2265 Ait
1687 2238 1765 2265 enim
1781 2237 1849 2264 Scri-

1063 2285 1141 2315 ptura
1160 2289 1166 2308 :
1182 2289 1191 2306 t
1209 2280 1242 2307 Et
1260 2281 1395 2315 requievit
1409 2281 1436 2308 in
1449 2282 1490 2309 eis
1504 2281 1618 2316 spiritus
1629 2285 1657 2309 ct
1671 2283 1849 2317 prophetave—

1064 2330 1136 2352 runt.
1155 2334 1164 2351 ι
1190 2324 1218 2352 In
1237 2326 1365 2353 omnibus
1384 2333 1450 2362 ergo
1472 2326 1518 2361 qui
1541 2327 1783 2362 propltetaverunt
1811 2334 1849 2353 rc-

1063 2372 1165 2406 quievit
1187 2372 1306 2407 Spiritus
1324 2377 1446 2406 sanctus,
1463 2381 1513 2401 nec
1525 2377 1616 2400 tantett
1633 2373 1660 2400 in
1674 2373 1772 2408 aliquo
1784 2372 1851 2407 ipso-

1064 2425 1123 2445 rum
1140 2418 1176 2446 ita
1194 2419 1328 2453 requievit
1343 2420 1415 2447 sicut
1431 2420 1457 2447 in
1473 2420 1630 2446 Salvatore.
1645 2418 1767 2454 Propter
1785 2419 1854 2453 quod

1062 2469 1089 2491 ct
1107 2465 1239 2500 scriptunt
1257 2471 1296 2493 est
1311 2465 1345 2492 de
1364 2473 1396 2493 eo
1409 2466 1442 2498 ³⁸,
1461 2466 1523 2501 quia
1544 2474 1553 2491 ι
1566 2465 1651 2493 exibit
1668 2467 1748 2500 virga
1763 2465 1796 2492 de
1814 2471 1852 2491 ra-

1064 2509 1124 2536 dice
1140 2508 1215 2537 Jesse
1233 2515 1260 2537 et
1280 2510 1328 2537 flos
1353 2511 1386 2538 de
1413 2512 1505 2538 radice
1530 2511 1589 2546 ejus
1609 2512 1746 2539 ascendet
1763 2515 1791 2537 et
1812 2516 1852 2536 rc-

1064 2557 1185 2592 quiescet
1199 2565 1281 2592 super
1296 2566 1358 2585 cum
1378 2558 1489 2592 spiritus
1508 2558 1565 2590 Dei,
1583 2557 1698 2592 spiritus
1714 2556 1852 2592 sapientia:

1072 2635 1109 2658 tv,
1122 2626 1167 2654 29.
1212 2627 1235 2643 ‘°
1250 2627 1315 2654 ibid.
1327 2646 1335 2657 .
1351 2626 1398 2653 28.
1436 2626 1458 2642 "
1472 2626 1481 2653 l
1493 2625 1556 2653 Cor.
1570 2633 1619 2658 vn,
1631 2625 1660 2652 2.
1713 2625 1739 2640 ³⁸
1756 2624 1852 2660 prcs.

1062 2663 1128 2690 ibid.
1166 2662 1187 2678 "
1203 2661 1253 2689 lsa.
1270 2669 1307 2694 χι,
1326 2661 1353 2694 2,
1366 2662 1393 2689 5.

1062 2739 1191 2767 sanctus,
1214 2734 1260 2769 qtti
1283 2734 1309 2761 in
1333 2738 1360 2760 te
1383 2738 1441 2766 est,
1467 2732 1678 2769 angustiabitur,
1705 2737 1734 2759 ct
1755 2735 1853 2769 qumrrt

1062 2765 1245 2801 tliscetlerc,'t
1265 2775 1318 2796 etc.
1339 2765 1443 2795 Similia
1471 2765 1577 2801 quoque
1603 2767 1694 2793 videre
1717 2765 1769 2794 est
1786 2765 1851 2800 apud

1063 2805 1192 2832 Ililarinnt
1206 2805 1237 2830 :ttl
1252 2805 1320 2839 psal.
1337 2811 1431 2834 cxvttt.
1450 2803 1518 2836 :tptnl
1532 2802 1660 2836 Oplalttnt
1675 2801 1730 2839 μὴ..
1742 2810 1783 2839 Iv,
1795 2805 1851 2834 post

1064 2840 1192 2872 medium,
1209 2836 1402 2873 Hicronyntttm
1424 2838 1469 2864 lib.
1494 2845 1511 2864 II
1529 2836 1851 2873 adversusdot-initurum.

1064 2880 1090 2902 ct
1110 2870 1188 2909 apud
1202 2875 1268 2902 alios
1285 2884 1290 2901 ε
1310 2870 1372 2902 item
1390 2873 1502 2901 Coltslii.
1519 2872 1628 2907 upottol.
1647 2871 1693 2898 lib.
1714 2879 1750 2904 \t,
1769 2879 1792 2898 c.
1809 2870 1849 2896 ‘17.
