1886 3051
48 129 102 157 609

656 127 688 153 IN
708 126 873 154 NULIIC‘ROS
894 127 1040 155 llOMlLlA
1058 128 1104 157 Vl.

1636 133 1687 160 610

49 193 76 214 et
100 187 267 218 intellectus,
283 185 393 221 spiritus
412 185 516 213 consilii
535 191 562 213 ct
582 187 701 219 virtutis,
726 188 841 221 spiritus
857 190 877 218 Α
894 192 949 219 tur,
966 196 1017 216 non
1031 189 1064 216 de
1083 189 1186 224 Spiritu
1201 194 1296 217 saneto
1313 189 1419 219 loctttus
1441 192 1487 224 sit,
1506 193 1553 219 sed
1575 193 1608 220 de
1630 195 1687 228 spi-

51 233 175 260 acieutite
201 237 230 260 et
256 232 366 267 pietatis
383 251 391 261 ι
429 236 456 259 et
495 232 609 266 replebit
641 240 703 259 eum
730 233 843 267 spiritus

52 277 164 304 timoris
191 276 315 303 Domini.
331 285 341 301 ι
380 268 434 303 Sed
474 276 590 304 fortasse
619 277 684 304 dicit
709 278 810 312 aliquis
836 287 843 305 :

50 322 119 350 Nhil
152 322 268 356 amplius
304 321 446 348 ostendisti
482 322 613 356 scriptum
644 323 678 350 de
712 323 844 357 Christo,

50 376 134 404 quant
168 369 202 396 de
228 368 338 402 reliquis
384 368 550 395 hominibus.
585 368 662 396 Sicut
701 370 773 397 enim
811 371 845 398 de

50 415 164 442 caeteris
181 414 282 441 dictum
298 419 351 445 est,
367 414 430 448 quia
450 413 581 448 requievit
605 421 688 448 super
718 422 764 442 eos
777 435 786 447 ,
807 415 845 444 ita

51 465 80 487 ct
96 461 131 487 de
145 458 288 486 Salvatore
303 459 408 486 dictum
421 464 474 490 est,
489 468 499 485 ‹
518 460 666 493 requiescit
686 468 769 494 super
777 468 844 488 eum

49 506 167 540 spiritus
185 505 245 532 Dei.
262 514 271 531 ι
293 505 346 532 Sed
362 505 423 532 vide
433 505 498 540 quia
523 513 605 540 supra
635 506 737 533 nnllutn
761 507 843 534 alium

50 551 168 585 spiritus
195 551 241 578 Dei
265 550 433 585 requievisse
466 551 637 586 septemplici
663 552 715 580 hae
743 553 844 580 virtute

49 597 229 630 describitur,
247 604 297 631 per
314 596 385 631 quod
404 597 472 631 }sine
494 597 578 624 dubio
602 597 658 632 ipsa
687 598 730 625 illa
758 599 843 626 divini

51 644 174 679 Spiritus
185 642 350 674 substantia,
366 650 427 677 qute
441 643 506 678 quia
523 651 577 670 uno
594 645 705 672 nomine
723 653 776 672 non
794 653 842 680 po-

51 694 124 716 terat
138 709 146 721 ,
168 688 290 716 diversis
315 689 456 716 vocabulis
481 689 651 723 explanatur,
671 691 844 726 requiescere

44 742 137 768 super
150 733 256 769 virgam
271 741 330 768 qua:
341 734 379 762 de
395 735 481 769 stirpe
491 734 574 763 Jesse
588 737 759 770 procederet,
775 744 843 772 pro-

45 782 194 816 pbetatur.
220 779 313 807 Habeo
329 785 355 807 et
371 779 444 808 aliud
470 782 654 809 testimonium
673 790 728 817 quo
743 783 844 811 docere

49 835 164 862 possum
181 827 207 854 in
225 826 339 854 Domino
352 831 378 854 et
396 826 542 855 Salvatore
558 835 619 855 meo
636 828 768 863 Spiritum
785 830 843 858 exi-

49 873 107 901 mio
124 872 245 908 quodam
269 879 379 907 genere,
398 877 425 900 et
442 873 520 908 longe
545 873 624 901 aliter
649 875 819 909 requievisse
834 895 842 908 .

48 931 135 957 quam
152 922 273 950 refertur
288 923 315 950 in
333 923 450 950 caeteris.
468 923 540 951 Dicit
560 924 632 951 enim
652 923 771 951 Joannes
792 924 844 951 Ba-

49 969 137 1003 ptista
156 969 190 996 de
210 976 244 996 eo
260 969 283 985 “
299 977 306 996 :
328 978 337 995 ι
357 969 408 1003 Qui
425 969 501 996 misit
517 977 559 997 me
573 970 711 1004 baptizare
723 970 749 997 in
762 979 842 1006 aqua,

49 1013 96 1041 ille
110 1014 179 1041 mibi
196 1013 265 1041 dixit
280 1022 287 1041 :
303 1014 393 1048 Super
411 1022 491 1048 quem
517 1014 619 1042 videris
641 1015 768 1050 spiritum
795 1016 844 1043 de«

49 1059 250 1093 scendentetn,
275 1064 303 1087 et
329 1065 484 1088 manentent
511 1061 537 1087 in
560 1068 614 1094 eo,
634 1071 643 1086 ι
668 1062 724 1096 ipse
739 1067 791 1089 est.
814 1062 842 1090 Si

43 1105 168 1133 dixisset
190 1115 201 1131 ί
219 1105 345 1140 spiritum
367 1107 580 1134 descendentem
592 1127 599 1138 ,
618 1117 627 1133 ι
654 1112 682 1134 et
699 1115 752 1135 tton
768 1108 844 1135 addi-

49 1150 137 1177 disset
162 1159 172 1176 α
188 1156 343 1178 manentem
370 1152 396 1178 iu
416 1160 460 1182 eo,
475 1161 486 1177 η»
514 1152 581 1179 nihil
599 1153 765 1188 praecipuum
788 1161 844 1188 pra:

49 1197 162 1224 caeteris
171 1197 277 1225 habere
292 1197 440 1225 videretur.
461 1198 536 1225 Nunc
556 1203 646 1225 autern
659 1199 771 1232 addidit,
786 1209 795 1225 ι
816 1205 844 1228 et

49 1248 208 1270 manentem
226 1243 251 1270 in
270 1250 315 1276 eo,
336 1253 345 1270 ι
365 1248 393 1270 ιιι
408 1249 482 1271 esset
509 1244 560 1272 hoc
582 1245 689 1280 signum
708 1245 734 1272 in
748 1245 845 1273 Salva-

49 1291 130 1319 tore,
148 1288 222 1323 quod
245 1289 270 1314 in
289 1289 362 1316 nullo
386 1289 440 1315 alio
466 1294 556 1323 posset
576 1291 696 1318 ostendi.
716 1291 753 1318 De
770 1292 844 1320 nullo

50 1335 125 1360 enim
143 1335 275 1368 scriptum
294 1340 358 1367 est,
382 1335 444 1370 quia
467 1336 598 1363 manserit
617 1337 643 1362 in
669 1343 702 1363 eo
725 1336 843 1371 Spiritus

50 1384 179 1406 sanctus.
196 1380 228 1406 Et
247 1388 280 1408 ne
295 1381 355 1415 quis
373 1389 416 1408 me
431 1386 505 1416 ptttet
522 1381 548 1408 in
564 1381 616 1409 hoc
633 1383 765 1417 derogare
779 1391 841 1418 pro-

49 1424 154 1457 thetis,
175 1425 265 1452 sciunt
282 1426 331 1460 ipsi
352 1426 414 1461 quia
437 1434 491 1454 nou
514 1427 554 1454 eis
567 1427 679 1461 derogo,
697 1428 844 1461 pra-ferens

47 1470 90 1497 eis
122 1470 270 1497 Dotnintnn
295 1479 383 1498 metuu
412 1471 503 1499 Jesttnt
529 1472 681 1500 Christum.
711 1473 844 1501 Recolunt

45 1516 124 1542 enim
142 1516 243 1550 singuli
256 1517 328 1544 dicta
343 1525 402 1549 sua,
416 1523 442 1544 et
457 1518 598 1544 inveniunt
618 1518 688 1552 quod
713 1519 746 1546 de
770 1519 842 1546 nullo

46 1563 103 1588 alio
120 1562 226 1588 dictum
243 1568 284 1590 est
300 1564 321 1579 ³⁷
333 1584 340 1596 ,
360 1565 421 1598 quia
439 1573 449 1590 ‹
466 1570 606 1598 peccatum
626 1573 678 1590 non
706 1565 778 1598 fecit,
792 1573 842 1593 nec

46 1609 183 1634 inventus
198 1613 240 1635 est
255 1609 331 1636 dolus
352 1610 380 1635 itt
405 1617 453 1637 ore
478 1609 547 1643 cjns.
567 1620 576 1635 ι
596 1610 662 1643 Quia
681 1611 753 1637 enim
767 1611 842 1638 solus

48 1659 90 1681 est
118 1655 181 1682 sine
207 1660 328 1689 peccato.
352 1657 396 1690 qui
419 1660 559 1691 peccatum
581 1665 632 1683 non
649 1656 727 1689 fecit,
741 1657 842 1685 idcirco

50 1701 78 1727 in
93 1701 155 1736 ipso
176 1702 234 1729 solo
253 1703 353 1730 mausit
373 1708 400 1730 ct
425 1704 574 1738 permansit
588 1704 714 1737 Spiritus.
730 1705 757 1731 Si
769 1705 841 1731 enim

51 1747 110 1780 ipse
127 1753 173 1774 est
189 1749 222 1775 de
238 1755 292 1782 quo
314 1748 455 1783 singulare
478 1749 579 1783 aliquid
600 1755 626 1775 et
648 1750 778 1777 eximium
802 1751 842 1776 di-

49 1794 130 1823 citur,
147 1793 200 1820 hoc
218 1794 291 1828 quod
314 1801 395 1828 supra
415 1794 532 1821 diximus
547 1795 609 1828 qttia
624 1801 763 1828 percalluit
788 1803 841 1822 non

52 1838 127 1870 l'r-cit,
144 1844 253 1866 constat
282 1839 400 1874 reliquos
425 1846 519 1866 omnes
543 1840 630 1866 fuisse
652 1841 701 1866 sub
718 1845 841 1874 peccato.

53 1886 81 1911 Si
104 1893 202 1913 omnes
218 1905 224 1917 ,
252 1886 407 1914 necessario
434 1891 462 1913 et
483 1887 641 1921 prophetas.
658 1886 692 1913 Et
709 1887 843 1920 quotnodo

50 1932 199 1959 conveniet
212 1936 241 1959 ut
261 1937 381 1967 tempore
400 1933 504 1967 peccati
523 1932 658 1959 mansisse
674 1932 700 1959 itt
717 1932 757 1960 eis
770 1933 844 1960 dica—

52 1986 115 2005 mus
126 1978 260 2012 Spiritum
279 1984 404 2005 sanctum
419 1987 425 2004 :
442 1982 488 2004 aut
505 1977 526 2005 si
553 1977 599 2004 tibi
625 1978 784 2005 incredibile
802 1979 842 2005 vi-

51 2024 134 2051 detur
161 2024 310 2058 prophetas
332 2028 476 2058 postquam
502 2028 666 2058 acceperant
681 2023 764 2058 288
788 2024 843 2058 spi-

52 2070 136 2097 ritum
166 2071 287 2104 potuisse
308 2078 422 2104 peccare
436 2089 444 2102 ,
479 2071 512 2097 ad
536 2070 606 2097 hunc
626 2070 714 2105 ipsum
733 2070 842 2106 Moysen

51 2123 133 2150 quem
151 2116 284 2143 habemus
301 2116 326 2143 in
344 2116 470 2143 manibus
487 2120 671 2146 revertamur,
689 2116 735 2150 qui
752 2119 844 2150 utique

52 2162 189 2189 maximus
205 2166 248 2188 est
261 2166 288 2189 et
303 2162 419 2189 eximius
434 2162 642 2196 prophetarum.
669 2161 728 2195 lpse
755 2161 787 2188 de
814 2168 844 2188 se

898 234 951 260 ritu
967 235 1082 268 peccati.
1098 235 1174 268 Quod
1198 236 1221 263 si
1244 235 1394 271 Scriptum
1419 239 1574 266 testimonio
1595 244 1688 267 tantos

898 280 1030 314 propheta
1052 279 1158 316 Moyses
1178 281 1334 309 ostenditur
1351 282 1498 317 aliquando
1518 285 1646 313 habuisse
1662 286 1687 312 iu

897 331 927 351 se
943 325 1071 360 spiritum
1088 325 1147 357 Dei.
1161 325 1312 361 aliquando
1326 335 1391 356 vero
1400 336 1453 356 non
1468 329 1606 363 habuisse,
1624 339 1689 366 pec-

897 371 952 398 cati
966 370 1074 398 scilicet
1086 376 1218 406 tempore,
1233 378 1337 401 certum
1352 378 1394 402 est
1409 375 1471 409 quia
1483 379 1512 402 et
1524 375 1557 404 de
1572 376 1689 412 reliquis

897 416 1037 450 prophetis
1051 417 1152 445 similis
1168 417 1254 445 forma
1274 420 1389 446 tenenda
1407 421 1452 449 sit.
1470 420 1538 453 Quid
1556 426 1646 449 autem
1661 427 1690 450 et

897 462 930 489 de
948 461 1031 489 David
1049 463 1156 490 dicant?
1176 464 1223 498 qui
1241 472 1290 499 pro
1309 465 1412 499 Spiritu
1433 471 1539 499 sancto.
1557 472 1687 503 tauquam

896 509 942 542 qui
959 516 972 535 a
986 516 1017 536 se
1028 509 1114 544 possit
1126 509 1242 543 auferri,
1258 516 1319 538 orat
1332 519 1366 539 ne
1378 511 1518 540 auferatur
1526 518 1556 541 et
1566 514 1631 541 dicit
1644 515 1667 531 ⁸⁹
1680 524 1688 543 :

899 562 908 579 α
926 553 963 581 Ne
979 554 1107 589 projicias
1124 563 1167 583 me
1179 564 1193 582 a
1207 556 1277 584 facie
1292 561 1349 589 tua,
1366 563 1395 584 et
1412 557 1544 593 Spiritum
1561 565 1687 587 sanctum

898 604 972 626 tuum
989 607 1023 627 ne
1038 601 1147 628 auferas
1164 609 1178 628 a
1198 609 1251 629 Ine.
1268 611 1278 628 ›
1297 601 1325 629 lu
1345 603 1523 637 sequentibus
1546 611 1611 630 vero
1627 609 1688 631 tan-

896 653 979 680 quam
996 654 1045 681 pro
1065 647 1143 682 culpa
1168 648 1287 675 ablatttm
1308 656 1322 676 a
1347 657 1377 676 se
1395 657 1492 677 munus
1509 651 1626 684 reposcit
1638 670 1646 682 .
1661 655 1690 678 et

897 690 983 718 dicit:
997 701 1006 717 ‹
1025 691 1117 720 Redde
1129 693 1195 720 mihi
1209 693 1331 721 laetitiam
1346 694 1477 722 salutaris
1491 695 1542 727 tui,
1554 700 1581 722 et
1592 695 1688 730 spiritu

896 737 1040 773 principali
1054 738 1185 766 conﬁrma
1201 748 1255 767 me.
1272 749 1281 767 ι
1302 740 1373 774 Quid
1392 748 1456 768 vero
1477 741 1560 768 etiam
1584 742 1617 769 de
1641 741 1691 768 Sa-

896 783 1003 811 lomone
1022 786 1253 813 commemorem?
1278 794 1357 820 quem
1382 787 1475 821 utique
1493 795 1575 815 nemo
1593 787 1688 820 dicet,

896 835 941 856 aut
956 830 1015 857 sine
1033 830 1136 865 Spiritu
1156 837 1255 859 sancto
1271 832 1413 867 judicasse
1431 832 1546 867 judicia,
1563 834 1604 861 vel
1619 838 1690 861 tem-

896 876 968 910 plum
990 877 1104 904 Domino
1125 878 1336 911 ronstruxisse;
1357 883 1403 905 aut
1426 887 1523 906 rursus
1545 880 1572 907 in
1594 886 1690 908 sancto

897 922 1001 957 Spiritu
1019 922 1189 951 dmumaibus
1211 924 1310 959 templa
1334 925 1443 956 fecisse.
1458 931 1505 952 aut
1522 926 1613 960 impiis
1629 934 1690 953 ntu-

897 969 1009 997 lieribus
1024 969 1135 998 ﬂexisse
1151 971 1237 998 latera
1251 979 1311 999 sua.
1325 972 1411 999 Etiam
1429 972 1472 1000 ille
1485 972 1627 1007 propheta,
1641 974 1688 1008 qui

896 1015 921 1041 in
946 1016 1025 1042 tertio
1051 1016 1207 1051 Regnorum
1229 1017 1297 1044 libro
1324 1017 1348 1044 in
1372 1017 1465 1045 Bethcl
1493 1019 1651 1046 mittebatur
1671 1026 1686 1046 a

897 1062 1021 1094 Domino,
1043 1063 1070 1089 in
1090 1062 1188 1096 spiritu
1211 1064 1304 1097 utique
1332 1062 1390 1094 Dei,
1415 1063 1497 1090 verba
1511 1062 1559 1090 Dei
1582 1063 1690 1091 locutus

894 1113 936 1135 est
949 1107 971 1124 “
985 1117 992 1135 ;
1008 1115 1060 1135 non
1079 1113 1169 1135 tamen
1192 1109 1219 1136 in
1239 1109 1337 1143 spiritu
1356 1108 1402 1135 Dei
1418 1109 1615 1143 praevaricatus
1626 1116 1688 1136 esse

894 1159 1062 1188 prmceptum
1077 1153 1184 1181 Domini
1197 1155 1350 1181 credendus
1363 1159 1417 1186 est,
1431 1162 1485 1189 quo
1496 1154 1589 1188 jussus
1602 1155 1690 1182 fuerat

897 1206 950 1226 non
966 1199 1131 1226 manducare
1147 1207 1243 1233 panem
1267 1200 1293 1226 in
1318 1199 1425 1232 Bethel,
1444 1204 1555 1234 propter
1570 1200 1642 1235 quod
1660 1204 1688 1227 et

895 1252 909 1271 a
926 1245 1003 1272 leone
1021 1245 1164 1279 perimitur
1180 1246 1213 1272 “.
1232 1245 1285 1273 Sed
1312 1245 1421 1280 longum
1441 1251 1481 1273 est
1503 1247 1542 1273 ire
1565 1252 1614 1280 per
1634 1246 1689 1273 sin-

894 1289 981 1325 gulos.
1004 1290 1060 1325 Ego
1077 1295 1168 1318 autent
1185 1291 1248 1317 licet
1266 1299 1318 1318 non
1343 1299 1539 1326 usquequaque
1566 1299 1688 1326 pronun-

896 1336 959 1362 tient
971 1356 978 1368 ,
996 1342 1062 1370 pttto
1080 1341 1169 1364 tamen
1188 1337 1259 1371 quod
1286 1337 1340 1364 sint
1365 1337 1496 1364 nonnulla
1518 1338 1600 1365 etiam
1614 1345 1689 1365 com-

896 1382 1019 1408 munium
1047 1381 1190 1409 hominum
1208 1387 1294 1417 gesta,
1309 1390 1370 1416 quae
1383 1383 1508 1416 quamvis
1522 1387 1634 1417 peccato
1645 1390 1689 1410 ca-

896 1431 983 1459 reant,
999 1418 1158 1454 non'tamcn
1174 1427 1254 1463 digna
1277 1428 1422 1454 videantur
1438 1428 1537 1462 quibus
1555 1428 1688 1457 interesse

895 1477 1021 1507 putemus
1037 1473 1167 1507 Spiritum
1184 1478 1319 1500 sanctum.
1346 1473 1378 1501 Ut
1407 1473 1482 1501 verbi
1504 1474 1592 1509 gratia
1610 1474 1687 1501 dixe-

896 1517 958 1548 rim.
974 1517 1109 1544 connubia
1124 1517 1233 1551 quidem
1249 1518 1366 1552 legitima
1387 1522 1482 1546 carent
1496 1518 1604 1553 quidem
1623 1526 1688 1553 pec—

896 1567 957 1589 cato
972 1583 980 1596 ,
1008 1570 1057 1589 nec
1074 1566 1164 1589 tamen
1190 1568 1311 1597 tempore
1328 1563 1372 1590 illo
1389 1562 1447 1598 (75)
1462 1570 1515 1596 quo
1529 1562 1687 1598 coniugales

894 1613 972 1636 actus
999 1614 1133 1642 geruntur
1153 1609 1296 1642 praesentia
1317 1609 1404 1635 sancti
1432 1608 1551 1642 Spiritus
1565 1608 1686 1640 dabitur.

893 1654 1002 1681 etiamsi
1024 1654 1156 1688 propheta
1172 1661 1232 1681 esse
1249 1654 1384 1687 videatur,
1401 1654 1446 1689 qui
1464 1654 1553 1681 oﬂicio
1567 1661 1683 1688 genera-

895 1699 977 1728 tionis
991 1700 1166 1734 obsequitur.
1184 1700 1236 1727 Sed
1250 1704 1277 1726 et
1291 1701 1342 1727 alia
1359 1700 1434 1734 plura
1457 1706 1530 1730 sunt.
1544 1700 1570 1726 in
1585 1700 1685 1734 quibus

894 1745 993 1776 sollicit
1007 1746 1065 1773 sola
1079 1746 1119 1773 vis
1136 1746 1266 1777 lntmana,
1289 1751 1317 1772 et
1337 1753 1424 1780 neque
1443 1753 1486 1772 res
1511 1745 1626 1780 indiget,
1641 1752 1688 1771 ne-

894 1799 947 1826 que
963 1792 1041 1819 decet
1057 1792 1153 1819 adesse
1176 1791 1348 1826 pnesentiam
1376 1791 1495 1826 Spiritus
1517 1791 1616 1818 sancti.
1633 1790 1687 1818 Sed

895 1838 920 1863 in
945 1837 1002 1864 haec
1027 1844 1076 1871 per
1099 1844 1243 1864 excessum
1259 1837 1406 1871 quemdam
1424 1836 1601 1867 incurrimus,
1622 1835 1686 1862 dum

895 1883 1039 1911 ostendere
1052 1883 1188 1915 volumus,
1205 1890 1286 1917 super
1302 1882 1390 1909 solum
1412 1881 1568 1913 Dominum,
1583 1886 1610 1908 et
1626 1881 1688 1908 Sal-

895 1935 1017 1957 vatorem
1040 1937 1128 1956 meum
1144 1928 1236 1956 Jesum
1264 1929 1400 1956 mansisse
1425 1935 1533 1962 seraper
1558 1928 1686 1962 spiritum

897 1976 954 2009 Dei,
970 1976 996 2003 in
1015 1975 1124 2004 caeteris
1147 1979 1238 2002 autem
1258 1974 1386 2001 omnibus
1402 1974 1517 2006 sanctis.
1534 1979 1561 2001 et
1577 1975 1647 2001 sicut
1659 1974 1685 2001 iu

897 2022 1072 2057 Septuaginta
1103 2020 1267 2053 Senioribus,
1283 2027 1297 2046 a
1315 2019 1414 2054 quibus
1436 2020 1510 2047 verbi
1530 2019 1609 2053 hujus
1625 2026 1687 2053 pro-

895 2068 976 2094 cessit
999 2066 1153 2099 exordium,
1170 2065 1336 2100 requievisse
1358 2070 1461 2092 tantum
1481 2065 1607 2100 spiritum
1628 2064 1685 2096 Dei.

896 2118 923 2140 et
936 2117 1077 2147 operatum
1094 2119 1154 2139 esse
1169 2112 1194 2138 iu
1215 2117 1337 2146 tempore
1352 2119 1395 2142 eo.
1410 2119 1464 2146 quo
1477 2112 1640 2145 expediebat.
1654 2111 1687 2137 iis

896 2167 945 2193 per
962 2166 1029 2193 quos
1053 2158 1231 2192 operabatur,
1254 2162 1281 2185 et
1306 2157 1370 2185 utile
1385 2162 1445 2185 erat
1469 2158 1511 2190 iis,
1524 2158 1622 2192 quibus
1637 2158 1687 2185 Ini.

51 2208 159 2240 scribit,
175 2213 203 2234 et
214 2208 399 2234 testimonium
414 2207 459 2234 dat
475 2207 509 2234 de
523 2207 680 2241 semetipso.
700 2207 762 2241 quia
783 2214 843 2241 pec-
860 2210 880 2237 Β
897 2204 1075 2231 nistrabatnr.

49 2255 155 2281 caverit
177 2254 203 2280 in
223 2261 255 2280 eo
269 2261 324 2289 quo
339 2254 408 2280 dixit
424 2253 447 2269 ⁸⁸
465 2261 473 2279 :
489 2262 498 2278 ε
514 2252 612 2279 Audite
628 2259 681 2285 tne,
700 2251 840 2279 increduli.

51 2299 179 2336 Nunquid
200 2300 234 2327 de
255 2305 330 2335 petra
356 2301 407 2327 ista
431 2299 583 2334 producere
600 2299 677 2325 vobis
695 2298 843 2332 poterimus

51 2349 170 2383 aquam?
190 2358 199 2374 ι
217 2348 244 2375 lu
259 2349 293 2375 iis
306 2348 377 2375 enim
396 2348 478 2375 dictis
492 2355 544 2374 non
557 2347 741 2375 sauctilieavit
755 2347 843 2373 Domi-

52 2404 114 2422 num
130 2396 158 2422 in
177 2403 246 2429 aqua
260 2394 485 2422 contradictionis
508 2403 514 2420 :
537 2394 562 2420 id
580 2398 632 2424 est,
649 2400 702 2419 non
718 2396 759 2419 est
778 2392 843 2418 ﬁsus

52 2442 76 2468 in
97 2442 201 2468 virtute
228 2441 285 2472 Dei,
302 2446 329 2468 et
346 2447 398 2467 non
414 2440 500 2472 dixit,
514 2439 577 2474 quia
597 2443 695 2472 potens
710 2443 751 2465 est
773 2437 843 2464 Deus

52 2490 83 2514 de
99 2493 178 2523 petra
198 2489 249 2514 hac
263 2487 379 2514 educere
396 2487 473 2514 vobis
496 2493 593 2520 aquam
608 2504 615 2516 ,
638 2486 686 2511 sed
710 2484 786 2519 quasi
809 2491 843 2510 ex

53 2534 211 2561 diﬂideutize
224 2533 364 2567 cujusdam
382 2532 531 2568 fragilitate
559 2531 708 2566 respondit,
725 2531 819 2557 dicens
834 2537 842 2555 :

55 2590 63 2606 ι
82 2581 212 2615 Nunquid
229 2580 380 2614 poterimus
402 2581 479 2607 vobis
500 2580 534 2607 de
556 2585 633 2613 petra
656 2577 706 2604 hac
727 2577 844 2604 educere

53 2627 173 2662 aquam?
191 2636 200 2652 ι
221 2626 290 2660 Quia
308 2634 373 2662 ergo
389 2630 532 2661 peccaturo
548 2625 573 2652 ei
592 2625 618 2652 in
635 2623 669 2650 iis
690 2622 782 2650 verbis
801 2629 844 2648 re-

53 2679 165 2707 putatur
180 2680 194 2699 a
210 2672 282 2704 Deo,
297 2677 402 2699 certum
419 2676 461 2699 est
482 2671 554 2706 quod
570 2670 628 2698 haec
642 2676 704 2696 cum
718 2668 844 2702 loquere-

87 2731 202 2793 “;oan.
217 2739 238 2763 ἰ,
254 2732 299 2759 55.
352 2731 373 2746 ³⁷
390 2730 441 2758 lsa.
458 2737 515 2763 LIII,
534 2730 561 2758 9.
600 2729 622 2745 ⁸⁸
636 2727 715 2756 Num.
730 2735 777 2759 xx,
795 2725 838 2752 10.

87 2776 102 2793 Ι.
138 2787 144 2793 .

55 2775 102 2797 ΧΗ,
116 2775 144 2793 Σ.

90 2814 148 2847 (⁸75)
173 2812 272 2839 Carent
295 2810 400 2847 quidem
423 2815 548 2847 peccato.
563 2817 608 2836 nec
622 2812 710 2847 tamenn
729 2811 843 2840 (corpore

56 2843 112 2880 ma.
127 2843 182 2876 etc.
199 2847 269 2875 llinc
284 2843 310 2874 iu
327 2843 471 2874 libello'De
482 2846 599 2873 oratione
618 2844 669 2872 sub
685 2843 765 2871 ﬁnem
779 2849 843 2869 sua-

352 2731 373 2746 “
390 2730 441 2758 lsa.
458 2737 515 2763 LIII,
534 2730 561 2758 9.

932 2250 958 2277 4.
973 2250 1025 2277 Sed
1039 2255 1066 2277 et
1089 2249 1114 2276 in
1134 2249 1362 2283 consequentibus
1384 2249 1507 2275 continet
1528 2249 1606 2276 lectio
1626 2256 1686 2283 quas

898 2297 1007 2323 recitata
1041 2301 1103 2328 et,
1129 2297 1202 2329 quod
1225 2295 1331 2329 Moyses
1359 2295 1555 2329 Aﬁthiopissam
1578 2295 1685 2321 duxerit

897 2341 1149 2374 uxoreut,etMaria
1160 2346 1243 2375 atque
1258 2342 1348 2368 Aaron
1365 2340 1532 2367 detraxerint
1546 2340 1579 2367 de
1595 2339 1686 2375 Moyse

896 2395 946 2414 cur
961 2387 1161 2421 Aﬁthiopissarn
1179 2387 1298 2417 duxerit,
1324 2391 1351 2413 et
1377 2386 1452 2413 aiunt
1465 2385 1487 2401 δ’
1505 2393 1512 2411 :
1531 2395 1540 2411 ‹
1558 2385 1684 2420 Nunquid

897 2433 948 2460 soli
964 2432 1047 2468 Moysi
1063 2432 1168 2459 loettttts
1183 2437 1223 2459 est
1238 2432 1388 2459 Dominus?
1402 2431 1497 2458 Nonne
1516 2435 1542 2458 et
1555 2431 1632 2458 nobis
1650 2432 1687 2457 lo-

896 2484 975 2506 cutus
991 2478 1053 2506 est?
1067 2478 1100 2505 Et
1114 2478 1235 2511 audivit,
1262 2478 1347 2512 inquit
1360 2497 1367 2508 ,
1393 2477 1532 2504 Dominus.
1551 2485 1558 2501 I
1574 2475 1605 2502 Et
1623 2481 1685 2509 post

897 2525 954 2552 lucc
967 2524 1046 2558 jubet
1061 2531 1108 2551 eos
1125 2523 1201 2551 exire
1226 2523 1259 2550 ad
1286 2522 1490 2550 tabernaculum
1517 2520 1684 2553 testimonii,

896 2575 978 2605 atque
1004 2569 1040 2597 ibi
1062 2569 1165 2605 judicio
1190 2569 1306 2604 quodam
1324 2568 1416 2595 habito
1432 2567 1541 2602 leprosa
1568 2565 1685 2593 eﬂieitur

896 2617 980 2644 Maria
1005 2624 1090 2651 usque
1111 2616 1145 2643 ad
1171 2622 1276 2643 certum
1296 2620 1421 2649 tempus,
1442 2617 1469 2641 et.
1484 2613 1526 2641 sic
1541 2618 1686 2640 revocatur

897 2664 930 2690 ad
947 2667 1050 2690 castra.
1068 2661 1147 2694 Quod
1160 2665 1190 2688 ut
1207 2660 1426 2696 compendiosius
1440 2659 1616 2694 explicemus,
1629 2657 1685 2685 Ma-

901 2723 922 2738 ³⁹
935 2720 1047 2751 Psa|.I.I,
1065 2718 1109 2747 1'5.
1147 2718 1170 2734 ‘°
1186 2718 1218 2746 ΙΙΙ
1234 2718 1300 2752 Reg.
1318 2725 1377 2745 ιιιι.
1415 2716 1437 2732 ⁸¹
1458 2716 1524 2744 ibid.
1562 2715 1586 2732 “
1604 2715 1684 2743 Nutu.

897 2804 943 2832 det
957 2809 985 2830 ut
1002 2803 1079 2829 locus
1093 2801 1136 2828 ubi
1155 2799 1344 2836 conjttgalibus
1363 2799 1468 2827 actibus
1486 2798 1566 2826 datur
1582 2804 1662 2832 opera
1674 2817 1683 2831 ,

897 2839 1012 2866 orationi
1029 2845 1080 2865 nou
1096 2837 1247 2871 deputetur.
