1886 3051
214 132 264 158 till

219 190 292 216 riam
309 187 426 214 dicimus
439 186 554 213 formam
570 185 696 213 halmisse
711 186 796 220 plebis
809 186 922 221 prioris;
936 185 1008 221 Moy-

219 243 284 266 sen,
300 235 325 260 id
344 238 386 260 est
416 233 499 266 legem
524 232 627 258 Domini
644 233 776 260 transisse
796 233 828 260 ad
843 233 1006 259 commbium

218 279 395 314 Ethiopissa:
412 277 494 311 hujus
506 284 566 311 qua:
586 285 620 304 ex
633 278 762 312 gentibus
775 283 938 313 congregata
953 282 1005 305 est.

217 325 297 353 ilanc
315 333 379 361 ergo
400 326 516 361 Moyses.
542 325 568 364 id
596 330 653 357 est,
680 325 722 352 lc:
746 325 877 359 spiritalis
903 325 1008 359 accepit

224 380 336 399 uxorem
356 380 361 399 :
379 377 405 398 et
420 380 468 406 pro
493 372 544 400 hoc
565 372 636 399 facto
652 371 734 398 Maria
746 391 754 403 ,
772 379 832 405 qua:
847 379 917 398 nunc
931 379 1008 407 syna-

218 424 286 452 goga
305 422 357 450 est,
379 418 547 452 indignatur,
568 424 595 444 et
615 418 743 448 detrahit,
761 425 813 444 tina
829 425 890 444 eum
904 417 1006 450 Aaron,

217 471 279 490 cum
303 464 495 492 sacerdotibus
521 464 630 492 scilicet
653 468 681 491 et
706 463 861 491 Pharis-eis.
892 463 1009 499 Derogat

217 517 283 544 ergo
299 517 384 543 usque
405 511 431 537 in
451 511 614 538 hodiernum
643 510 725 545 Moysi
753 510 893 538 nobiscum
918 511 1007 544 posito

216 555 294 588 plebs
315 556 379 589 illa,
398 562 425 583 et
445 561 523 591 turpe
549 557 573 584 ei
595 556 700 583 videtur
714 577 721 588 ,
736 556 799 591 quia
823 556 1008 584 circumcisio-

217 609 279 628 uem
294 603 387 629 carnis
401 610 453 629 non
472 603 551 630 docet
563 603 631 636 apud
648 609 707 634 nos,
726 609 775 629 nec
788 601 1006 630 observationem

214 646 342 680 Sabbati,
365 656 414 676 nec
434 648 608 681 Neomenite,
634 656 683 676 nec
702 649 837 676 sacriﬁcia
854 650 1005 684 sanguinis,

214 694 264 720 sed
291 694 530 721 circumcisionetn
556 695 647 722 cordis
663 715 670 726 ,
695 700 722 722 et
744 695 873 729 peccandi
897 696 1005 729 otium,

218 739 332 774 diesque
348 740 433 768 festos
450 741 475 767 in
491 742 595 776 azymis
611 742 777 769 sinceritatis
789 747 815 769 et
828 742 964 775 veritatis,
980 747 1007 770 et.

215 786 351 814 sacriﬁcia
363 787 460 820 laudis,
475 793 501 815 et
517 796 569 814 non
581 787 635 822 jam
653 789 798 822 pecudum.
815 790 863 816 sed
878 789 1004 817 vitiorum

215 832 281 858 cardi
298 832 423 859 victimas
448 838 550 860 mouet.
571 833 680 860 Judicat
705 841 769 869 ergo
786 835 818 862 de
831 835 864 862 iis
882 836 962 868 Deus,
979 839 1007 863 et

216 878 328 911 nuptias
344 876 519 912 Aitliiopissze
536 880 682 906 continuat
699 888 706 906 :
724 885 751 907 et
766 880 876 915 Moysen
896 881 1005 916 quidem

215 923 335 951 libenter
348 932 409 951 cum
423 932 456 951 ea
471 925 593 952 habitare
605 925 680 958 sinit,
697 933 729 953 ac
743 927 913 961 requiescere
930 937 937 954 :
951 927 1007 955 Ma-

216 970 286 996 riam
308 977 372 997 vero
394 969 469 1003 ejiril
489 976 566 998 extra
585 976 686 1003 castra,
705 977 731 999 et
747 980 828 1007 porro
842 973 906 1000 facit
922 981 937 1001 a
964 978 1005 1001 ta-

214 1015 363 1042 bernaculo
377 1016 536 1048 testimonii,
549 1024 608 1043 cum
622 1025 674 1052 qua
688 1018 797 1052 ejicitur
808 1019 890 1046 etiam
903 1019 1004 1047 Aaron.

212 1061 327 1095 Insuper
351 1065 440 1088 autem
468 1067 494 1088 et
521 1062 628 1096 leprosa
653 1063 768 1091 edicitur
786 1063 881 1092 Maria.
907 1065 1006 1100 Aspice

214 1114 287 1134 nunc
311 1108 344 1133 ad
371 1107 444 1134 illam
469 1107 593 1142 plebem.
610 1114 638 1135 et
652 1109 715 1136 vide
734 1114 835 1143 quattta
857 1110 884 1136 in
905 1103 1006 1138 illa‘est

214 1152 286 1186 lepra
312 1152 427 1186 peccati,
453 1157 554 1186 quanta
585 1153 771 1188 intelligentiae
786 1154 882 1189 caligo,
902 1161 1004 1190 quanta

212 1198 393 1225 observantiae
416 1197 537 1231 fteditas,
557 1204 658 1233 quanta
677 1200 818 1234 turpitudo
829 1206 1004 1235 conspectus.

214 1243 409 1272 Verumtamen
436 1245 495 1272 lucc
519 1245 593 1279 lepra
620 1253 674 1272 non
695 1250 827 1280 perpetuo
844 1252 1004 1280 permanet,

211 1288 260 1314 sed
277 1287 321 1314 tibi
339 1289 491 1322 septimana
509 1288 639 1323 compleri
666 1290 781 1324 coeperit
803 1292 908 1323 mundi,
928 1299 1006 1320 revo-

211 1333 321 1361 cabitur
335 1334 368 1360 ad
385 1337 486 1360 castra.
514 1334 541 1360 In
560 1335 613 1361 line
633 1334 706 1361 enim
724 1335 816 1362 mundi
833 1343 894 1363 cum
915 1337 1004 1372 pleni-

213 1379 279 1406 tudo
301 1379 422 1414 gentium
439 1379 586 1412 introierit,
613 1385 678 1407 tunc
700 1381 782 1407 etiam
807 1383 897 1409 omnis
922 1383 1005 1411 Israel

212 1424 365 1452 salvabitur
379 1424 413 1458 “,
429 1430 455 1452 et
472 1430 536 1453 tttnc
553 1430 596 1453 est
612 1433 674 1453 cum
689 1426 808 1454 cessabit
825 1428 897 1463 lepra
913 1429 946 1456 de
963 1429 1004 1456 fa-

213 1471 256 1498 cie
267 1470 360 1499 Maria:
379 1480 385 1498 :
406 1472 521 1506 recipiet
537 1473 609 1500 enim
630 1473 714 1501 decus
739 1474 814 1508 ﬁdei,
832 1479 860 1502 et
879 1475 1005 1509 splendo-

211 1525 271 1544 rem
283 1517 383 1545 Cbristi
400 1518 549 1553 agnitionis
560 1520 685 1555 accipiet,
700 1524 726 1546 ct
742 1521 901 1548 restituetur
913 1521 1002 1549 vultus
1019 1537 1044 1568 ο

211 1563 281 1598 ejus,
302 1571 364 1590 cum
386 1564 434 1591 flet
459 1570 573 1600 uterque
589 1574 661 1593 unus
680 1575 756 1602 grex,
773 1571 800 1594 et
811 1575 881 1595 unus
899 1572 1001 1602 pastor.

211 1609 239 1636 ln
255 1617 308 1644 quo
322 1617 386 1637 vere
405 1610 550 1638 dicendum
568 1618 610 1640 est
629 1612 652 1628 ιδ
667 1622 674 1640 :
699 1622 708 1638 ι
723 1613 745 1641 0
760 1613 876 1640 altitudo
895 1614 1005 1641 divitia-

212 1663 273 1682 rum
289 1657 439 1690 sapientiae,
456 1662 483 1684 et
497 1658 619 1686 scientia:
639 1659 697 1691 Dei,
719 1669 728 1684 ι
746 1660 792 1694 qui
810 1661 846 1686 ita
868 1660 1006 1688 conclusit

211 1708 307 1728 omnes
325 1702 376 1729 sub
396 1707 533 1736 peccato,
563 1708 593 1730 ut
622 1705 750 1732 onmibus
784 1706 948 1733 misereatur
977 1707 1003 1733 iu

211 1745 321 1773 Christo
336 1745 400 1773 Jcsu
424 1747 538 1774 Domino
553 1753 657 1781 nostro,
677 1750 720 1776 cui
744 1755 786 1777 est
801 1750 887 1785 gloria
912 1751 938 1778 in
953 1758 1004 1779 sa:-

208 1792 270 1819 cula
284 1793 457 1821 szeculorum.
475 1795 574 1822 Amen.

447 1852 534 1888 239
549 1852 689 1881 llOtlllJA
708 1853 763 1882 vu.

208 1898 325 1925 lim-sunt
339 1898 370 1925 de
381 1898 560 1933 fElhiopissa,
572 1904 602 1937 _et
625 1900 657 1926 de
668 1899 748 1937 _l_epra
778 1900 874 1929 Marii]:
885 1909 944 1937 qua!
958 1910 1004 1928 su-

518 1935 652 1969 perfuerat
667 1935 701 1962 “.

242 1981 323 2008 Sicut
343 1981 488 2016 Apostolus
512 1980 581 2008 dicit
593 1981 627 2014 ⁸⁸,
647 1990 656 2007 ι
673 1981 736 2008 Haec
758 1989 849 2008 ouuua
867 1982 893 2009 in
918 1982 1003 2017 ﬁgura

209 2027 406 2061 contingebant.
419 2027 483 2060 illis,
497 2027 599 2061 scripta
616 2032 680 2054 sunt
696 2032 787 2055 autem
806 2033 916 2063 propter
933 2036 1004 2055 com-

210 2071 388 2098 monitionem
403 2076 525 2098 nostram
541 2079 549 2097 :
571 2081 580 2097 ι
602 2079 695 2106 quaero
706 2072 770 2107 quid
782 2073 1004 2100 conuuonitionis

210 2117 376 2152 accipiamus
401 2125 434 2145 ex
457 2125 489 2145 co
506 2117 577 2152 quod
599 2117 699 2145 lectqu
722 2123 763 2145 cst
777 2119 864 2152 nobis,
880 2119 943 2153 quia
957 2120 999 2146 de-

210 2168 354 2190 traxerunt
366 2164 458 2190 Aaron
473 2168 500 2190 et
512 2162 595 2190 Maria
614 2165 648 2191 de
662 2163 763 2199 Moyse,
778 2170 805 2192 et
822 2169 934 2199 propter
950 2165 1002 2192 hoc

966 127 1126 154 ORIGENIS

1784 132 1822 159 612

1023 187 1047 216 Α
1062 185 1117 212 veri
1135 185 1268 218 videmus,
1289 190 1316 213 et
1335 185 1427 214 dicere
1439 186 1462 202 ‘7
1479 196 1486 215 :
1505 197 1514 213 ι
1534 187 1636 216 Sedens
1652 189 1774 218 adversus
1784 192 1822 218 fra-

1061 237 1129 259 trem
1157 236 1231 258 tuum
1261 232 1436 265 detrahebas,
1449 237 1478 260 et
1501 234 1633 262 adversus
1650 235 1734 263 ﬁlium
1750 239 1822 267 matris

1060 282 1111 304 ture
1125 278 1246 311 ponebas
1265 278 1437 306 scandalum.
1461 288 1470 304 ι
1495 279 1628 307 Similiter
1652 287 1742 308 autem
1762 287 1784 309 et
1803 283 1823 310 in

1059 322 1111 349 alio
1130 323 1234 358 psalmo
1250 332 1282 351 ex
1295 331 1412 357 persona
1424 324 1490 358 justi
1506 325 1618 354 scientis
1633 326 1685 355 bne
1698 327 1749 354 Deo
1761 334 1822 362 quam

1059 369 1178 396 maxime
1208 370 1353 404 displicere
1380 370 1479 398 dicitur
1489 371 1533 398 "z
1554 381 1562 397 ι
1586 372 1768 400 Detrabcntcm
1789 382 1823 401 oc-

1058 415 1130 443 culte
1144 416 1276 444 adversus
1294 417 1448 451 proximum
1475 425 1554 445 suum
1578 420 1764 455 persequebar.
1776 430 1784 446 ι
1795 421 1823 448 Et

1060 461 1091 490 iis
1109 462 1192 497 igitur
1211 462 1338 490 omnibus
1368 463 1468 490 divinae
1489 463 1639 499 Scriptum
1661 467 1823 499 sermonibus,

1059 508 1131 535 velut
1140 508 1235 544 gladiis
1247 508 1408 543 quibusdam
1423 510 1551 545 utrinque
1563 511 1662 543 acutis,
1676 512 1822 542 obtrectandi

1059 552 1200 585 fratribus,
1229 558 1256 580 et
1272 554 1422 588 derogandi
1450 555 1555 582 Sanctis
1567 555 1662 583 vitium
1680 563 1822 586 resecenius.

1057 598 1143 633 Lepra
1164 599 1235 625 enim
1257 599 1437 634 consequitur
1463 600 1626 634 derogantes
1644 607 1671 629 et
1691 604 1822 639 cat-elogiis.

1058 645 1083 672 id
1099 650 1152 678 est,
1167 645 1346 680 maleloquos.
1363 645 1427 674 Post
1445 646 1502 674 haec
1515 651 1606 674 autem
1619 655 1635 674 ιι
1653 649 1788 676 moralibus
1799 651 1823 676 ad

1058 692 1266 724 intelligentiam
1290 692 1433 727 mysticam
1457 697 1638 721 transeamus.
1667 694 1786 727 Quamvis
1803 701 1823 722 et

1057 738 1083 765 in
1105 739 1247 773 superiore
1273 743 1390 765 tractatu
1414 747 1499 774 pauca
1511 740 1568 774 jam
1584 740 1656 768 dicta
1673 741 1737 774 sint,
1752 746 1823 770 tamen

1056 791 1116 819 quae
1136 783 1255 811 defuisse
1287 784 1421 815 videntur,
1451 785 1592 812 addemus.
1617 786 1758 814 Videamus
1773 795 1825 822 ergo

1057 830 1119 864 quis
1130 833 1171 856 est
1185 829 1232 863 qui
1253 829 1366 865 derogat
1385 830 1483 865 Moysi,
1498 831 1558 865 quis
1572 831 1605 858 de
1626 839 1659 859 eo
1677 833 1746 860 male
1757 832 1826 868 loqui-

1023 869 1042 896 Β
1059 880 1112 903 tur.
1129 874 1187 902 Non
1200 874 1287 902 solum
1304 875 1401 910 Juda'i,
1417 876 1463 904 sed
1481 881 1508 904 et
1524 876 1658 909 haeretici,
1677 879 1723 912 qui
1737 887 1781 906 non
1794 886 1826 906 re-

1057 921 1160 956 cipiunt
1176 921 1259 956 legem
1275 926 1302 949 et
1313 922 1469 957 prophetas,
1482 923 1566 950 etiam
1578 923 1627 957 ipsi
1645 923 1784 951 detrahunt
1800 925 1827 951 de

1057 967 1158 1003 Moyse.
1173 966 1292 1002 Denique
1303 967 1393 995 solent
1408 967 1433 995 ei
1452 968 1534 995 etiam
1562 969 1665 996 crimen
1686 969 1825 1004 ittlpiugrre,

1057 1015 1189 1046 dicentes,
1206 1014 1269 1048 quia
1289 1013 1426 1041 homicida
1439 1014 1489 1042 fuit
1502 1014 1826 1050 Moyses,iuterfecitenim

1056 1060 1232 1096 {Egyptiumz
1249 1065 1276 1088 et
1291 1059 1343 1087 alia
1357 1060 1452 1094 multa,
1466 1060 1508 1088 vel
1528 1061 1554 1088 in
1569 1061 1667 1096 ipsum,
1686 1063 1727 1089 vel
1742 1063 1764 1088 in
1779 1069 1828 1097 pro-

1057 1108 1151 1143 phetas
1176 1108 1337 1142 blaspheme
1359 1115 1407 1135 ore
1429 1108 1606 1136 concinnant.
1627 1108 1675 1136 Isti
1701 1117 1762 1144 ergo
1775 1108 1826 1142 quia

1056 1154 1205 1181 detralmnt
1231 1154 1327 1189 Moysi,
1355 1154 1456 1182 habent
1477 1154 1581 1190 lepram
1600 1155 1625 1182 in
1644 1155 1734 1182 anima
1754 1158 1828 1182 suaet

1057 1204 1119 1227 sunt
1136 1200 1162 1227 in
1184 1201 1293 1227 homine
1309 1201 1441 1228 interiore
1463 1201 1573 1235 lcprosi,
1593 1206 1620 1228 et
1636 1201 1698 1229 idco
1713 1201 1829 1229 habentur

1056 1250 1132 1273 extra
1148 1251 1238 1273 castra
1259 1246 1389 1273 Ecclesia:
1403 1246 1461 1273 Dei.
1479 1246 1544 1274 Sive
1572 1254 1637 1282 ergo
1652 1246 1770 1274 haeretici
1786 1246 1830 1272 sint

1056 1291 1102 1324 qui
1118 1291 1248 1325 derogant
1274 1290 1371 1326 Moysi,
1389 1291 1446 1318 sive
1462 1291 1495 1318 de
1519 1291 1640 1318 Ecclesia
1665 1291 1721 1317 sint
1736 1289 1777 1324 qui
1791 1289 1829 1315 de-

1057 1336 1169 1363 tralnmt
1192 1337 1332 1370 fratribus,
1349 1342 1376 1364 et
1398 1336 1468 1364 male
1492 1336 1642 1371 loquuntur
1662 1337 1697 1364 de
1716 1334 1831 1371 proximis

1057 1382 1123 1414 suis,
1143 1390 1238 1410 onmes
1253 1384 1298 1418 qui
1314 1383 1366 1411 hoc
1374 1384 1440 1410 vitio
1457 1389 1580 1418 aguntur,
1596 1383 1772 1411 dubitandum
1787 1388 1830 1408 non

1057 1433 1099 1455 est
1110 1428 1173 1462 quin
1188 1428 1285 1462 leprosi
1299 1428 1354 1456 sint
1366 1429 1392 1455 in
1406 1429 1495 1455 anima
1507 1436 1570 1455 sua.
1587 1428 1620 1455 Et
1636 1428 1721 1456 Maria
1738 1428 1830 1462 quidem

1057 1474 1255 1501 interveniente
1270 1474 1361 1502 Aaron
1376 1473 1503 1509 pontifice
1519 1473 1634 1508 Septima
1654 1474 1700 1501 die
1714 1478 1830 1500 curatur:

1059 1528 1108 1548 nos
1139 1528 1202 1547 vero
1221 1520 1243 1547 si
1275 1520 1483 1547 obtrectationis
1517 1519 1584 1547 vitio
1609 1519 1786 1546 inciderimus
1811 1518 1831 1544 in

1057 1565 1277 1600 animmlepram,
1298 1571 1383 1598 usque
1400 1564 1434 1591 ad
1453 1564 1533 1590 ﬁnem
1561 1563 1722 1598 septimanae
1743 1561 1831 1591 mutuli.

1057 1611 1083 1639 id
1100 1615 1153 1643 est,
1171 1617 1258 1645 usque
1277 1610 1311 1638 ad
1342 1609 1553 1637 resurrectionis
1572 1613 1680 1642 tempus
1707 1607 1797 1642 leprosi
1810 1606 1832 1633 in

1056 1658 1147 1685 anima
1168 1657 1388 1692 permanebimus
1408 1655 1476 1692 (76),
1500 1661 1528 1683 et
1547 1655 1680 1683 immttudi
1697 1664 1704 1682 :
1719 1655 1767 1682 nisi
1780 1653 1831 1680 dum

1055 1704 1204 1740 pmnitendi
1221 1708 1328 1738 tempus
1340 1708 1392 1735 est,
1405 1703 1587 1737 corrigamur,
1606 1706 1635 1729 et
1657 1700 1780 1728 conversi
1806 1698 1832 1724 ad

1058 1751 1201 1778 Dominunt
1221 1749 1325 1783 Jesum,
1349 1756 1380 1776 ac
1399 1749 1584 1784 supplicantes
1604 1748 1627 1775 ei
1649 1755 1699 1782 per
1712 1747 1833 1782 poeniten-

1058 1797 1123 1824 tiam
1142 1803 1289 1830 purgentur
1313 1794 1347 1821 ab
1375 1794 1546 1821 imutunditia
1559 1793 1640 1827 lepra:
1656 1796 1766 1819 uostrw.
1788 1790 1833 1824 Eg"

1057 1847 1148 1868 autem
1163 1844 1228 1875 puto
1240 1839 1312 1874 quod
1328 1846 1379 1865 non
1392 1838 1465 1865 solus
1477 1837 1521 1864 illc
1531 1836 1645 1872 populus
1661 1837 1745 1871 prior,
1759 1840 1834 1868 neque

1056 1887 1106 1914 soli
1128 1886 1267 1917 haeretici,
1285 1885 1318 1912 de
1341 1884 1440 1919 quibus
1459 1891 1541 1919 supra
1567 1880 1835 1911 memoravimus,dc-

1058 1934 1170 1961 trahunt
1193 1932 1226 1959 de
1255 1931 1363 1966 Moyse;
1392 1931 1439 1958 sed
1454 1936 1482 1958 et
1500 1930 1589 1957 omnis
1603 1929 1649 1962 qui
1670 1928 1771 1962 scripta
1786 1924 1835 1957 eius

1057 1979 1127 2006 male
1143 1978 1281 2012 intelligit,
1298 1977 1383 2014 etqui
1412 1975 1562 2011 spiritalem
1589 1975 1675 2009 legem
1702 1971 1835 1999 carnaliter

1057 2026 1180 2059 suscipit,
1196 2023 1281 2059 Moysi
1295 2025 1416 2058 derogat,
1429 2023 1491 2056 quia
1507 2021 1539 2049 de
1557 2020 1646 2047 verbis
1666 2019 1775 2054 spiritus
1786 2023 1836 2043 car-

1057 2072 1155 2099 naliter
1173 2071 1297 2098 homines
1308 2070 1396 2097 docet.
1410 2068 1532 2097 Audistis
1544 2067 1608 2102 quid
1623 2067 1675 2093 sibi
1690 2064 1781 2100 judicii
1795 2062 1834 2087 ob-

1056 2121 1221 2144 trectatores
1239 2120 1266 2142 et
1288 2114 1447 2149 maleloqni,
1463 2119 1491 2140 et
1509 2112 1574 2147 quid
1596 2109 1780 2138 damnationis
1800 2114 1836 2133 ac-

1055 2164 1166 2197 quiraut
1179 2170 1185 2188 :
1200 2162 1291 2188 audite
1320 2168 1390 2187 nttuc
1416 2164 1442 2187 et
1456 2164 1587 2194 quanttttu
1605 2157 1731 2185 beneﬁcii
1753 2153 1834 2182 confe-

211 2209 328 2244 correpti
352 2214 425 2242 sunt,
447 2209 533 2236 Maria
558 2216 622 2236 vero
646 2210 729 2236 etiam
747 2211 853 2245 leprosa
876 2211 1000 2238 edicitur.
1017 2210 1041 2240 D
1056 2214 1117 2236 rant
1140 2208 1184 2241 iis,
1209 2207 1310 2242 quibus
1336 2207 1501 2233 obtrectant.
1526 2203 1669 2237 Nunquam
1697 2200 1837 2228 invenimus

210 2255 298 2282 Tanta
313 2260 402 2282 autem
420 2255 472 2282 fuit
495 2262 561 2282 cura
581 2255 765 2290 correptionis
788 2256 882 2291 hujus,
896 2261 924 2283 ut
938 2256 1001 2284 dum

211 2300 295 2328 Maria
315 2301 471 2336 septimana:
486 2306 591 2337 tempus
601 2301 726 2336 expleret
743 2303 770 2329 in
788 2302 873 2336 lepra.
887 2302 1003 2337 populus

211 2348 259 2376 Dei
283 2356 335 2374 non
362 2353 456 2383 ageret
479 2349 532 2376 iter
544 2349 578 2376 ad
600 2353 700 2376 terram
717 2350 948 2384 repromissionis,
969 2358 1003 2377 ne

210 2394 417 2423 tabernaculum
434 2394 582 2421 testimonii
595 2399 762 2422 moveretur.
782 2394 874 2422 Primo
895 2396 1002 2423 interim

211 2448 336 2474 moneor,
361 2445 390 2467 et
413 2440 517 2467 utiliter
538 2448 569 2468 ac
592 2441 751 2468 necessario
777 2449 889 2468 moneor
904 2450 937 2469 ex
953 2442 1003 2470 hoc

212 2487 283 2514 facto
300 2495 332 2514 ne
340 2487 481 2514 detraham
499 2486 586 2520 fratri,
601 2495 635 2514 ne
646 2487 716 2514 male
728 2487 824 2522 loquar
838 2488 870 2514 de
881 2488 1005 2522 proximo

212 2541 283 2566 meo,
303 2541 336 2560 ne
346 2533 467 2568 aperiam
487 2540 517 2560 os
531 2540 620 2560 memn
637 2533 670 2560 ad
685 2533 873 2566 derogandum
890 2541 941 2560 nou
960 2541 1005 2560 so-

213 2580 267 2607 lum
284 2580 397 2611 sanctis,
411 2579 458 2607 sed
476 2584 502 2607 et
515 2579 682 2614 quibuslibet
695 2579 827 2614 proximis
835 2580 912 2606 meis.
925 2578 1005 2607 Vides

211 2631 313 2662 quanta
330 2635 362 2654 ex
377 2628 428 2654 hoc
440 2626 591 2661 indignatio
602 2627 647 2653 Dei
663 2626 757 2656 fuerit.
769 2630 869 2658 quanta
885 2625 1004 2653 vindicta

213 2673 389 2706 processerit.
412 2672 535 2706 Denique
554 2673 698 2699 adversum
719 2675 860 2705 peccatum
883 2670 953 2697 istud
971 2671 1005 2697 si-

214 2718 269 2744 mili
288 2718 473 2753 indignatione
500 2719 582 2745 etiam
606 2718 632 2745 iu
655 2717 770 2745 Psalmis
783 2717 867 2743 Demu
883 2724 1005 2743 commo-

249 2764 271 2779 "'
286 2765 363 2791 “om.
377 2772 415 2795 χι,
426 2764 471 2797 25,
482 2764 527 2791 26.
572 2764 596 2780 “
615 2764 679 2791 ibid.
695 2764 739 2790 55.
792 2763 814 2778 “‘
833 2762 913 2789 Num.
931 2770 981 2790 xtt.

214 2799 236 2814 "
249 2799 328 2827 Num.
353 2807 402 2832 xu,
419 2799 435 2826 5
447 2805 476 2826 et
499 2807 579 2834 seqq.

1020 2763 1043 2778 ⁸⁸
1060 2764 1069 2790 l
1083 2763 1147 2790 Cor.
1163 2770 1190 2794 .\,
1203 2762 1247 2788 Η.

1056 2260 1145 2282 tantas
1157 2255 1250 2281 laudes
1273 2254 1354 2280 Deum
1385 2251 1487 2278 dixisse
1500 2252 1534 2277 de
1559 2249 1649 2285 Moyse
1672 2248 1772 2275 lamulo
1785 2252 1834 2272 suo.

1055 2306 1171 2337 quantas
1188 2307 1259 2326 nunc
1285 2299 1338 2326 dici
1360 2299 1494 2329 videmus,
1511 2298 1619 2331 quaqu
1639 2297 1674 2322 ab
1689 2291 1836 2322 hominibus

1054 2347 1077 2373 ci
1096 2347 1252 2380 derogatum
1265 2348 1316 2372 est.

1090 2392 1117 2419 Ξ.
1135 2391 1203 2418 Audi
1220 2398 1285 2425 ergo
1301 2390 1327 2417 in
1348 2388 1580 2423 consequentibus
1598 2387 1662 2421 quid
1682 2386 1794 2417 referat,
1814 2387 1837 2409 et

1056 2439 1154 2474 quibus
1178 2437 1286 2472 Moysen
1311 2436 1435 2463 laudibus
1459 2434 1553 2462 efferat
1578 2433 1702 2468 Spiritus
1725 2435 1835 2459 sanctus.

1058 2495 1067 2511 ι
1085 2485 1115 2512 Et
1134 2483 1287 2514 descendit,
1304 2482 1392 2516 inquit
1405 2481 1441 2514 δ’,
1461 2480 1592 2519 Dominus
1608 2480 1634 2506 in
1654 2479 1782 2506 columna
1799 2483 1839 2502 nu-

1057 2533 1109 2561 bis.
1124 2537 1152 2557 et
1172 2529 1247 2556 stetit
1266 2529 1298 2556 ad
1319 2528 1418 2555 ostiqu
1444 2525 1611 2554 tabernaculi
1635 2523 1795 2551 testimmiii.
1813 2520 1839 2546 b‘t

1057 2577 1144 2604 vocati
1160 2581 1224 2602 sunt
1239 2575 1330 2602 Aaron
1357 2578 1384 2601 et
1412 2573 1494 2600 Maria
1524 2576 1551 2599 et
1562 2575 1701 2598 steterunt
1716 2567 1803 2597 ambo,
1817 2569 1839 2591 ei

1057 2625 1126 2651 dixit
1137 2624 1169 2649 ad
1186 2630 1234 2649 eos
1247 2631 1253 2648 :
1267 2620 1366 2648 Audite
1379 2619 1460 2646 verba
1478 2626 1548 2646 mea.
1570 2618 1598 2645 Si
1619 2616 1703 2643 fuerit
1716 2614 1840 2650 propheta

1057 2671 1119 2706 quis
1136 2674 1257 2697 vestrum
1274 2668 1392 2699 Domini,
1412 2666 1438 2694 iu
1454 2665 1604 2693 visionibus
1624 2664 1648 2691 ei
1662 2668 1805 2708 agnoscat,
1816 2663 1839 2708 et

1058 2717 1084 2743 in
1101 2715 1205 2742 somnis
1216 2715 1314 2750 loquar
1333 2713 1370 2746 ei,
1387 2721 1441 2740 non
1457 2713 1529 2739 sicut
1548 2711 1649 2738 famqu
1662 2717 1735 2735 meo
1754 2707 1838 2740 Moyst.

1304 2760 1325 2776 "
1339 2759 1410 2788 Psal.
1427 2766 1503 2791 nix,
1521 2757 1566 2785 20.
1623 2756 1644 2771 "
1672 2755 1747 2783 Psal.
1770 2750 1838 2785 al.5-

248 2846 304 2881 (ili)
321 2845 396 2877 .\lss.,
416 2855 425 2870 ι
443 2846 675 2879 perutauebimus.
696 2856 704 2871 ι
723 2845 800 2872 Libb.
817 2845 892 2878 editi,
913 2854 921 2870 ι
941 2850 1159 2879 perntauetuus.»
