1894 3058
50 136 97 165 ﬁlii

644 133 677 160 IN
698 130 865 160 NUMEROS
884 130 1025 160 llOMlLtA
1054 130 1110 160 Vll.

1641 134 1691 162 till

50 195 132 230 quiin
161 196 218 222 tota
235 194 319 222 domo
342 200 401 221 mea
428 192 515 220 fidelis
534 197 590 223 est.
604 199 635 219 os
651 192 684 219 ad
701 199 733 219 os
747 191 843 226 loquor
857 194 883 223 Α
896 189 959 225 legi,
980 190 1027 217 sed
1040 190 1126 217 simus
1152 196 1203 216 non
1236 189 1326 217 solum
1350 190 1488 217 auditores
1511 190 1588 226 legis,
1605 191 1652 218 sed
1667 196 1691 217 ct

50 245 80 270 ad
89 251 161 278 eum,
178 244 206 271 in
222 242 328 278 specie,
343 245 371 268 et
384 247 437 268 non
454 241 480 268 in
497 240 654 275 aenigmate,
673 242 701 265 et
724 238 842 273 gloriam

52 290 155 319 Domini
167 289 248 316 vidit.
265 288 300 315 Et
315 294 401 322 quare
418 293 472 314 non
486 285 617 313 timuistis
635 284 784 312 detrahere
802 283 843 311 l'a-

50 338 119 364 mulo
137 343 199 364 meo
222 334 331 371 Moysi?
348 333 381 361 Et
406 333 445 360 ira
466 332 570 359 furoris
587 331 695 358 Domini
714 330 786 358 facta
802 335 844 358 est

49 391 131 418 super
149 381 223 415 illos,
250 381 452 410 discesserunt,
475 383 503 406 et
521 377 609 405 nubes
628 376 753 404 discessit
767 383 782 402 a
800 380 842 402 ta-

50 428 212 462 bcrttacttlo,
237 432 266 454 et
292 433 357 454 ecce
381 423 466 452 Maria
493 423 564 451 facta
589 427 632 450 est
646 422 751 457 leprosa
771 421 843 449 slcut

49 475 104 501 nix.
125 484 136 501 ι
154 474 253 501 Videte
269 472 334 508 quid
349 471 400 499 sibi
412 477 501 506 paenae
516 468 686 496 eontttlerint
702 469 842 496 obtrecta-

41 508 134 552 tores,
159 519 225 554 quid
251 525 316 545 vero
332 517 369 544 illi
387 516 430 543 cui
456 516 691 546 obtrectaverant,
707 513 843 549 quaesive-

49 567 102 594 rint
119 565 223 593 laudis.
252 563 310 591 Sibi
338 561 549 598 turpitudinem,
578 560 617 588 illi
649 559 841 596 splendorem;

49 611 98 638 sibi
114 611 234 645 lepram,
248 608 287 636 illi
298 608 412 643 gloriam
425 614 433 639 ;
447 606 499 634 sibi
525 605 713 640 opprobrium,
734 604 772 632 illi
787 613 845 632 tua-

49 655 239 691 gniliccntiam
273 653 469 689 quaesiverunt.
504 650 701 677 Verumtamen
733 649 842 685 Moyses

48 702 209 736 priusquam
223 699 359 734 acciperet
373 696 581 731 Ethiopissam,
595 703 647 723 tton
656 701 698 723 est
707 697 842 731 scriptum

46 748 109 783 quia
124 748 152 774 in
167 746 261 781 specie
284 745 392 772 locutus
416 743 453 772 sit
467 743 491 770 ei
515 743 597 776 Deus,
613 747 706 770 etnon
727 742 755 769 in
774 742 842 769 teni-

48 799 140 828 gtnate
159 801 166 819 :
188 793 237 820 sed
254 791 299 819 ubi
314 790 421 825 accepit
451 789 661 824 Etltiopissam,
686 793 750 816 tunc
775 788 843 816 dicit

47 839 80 864 dc
91 845 125 865 eo
145 838 230 868 Deus,
253 837 316 872 quin
334 845 343 862 ι
363 843 394 864 os
412 836 445 863 ad
456 843 487 862 os
503 835 601 870 loquar
613 835 727 866 adeum,
740 834 765 860 in
781 841 844 868 spe-

896 236 1027 269 factores,
1048 241 1078 262 ut
1090 244 1152 263 cum
1168 236 1227 270 ipso
1244 235 1335 271 Moyse
1363 237 1570 270 congloriﬁcari
1586 245 1693 265 merea-

897 289 968 309 mur.
980 281 1037 318 Ego
1069 286 1160 310 autent
1192 286 1258 317 puto
1274 283 1347 316 quod
1369 287 1397 310 et
1412 283 1449 310 illi
1465 283 1610 311 materiam
1623 291 1693 318 prae—

895 332 969 355 Staut
986 328 1019 355 ad
1037 328 1222 364 derogandum
1240 329 1336 364 Moysi,
1351 329 1410 364 qtti,
1429 330 1504 357 verbi
1521 337 1617 364 causa,
1629 339 1692 358 cum

897 374 999 410 legitur
1012 375 1081 403 liber
1108 374 1232 409 Levitici,
1245 375 1287 403 vel
1310 376 1391 403 lectio
1414 375 1611 409 Numerorum,
1634 385 1689 405 non

894 421 1043 448 ostendunt
1067 422 1204 456 quomodo
1226 422 1283 450 haec
1306 429 1366 457 quae
1382 422 1408 449 in
1422 424 1568 458 aenigmate
1589 425 1692 459 scripta

895 472 971 498 sunt.
984 467 1096 504 intelligi
1114 475 1162 503 per
1176 469 1294 503 speciem
1307 470 1436 502 debeant,
1454 471 1481 497 id
1498 475 1551 504 est,
1570 471 1614 506 qui
1637 479 1691 498 non

895 513 1055 548 spiritaliter
1067 521 1099 541 ea
1114 522 1176 549 quae
1193 515 1218 541 in
1240 515 1299 550 lege
1323 515 1450 551 leguntur
1470 522 1623 552 exponunt.
1637 516 1691 545 Ne-

896 559 1018 586 cessario
1034 560 1106 587 enim
1116 561 1162 595 qui
1181 561 1294 588 audiunt
1312 561 1393 589 ritum
1415 563 1624 596 sacrificiorum,
1650 564 1691 592 vel

896 605 1078 633 Sabbatortttn
1093 607 1308 640 observantiam,
1322 609 1361 635 vel
1381 613 1543 637 cacterorum
1557 610 1688 638 similium

896 651 923 678 itt
946 652 1065 679 ecclesia
1094 652 1217 686 recitari,
1239 653 1425 688 offenduntur,
1447 660 1474 682 et
1490 655 1605 683 dicunt:
1621 655 1692 689 Quid

897 698 948 725 hoc
965 705 1077 726 necesse
1101 703 1145 726 est
1167 699 1193 726 in
1223 699 1340 727 ecclesia
1362 699 1433 736 legi?
1449 699 1508 734 Quo
1530 702 1609 729 nobis
1627 710 1691 737 pro-

896 749 957 771 sunt
970 750 1105 779 prmcepta
1116 744 1242 777 Iudaica,
1254 750 1281 772 et
1293 747 1377 780 spreti
1389 748 1480 782 popult
1492 748 1693 776 observantize?

896 788 959 817 Haec
972 789 1126 818 Judteorntn
1155 795 1231 823 sunt,
1259 796 1287 818 et
1304 790 1389 819 Judaei
1404 793 1437 820 de
1451 793 1483 821 iis
1502 794 1628 822 viderint.
1652 794 1693 823 Ne

896 843 961 870 ergo
969 835 1122 871 ltujusntodi
1132 836 1296 864 oﬂ‘endicula
1310 838 1480 866 auditoribus
1487 840 1692 876 aceidaut(77).

47 883 96 912 cie,
109 888 138 909 et
152 890 207 909 non
225 882 252 909 iu
267 881 423 916 a‘nigmate.
441 889 450 906 ι
467 879 546 908 Modo
561 882 635 907 enim
654 887 715 907 cum
734 878 841 914 Moyses
860 877 878 904 Β
894 880 983 908 danda
1005 889 1088 916 opera
1110 882 1198 909 estad
1214 883 1356 910 scientiam
1381 883 1465 919 legis,
1488 889 1516 911 et
1536 886 1686 913 secundum

47 928 118 954 venit
135 927 169 953 ad
187 934 247 959 nos,
258 931 285 952 et
303 925 468 960 coniunctus
483 929 524 952 est
539 925 604 952 ltuic
618 929 718 952 nostra:
732 923 841 951 Ethio-

48 974 138 1007 pisszc,
156 973 200 999 lex
221 972 268 999 Dei
282 971 338 1006 jam
356 979 409 999 tton
430 971 456 998 in
473 971 578 1006 figuris,
589 977 616 999 et
631 971 657 998 in
675 971 841 1006 imaginibus

47 1021 115 1047 sicut
130 1020 219 1054 prius,
236 1020 283 1045 sed
300 1019 326 1046 itt
343 1019 401 1053 ipsa
422 1018 512 1053 specie
525 1017 650 1045 veritatis
663 1018 838 1052 agnoscitur;

48 1072 71 1092 et
83 1074 144 1100 qnze
156 1066 233 1100 prius
263 1065 289 1092 in
314 1064 457 1099 aenigmate
484 1064 707 1098 designabantur,
726 1071 797 1090 nunc
813 1063 840 1090 iu

48 1112 137 1145 specie
158 1115 188 1138 et
220 1110 338 1137 veritate
366 1108 546 1144 complentur.
566 1108 599 1136 Et
626 1109 688 1136 ideo
716 1108 771 1141 ille,
794 1110 840 1144 qtti

48 1155 152 1188 species
182 1154 333 1189 figurarum
358 1159 385 1181 et
410 1154 584 1189 aenigmatum
609 1154 772 1187 disserebat,
799 1154 842 1181 di-

48 1202 83 1227 cit
98 1202 122 1216 "
140 1210 147 1227 :
164 1210 173 1226 ι
198 1200 309 1228 Scimus
321 1205 412 1227 autem
429 1201 559 1235 quoniam
576 1206 668 1236 patres
678 1201 767 1228 nostri
782 1209 841 1227 utit-

48 1255 94 1274 nes
105 1246 158 1274 sub
170 1247 243 1274 nube
258 1246 381 1280 fueruttt,
395 1251 423 1274 et
436 1254 533 1274 omnes
555 1247 583 1274 iu
598 1246 691 1282 Moyse
709 1247 840 1281 baptizali

48 1298 109 1319 sunt
137 1293 165 1320 in
197 1293 270 1320 nube
287 1297 314 1319 et
327 1292 354 1319 in
374 1293 454 1326 mari,
468 1297 495 1320 et
507 1300 602 1321 omnes
612 1293 735 1320 eamdem
750 1300 840 1320 escam

49 1339 198 1375 spiritalem
220 1339 465 1370 maudttcavernnt,
487 1344 516 1366 et
537 1347 632 1367 omnes
650 1339 773 1367 eumdem
790 1348 841 1375 po-

50 1391 104 1413 ttttn
123 1386 277 1421 spiritalem
293 1385 430 1413 biberunt.
452 1385 584 1413 Bibebant
602 1391 692 1413 atttetu
711 1387 744 1413 de
759 1387 842 1420 spiri-

50 1432 93 1459 tali
108 1437 295 1467 cottsequente
305 1439 352 1459 eos
363 1435 450 1466 petra.
472 1432 552 1459 Petra
573 1436 665 1459 autem
684 1436 746 1459 erat
761 1432 841 1460 Citri-

49 1483 114 1506 stus.
135 1488 144 1504 ι
161 1478 245 1506 Vides
268 1477 403 1512 quomodo
427 1478 569 1512 aenigmata
590 1478 657 1513 legis
677 1478 778 1506 Paulus
791 1479 841 1506 ab-

48 1524 140 1555 solvit,
157 1529 185 1550 et
213 1524 320 1558 species
339 1525 513 1560 mttigmalum
530 1524 620 1556 docet,
637 1527 663 1550 et
690 1523 756 1551 dicit
777 1525 840 1559 quia

49 1578 122 1606 petra
139 1571 165 1598 in
183 1571 330 1606 aruigmate
352 1577 411 1598 erat
434 1571 504 1606 apud
521 1570 746 1606 Moysem.290
763 1574 838 1598 ante-
855 1561 876 1589 (ἶ

48 1624 127 1651 quam
143 1617 307 1652 iungeretur
323 1617 385 1644 huic
400 1621 500 1644 nostrae
514 1616 698 1650 Aithiopissze.
717 1615 793 1643 Nnuc
816 1615 842 1642 in

49 1664 138 1697 specie
165 1669 244 1698 petra
270 1661 397 1690 Christus
433 1666 485 1689 est.
516 1661 593 1688 Nunc
617 1662 690 1689 enim
712 1668 743 1688 os
763 1661 796 1688 ad
813 1668 844 1687 os

51 1710 169 1744 quulllll'
184 1717 234 1744 per
262 1709 347 1744 legem
374 1708 456 1736 Deus.
472 1708 558 1735 Antea
581 1708 607 1734 in
625 1707 767 1742 mnigmate
793 1706 845 1734 fuit

51 1756 200 1790 baptismtts
213 1755 239 1782 in
258 1756 330 1782 nube
346 1758 374 1782 et
400 1755 427 1781 in
444 1754 526 1785 mari,
542 1762 613 1781 nttnc
625 1758 715 1780 autem
735 1753 761 1780 in
776 1760 840 1787 spc-

51 1804 89 1830 cie
106 1802 280 1837 rrgeneratio
308 1807 347 1828 est
367 1802 393 1828 itt
412 1809 480 1836 aqua
503 1806 529 1828 et
550 1801 577 1829 in
605 1800 710 1835 Spiritu
731 1805 839 1826 sancto.

51 1849 126 1876 'l'ttuc
141 1850 168 1876 in
193 1848 338 1883 aenigmate
359 1852 420 1874 erat
434 1855 532 1873 manna
558 1847 647 1879 cibus,
666 1854 737 1873 nttnc
753 1850 843 1872 autetu

53 1895 76 1920 iu
91 1895 184 1929 specie
213 1902 278 1921 caro
306 1893 385 1920 Verbi
405 1893 450 1920 Dei
468 1896 510 1920 est
535 1900 615 1918 verus
634 1892 721 1924 cibus,
735 1892 805 1919 sicut
818 1896 844 1918 et

53 1942 105 1975 ipse
124 1942 188 1968 dicit
202 1941 236 1974 ’l,
253 1941 316 1975 quia
336 1950 345 1966 ι
360 1940 428 1968 Caro
448 1947 507 1966 mea
538 1946 602 1966 vere
625 1944 667 1966 est
694 1939 790 1971 cibus,
818 1944 844 1965 et

58 1988 167 2023 sanguis
184 1996 261 2015 meus
278 1995 341 2014 vere
355 1991 397 2014 est
418 1992 506 2021 potus.
524 1995 533 2011 ›
552 1986 596 2013 Sic
610 1993 673 2020 ergo
692 1993 749 2020 tam
773 1993 844 2012 nunc

51 2033 155 2069 Moyses
170 2033 241 2068 apttd
256 2041 305 2060 nos
318 2034 433 2067 positus,
452 2037 478 2060 et
492 2032 554 2059 huic
570 2031 749 2065 Ethiopissae
775 2038 841 2058 con-

50 2080 168 2113 iunctus,
188 2080 230 2107 vel
260 2080 317 2115 ipse
340 2080 372 2107 ad
390 2088 449 2112 nos,
463 2080 505 2107 vel
522 2080 592 2107 Deus
618 2080 650 2106 ad
680 2080 766 2114 ipsum
790 2086 842 2105 non

53 2126 172 2160 loquitur
189 2125 216 2152 itt
228 2125 385 2160 aznigtnate,
403 2126 449 2153 sed
464 2126 490 2152 in
512 2126 613 2160 specie.
632 2125 679 2153 llis
692 2130 781 2152 autem
799 2124 844 2151 ad-

52 2173 122 2199 ditur
141 2181 148 2198 :
167 2181 177 2196 ι
203 2171 235 2198 ΕΙ.
264 2171 390 2206 gloriam,
422 2173 513 2207 inquit
536 2173 570 2203 ",
597 2172 702 2199 Domini
732 2171 810 2199 vidit.
831 2180 840 2197 ι

53 2218 167 2250 Quando
189 2217 258 2244 vidit
285 2217 390 2252 Moyses
413 2218 526 2254 gloriam
559 2218 688 2244 Domini?
703 2217 758 2252 Ego
781 2222 843 2244 tttnc
860 2236 882 2263 Β

54 2264 122 2295 diro,
139 2264 251 2298 quando
269 2263 480 2291 trausforutatus
498 2269 540 2291 est
554 2264 683 2290 Dominus
695 2263 722 2290 in
741 2268 841 2294 monte,

55 2315 79 2335 et
93 2311 190 2337 aderat
205 2310 228 2336 ei
244 2310 351 2345 Moyses
367 2317 427 2337 eum
438 2309 506 2342 Elia,
521 2314 549 2337 et
563 2309 790 2344 colloquebantttr
808 2309 842 2335 ei.

56 2355 85 2382 Et
100 2357 161 2383 ideo
180 2361 256 2383 recte
273 2358 300 2382 in
328 2355 556 2391 consequentibus
580 2355 704 2389 adiungit
721 2355 744 2370 "
763 2364 770 2382 :
786 2363 795 2380 ι
813 2355 844 2381 Ει

55 2409 136 2434 quare
150 2409 201 2428 non
218 2401 347 2428 timuistis
362 2401 506 2429 detrahere
524 2401 626 2428 famulo
639 2407 699 2427 meo
716 2400 820 2435 Moysi?
834 2410 842 2426 I

55 2446 127 2479 Quod
140 2447 286 2474 evidenter
299 2447 393 2482 utique
406 2447 439 2474 ad
456 2454 504 2475 eos
522 2447 624 2474 dictum
645 2446 781 2481 dirigitur,
798 2446 845 2480 qni

59 2490 197 2526 Evangelia
213 2492 323 2526 quidem
339 2492 478 2527 suseipere
492 2492 630 2524 videntur,
645 2491 778 2525 derogant
796 2498 845 2517 au-

57 2543 106 2564 tent
122 2537 221 2573 Moysi,
234 2543 263 2565 et
278 2538 375 2565 merito
394 2543 556 2573 arguuntur.
577 2538 642 2572 quia
665 2545 727 2564 cum
741 2537 846 2564 discant

57 2591 102 2616 per
114 2583 293 2618 Evangelium
322 2585 395 2618 quod
418 2583 526 2619 Moyses
551 2591 602 2610 una
624 2591 685 2610 cttm
707 2582 766 2610 Elia
779 2583 846 2609 vidit

54 2629 166 2663 gloriam
180 2629 299 2662 Domini,
309 2629 360 2663 legi
370 2635 397 2656 et
408 2630 547 2665 prophetis
558 2629 616 2656 ausi
624 2634 689 2657 sunt
700 2629 843 2663 derogare.

43 2674 86 2714 [Et
98 2674 158 2702 ideo
172 2682 221 2702 uos
234 2683 288 2703 nott
305 2674 481 2702 detrahamus
503 2674 599 2710 Moysi,
614 2682 664 2702 ttec
677 2675 840 2709 derogemus

88 2757 111 2773 ⁸⁴¹
129 2758 216 2787 lCor.
237 2768 264 2792 κ,
282 2760 291 2786 l
310 2763 338 2786 et
350 2765 428 2793 seqq.

466 2759 487 2774 “
508 2757 585 2786 Joan.
607 2766 642 2790 VI,
669 2757 714 2785 56.
751 2756 866 2784 “Nutu.
886 2764 933 2788 xu,
952 2757 978 2784 8.

896 927 948 954 hoc
973 927 1045 961 quod
1068 928 1201 962 spiritalis
1226 933 1269 956 est
1283 929 1339 961 lex,
1356 930 1532 966 intelligenda
1554 936 1582 959 et
1595 932 1690 966 expla-

896 972 983 999 nanda
998 978 1061 1000 suttt
1074 974 1165 1002 omnia
1174 981 1235 1009 quae
1248 976 1386 1010 leguntur,
1396 983 1429 1003 ne
1443 977 1587 1005 doctorum
1596 985 1691 1008 causa,

895 1018 950 1046 ittto
964 1014 1067 1046 desidia
1083 1025 1110 1047 et
1123 1021 1298 1056 negligentia,
1313 1022 1347 1049 ab
1369 1022 1503 1057 imperitis
1521 1028 1550 1050 et
1572 1023 1691 1051 indoctis

894 1063 1040 1099 derogetur
1051 1064 1153 1100 Moysi;
1165 1066 1212 1092 sed
1228 1072 1422 1094 convertamur
1434 1068 1467 1094 ad
1483 1068 1641 1101 Dominum,
1658 1074 1689 1095 ttt

895 1108 999 1137 attferat
1014 1117 1029 1137 a
1054 1111 1132 1139 nobis
1153 1111 1275 1139 velamen
1303 1112 1419 1146 litterae;
1436 1117 1464 1140 ttt
1479 1121 1532 1140 non
1551 1114 1630 1141 nobis
1643 1114 1689 1141 de-

896 1155 990 1183 formis
1005 1156 1094 1184 vultus
1107 1157 1205 1192 Moysi,
1228 1158 1275 1185 sed
1299 1158 1436 1192 gloriosus
1453 1166 1485 1186 ae
1504 1159 1619 1187 decorus
1643 1167 1691 1192 ap-

894 1205 999 1235 pareat,
1017 1201 1053 1228 ita
1070 1207 1098 1229 ut
1119 1210 1173 1229 non
1195 1203 1283 1230 solum
1305 1211 1359 1231 tton
1381 1204 1580 1236 obtrectetuus,
1600 1205 1647 1232 sed
1662 1211 1690 1231 et

895 1255 943 1282 pro
951 1249 1136 1282 magnitudine
1149 1257 1289 1282 sensuum,
1304 1250 1412 1278 laudent
1422 1252 1445 1277 ei
1459 1257 1484 1278 et
1500 1251 1613 1286 gloriam
1625 1259 1691 1278 con-

895 1293 1025 1321 feramus.
1043 1303 1052 1319 t
1070 1294 1103 1321 Et
1133 1295 1173 1322 ira
1198 1295 1301 1323 furoris
1328 1296 1434 1323 Domini
1456 1296 1526 1323 facta
1541 1302 1583 1324 est
1609 1305 1692 1333 super

896 1339 966 1372 illos,
981 1345 1008 1367 et
1024 1340 1222 1373 discesserunt,
1239 1346 1267 1369 et
1284 1342 1372 1369 nubes
1391 1342 1504 1369 recessit
1528 1350 1542 1369 a
1563 1342 1691 1370 taberna-

895 1385 968 1418 culo,
983 1390 1083 1414 etecce
1103 1386 1186 1414 Maria
1207 1387 1280 1414 facta
1302 1393 1342 1414 est
1358 1387 1465 1421 lrprosa
1489 1387 1561 1415 sicut
1577 1388 1622 1414 nis
1638 1387 1688 1415 ⁸⁸..

896 1431 938 1459 lra
955 1431 1054 1460 furoris
1077 1433 1183 1460 Domini
1211 1432 1327 1460 edicitur
1351 1441 1433 1468 super
1456 1440 1521 1466 eos,
1545 1433 1591 1467 qui
1621 1432 1694 1460 male

896 1478 1054 1514 loquuntur,
1069 1484 1097 1507 et
1128 1480 1288 1507 detrahunt.
1310 1479 1507 1507 Verumtamen
1522 1481 1594 1514 quod
1610 1480 1692 1513 dicit,

899 1534 908 1551 t
926 1529 952 1553 et
973 1526 1061 1552 nttbes
1088 1526 1205 1553 recessit
1233 1534 1247 1553 a
1269 1525 1464 1558 tabernaculo,
1482 1531 1507 1553 et
1522 1533 1586 1553 ecce
1606 1525 1691 1553 Maria

895 1570 967 1598 facta
983 1575 1026 1598 est
1044 1571 1151 1606 leprosa
1180 1572 1252 1598 sicut
1267 1571 1324 1604 uix,
1340 1580 1349 1597 ι
1369 1571 1599 1599 ccttsiderandum
1629 1571 1692 1598 dili-

897 1617 1010 1651 gentius
1024 1622 1075 1650 est,
1091 1616 1162 1651 quod
1190 1616 1267 1651 prius
1288 1616 1392 1644 recedit
1407 1616 1504 1649 nubes,
1517 1621 1544 1644 et
1562 1617 1599 1644 ita
1618 1617 1693 1652 lepra

898 1663 1035 1697 repletur:
1056 1667 1083 1689 ttt
1097 1662 1259 1690 ostendatur
1275 1663 1338 1697 quia
1354 1662 1437 1690 etiam
1454 1663 1476 1690 si
1498 1667 1539 1690 est
1556 1664 1583 1690 itt
1600 1663 1693 1698 aliquo

895 1708 983 1743 gratia
1000 1708 1087 1736 sancti
1103 1708 1234 1743 Spiritus,
1246 1714 1272 1735 et
1286 1709 1436 1742 obtrectat,
1453 1713 1480 1736 et
1502 1709 1634 1742 detraltit,
1648 1715 1693 1737 re-

895 1755 968 1782 cedit
980 1755 1014 1782 ab
1028 1762 1060 1782 eo
1075 1759 1135 1789 post
1152 1755 1394 1787 obtrectationem,
1409 1760 1437 1782 et
1453 1755 1492 1783 sic
1511 1755 1692 1790 leprareple-

895 1807 939 1829 tur
956 1802 1048 1828 anima
1064 1802 1135 1837 ejus.
1153 1801 1221 1828 Nam
1236 1806 1261 1828 et
1271 1801 1386 1836 populus
1399 1801 1444 1828 ille
1460 1801 1535 1835 prior
1551 1802 1644 1828 habuit
1658 1803 1686 1829 in

895 1857 925 1876 se
947 1849 1065 1884 gratiam
1090 1849 1148 1882 Dei,
1178 1849 1225 1875 sed
1247 1852 1389 1882 postquam
1410 1848 1436 1874 in
1461 1855 1554 1874 verum
1579 1847 1691 1883 Moysen

897 1895 1041 1922 Dominutn
1072 1899 1195 1921 uostrutn
1226 1893 1320 1921 Jesum
1345 1893 1486 1921 Christum
1508 1893 1692 1921 extenderunt

896 1942 999 1977 linguas
1018 1941 1192 1976 blasphemia:
1204 1949 1270 1972 sum,
1290 1941 1418 1968 discessit
1435 1939 1534 1968 abillis
1552 1941 1646 1972 nubes,
1664 1946 1692 1967 ct

896 1988 1019 2014 transivit
1034 1987 1066 2014 ad
1084 1995 1133 2013 nos
1147 1987 1173 2013 itt
1191 1992 1310 2013 montem
1328 1986 1480 2017 excelsum,
1491 1994 1552 2013 cum
1564 1986 1692 2013 Salvator

895 2039 988 2061 ttostcr
1000 2034 1212 2061 transformattts
1230 2039 1282 2065 est,
1299 2038 1324 2060 ct
1342 2033 1427 2059 nubes
1445 2031 1579 2067 refulgens
1595 2033 1692 2059 obum-

895 2079 985 2106 bravit
1011 2080 1158 2114 discipulos
1187 2079 1257 2113 ejus.
1286 2083 1312 2105 et
1327 2078 1401 2105 venit
1419 2085 1469 2105 vox
1491 2079 1524 2105 de
1547 2078 1628 2111 nube,
1647 2079 1690 2104 tli-

894 2134 959 2153 ceus
972 2126 1015 2152 ‘5:
1035 2135 1045 2152 ι
1067 2126 1115 2153 llic
1144 2130 1186 2153 est
1215 2125 1300 2152 Filius
1325 2132 1402 2151 meus
1431 2123 1638 2156 dilectissimus,
1665 2124 1692 2151 in

894 2180 949 2208 quo
969 2172 1035 2199 inihi
1065 2171 1134 2199 bene
1159 2171 1322 2206 complacni.
1339 2180 1349 2196 ι
1369 2169 1431 2197 Post
1453 2171 1503 2198 hoc
1516 2177 1581 2205 ergo
1604 2170 1692 2197 Maria

896 2217 964 2244 facta
995 2223 1037 2245 est.
1062 2218 1167 2252 leprosa
1195 2216 1265 2244 sicut
1283 2217 1340 2244 uix.
1363 2215 1453 2243 Donec
1468 2216 1563 2243 aderat
1591 2216 1688 2247 nubes,

901 2263 981 2290 Maria
999 2272 1050 2290 tton
1064 2268 1124 2290 erat
1151 2263 1269 2297 leprosa.
1286 2263 1333 2289 sed
1357 2270 1418 2290 cum
1435 2262 1574 2289 discessit.
1592 2261 1685 2288 Donec

898 2308 970 2335 enim
985 2308 1103 2334 visitatio
1119 2307 1164 2334 Dei
1179 2311 1238 2334 erat
1253 2308 1279 2334 itt
1297 2307 1395 2342 popttlo
1412 2307 1469 2339 illo,
1495 2314 1549 2334 non
1572 2311 1633 2333 erat
1650 2306 1690 2332 le-

900 2361 1005 2388 pro:.us.
1034 2354 1084 2381 Ubi
1112 2361 1176 2381 vero
1198 2353 1338 2385 discessit,
1364 2353 1510 2388 ignominia
1532 2352 1623 2379 vultus
1650 2352 1692 2378 sui

899 2400 1019 2427 contexit
1032 2407 1105 2427 eum.
1123 2400 1177 2427 Sed
1191 2404 1218 2427 et
1243 2407 1291 2427 nos
1308 2400 1452 2427 timeamus
1468 2407 1501 2426 ne
1512 2399 1582 2426 forte
1593 2397 1694 2432 cﬂ'ttge-

900 2454 959 2472 mus
978 2454 993 2472 a
1021 2446 1099 2473 nobis
1123 2446 1193 2473 hanc
1217 2447 1318 2473 nttbetn
1352 2446 1422 2472 male
1448 2444 1595 2479 loquendo,
1623 2443 1694 2470 male

900 2492 1015 2526 agendo,
1030 2492 1101 2519 male
1116 2493 1258 2528 cogitando
1273 2501 1279 2518 ε
1294 2497 1321 2519 et
1336 2497 1399 2518 tunc
1417 2490 1558 2524 apparebit
1575 2489 1693 2516 innubis

900 2537 973 2572 lepra
990 2539 1107 2572 peccati,
1123 2547 1185 2566 cttm
1199 2538 1355 2565 deseruerit
1369 2544 1419 2564 nos
1438 2536 1525 2571 gratia
1543 2535 1602 2562 Dei.

935 2583 961 2610 5.
977 2592 985 2608 t
1006 2584 1038 2610 Et
1051 2584 1170 2618 respexit
1185 2584 1275 2611 Aaron
1291 2584 1324 2610 ad
1333 2583 1456 2614 Mariam,
1471 2585 1570 2608 etecce
1581 2585 1640 2607 erat
1654 2579 1694 2606 le-

899 2636 989 2663 prosa.
1005 2630 1036 2657 Et
1051 2631 1119 2658 dixit
1132 2631 1223 2657 Aaron
1239 2629 1272 2656 ad
1285 2629 1396 2666 Moysen
1417 2638 1422 2655 :
1444 2627 1554 2659 Precor,
1569 2626 1690 2656 domine,

899 2681 932 2701 ne
947 2675 1095 2703 contuleris
1113 2676 1138 2702 in
1152 2683 1201 2703 nos
1222 2679 1375 2710 peccatum,
1403 2672 1533 2707 quoniam
1556 2670 1695 2707 ignoravi-

1035 2756 1057 2771 ⁸³
1071 2755 1136 2783 ibid.
1173 2755 1197 2772 ⁵⁸
1213 2755 1277 2782 ibid.
1304 2754 1331 2786 9,
1357 2754 1400 2782 10.
1420 2754 1442 2770 ⁸⁸
1465 2753 1558 2780 Maltlt.
1577 2759 1644 2783 xv'tt,
1665 2750 1692 2784 Β,

90 2819 144 2851 (π)
164 2820 256 2848 Codex
288 2826 340 2846 ttts.
373 2817 554 2851 lihroircnsis,
574 2826 582 2842 ι
599 2817 754 2845 accidant.)
770 2816 858 2843 Codex
886 2814 979 2843 Sancti
995 2815 1168 2848 Theudorici,
1188 2824 1197 2841 ι
1215 2815 1386 2849 contingant.
1406 2824 1415 2840 ι
1433 2813 1492 2842 Lib.
1523 2814 1601 2847 cditt,
1619 2822 1629 2840 ι
1647 2821 1692 2840 ac-

60 2854 160 2882 ce-lant.
178 2872 185 2886 ι
