1886 3051
59 136 105 165 617

634 134 667 162 ΙΝ
688 134 855 163 NUMEROS
876 133 1016 162 HOMILIA
1037 133 1094 161 VII.

1633 133 1685 160 6Ιεῖ

60 201 129 223 extra
147 198 255 226 castra,
279 197 382 227 etpost
401 192 458 219 haec
481 192 605 220 introibit
620 194 654 221 “.
673 203 682 218 ›
702 194 771 226 Quid
787 198 843 224 est.
859 196 882 223 Λ
902 200 1039 226 natorum,
1065 202 1145 229 quant
1168 202 1217 230 ego
1243 194 1277 222 de
1299 194 1360 221 ﬁliis
1383 194 1463 221 Israel
1489 194 1515 220 in
1538 194 1688 228 possessio-

59 242 78 268 si
94 244 169 275 pater
183 239 243 274 ejus
257 238 412 278 exspuisset
424 238 451 265 in
467 237 565 265 faciem
578 238 636 272 ejus
646 258 654 270 ,
672 239 846 266 erubeseeret

60 292 155 322 septem
174 285 291 314 diebus?
315 285 427 312 Mariam
448 285 508 312 loco
529 292 672 321 synagoga:
687 285 844 320 posuimus,

58 334 119 361 huic
138 331 246 366 exspuit
273 336 349 366 pater
365 330 424 365 ejus
440 331 466 358 in
480 330 590 358 faciem.
611 330 722 365 Signum
742 330 845 365 repudii

58 386 97 409 est
110 381 135 407 in
146 380 246 407 faciem
258 379 383 414 conspui.
401 378 524 413 Denique
535 379 562 405 in
578 377 636 412 lege
650 377 780 412 scriptum
791 381 845 408 est,

59 428 100 454 uhi
110 427 220 462 jubetur
233 430 263 453 ut
279 425 381 453 relictae
393 425 511 461 proximi
527 424 669 459 proximus
681 423 764 450 nubat
776 423 844 458 (83),

57 473 80 500 si
95 472 206 500 voluerit
224 471 367 507 proximus
386 470 531 504 repudiare
551 469 724 504 conjugium.
746 473 776 495 ut
791 467 847 495 dis-

57 517 191 544 caleeatus
217 516 243 543 in
267 515 366 542 faciem
385 519 570 549 conspualur,
591 518 618 541 et
634 514 685 541 hoc
699 514 790 541 datum
805 518 846 540 est

58 562 128 589 velut
145 561 252 597 signum
272 560 390 595 repudii.
410 560 480 587 Hinc
499 567 563 594 ergo
581 559 676 592 Maria,
694 559 719 586 id
734 563 787 590 est,
802 565 847 593 po.

57 608 136 643 pulns
151 607 196 635 ille
213 615 276 634 cum
290 606 463 641 repudiatur,
478 613 492 632 a
511 605 565 632 Deo
579 605 691 639 conspui
706 604 733 632 in
748 604 844 632 faciem

56 655 164 681 dicitur.
174 652 312 681 Habemus
322 657 348 679 et
361 653 387 679 in
399 651 453 679 alio
468 651 526 679 loco
541 650 749 685 significantium
761 651 844 685 spuli,

57 707 116 727 cum
128 699 194 726 dicit
205 698 290 725 Isaias
302 698 326 714 τ’
341 706 348 724 :
370 707 379 723 ι
399 697 502 725 Omnes
515 702 613 732 gentes
626 697 699 724 sicut
710 701 792 731 gutta:
808 697 845 723 si-

56 745 130 776 tnlte,
142 744 358 778 etsieutsputnm
367 746 497 777 reputatae
508 745 582 768 sunt.
595 750 606 767 ι
617 740 774 768 Ostenditur
781 746 846 774 ergo

56 791 83 818 in
91 791 152 823 hoc,
165 791 238 825 quod
250 789 334 817 etiam
348 789 463 825 populus
479 788 524 816 ille
534 788 606 815 sicut
617 791 712 823 gentes
726 791 843 818 caetera.

55 845 116 870 qua:
128 840 276 871 utsputum
289 839 462 870 reputantur.
471 833 594 868 abiectus
604 837 656 861 est.
665 833 698 861 Et
712 840 805 861 revera
821 832 843 860 si

55 882 212 910 consideres
226 881 357 910 honorem
370 881 444 908 ilium
460 881 591 916 priorem,
603 888 665 909 cum
679 879 845 915 pontiﬁcalis

57 929 127 963 apud
140 935 189 955 eos
208 928 274 955 Ordo
287 927 405 955 ﬂorebat
417 946 425 959 ,
443 934 505 954 cum
524 926 640 962 insignia
655 925 826 953 sacerdotum
837 944 845 956 ,

54 979 116 998 cum
131 971 252 998 Levitica
264 971 427 1003 ministeria,
441 978 503 998 cum
520 970 649 1005 maiestas
662 969 768 1005 templi,
784 977 845 996 cum

54 1016 223 1052 prophetalis
238 1016 385 1051 splendor,
403 1021 430 1043 et
444 1024 506 1043 cum
521 1016 680 1044 caelestibus
695 1023 778 1050 super
792 1019 846 1042 ter-

57 1069 114 1088 ram
127 1061 275 1089 consortiis
292 1062 448 1094 utebantur,
464 1062 525 1096 quis
541 1062 629 1089 honor
641 1061 693 1089 fuit
708 1061 772 1088 ille?
786 1068 847 1095 qua:

55 1107 161 1142 gloria?
171 1107 204 1135 Et
218 1115 326 1135 rursum
339 1108 361 1135 si
376 1115 447 1135 nunc
462 1107 581 1142 aspicias
595 1111 698 1141 quanto
715 1107 847 1134 dedecore

55 1153 227 1185 horrescant.
242 1154 303 1181 sine
315 1154 430 1188 templo,
442 1154 501 1181 sine
515 1153 611 1186 altari,
626 1152 686 1180 sine
699 1152 845 1185 sacriﬁcio,

54 1198 114 1226 sine
127 1199 260 1234 propheta
269 1220 276 1232 ,
288 1199 350 1226 sine
361 1198 531 1230 sacerdotio,
546 1199 605 1226 sine
619 1198 672 1226 ulla
687 1199 791 1226 cmlesti
807 1199 846 1225 vi-

54 1245 201 1277 sitatione,
225 1245 341 1280 dispersi
364 1252 413 1280 per
432 1253 541 1273 omnem
564 1250 662 1273 terram
684 1245 846 1280 profugique

55 1291 178 1318 viventes
203 1298 211 1317 :
231 1291 292 1326 quis
310 1298 362 1318 non
378 1291 519 1318 evidenter
533 1296 664 1326 agnoscat
678 1291 750 1326 quod
776 1299 845 1318 con-

55 1338 132 1372 spuit
145 1341 223 1372 pater
236 1337 309 1365 illius
328 1337 354 1364 in
373 1337 470 1365 faciem
482 1337 551 1372 ejus,
567 1342 594 1364 et
609 1337 728 1372 perfudit
743 1337 846 1365 vultum

52 1390 150 1410 eorum
176 1383 344 1418 ignominia?
370 1383 478 1418 Septem
496 1390 562 1419 ergo
586 1383 683 1411 diebus
705 1387 847 1418 separatur

51 1435 132 1456 extra
152 1432 255 1456 castra.
276 1429 399 1456 Diximus
415 1428 497 1456 etiam
516 1429 543 1456 in
559 1427 744 1464 superioribus
755 1448 762 1460 ,
774 1428 847 1462 quod

51 1481 158 1510 septem
188 1475 247 1502 dies
279 1476 324 1503 isti
350 1476 528 1511 septimanam
553 1475 645 1503 mundi
675 1474 753 1502 istius
774 1474 848 1502 desi-

52 1525 148 1555 gnent.
170 1521 198 1548 In
218 1521 367 1555 septimana
381 1522 454 1549 enim
473 1522 598 1553 dierum,
616 1525 748 1548 creaturae
763 1520 847 1548 totius

50 1567 173 1595 visibilis
186 1567 347 1595 substantia:
360 1568 486 1595 videntur
500 1574 560 1595 esse
572 1567 711 1602 producta:
722 1567 755 1593 ⁷³.
771 1565 847 1604 Tunc

48 1611 126 1638 enim
140 1619 203 1646 qua:
218 1619 270 1638 non
283 1618 373 1644 erant,
388 1612 459 1639 facta
472 1612 553 1647 292
568 1617 641 1639 sttnt.
655 1612 682 1638 In
695 1611 847 1646 septimana

48 1665 118 1684 vero
135 1657 220 1684 totius
238 1657 329 1684 mundi
340 1677 348 1689 ,
366 1662 471 1685 secreta
486 1658 604 1692 quadam
621 1662 648 1684 et
665 1658 720 1684 Deo
734 1657 784 1684 soli
800 1664 848 1684 co-

50 1704 127 1737 gnita
140 1703 356 1737 dispensatione,
370 1710 430 1738 quae
448 1708 512 1730 tunc
524 1702 654 1737 producta
666 1707 731 1730 sunt
740 1721 748 1734 ,
762 1701 848 1736 expli-

52 1754 164 1776 cantur.
180 1748 291 1775 lnterim
309 1748 336 1776 in
357 1749 408 1776 hac
429 1748 582 1784 septimana
604 1755 657 1783 qua
678 1751 847 1782 sequestrata

51 1802 95 1824 est
112 1796 212 1828 Maria,
225 1803 277 1822 non
293 1800 435 1823 moventur
449 1799 539 1822 eastra
557 1794 674 1822 ﬁliorum
689 1794 787 1827 Israel,
801 1795 848 1822 sed

52 1847 128 1869 stant
144 1850 200 1869 uno
213 1841 239 1868 in
255 1841 316 1868 loco
331 1841 470 1873 conclusi,
484 1845 511 1868 et
525 1841 613 1867 nullus
630 1845 670 1867 est
685 1840 725 1867 eis
738 1840 848 1867 omnino

53 1887 213 1924 profectus,
230 1887 316 1914 donec
332 1887 477 1914 mundetur
493 1886 577 1913 Maria
591 1893 606 1912 a
623 1886 695 1919 lepra
716 1893 776 1912 sua.

88 1934 118 1962 5.
137 1943 147 1959 ι
170 1933 204 1960 Et
224 1937 285 1967 post
304 1932 360 1959 haec
371 1952 379 1965 ,
393 1932 480 1966 inquit
496 1932 527 1962 ",
536 1931 670 1967 promovit
686 1931 800 1966 populus
813 1939 848 1959 ex

52 1981 193 2012 Aseroth,
210 1984 240 2006 et
255 1978 437 2006 consederunt
453 1978 479 2005 in
492 1978 602 2006 deserto
616 1977 734 2005 Pharan.
753 1987 762 2003 ι
781 1978 849 2005 Ase—

53 2027 117 2055 roth
133 2027 332 2060 interpretatur
343 2025 437 2051 domm
448 2024 565 2059 perfecta
580 2024 648 2059 (84).
664 2023 850 2051 Proficiscitur

49 2080 119 2108 ergo
142 2071 259 2107 populus
275 2075 417 2106 postquam
440 2070 524 2097 Maria
546 2075 658 2104 purgata
674 2074 734 2103 est,
757 2077 772 2096 a
799 2069 848 2095 ilo-

52 2119 147 2145 mibus
173 2116 318 2151 perfectis.
339 2120 366 2142 et
390 2115 464 2142 venit
484 2115 510 2142 in
528 2114 655 2147 Pharan,
674 2115 745 2150 quod
765 2114 849 2140 inter-

51 2169 180 2199 pretatur
204 2171 233 2189 or
259 2161 359 2189 visibile
382 2160 449 2197 (85).
473 2160 537 2187 Mihi
559 2160 667 2188 videtur
687 2167 718 2187 os
739 2159 849 2188 visibile

51 2217 136 2244 posse
162 2207 292 2242 intelligi.
315 2207 386 2242 qttod
411 2206 528 2234 Verbum
545 2213 610 2233 caro
627 2205 728 2233 factum
745 2211 805 2238 est,
821 2211 848 2233 et

52 2253 203 2282 invisibilis
215 2253 331 2280 visibilis
347 2253 477 2285 enectus;
494 2256 521 2279 et
537 2251 588 2279 hoc
601 2251 759 2287 signiﬁcari,
774 2251 847 2285 quod

52 2303 236 2334 posteaquam
252 2297 315 2324 ﬁnis
332 2302 360 2325 et
380 2296 510 2331 perfectio
526 2296 647 2322 omnium
661 2302 722 2329 qua:
735 2301 798 2329 erga
816 2294 847 2320 il-

53 2344 110 2372 lum
134 2344 268 2379 populum
289 2343 404 2378 gerenda
422 2341 546 2373 fuerant,
558 2340 641 2372 venit,
654 2344 718 2367 tunc
732 2339 846 2372 transit,

53 2396 82 2417 et
97 2391 174 2417 venit
186 2389 220 2416 ad
234 2396 306 2421 eum,
322 2395 402 2423 quem
418 2387 534 2415 Verbum
545 2394 654 2415 carnem
670 2386 773 2413 factum
785 2391 848 2413 ante

53 2444 108 2463 non
122 2435 254 2463 credidit.
274 2444 284 2460 ι
298 2434 333 2461 Et
345 2434 451 2461 locutus
465 2437 507 2460 est
521 2432 651 2460 Dominus
667 2432 701 2459 ad
717 2431 827 2466 Moysen
840 2451 847 2463 .

54 2483 151 2510 dicens
173 2490 182 2508 :
200 2480 276 2508 Mitte
287 2481 373 2514 viros,
389 2484 416 2506 et
429 2479 603 2507 considerent
620 2482 722 2505 terram
737 2476 847 2505 Chana-

902 246 965 266 netn
987 240 1020 272 ",
1039 249 1048 265 ι
1064 245 1092 267 et
1114 240 1231 275 reliqua,
1251 241 1279 267 in
1299 240 1398 275 quibus
1418 240 1452 267 de
1475 239 1691 274 exploratoribus

904 290 983 312 terrae
995 291 1130 318 narratur,
1144 286 1190 321 qui
1203 286 1279 313 missi
1291 286 1449 313 renuntiant
1460 285 1532 320 quod
1546 289 1618 312 terra
1629 285 1690 320 qui-

903 331 964 358 dem
978 331 1014 358 sit
1030 331 1099 358 bona
1121 337 1148 359 et
1164 332 1341 364 admirabilis;
1365 331 1489 359 habitant
1502 335 1592 358 autem
1615 331 1642 358 in
1660 339 1691 358 ca

903 373 950 401 filii
965 375 1113 411 gigantum,
1127 377 1154 403 in
1168 384 1284 411 quorum
1304 376 1496 411 conspectibus
1510 376 1626 411 populus
1644 375 1692 402 Dei

897 423 975 456 quasi
998 423 1109 449 locusta:
1127 422 1282 450 videantur.
1304 421 1338 449 Et
1358 421 1450 455 plures
1470 421 1577 455 quidem
1594 421 1691 455 despe-

897 473 959 495 rant
973 476 1002 495 se
1013 476 1094 503 posse
1107 468 1208 495 salvari
1221 476 1235 495 a
1253 468 1316 495 ﬁliis
1328 468 1467 503 gigantum
1483 475 1490 493 :
1507 467 1588 495 Jesus
1601 472 1692 494 tamen

898 521 950 540 non
971 514 1115 548 desperat,
1129 514 1176 541 sed
1192 514 1337 541 conﬁrmat
1351 513 1443 549 populi
1460 514 1541 541 ﬁdem
1561 521 1621 541 cum
1638 513 1692 540 Ca,

897 559 951 592 leb,
967 560 1013 594 qui
1029 565 1071 586 est
1084 560 1118 586 de
1135 560 1205 587 tribu
1220 559 1301 593 Juda,
1317 564 1345 587 et
1357 560 1452 587 dicunt
1467 559 1491 575 ”
1509 569 1516 586 :
1533 569 1543 585 ι
1562 559 1590 586 Si
1604 558 1693 593 diligit

897 612 946 633 nos
970 605 1050 638 Dens,
1079 606 1232 633 introducet
1252 613 1300 633 nos
1326 606 1352 632 in
1370 611 1470 633 terram
1489 607 1573 633 hanc.
1597 615 1606 632 ›
1625 605 1693 639 Quae

896 656 938 678 est
952 658 1017 686 ergo
1033 656 1106 678 terra
1120 651 1169 678 ista
1181 652 1330 679 secundum
1344 651 1495 686 spiritalem
1511 651 1691 684 intellectum,

897 705 957 732 quae
971 702 1043 725 terra
1057 698 1167 732 quidem
1185 702 1280 724 sancta
1296 703 1350 731 est,
1365 702 1393 725 et
1409 702 1482 724 terra
1501 697 1581 730 bona,
1598 697 1643 724 sed
1659 697 1693 724 ab

898 743 989 777 impiis
1006 743 1164 770 habitatur?
1180 742 1231 776 Qui
1250 747 1314 770 sunt
1327 751 1392 778 ergo
1408 743 1452 770 isti
1470 743 1572 775 hostes,
1584 743 1628 776 qni
1646 743 1694 769 ha-

896 789 985 816 bitant
1008 789 1035 816 in
1060 794 1132 816 terra
1159 788 1338 816 sanctorum?
1359 788 1392 815 Et
1410 788 1547 823 quomodo
1567 788 1693 823 ejiciemli

896 839 969 866 sunt,
988 839 1018 860 ιιι
1032 834 1087 861 illis
1104 834 1201 868 ejectis
1217 834 1304 861 sancti
1325 833 1475 861 succedant
1496 833 1523 860 in
1542 833 1630 861 locum
1649 841 1694 859 co-

898 880 977 907 rum?
992 879 1146 908 Redeamus
1161 881 1195 907 ad
1211 879 1358 915 Evangelia
1370 900 1378 912 ,
1399 880 1541 906 redeamus
1564 878 1596 906 ad
1618 879 1694 914 Apo-

896 926 1006 953 stolum.
1029 924 1174 961 Evangelia
1197 926 1301 953 sanctis
1322 925 1488 960 promittunt
1508 932 1591 960 regna
1606 925 1694 953 cutio-

898 979 969 998 rnm.
994 972 1140 1006 Apostolus
1162 973 1225 999 dicit
1242 972 1263 987 "
1287 983 1293 1000 :
1317 981 1326 998 ι
1352 971 1450 998 Nostra
1472 976 1562 999 autem
1580 979 1695 999 conver-

897 1017 966 1044 satio
978 1017 1004 1044 in
1018 1017 1095 1045 malis
1111 1022 1162 1045 est.
1182 1027 1191 1043 ι
1210 1017 1237 1044 ln
1254 1017 1331 1045 caelis
1347 1025 1411 1052 ergo
1425 1021 1468 1044 est
1485 1017 1562 1044 locus
1577 1017 1696 1044 haeredi-

883 1063 886 1064 ⁷
899 1063 1031 1097 tatis,qui
1049 1063 1217 1097 promittitur
1228 1063 1342 1090 sanctis.
1359 1063 1391 1089 Et
1405 1062 1470 1097 quid
1483 1068 1611 1097 putamus
1621 1063 1694 1098 quod

899 1107 990 1135 utullus
1014 1116 1087 1135 nunc
1113 1108 1286 1136 adversarius
1305 1108 1342 1135 sit
1365 1107 1391 1134 in
1420 1107 1462 1134 his
1486 1108 1554 1135 locis
1570 1115 1630 1142 qum
1645 1109 1695 1136 tibi

899 1153 1113 1187 promittuntur,
1135 1161 1215 1188 quem
1238 1158 1267 1180 tu
1286 1153 1349 1180 inde
1365 1153 1466 1180 debeas
1482 1153 1629 1188 pugnando
1648 1154 1694 1181 de-

898 1199 997 1233 pellere
1006 1198 1123 1234 (δῦ-8⁸1),
1138 1203 1168 1225 ut
1182 1198 1250 1225 liber
1264 1199 1297 1226 ad
1309 1206 1341 1226 ea
1357 1206 1417 1233 quae
1434 1198 1481 1225 tibi
1497 1199 1696 1232 promittuntur

897 1245 957 1272 loca
973 1245 1082 1272 evolare
1094 1245 1204 1280 possis?
1217 1244 1249 1271 Et
1260 1245 1396 1279 quomodo
1409 1245 1475 1271 dicit
1484 1244 1614 1271 Dominus
1623 1244 1647 1260 ⁷·
1656 1253 1666 1270 ι
1678 1252 1695 1271 a

897 1291 993 1319 diebus
1003 1291 1117 1319 Joannis
1130 1291 1266 1326 Baptistae,
1274 1292 1364 1326 tquiat
1372 1299 1483 1327 regnum
1495 1292 1628 1319 cmiorum
1639 1291 1694 1318 vim

897 1338 1000 1372 patitur
1011 1356 1019 1369 ,
1032 1342 1059 1365 et
1070 1338 1124 1365 vim
1138 1337 1287 1366 inferentes
1302 1338 1412 1373 rapiunt
1427 1338 1503 1366 illud.
1521 1348 1531 1364 ι
1546 1337 1605 1366 Nisi
1620 1338 1696 1366 enirn

898 1387 989 1410 essent
1004 1383 1104 1418 quibus
1119 1383 1159 1411 vis
1177 1384 1273 1416 lieret,
1288 1391 1429 1419 nunquam
1450 1388 1545 1412 essent
1566 1385 1612 1419 qui
1630 1383 1696 1411 inde

898 1428 995 1462 depelli
1008 1433 1035 1455 et
1050 1429 1157 1456 extrudi
1171 1428 1322 1461 deberent,
1335 1437 1476 1463 nunquam
1491 1429 1632 1457 diceretur
1646 1436 1696 1463 per

897 1474 953 1500 vim
978 1473 1161 1508 diripiendum
1185 1481 1246 1502 esse
1277 1482 1390 1510 regnum
1412 1475 1559 1502 cwlorum.
1585 1475 1620 1502 Et
1642 1475 1695 1503 nisi

861 1536 882 1565 ο
900 1524 992 1547 essent
1011 1527 1073 1548 cum
1095 1521 1195 1555 quibus
1219 1525 1361 1548 certamen
1387 1521 1467 1549 nobis
1486 1526 1561 1549 esset
1576 1529 1607 1549 ac
1623 1529 1695 1557 pra:-

899 1566 984 1599 litttn,
1009 1574 1146 1601 nunquam
1171 1567 1274 1594 diceret
1293 1567 1440 1602 Apostolus
1461 1567 1484 1583 τ’
1504 1575 1512 1595 :
1540 1576 1550 1594 ι
1575 1567 1634 1595 Non
1653 1572 1696 1596 est

900 1613 977 1640 nobis
999 1613 1156 1640 colluctatio
1175 1613 1308 1641 adversus
1328 1621 1439 1642 carnem
1461 1619 1489 1641 et
1512 1615 1672 1650 sanguinem
1685 1635 1695 1647 ,

899 1659 947 1686 sed
973 1659 1106 1686 adversus
1131 1659 1302 1694 principatus
1326 1664 1353 1687 et
1380 1665 1544 1694 potestates,
1565 1661 1696 1688 adversus

901 1704 993 1731 mundi
1006 1704 1085 1738 hujus
1099 1709 1234 1738 rectores,
1249 1705 1426 1732 tenebrarum
1442 1706 1550 1738 harum,
1563 1707 1695 1733 adversus

900 1749 1030 1784 spiritalia
1047 1751 1176 1784 nequitia
1191 1750 1218 1777 in
1233 1751 1403 1779 etelestibus.
1422 1761 1431 1777 ι
1448 1751 1485 1779 De
1497 1751 1598 1786 quibus
1612 1752 1694 1779 etiam

901 1795 965 1822 illud
991 1796 1039 1823 Dei
1068 1796 1171 1823 dictum
1193 1796 1323 1824 divinitus
1340 1804 1389 1831 per
1409 1798 1570 1832 prophetam
1596 1797 1696 1825 intelli-

899 1841 1014 1876 gendutn
1029 1841 1146 1873 videtur,
1159 1841 1205 1868 tibi
1221 1840 1294 1867 ait”
1310 1849 1316 1867 :
1333 1849 1343 1866 ι
1363 1840 1397 1867 Et
1412 1841 1567 1868 inebriatus
1581 1846 1623 1868 est
1637 1841 1696 1876 gla-

900 1887 963 1914 ditis
991 1895 1068 1914 meus
1090 1888 1116 1914 iu
1139 1887 1220 1915 caelo.
1248 1896 1258 1913 ι
1278 1886 1395 1914 Necesse
1412 1891 1455 1914 est
1473 1894 1539 1922 ergo
1556 1887 1695 1922 spiritales

901 1933 1035 1967 nequitias
1047 1941 1108 1967 quae
1125 1933 1150 1960 in
1166 1933 1325 1960 coelestiths
1335 1940 1397 1960 esse
1412 1933 1552 1965 dicuntur,
1569 1932 1615 1967 qui
1631 1939 1695 1960 sunt

901 1978 956 2004 veri
979 1977 1143 2010 Cbananzci,
1161 1977 1233 2004 vinci
1254 1978 1302 2004 abs
1322 1982 1366 2011 te,
1384 1982 1411 2004 ut
1432 1977 1575 2013 expeditus
1591 1978 1624 2004 ad
1639 1984 1696 2005 eteo

901 2022 978 2049 lestia
1005 2030 1088 2058 regna
1110 2023 1228 2050 transire
1244 2023 1348 2057 possis,
1366 2028 1395 2050 ut
1412 2027 1439 2049 tu
1456 2031 1505 2058 pro
1519 2022 1572 2050 illis
1589 2022 1696 2051 habites

901 2066 949 2094 ibi.
970 2066 1045 2094 Scito
1065 2072 1154 2095 tamen
1178 2068 1301 2103 gigantes
1326 2076 1373 2096 eos
1396 2076 1467 2096 esse.
1490 2068 1573 2104 Gigas
1594 2069 1696 2097 dicitur

899 2113 989 2139 omnis
1002 2113 1050 2147 qui
1066 2113 1199 2141 adversus
1213 2113 1298 2140 Deum
1321 2114 1433 2142 resistit.
1449 2114 1613 2149 Quicunque
1629 2123 1695 2150 ergo

901 2159 1062 2186 adversatur
1077 2159 1144 2191 Deo,
1161 2165 1189 2187 et
1203 2162 1359 2188 contrarius
1370 2166 1413 2189 est
1429 2161 1552 2194 veritati.
1568 2161 1640 2196 quod
1655 2161 1694 2189 illi

864 2208 886 2235 D
901 2205 1086 2240 principaliter
1101 2204 1222 2238 faciunt,
1241 2206 1342 2234 merito
1357 2206 1434 2241 gigas
1454 2207 1616 2242 appellatur.
1633 2207 1694 2235 Tibi

901 2257 966 2285 ergo
989 2255 1134 2282 praestatur
1150 2255 1180 2278 ut
1195 2251 1312 2279 devictis
1327 2252 1486 2287 gigantibus
1504 2253 1588 2280 intres
1606 2254 1633 2280 in
1649 2261 1694 2280 re-

901 2303 984 2331 gnum
1012 2296 1084 2331 quod
1112 2297 1151 2324 illi
1178 2297 1375 2332 perdiderunt,
1405 2303 1435 2325 ut
1460 2298 1604 2333 impleatur
1622 2300 1695 2333 quod

900 2342 1033 2377 scriptum
1057 2347 1099 2369 est
1117 2351 1125 2369 :
1152 2352 1162 2368 ι
1187 2343 1254 2377 Quis
1267 2344 1386 2379 accipiet
1400 2351 1415 2370 a
1431 2344 1539 2379 gigante
1554 2345 1660 2380 spolia?
1683 2355 1692 2370 ι

903 2386 981 2414 Unde
995 2393 1024 2414 et
1042 2387 1171 2416 Dominus
1188 2389 1298 2416 dicebat
1315 2390 1341 2416 in
1357 2389 1505 2424 Evangelia
1519 2389 1541 2405 ⁸¹
1555 2399 1561 2416 :
1578 2398 1587 2415 ι
1609 2389 1695 2418 Nemo

903 2437 992 2467 potest
1019 2433 1133 2460 introire
1155 2433 1182 2460 in
1203 2434 1313 2462 domutn
1330 2434 1409 2462 fortis
1421 2453 1429 2466 ,
1452 2441 1480 2462 et
1497 2434 1614 2469 diripere
1630 2442 1693 2462 vasa

903 2478 962 2512 ejus
973 2499 979 2511 ,
994 2479 1044 2506 nisi
1061 2479 1137 2514 pritts
1161 2480 1315 2515 alligaverit
1331 2480 1449 2514 fortem;
1467 2490 1476 2507 ι
1493 2481 1538 2515 qui
1555 2480 1616 2507 licet
1630 2488 1695 2516 pro.

861 867 882 894 Β

89 2565 113 2580 ⁷¹
129 2564 199 2592 ibid.
226 2564 249 2580 "
266 2563 317 2590 lsa.
334 2571 379 2595 XL,
393 2562 436 2589 l5.
465 2562 488 2577 ⁷³
507 2562 575 2589 Gen.
593 2567 641 2588 tet
655 2569 684 2587 ιι.
722 2562 744 2576 ⁷⁸
758 2560 825 2587 Num

939 2559 954 2586 ἰ.
992 2560 1015 2575 ⁷⁸
1030 2559 1110 2587 Num.
1129 2568 1175 2587 xm
1187 2580 1194 2592 ,
1210 2561 1236 2592 l,
1249 2559 1277 2587 2.
1315 2560 1338 2575 ⁷⁸
1354 2559 1436 2586 Num.
1453 2566 1508 2592 xiv,
1522 2558 1550 2585 8.
1589 2559 1611 2574 ⁷⁷
1628 2558 1694 2586 Plii-

55 2600 101 2635 lip.
118 2608 151 2627 ιιι
165 2619 174 2631 ,
185 2598 231 2626 20.
270 2599 293 2614 ⁷⁸
310 2598 403 2625 Matth.
421 2605 459 2630 ιι,
475 2597 518 2624 12.
533 2597 556 2612 ⁷³
574 2597 672 2631 Eplies.
687 2604 723 2629 vr,
737 2596 783 2623 12.
822 2596 830 2612 ⁸

939 2603 1031 2627 txxtv,
1052 2595 1079 2622 5.

89 2648 151 2684 (85)
181 2646 272 2684 Codex
293 2645 322 2674 S.
344 2645 522 2684 Theoderici,
547 2654 557 2670 ‹
582 2644 709 2684 derelicta
733 2644 849 2684 proximi

56 2679 186 2717 proximo
200 2683 294 2709 nubat.
314 2691 323 2707 ι
341 2681 427 2709 Codd.
441 2680 615 2717 Ebroicensis
625 2684 653 2707 et
664 2679 848 2711 Belvacensis,

57 2715 67 2743 ᾖ
84 2719 213 2746 relictam
229 2716 343 2752 proximi
362 2715 609 2752 proximusnubat.
632 2724 641 2741 ι

90 2754 153 2788 (81)
173 2748 281 2779 Auram
292 2748 479 2788 interpretatur
492 2751 586 2788 domus
600 2749 729 2788 perfecta.
739 2748 786 2788 Sic
801 2748 847 2776 ha-

55 2783 122 2816 bent
132 2783 202 2815 mss.
217 2788 244 2814 In
257 2786 339 2814 editis
354 2783 403 2821 pro
418 2795 427 2809 ι
443 2786 561 2821 perfecta
576 2794 584 2811 ι
600 2783 698 2819 legitur
709 2783 846 2821 perfectio.

52 2829 115 2854 ἀττ
145 2832 156 2848 ι
185 2823 297 2853 atrium,
328 2831 338 2847 ι
355 2819 432 2849 Ριυτ.
444 2819 558 2848 Ὁοιιδιικ
571 2824 662 2850 nam
678 2828 687 2844 ι
707 2819 775 2846 atria
793 2827 802 2843 ι
820 2823 848 2845 ει

56 2857 259 2893 synecdochice
288 2867 297 2882 ε
322 2855 421 2883 domus
446 2863 454 2879 ι
477 2855 625 2891 signiﬁcari
651 2859 762 2890 potest_:
780 2861 850 2888 quo-

163 2905 301 2935 PATROL.
319 2904 376 2934 Gtt.
395 2903 466 2933 ΧΗ.

1115 2595 1137 2611 ⁸¹
1158 2595 1254 2622 Matth.
1270 2601 1306 2621 ιιι
1327 2594 1373 2621 ⁸29.

908 2644 988 2670 modo
1006 2643 1068 2670 inde
1084 2643 1141 2670 erui
1164 2643 1249 2677 possit
1269 2651 1278 2668 ε
1299 2641 1395 2669 domus
1419 2640 1554 2676 perfecta,
1576 2649 1585 2666 ι
1606 2641 1693 2668 fateor

904 2685 948 2705 tne
962 2686 1013 2704 non
1031 2678 1132 2705 videre.

939 2713 996 2748 (85)
1024 2712 1148 2746 Pharon,
1166 2712 1234 2748 quod
1258 2712 1447 2745 interpretatur
1461 2718 1495 2748 ps
1515 2710 1627 2738 visibile.
1652 2710 1691 2737 Ex

901 2745 1086 2779 Πείιίιιιίιιιιιιι
1104 2757 1112 2773 t
1130 2745 1176 2778 os,
1186 2747 1253 2778 oris,
1271 2755 1280 2772 ι
1297 2750 1325 2773 ει
1338 2751 1399 2774 nm
1416 2753 1426 2770 ‹
1443 2745 1520 2773 vidit.
1539 2755 1549 2771 ι

940 2783 1049 2819 (86-87)
1063 2782 1141 2819 Libb.
1155 2782 1219 2810 editi
1241 2790 1250 2807 t
1276 2787 1355 2819 quem
1380 2785 1407 2807 tu
1427 2780 1526 2807 debeas
1549 2779 1692 2816 pugnando

903 2816 1049 2852 evincere,
1067 2827 1077 2844 ι
1091 2818 1137 2846 sed
1155 2825 1221 2845 mss.
1235 2821 1265 2844 ut
1279 2816 1304 2843 in
1319 2821 1410 2843 nostro
1426 2820 1512 2842 textu.

1488 2894 1529 2924 20
