1886 3051
216 97 268 124 619

955 92 1116 120 ORIGENIS
1783 95 1821 122 630

219 159 278 188 pter
289 152 443 187 superbiam
453 160 531 180 suam
542 159 557 179 a
571 151 650 179 domo
662 151 829 185 reclcstijam
843 151 878 179 sit
890 151 1005 185 ejectns,
1022 154 1043 182 Α
1059 152 1189 179 adversus
1219 150 1351 186 spiritalia
1368 150 1497 186 nequitiae
1521 151 1548 178 in
1570 150 1734 180 coelestibus.
1750 162 1757 178 ι
1774 152 1822 180 i‘m.

218 206 246 228 tu
259 205 352 227 tamen
361 201 412 227 nisi
425 200 523 227 viceris
539 199 630 230 illum,
644 206 695 225 non
712 198 838 225 introibis
855 199 881 225 in
896 199 1006 226 dmmun

218 246 308 273 fortis.
334 245 390 273 Nec
418 245 488 272 vinci
514 244 616 275 solum,
639 251 731 270 verum
755 248 782 271 et
803 243 910 279 alligari
932 244 1007 271 illum

218 296 336 326 oportet.
359 291 414 318 Nisi
436 290 509 318 enim
531 290 657 325 alligetur
669 309 677 322 ,
694 291 904 325 haudquaquam
921 295 1007 318 tutum

215 345 281 364 esse
305 337 402 372 poterit
425 337 476 364 iter
501 341 634 364 nostrum.
655 336 732 363 Nunc
748 344 813 371 ergo
827 341 957 370 quantum
973 336 1007 363 ad

217 382 448 416 comparationem
461 382 597 414 humana,
614 387 642 410 et
656 382 813 409 daemonicae
826 387 942 412 natum,
958 389 1008 408 nos

217 428 327 455 locusta:
341 435 453 459 sumus,
470 431 498 454 et
511 426 550 453 illi
567 427 710 462 gigantes;
727 432 754 454 et
769 426 905 462 pr:ccipue
920 427 941 454 si
958 428 1008 454 du-

215 473 261 501 bia
278 473 314 500 sit
330 473 396 501 ﬁdes
411 477 504 501 nostra
517 493 524 504 ,
541 478 567 500 et
584 474 606 500 si
622 481 671 501 nos
685 478 838 508 perterrent
854 473 1007 504 inﬁdelitas,

218 519 256 547 illi
275 526 339 547 vere
355 519 479 554 gigantes
493 524 590 551 erunt,
603 524 630 546 et
645 527 694 547 nos
706 519 825 547 locustau
845 519 873 546 Si
890 527 954 546 vero
966 527 1009 547 se-

215 573 332 601 quamur
357 565 449 593 Jesum
474 570 503 593 et
527 565 672 592 credamus
695 566 784 593 verbis
806 565 880 600 ejus,
902 573 934 593 ac
957 565 1007 592 ﬁde

217 612 276 646 ejus
301 612 471 643 repleantur.
494 616 623 646 tanquam
640 611 708 639 nihil
723 617 802 639 erunt
818 612 843 639 in
861 617 1007 646 conspectu

217 657 398 684 uostro.Audi
410 657 481 683 enim
490 657 626 691 quomodo
644 664 692 684 nos
702 657 846 690 hortatur,
868 662 895 684 et
920 657 1006 684 dicit:

219 712 227 728 ο
243 703 271 730 Si
285 707 357 730 amat
366 710 415 730 nos
428 703 509 734 Deus,
523 702 678 730 introducet
690 711 740 730 nos
752 703 777 730 in
789 707 888 730 terram
899 703 979 737 hanc,
995 712 1004 729 ι

216 748 346 783 quoniam
362 748 431 775 bona
445 753 498 779 est.
514 753 542 775 et
559 748 664 775 fructus
678 747 737 782 ejus
757 747 900 775 mirabilis.
915 748 1008 782 Typus

216 803 290 830 ergo.
303 799 330 822 et
342 795 426 829 ﬁgura
440 801 501 829 qua:
515 793 656 829 praecessit
669 793 694 820 in
708 793 843 828 patribus,
857 793 1008 827 completur

216 842 242 868 in
269 841 358 868 nobis.
382 840 528 874 chcerunt
552 839 592 866 illi
616 844 728 873 gentes,
745 844 772 867 et
789 840 928 867 consecuti
944 845 1007 867 sunt

218 886 403 913 hmreditatem
425 893 531 913 corum.
553 885 697 912 Consecuti
720 890 782 912 sunt
804 886 875 913 enim
898 893 1006 912 onmem

217 937 319 959 terram
332 930 442 962 Jndaae.
461 935 489 957 et
503 929 652 957 Jerusalem
671 930 810 957 civitatem
820 951 828 964 ,
843 935 871 958 et
888 936 1005 957 montem

218 977 292 1003 Sion.
319 975 382 1003 Haec
406 983 433 1002 tn
457 975 510 1002 illis
530 975 638 1010 impleta
654 980 733 1009 sunt,
747 976 779 1002 ad
798 981 824 1002 te
836 980 927 1003 autem
941 975 1006 1009 quid

216 1022 328 1050 dicitur?
346 1020 416 1054 Non,
432 1021 529 1056 inquit,
547 1021 703 1048 accessistis
718 1022 751 1048 ad
767 1029 798 1049 ea
814 1028 874 1056 quae
889 1021 1006 1048 visibilia

216 1073 292 1099 sunt,
301 1067 348 1094 sed
358 1066 392 1094 ad
401 1067 572 1094 invisibiliau
579 1066 740 1094 Accessistis
748 1067 832 1099 enim.
841 1067 928 1102 inquit
935 1067 1005 1100 “'3'.

215 1113 249 1139 ad
265 1117 384 1139 montem
403 1111 452 1139 Dei
467 1112 595 1144 viventis.
610 1116 639 1139 et
655 1112 690 1139 ad
710 1112 848 1140 civitatem
865 1112 1005 1140 caelestem

214 1157 375 1189 Jerusalem,
387 1162 416 1184 et
427 1157 461 1183 ad
478 1157 682 1184 multitudinem
698 1157 868 1192 angelorum.
886 1167 896 1184 I
914 1158 1006 1186 Sedet

215 1203 278 1230 alibi
302 1203 373 1230 idem
392 1202 540 1238 Apostolus
558 1202 662 1229 dicit"
684 1209 692 1228 :
712 1211 722 1228 ι
746 1202 897 1231 Jerusalem
913 1208 1005 1231 autem

211 1257 275 1284 qua:
285 1257 393 1277 sursum
405 1254 457 1282 est,
472 1256 533 1284 qua:
545 1253 587 1276 est
603 1253 691 1276 mater
704 1250 825 1276 omnium
840 1254 973 1277 nostrum.
993 1259 1003 1276 ι

216 1296 245 1322 Si
259 1295 321 1330 quis
333 1295 423 1322 verbis
437 1295 558 1330 Apostoli
577 1295 695 1322 dicentis
709 1294 859 1322 Jerusalem
876 1303 936 1323 esse
949 1303 1006 1323 cu:-

215 1344 324 1376 lestem,
337 1350 390 1370 non
400 1342 588 1370 accommodat
599 1341 678 1369 ﬁdem
689 1363 696 1373 .
710 1346 800 1376 potest
813 1347 840 1368 et
852 1341 910 1369 haec
923 1343 1005 1369 verba

215 1394 308 1416 nostra
331 1395 471 1416 recusare.
493 1387 522 1414 Si
545 1394 610 1415 vero
633 1387 722 1415 verbis
741 1386 815 1414 Pauli
841 1386 908 1414 fides
928 1387 1005 1415 adhi-

216 1435 303 1462 benda
312 1439 367 1467 est,
379 1434 452 1462 sicut
462 1438 490 1461 et
502 1438 579 1461 certe
591 1433 743 1462 adhibenda
753 1438 804 1467 est,
816 1438 843 1461 et
852 1432 1004 1461 Jerusalem

215 1480 354 1509 ccclestem
369 1487 430 1508 esse
441 1480 579 1508 credimus
587 1480 620 1507 ad
635 1483 727 1514 typum
743 1484 859 1507 terrenae
872 1478 963 1513 hujus,
977 1483 1005 1506 et

215 1534 277 1562 qua:
283 1526 382 1560 scripta
391 1526 518 1552 videntur
524 1525 557 1552 de
567 1525 617 1552 hac
626 1529 733 1552 terrena
743 1524 776 1551 ad
786 1523 859 1551 illam
866 1524 1004 1552 caelestem

215 1575 297 1610 293
313 1574 412 1601 rectius
425 1572 540 1608 spiritali
559 1572 737 1607 intelligentia
753 1571 935 1600 conferemus.
949 1571 1003 1598 Αθ-

215 1622 348 1649 cessimus
362 1628 437 1656 ergo,
453 1620 525 1648 sicut
548 1619 649 1648 Paulus
665 1619 740 1652 dicit,
754 1619 786 1645 ad
804 1618 946 1646 ccelestem
960 1616 1006 1645 Je-

217 1666 344 1698 rusalem,
357 1666 416 1693 sine
442 1665 525 1693 dubio
551 1669 579 1692 et
598 1665 633 1692 ad
657 1663 793 1693 ctelestem
818 1663 937 1692 Judteam
955 1672 962 1690 :
978 1667 1005 1690 et

216 1713 284 1739 sicut
295 1712 333 1739 illi
348 1712 381 1739 de
391 1711 515 1739 terrestri
528 1710 621 1738 Judata
634 1710 773 1744 ejecerunt
786 1709 963 1741 Cbananmos,
978 1713 1006 1736 ct

217 1757 395 1789 Pberczatos,
412 1761 441 1784 et
466 1756 570 1788 Evzcos,
593 1755 767 1790 reliquasque
787 1760 904 1790 gentes:
920 1755 956 1781 ita
977 1759 1006 1781 et

216 1810 265 1830 nos
280 1803 326 1837 qui
341 1803 507 1831 accessimus
520 1803 553 1830 ad
564 1808 685 1830 montem
698 1802 756 1834 Dei,
766 1806 795 1830 et
810 1802 843 1829 ad
855 1808 936 1836 regna
950 1808 1005 1828 cm-

216 1849 305 1882 lestia,
324 1855 435 1877 necesse
450 1853 493 1876 est
504 1852 532 1876 ut
543 1848 710 1876 debellemus
722 1847 874 1876 contrarias
884 1851 1005 1881 potesta-

217 1898 268 1926 tes,
281 1899 308 1922 et
330 1893 462 1929 spiritalia
492 1893 617 1928 nequitia:
644 1894 671 1921 in
688 1893 847 1921 cmlcstibus
863 1901 870 1918 :
884 1898 912 1920 et
934 1893 1006 1920 sicut

216 1940 253 1968 illi
264 1940 404 1974 ejecerunt
426 1938 578 1967 Jebusaeum
592 1940 625 1967 de
637 1939 798 1970 JeruSalem,
813 1943 841 1966 et
856 1945 917 1972 quae
930 1937 1006 1972 prius

216 1985 298 2013 Job-ts
312 1989 409 2012 vocata
423 1983 525 2016 fuerat,
539 1986 709 2017 postmodum
723 1983 859 2018 appellata
871 1987 913 2011 est
924 1982 1005 2010 Jeru-

216 2033 301 2059 salem
317 2041 324 2059 :
343 2033 380 2059 ita
403 2036 431 2059 et
459 2039 509 2059 nas
524 2036 641 2065 oportet,
656 2036 686 2058 ut
708 2030 745 2058 ita
761 2029 1007 2063 dicam,expellere

218 2080 292 2114 prius
315 2078 467 2106 Jebusaeum
481 2078 515 2105 de
537 2077 701 2109 Jerusalem.
721 2081 748 2105 et
766 2077 806 2104 sic
821 2076 1005 2103 hereditatem

218 2125 278 2158 ejus
292 2125 434 2159 consequi.
453 2124 508 2152 Sed
534 2124 572 2152 illi
595 2123 707 2158 quidem
728 2123 785 2151 haec
802 2121 940 2150 faciebant
961 2128 1007 2148 ar—

1058 201 1151 230 ptcrea
1169 201 1195 223 et
1208 198 1277 224 hanc
1293 203 1412 231 pugnam
1426 196 1578 231 spiritalem
1590 202 1672 231 atque
1688 197 1822 225 invisibilem

1060 243 1228 278 pugnaturis,
1245 242 1379 277 spiritalia
1402 250 1490 275 arma,
1507 243 1691 270 etinvisibilia
1710 244 1756 271 tela
1768 252 1823 271 (‘Olll-

1060 288 1145 323 ponit,
1164 294 1192 316 et
1216 289 1284 317 dicit
1305 289 1328 304 “
1344 297 1352 315 :
1368 297 1378 314 ι
1403 289 1511 316 lnduite
1534 296 1583 316 vos
1598 289 1709 316 loricam
1728 290 1824 317 Charila-

1059 335 1094 362 tis
1106 335 1172 370 (88),
1184 339 1212 362 et
1231 336 1335 370 galeam
1350 335 1457 369 salutis,
1467 340 1496 363 et
1511 336 1642 363 assumite
1656 341 1757 363 scutum
1769 336 1824 367 ﬁdei.

1061 382 1147 416 inquo
1157 381 1269 416 possitis
1279 382 1370 408 omnia
1384 382 1435 408 tela
1447 382 1558 417 maligni
1571 383 1654 416 ignita
1667 383 1824 417 exstinguere.

1061 428 1113 455 Sed
1129 432 1157 455 et
1173 427 1292 462 gladium
1312 427 1435 462 spiritus,
1451 428 1551 462 inquit,
1567 429 1706 458 assumite.
1722 429 1826 464 quodest

1061 473 1172 501 verbum
1193 472 1250 500 Dei.
1269 482 1278 498 ι
1296 472 1364 501 Cum
1381 481 1446 509 ergo
1469 474 1568 503 talibus
1593 480 1621 503 te
1647 476 1827 503 armaveristc-

1062 518 1106 551 lis,
1120 525 1238 553 sequens
1249 516 1341 546 Jesum
1356 519 1463 553 ducent,
1482 528 1536 549 non
1547 522 1669 548 verearis
1680 521 1790 556 gigantes
1803 521 1826 547 it-

1061 564 1100 592 los
1115 572 1122 590 :
1138 564 1242 592 videbis
1254 564 1327 591 enim
1343 567 1481 600 quomodo
1494 573 1543 593 eos
1556 565 1603 594 tibi
1619 566 1744 600 subiiciet
1755 566 1826 593 Domi-

1061 618 1111 638 nus
1135 609 1235 638 Jesus:
1253 614 1281 637 et
1309 611 1382 639 sicut
1410 616 1502 644 patres
1527 612 1701 640 calcaverunt
1727 612 1826 640 cervius

1059 657 1192 691 gentium,
1207 657 1244 684 ita
1263 662 1291 685 et
1307 662 1335 686 tu
1358 658 1479 686 calcabis
1495 665 1578 691 super
1602 658 1724 686 cervices
1745 658 1826 685 daemo-

1060 711 1135 730 num.
1154 703 1214 738 lpse
1230 705 1303 732 enim
1321 705 1388 732 dicit
1401 705 1446 737 iis,
1458 705 1505 739 qui
1519 711 1580 731 eum
1599 704 1716 732 ﬁdeliter
1729 710 1826 738 sequam

1061 752 1104 775 tur
1114 748 1154 777 ⁸⁷ς
1173 757 1183 774 ‹
1202 749 1271 777 Ecce
1285 749 1347 776 dedi
1363 749 1441 776 vobis
1455 752 1620 784 potestatem
1632 747 1751 776 caicandi
1763 754 1828 781 suppr

1059 799 1213 828 serpentes,
1227 799 1255 821 et
1266 795 1438 829 scorpiones.
1454 799 1483 822 et
1495 801 1577 828 super
1597 801 1706 821 omnem
1722 793 1827 820 virtutem

1059 839 1172 867 inimici.
1188 849 1197 866 ι
1216 840 1278 867 Vult
1291 840 1365 867 enim
1382 847 1491 874 semper
1503 839 1583 868 Jesus
1600 847 1644 867 res
1659 839 1788 867 mirabiles
1799 838 1829 864 iu-

1058 893 1131 918 cerc,
1146 885 1202 913 vult
1214 885 1246 913 de
1261 885 1372 913 locustis
1388 885 1497 913 vincere
1511 885 1644 920 gigantes,
1658 890 1688 913 et
1702 885 1733 912 de
1745 885 1774 911 iis
1782 891 1829 916 qua:

1058 931 1085 958 iu
1100 931 1180 959 terris
1190 936 1265 963 sunt,
1283 931 1410 959 caelestes
1432 938 1563 964 superare
1581 931 1728 965 nequitias.
1744 929 1774 956 Et
1786 928 1831 956 for-

1059 981 1130 1004 tasse
1144 977 1196 1005 hoc
1212 982 1253 1005 est
1267 978 1339 1012 quod
1358 977 1466 1004 dicebat
1482 977 1508 1004 in
1520 976 1676 1011 Evangeliis
1684 976 1717 1009 ⁸⁸,
1729 975 1785 1010 quia
1795 975 1829 1008 qui

1056 1023 1144 1050 credit
1158 1023 1184 1050 in
1199 1030 1273 1055 eum.
1289 1030 1341 1050 non
1358 1022 1445 1049 solum
1461 1021 1544 1049 faciet
1563 1021 1607 1049 illa
1627 1029 1690 1056 qure
1706 1022 1759 1056 ipse
1770 1019 1830 1051 fecit.

1060 1078 1070 1095 ι
1087 1071 1135 1097 sed
1155 1069 1274 1103 majora,
1301 1068 1400 1103 inquit,
1427 1068 1524 1096 horum
1549 1067 1641 1095 faciet.
1659 1076 1671 1093 ι
1689 1066 1755 1094 Vere
1773 1066 1830 1092 enim

1058 1116 1146 1150 majus
1175 1115 1241 1142 mihi
1257 1115 1367 1142 videtur
1381 1114 1454 1148 quod
1482 1113 1563 1141 homo
1583 1113 1610 1140 iu
1634 1120 1718 1140 carne
1737 1111 1831 1145 βοωπις.

1057 1160 1169 1196 fragilis.
1192 1165 1220 1187 et
1247 1160 1379 1192 caducus,
1397 1159 1450 1187 ﬁde
1479 1163 1584 1186 tantum
1609 1158 1714 1186 Christi
1726 1163 1753 1185 et
1764 1157 1832 1184 verbo

1056 1207 1115 1240 ejus
1131 1210 1263 1237 armatus.
1279 1210 1389 1240 superet
1403 1204 1539 1240 gigantes,
1550 1204 1704 1232 daemonum
1720 1203 1832 1238 legiones.

1056 1253 1185 1286 Quamvis
1199 1253 1256 1287 ipse
1271 1252 1307 1280 sit
1319 1251 1365 1286 qui
1382 1251 1466 1278 vincit
1476 1250 1504 1278 in
1517 1249 1607 1282 nobis,
1616 1249 1678 1284 plus
1688 1254 1772 1276 tamen
1785 1255 1834 1275 esse

1056 1298 1122 1326 dicit
1136 1298 1210 1333 quod
1225 1305 1272 1332 per
1287 1304 1337 1325 nos
1353 1296 1448 1330 vincit.
1463 1303 1545 1330 quam
1562 1295 1633 1330 quod
1648 1303 1699 1329 per
1709 1302 1740 1323 se
1753 1294 1833 1321 vincit.

1057 1343 1172 1372 Tantum
1186 1348 1228 1370 est
1243 1347 1272 1369 ut
1287 1350 1337 1370 nos
1348 1342 1435 1369 armis
1450 1342 1508 1370 istis
1518 1348 1626 1376 semper
1639 1340 1727 1368 simus
1740 1339 1834 1370 armati.

1056 1395 1083 1418 et
1104 1391 1276 1418 conversatio
1307 1393 1399 1418 nostra
1426 1395 1534 1423 semper
1553 1387 1581 1414 in
1606 1387 1689 1414 cmlis
1716 1387 1760 1414 sit.
1782 1386 1836 1413 0m-

1056 1436 1100 1463 nis
1123 1439 1214 1462 motus
1240 1439 1342 1466 noster,
1369 1435 1459 1462 omnis
1480 1439 1577 1465 actus.
1602 1434 1695 1461 omnis
1711 1432 1836 1466 cogitatio.

1056 1482 1144 1510 omnis
1153 1488 1244 1509 sermo
1255 1480 1374 1508 caelestis
1395 1481 1441 1507 sit.
1457 1480 1566 1513 Quanto
1580 1479 1654 1506 enim
1670 1486 1720 1506 nos
1729 1477 1790 1505 illuc
1800 1484 1837 1503 ar-

1056 1528 1165 1556 dentius
1179 1528 1361 1557 ascendimus.
1378 1531 1454 1554 tanto
1471 1525 1507 1552 illi
1520 1524 1737 1560 praecipitantius
1753 1527 1836 1551 ruent:

1055 1565 1082 1602 et
1093 1578 1196 1609 quanto
1221 1581 1270 1601 nos
1296 1574 1383 1608 magis
1409 1579 1552 1607 augemur,
1568 1576 1646 1599 tanto
1676 1571 1714 1598 illi
1742 1569 1837 1597 inferio-

1056 1629 1100 1648 res
1114 1620 1170 1656 (89)
1186 1621 1262 1648 ﬁent.
1274 1618 1334 1647 Vita
1346 1623 1440 1646 nostra
1454 1618 1477 1646 si
1494 1622 1589 1644 sancta
1600 1617 1646 1649 sit,
1666 1617 1690 1644 si
1704 1615 1838 1645 secundum

1056 1667 1140 1695 Deum
1154 1667 1199 1699 sit,
1218 1665 1271 1694 illis
1286 1665 1412 1693 conferet
1429 1669 1555 1692 mortem.
1573 1662 1603 1690 Si
1623 1663 1720 1698 segnis
1733 1666 1760 1690 et
1772 1661 1837 1689 iusti-

1056 1714 1130 1741 riosa
1142 1713 1188 1746 sit,
1203 1715 1330 1746 potentes
1341 1718 1389 1738 eos
1407 1711 1552 1738 adversum
1567 1716 1617 1737 nos
1630 1713 1660 1736 et
1675 1709 1796 1744 gigantes
1809 1707 1840 1732 Lt-

1055 1760 1120 1787 ciet.
1148 1758 1254 1792 Quanto
1269 1764 1337 1790 ergo
1359 1764 1409 1784 nos
1434 1755 1581 1783 virtutibus
1602 1755 1762 1784 crescimus.
1778 1757 1840 1780 tanto

1055 1803 1094 1831 illi
1111 1803 1256 1831 inferiores
1273 1801 1430 1830 efﬁciuntur
1445 1806 1473 1828 et
1485 1799 1608 1836 fragiles.
1630 1799 1711 1827 Sicut
1726 1802 1842 1826 econtra-

1057 1852 1097 1878 rio
1114 1850 1137 1877 si
1165 1857 1214 1877 nos
1231 1849 1401 1876 inlirmemnr
1422 1853 1450 1876 et
1469 1852 1578 1875 terrena
1605 1847 1790 1881 requiramus,
1809 1843 1840 1870 illi

1057 1895 1186 1922 fortiores
1202 1895 1281 1922 ﬁunt.
1297 1893 1332 1921 Et
1355 1897 1457 1928 quanto
1474 1900 1524 1920 nos
1546 1891 1695 1920 dilatantur
1711 1891 1738 1918 in
1762 1889 1841 1918 terris.

1058 1945 1134 1968 tanto
1145 1940 1200 1968 illis
1215 1939 1305 1975 spatia
1317 1939 1343 1966 in
1355 1937 1513 1967 ccelestibus
1530 1937 1648 1972 largiora
1667 1936 1841 1965 concedimus.

1057 1985 1135 2013 Unde
1149 1985 1200 2013 hoc
1221 1984 1308 2020 magis
1339 1990 1463 2019 agamus.
1476 1987 1507 2009 nt
1531 1981 1610 2010 nobis
1632 1980 1842 2015 augescentibus,

1057 2031 1096 2059 illi
1109 2031 1287 2063 minuantur;
1307 2030 1385 2058 nobis
1397 2028 1622 2063 ingredientibus.
1639 2027 1678 2054 illi
1692 2027 1821 2061 pellantur
1835 2032 1842 2050 :

1058 2077 1136 2104 nobis
1153 2076 1377 2109 ascendentibus,
1394 2074 1432 2102 illi
1457 2073 1558 2101 cadant
1575 2081 1582 2100 :
1599 2073 1671 2100 sicut
1682 2078 1711 2099 et
1725 2072 1769 2100 ille
1780 2070 1841 2099 ceci-

1058 2122 1107 2154 dit,
1122 2122 1157 2150 de
1171 2129 1224 2156 quo
1240 2121 1306 2149 dicit
1326 2120 1458 2147 Dominus
1477 2119 1505 2147 in
1529 2117 1679 2153 Erangelio
1697 2117 1742 2145 8':
1762 2126 1772 2142 ι
1786 2116 1845 2143 Ecce

219 2171 270 2198 mis
294 2170 463 2203 visibilibus,
481 2178 531 2198 nos
556 2177 622 2198 vero
645 2168 837 2197 invisibilibus.
852 2167 891 2195 Illi
915 2168 1006 2195 vince-
1021 2167 1044 2196 θ
1059 2169 1113 2196 vidi
1140 2167 1270 2196 Satanam
1292 2167 1363 2194 sicut
1382 2165 1473 2200 fulgur
1499 2165 1641 2192 cadentem
1667 2164 1703 2192 de
1720 2163 1808 2194 cmlo;
1834 2170 1842 2185 ι

219 2216 284 2244 bant
311 2216 498 2251 corporalibus
514 2215 624 2251 pratliis,
641 2222 690 2242 nos
705 2219 795 2242 autem
819 2213 934 2248 spiritali
947 2220 1007 2240 cer-

219 2262 321 2290 tamine
336 2269 509 2296 superamus.

253 2307 281 2335 6.
302 2307 378 2341 Quod
394 2308 416 2335 si
429 2307 470 2335 vis
480 2308 585 2339 audire,
599 2306 712 2338 Paulus,
726 2305 771 2340 qui
786 2312 839 2333 nou
850 2304 936 2332 solum
951 2312 1008 2331 rna-

219 2353 302 2389 gister
314 2353 447 2388 gentium,
468 2353 516 2381 sed
540 2358 569 2380 et
594 2352 699 2380 militiae
715 2351 795 2386 hujus
810 2350 939 2385 magister
953 2355 1005 2382 est,

218 2397 353 2433 quomodo
367 2398 529 2433 pugnaverit
539 2397 693 2432 prior,audi
706 2396 770 2431 quid
782 2396 840 2430 ipse
852 2395 886 2423 de
898 2403 928 2423 se
940 2397 1008 2423 scri-

219 2445 275 2477 bat,
292 2443 363 2471 sicut
376 2444 457 2471 etiam
471 2448 499 2470 et
511 2451 594 2478 supra
606 2442 830 2471 memoravimus.
852 2451 861 2467 ι
880 2441 938 2469 Non
954 2447 1007 2474 εει,

219 2489 306 2524 inquit
315 2489 348 2522 ⁸⁸,
363 2489 442 2517 nobis
452 2489 609 2517 colluctatio
622 2490 765 2516 adversum
781 2495 892 2515 carnem
905 2492 932 2514 et
945 2494 1008 2514 san-

219 2535 350 2569 guinem;
372 2536 418 2562 sed
434 2535 580 2563 adversum
609 2535 777 2569 principatus
798 2538 826 2560 et
847 2538 1007 2568 potestates,

218 2581 349 2608 adversus
365 2586 485 2610 rectores
500 2582 592 2609 nunnli
606 2581 695 2616 hujus,
711 2581 884 2609 tenebrarum
899 2579 1008 2613 harum,

254 2670 314 2686 ⁸²-⁸³
328 2669 408 2696 llebr.
428 2678 475 2701 XII,
490 2670 535 2698 ἓξ,
572 2671 595 2686 ⁸³
608 2670 696 2697 Galat.
708 2677 744 2701 IV,
759 2669 806 2696 26.
844 2668 903 2684 '5'”
921 2667 1008 2701 Ephcs

1060 2677 1074 2702 I,
1095 2668 1189 2696 H-U.

222 2714 248 2739 ι,
269 2707 311 2733 l8.
349 2706 372 2721 ’θ
389 2704 468 2731 Νυιιι.
495 2713 543 2732 XIII
569 2711 597 2733 et
614 2713 668 2731 xw.

257 2762 313 2796 (88)
331 2763 422 2789 Codex
437 2762 531 2790 Sancti
551 2763 727 2796 Theoderici,
749 2772 758 2788 ι
779 2764 923 2790 castitatis.
944 2772 952 2788 I

1060 2219 1090 2242 ιιι
1119 2214 1173 2242 illis
1193 2213 1338 2248 proiectis,
1368 2211 1521 2239 introducat
1545 2217 1596 2238 uos
1628 2209 1694 2238 illuc
1728 2210 1846 2238 Dominus

1060 2265 1154 2288 noster
1177 2259 1266 2292 Jesus,
1293 2264 1320 2287 et
1342 2258 1484 2293 percipere
1502 2263 1615 2292 regnum
1638 2263 1722 2284 suum
1746 2255 1846 2283 uelem

1059 2305 1200 2332 concedat.
1224 2305 1277 2339 ipsi
1297 2303 1384 2337 gloria
1399 2303 1427 2331 in
1447 2306 1549 2330 aeterna
1562 2301 1664 2330 srecula
1679 2301 1846 2330 liaculorum.

1061 2353 1156 2380 Amen.
1338 2390 1342 2393 ν

1346 2395 1489 2424 HOMILIA
1504 2394 1571 2424 Vill.

1064 2454 1103 2481 De
1128 2454 1160 2481 iis
1181 2462 1240 2488 quw
1260 2453 1292 2480 ab
1315 2453 1527 2486 exploratoribus
1547 2451 1749 2489 renuntiantur,
1776 2454 1807 2489 et.
1822 2447 1849 2489 de

1098 2485 1280 2550 gtziggf‘t’fufONC
1298 2489 1416 2522 Domini,
1444 2497 1475 2515 ac
1499 2486 1692 2522 supplicatione
1724 2485 1807 2518 Moysi
1830 2488 1849 2509 et

1155 2534 1169 2550 ο
1227 2546 1234 2550 .

1099 2580 1125 2607 1.
1145 2580 1290 2608 Duodecim
1305 2580 1380 2608 missi
1390 2579 1629 2613 suntinspectorcs
1643 2584 1678 2605 ex
1698 2577 1763 2604 ﬁliis
1777 2573 1850 2603 lsraei

1229 2668 1251 2684 ⁸⁷
1263 2667 1329 2697 Luc.
1346 2675 1375 2699 ι,
1390 2668 1431 2696 l9.
1469 2667 1492 2683 ⁸⁸
1503 2665 1581 2694 Joan.
1597 2673 1652 2698 xiv.
1669 2665 1718 2694 12.
1754 2662 1776 2680 "
1788 2661 1850 2691 Luc.

1306 2770 1337 2780 κ

258 2793 312 2833 (89}
332 2797 422 2824 Codex
432 2796 525 2825 Sancti
541 2793 743 2832 Thcodorici,'t
764 2803 839 2826 tanto
864 2798 900 2825 illi
923 2798 1088 2825 inﬁrmiores
1101 2794 1255 2824 efﬁciuntur
1269 2799 1296 2823 et
1314 2793 1478 2830 fragiliorcs.
1495 2799 1506 2818 ι
