1886 3051
86 98 134 125 69.]

670 100 700 127 IN
722 100 886 129 NLML’ROS
907 103 1047 131 lIO'inldA
1071 104 1134 132 VIII.

1668 118 1719 143 022

86 159 121 185 ad
133 158 361 186 considerandam
372 162 551 193 terram,qn:e
559 159 598 187 eis
609 160 878 197 iueratrcpromissa,
895 168 916 193 Λ
931 169 987 192 tres
1013 166 1097 194 nostri
1128 166 1238 194 fuerunt
1254 167 1298 194 ille
1322 167 1435 202 populus
1453 171 1536 204 prior.
1556 181 1607 201 nos
1627 182 1717 202 autem

86 205 162 238 iique
176 210 237 238 post
253 204 432 239 tllllltIl‘agIllIa
447 205 505 233 dies
516 207 643 239 regressi,
658 207 764 237 diversa
779 217 879 237 renun-

87 251 166 278 tiant.
184 251 250 278 Nam
268 250 362 278 decem
382 257 416 277 ex
441 251 476 278 iis
496 251 522 279 in
551 251 768 286 desperationem
794 263 879 290 popu-

83 296 142 323 lum
166 297 288 329 Iittmtt,
308 297 342 324 ita
368 302 398 322 ιιι
415 296 509 328 velint,
532 297 641 331 abjerto
660 297 762 334 Moyse,
778 300 877 336 eligere

84 342 168 370 alium
187 343 282 370 ducem
298 347 326 370 et
341 343 440 371 reverti
456 342 483 370 in
500 341 659 377 «Egyptum.
674 344 726 374 Alii
742 353 807 373 vero
824 347 877 374 duo

83 389 155 415 bona
178 389 314 421 nuntiant,
335 393 363 416 ct
376 388 554 417 cohortantur
577 391 703 425 populum
719 400 877 426 permanere

85 434 112 460 in
140 434 213 466 fule,
234 435 378 463 dicentes:
399 445 408 461 ι
429 435 457 462 Si
474 435 561 469 diligit
583 444 632 465 nos
662 438 810 472 Dominus,
835 440 876 467 in-

84 481 211 508 troducet
225 488 273 508 nos
286 481 312 508 in
331 485 433 508 terram
451 481 532 510 hanc.
554 492 566 509 ι
583 483 635 511 Sed
655 484 768 519 populus
781 486 874 514 inlide-

83 528 172 555 litatis
186 529 376 562 desperatione
399 537 522 565 praeceps
535 532 634 566 agitur,
653 538 681 560 et
703 535 736 560 ad
754 534 876 568 lapidan<

83 574 134 601 dos
150 581 197 601 eos
212 574 259 608 qui
277 575 346 602 bona
362 575 500 607 nuntiant,
518 577 646 610 prosiliit.
669 578 798 613 Maiestas
811 589 875 609 vero

84 619 191 646 Domini
205 620 322 655 protegit
332 627 380 648 eos
393 621 419 648 in
441 622 569 650 nubibus.
588 633 598 650 ι
616 623 648 651 Et
666 625 733 652 dicit
745 626 874 656 Dominus

81 666 116 692 ad
137 666 248 701 Moysen
262 676 269 694 :
284 666 394 695 Feriam
412 674 460 696 eos
482 675 581 702 morte,
597 676 626 698 et
642 671 795 700 interimam
815 681 872 706 eos,

78 715 111 738 et
125 711 224 740 faciam
241 718 276 745 te,
291 718 319 741 et
336 714 445 742 domum
461 718 547 750 patris
565 718 602 745 tui
618 719 644 745 in
659 719 799 746 natiwem
818 728 875 747 ma-

81 764 178 792 gnam,
189 762 216 786 et
227 759 313 786 multo
326 761 411 794 magis
422 768 503 795 quam
519 763 576 790 haec
590 768 632 790 est
643 763 714 791 ""‘.
731 773 739 789 ι
754 765 797 791 Fit
808 773 873 799 ergo

81 807 159 830 tanta
175 803 232 832 hau:
243 806 422 833 comminatio
434 814 448 833 a
465 807 593 841 Domino,
609 817 661 836 non
683 815 710 836 ut
733 811 871 844 passibilis

931 210 977 238 ﬁlii
994 212 1115 245 ipsorum
1133 220 1236 240 sumus.
1250 213 1290 241 Illi
1306 222 1371 248 ergo
1385 218 1512 248 quoniam
1525 226 1716 254 peccaverunt,

928 257 1028 290 abiecti
1042 264 1104 287 sunt
1119 264 1147 286 et
1168 259 1326 288 ceciderunt
1339 269 1346 288 :
1367 269 1415 290 nos
1426 267 1516 290 autem
1532 265 1581 291 lilii
1595 265 1716 300 ipsorum

929 308 977 334 pro
993 302 1056 336 ipsis
1085 304 1266 336 surreximus,
1278 311 1306 333 et
1320 309 1405 335 erecti
1423 315 1528 340 smnus.
1549 310 1593 344 qui
1609 312 1714 339 nescie<

927 347 1024 376 bamus
1039 349 1138 376 bonum
1150 350 1190 377 vel
1205 351 1316 380 malum.
1331 352 1367 380 Ex
1384 356 1510 388 gentibus
1521 357 1592 383 enim
1610 364 1714 391 sumne|

925 393 972 428 qui
996 401 1085 428 neque
1112 395 1192 428 bona,
1205 403 1265 430 quae
1280 404 1313 424 ex
1332 398 1386 426 Deo
1401 401 1523 434 veniunt,
1542 409 1714 436 noveramus.

927 446 1016 473 neque
1031 440 1113 472 mala,
1130 448 1190 475 quae
1206 449 1239 470 ex
1258 448 1369 476 peccato
1382 451 1568 479 generantur:
1584 447 1606 476 si
1624 452 1715 476 tamen

926 485 1107 513 succedentes
1123 486 1150 513 in
1167 487 1256 515 locum
1270 495 1365 516 eorum
1383 492 1428 526 qui
1441 492 1540 527 abjecti
1558 499 1633 527 sunt,
1647 496 1715 523 ututi

927 529 1017 565 lapsus
1049 531 1193 559 timeamus
1218 533 1381 568 exemplum,
1399 537 1539 566 audientes
1564 541 1715 567 commoui-

926 576 1025 604 lionem
1045 577 1118 607 Pauli
1132 578 1265 606 dicentem
1275 580 1314 607 ":
1325 589 1335 606 ε
1353 580 1418 609 Vide
1431 587 1522 612 autem
1541 586 1714 614 severitatem

924 627 952 649 et
965 622 1114 651 bonitatem
1131 623 1189 657 Dei,
1204 625 1230 652 in
1248 633 1295 653 eos
1308 627 1417 660 quidem
1435 629 1482 662 qui
1498 629 1655 658 ceciderunt
1668 638 1714 658 se-

924 667 1078 699 veritatem,
1098 669 1125 695 In
1155 673 1180 696 te
1202 674 1293 697 autem
1310 671 1476 705 bonitatem,
1492 674 1515 701 si
1542 678 1632 704 tamen
1656 683 1714 710 per-

925 714 1060 741 manseris
1074 714 1100 740 in
1129 714 1259 745 bonitate.
1277 716 1405 751 Alioquin
1428 722 1456 744 et
1475 723 1502 746 tu
1519 720 1667 753 excideris,
1684 727 1714 748 et

924 759 995 787 illisi
1021 767 1074 788 non
1100 762 1299 794 permanserint
1316 763 1343 789 in
1370 764 1574 797 incredulitate,
1590 766 1714 797 inser'ee-
1758 762 1759 766 ¹

924 808 977 831 tur.
998 814 1007 833 ι
1030 805 1112 833 Addit
1127 811 1217 833 autem
1231 813 1290 840 post
1305 808 1362 835 haec
1383 808 1523 841 Dominus,
1543 815 1569 837 et
1587 811 1651 839 dicit
1663 812 1685 827 ⁸³
1702 820 1710 838 :

81 853 111 876 et
124 849 274 878 iracundiae
288 851 357 879 vitio
378 854 523 887 suhjacens
544 855 706 883 OStendatur
717 841 807 883 divina
823 865 872 883 na-
887 841 909 868 Β
926 860 934 876 ι
956 850 1016 881 Filii
1031 857 1096 878 νθΐο
1114 856 1186 882 V03"
1189 852 1195 878 ί
1211 857 1294 879 ενιυιι
1312 853 1409 882 ευθοίω
1429 855 1455 885 in
1471 856 1577 884 ιίθεθηο
1593 858 1712 892 (Ιηίωτη-

80 900 154 928 Iura,
169 896 217 924 sed
230 901 260 924 ut
275 905 323 932 per
337 898 394 926 hac
411 904 440 927 et
461 900 545 928 Musei
558 900 678 929 charitas
688 922 696 934 ,
711 909 792 936 quam
806 910 870 937 erga

79 942 211 977 populum
238 943 365 978 habebat,
386 950 412 972 et
435 946 480 974 Dei
496 946 618 979 bonitas,
633 955 694 983 qua:
709 956 791 983 super
809 957 870 976 om-

79 993 141 1014 nem
166 988 267 1015 malum
282 995 406 1023 agentem
427 996 469 1017 est
490 992 560 1026 (90),
582 993 777 1021 innotesceret.
796 994 872 1022 Scri-

78 1032 156 1061 bitur
169 1034 242 1061 enim
259 1034 340 1063 irasci
354 1036 436 1068 Deus,
451 1043 479 1064 et
491 1039 654 1066 comminari
666 1040 805 1067 interitum
821 1048 872 1075 po-

78 1078 160 1113 pulo,
184 1086 239 1114 quo
264 1080 393 1108 doceatur
411 1082 492 1110 homo
521 1088 626 1111 tantum
650 1085 699 1112 sibi
718 1093 778 1112 esse
799 1087 870 1121 apud

78 1125 165 1152 Deum
191 1125 253 1159 loci,
281 1131 440 1163 tantttmque
458 1130 573 1163 Mittite,
591 1135 620 1158 ut
640 1131 747 1158 etiamsi
768 1132 802 1159 sit
820 1132 869 1159 ali-

77 1178 130 1203 qua
147 1172 176 1198 iu
194 1170 249 1199 Deo
278 1171 441 1208 indignatio.
467 1175 704 1204 obsecrationibus
730 1178 871 1212 mitigetur

78 1217 207 1244 humanis
221 1224 228 1244 :
243 1222 400 1254 tantumque
415 1220 449 1247 de
462 1228 495 1248 eo
510 1221 658 1256 impetrare
681 1229 761 1255 posse
786 1223 871 1251 homi-

76 1269 152 1296 nem,
166 1267 237 1291 utet
253 1264 362 1298 propria
375 1270 474 1293 statuta
491 1272 641 1295 convertat.
654 1269 767 1297 Bonitas
778 1270 850 1296 enim
860 1290 868 1303 ,

75 1314 137 1341 quae
147 1307 325 1343 subsequitur
346 1309 429 1345 29‘,
448 1311 616 1340 iracundiam
629 1333 636 1346 ,
654 1318 683 1341 et
699 1313 781 1342 Μοεεί
802 1314 869 1344 tida-

74 1353 145 1380 ciam
160 1354 282 1382 ostendit
296 1358 366 1390 apud
384 1358 479 1390 Deum,
495 1363 523 1385 et
538 1358 656 1385 alienam
671 1359 705 1386 ab
719 1360 869 1388 iracundia:

73 1397 143 1424 vitio
158 1398 278 1426 divinam
294 1400 373 1428 docet
389 1410 449 1430 esse
463 1407 601 1430 naturam.
621 1403 707 1431 Simul
723 1410 750 1431 ct
765 1411 867 1439 myste-

73 1442 148 1469 rium
167 1443 194 1470 iu
211 1444 318 1472 szeculis
335 1446 433 1475 futuris
452 1447 615 1482 explendum
629 1449 752 1476 continet
765 1457 865 1480 sermo,

74 1499 124 1526 per
135 1500 219 1527 quem
231 1494 363 1528 promittit
378 1494 449 1522 Deus
477 1495 548 1528 quod
563 1494 646 1521 alium
661 1495 800 1529 populum,
817 1496 866 1523 hoc
881 1513 902 1542 α

73 1538 193 1572 abiecto.
209 1541 362 1569 resuscitct.
378 1541 422 1568 Ait
438 1541 510 1568 enim
521 1549 527 1567 :
540 1550 549 1566 ι
564 1540 717 1569 Percutiam
731 1549 777 1569 eos
794 1550 865 1569 mor-

71 1589 110 1616 te,
123 1588 152 1612 et
163 1585 275 1618 perdam
292 1593 350 1617 eos,
363 1585 504 1613 etfaciam
522 1590 548 1613 te
563 1591 590 1614 et
608 1587 716 1614 domum
731 1587 816 1621 patris
827 1588 864 1615 tui

71 1629 100 1655 in
118 1630 259 1657 nationem
278 1638 415 1666 magnam,
429 1632 513 1658 multo
529 1632 614 1666 magis
625 1639 706 1666 quam
721 1632 778 1659 haec
793 1637 862 1659 est.)

70 1674 258 1702 Comminatio
273 1682 339 1710 ergo
364 1676 422 1702 lure
446 1684 500 1703 non
511 1680 553 1703 est
576 1676 728 1708 iracundia,
743 1677 790 1704 sed
803 1685 865 1711 pro-

69 1720 176 1754 phetia.
198 1721 364 1747 Assumenda
387 1728 504 1756 namque
528 1727 586 1748 erat
604 1722 656 1748 alia
681 1723 767 1753 natio,
781 1723 805 1748 id
822 1727 865 1749 est

69 1766 190 1800 populus
201 1766 253 1793 iste
271 1766 423 1799 nationum,
437 1767 483 1794 sed
497 1774 550 1794 non
564 1773 614 1801 per
632 1766 752 1802 Moysen.
774 1765 874 1794 Excu?

69 1812 143 1838 savit
160 1820 277 1847 namque
303 1820 334 1840 se
360 1813 476 1848 Moyses.
494 1812 604 1840 Sciebat
626 1813 697 1840 enim
719 1813 782 1847 quia
799 1820 865 1848 gens

71 1857 116 1884 illa
129 1866 238 1892 magna,
251 1866 310 1893 qua:
327 1859 535 1893 repromittitur,
555 1866 608 1886 non
625 1866 673 1894 per
687 1859 796 1894 Moysen
815 1866 864 1886 vo-

69 1905 160 1932 canda
174 1910 245 1936 erat,
257 1905 305 1932 sed
321 1913 368 1940 per
382 1904 476 1932 Jesum
489 1905 639 1936 Christum,
656 1910 748 1932 etnon
763 1904 863 1932 Mosai-

69 1959 131 1984 eus,
150 1950 198 1978 sed
221 1950 390 1978 Christianus
403 1955 463 1977 erat
485 1950 597 1985 populus
617 1951 800 1985 appellandus.
820 1952 860 1978 Id-

68 1998 146 2024 circo
167 1996 249 2031 igitur
272 1995 417 2030 plurimum
442 2000 538 2023 exorat
563 1995 670 2031 Moyses
694 2003 744 2030 pro
765 1997 863 2032 populo

68 2043 125 2070 illo.
144 2041 275 2068 Dominus
287 2048 352 2068 vero
365 2042 473 2068 modum
496 2041 677 2075 correptionis
692 2041 789 2068 librata
805 2050 864 2068 mo-

68 2087 213 2114 deratione
226 2087 377 2119 dispensat,
391 2091 420 2113 et
440 2086 518 2118 dicit,
534 2087 597 2121 quia
616 2087 669 2113 viri
687 2087 862 2121 quidem,qui

66 2132 199 2159 exierunt
218 2132 251 2158 de
271 2130 398 2166 Egypto,
416 2135 443 2158 et
457 2135 630 2158 tentaverunt
654 2139 708 2162 me,
723 2136 805 2166 atque
821 2132 862 2158 in-

923 894 996 928 ginta
1022 895 1110 922 annis.
1128 903 1138 920 ι
1153 894 1187 922 Et
1212 896 1275 929 quid
1305 896 1418 927 haberet
1441 901 1564 934 mysterii
1583 909 1712 931 numerus

922 939 983 970 ista,
999 939 1127 973 declarat,
1149 940 1243 968 dicens
1262 949 1269 967 :
1287 951 1297 967 ‹
1322 943 1475 972 Secundum
1501 953 1654 980 numerum,
1668 948 1712 975 iu-

922 986 981 1020 quit
992 985 1025 1018 “,
1037 986 1141 1013 dierum
1152 987 1250 1021 quibus
1267 989 1460 1018 considerastis
1476 996 1578 1024 terram
1589 994 1709 1027 quadra-

921 1031 994 1066 ginta
1009 1032 1114 1065 diebus,
1134 1039 1183 1067 pro
1198 1033 1242 1060 die
1257 1041 1307 1068 per
1321 1042 1431 1068 annum,
1450 1037 1587 1072 recipietis
1596 1046 1708 1073 peccatu

922 1082 1011 1104 vestra
1026 1077 1205 1114 quadraginta
1216 1079 1305 1106 annis.
1326 1089 1335 1105 ι
1348 1080 1442 1109 Timeo
1456 1090 1507 1118 ego
1522 1085 1644 1119 mystcrii
1659 1085 1712 1115 bu-

918 1123 964 1157 jus
979 1129 1084 1151 secreta
1101 1123 1247 1152 discutere.
1267 1125 1350 1153 Video
1363 1127 1436 1157 enim
1450 1130 1522 1163 quod
1534 1136 1705 1163 peccatorum

922 1168 948 1195 in
965 1169 1017 1197 hoc
1036 1169 1108 1198 ratio
1120 1171 1361 1205 comprehenditur
1373 1176 1401 1199 et
1421 1180 1574 1206 pinnarum.
1590 1174 1618 1204 Si
1635 1177 1707 1204 enim

922 1214 1067 1249 unicuique
1077 1217 1213 1250 peccatori
1229 1225 1316 1245 annus
1332 1219 1477 1246 ascribitur
1490 1221 1522 1247 ad
1536 1228 1643 1256 ptenam
1659 1230 1709 1257 pro

920 1259 1001 1289 unius
1023 1261 1076 1289 dici
1101 1267 1224 1295 peccato,
1242 1269 1269 1290 et
1282 1265 1430 1292 secundum
1446 1266 1578 1296 rationem
1600 1268 1707 1296 dierum

918 1307 1018 1341 quibus
1033 1313 1171 1342 peccatur,
1187 1317 1321 1340 annorum
1339 1311 1449 1342 totidem
1463 1319 1591 1341 numerus
1606 1314 1631 1342 in
1648 1322 1709 1350 sup-

919 1353 1010 1388 pliciis
1033 1355 1235 1383 consumendus
1254 1360 1321 1384 cst:
1343 1364 1438 1383 vereor
1467 1364 1500 1384 ne
1518 1357 1588 1386 forte
1610 1361 1708 1394 nobis,

920 1400 966 1433 qui
984 1400 1107 1438 quotidie
1119 1408 1265 1435 peccamus
1279 1407 1307 1429 et
1326 1403 1427 1430 nullum
1445 1403 1514 1431 forte
1529 1405 1591 1432 vitae
1609 1412 1708 1435 nostra:

920 1445 991 1475 diem
1005 1447 1108 1480 absque
1122 1453 1234 1481 peccato
1246 1448 1433 1482 transigimus,
1449 1458 1482 1477 ne
1496 1451 1553 1484 ipsa
1573 1451 1644 1481 forte
1657 1460 1707 1480 sar.-

919 1491 991 1523 cula,
1008 1492 1148 1520 autetiam
1160 1493 1259 1521 saecula
1271 1495 1431 1522 smculorum
1455 1495 1579 1528 sutlicere
1602 1499 1707 1532 possint

918 1538 952 1566 ad
979 1545 1075 1571 ptenas
1101 1538 1221 1567 luendas.
1237 1541 1265 1568 lu
1282 1549 1314 1568 eo
1342 1542 1413 1568 enim
1425 1542 1496 1576 quod
1520 1543 1635 1577 populus
1661 1544 1707 1571 ille

916 1582 993 1617 prior
1016 1591 1066 1617 pro
1089 1585 1270 1619 quadraginta
1285 1586 1390 1615 dierum
1404 1586 1504 1613 delicto
1525 1588 1704 1624 quadraginta

916 1628 996 1656 annis
1011 1629 1150 1657 cruciatur
1161 1630 1187 1657 in
1203 1631 1323 1664 deserto,
1337 1639 1386 1659 nec
1401 1638 1502 1662 terram
1521 1638 1644 1664 sanctam
1660 1635 1704 1662 in-

917 1673 1001 1703 troire
1015 1674 1193 1708 permittitur,
1209 1676 1359 1703 similitudo
1370 1677 1494 1712 quaadatn
1507 1678 1588 1707 futuri
1607 1679 1704 1714 iudicii

916 1718 1024 1747 videtur
1048 1721 1169 1752 ostendi,
1187 1721 1231 1748 ubi
1249 1726 1421 1755 peccatorum
1439 1724 1508 1750 ratio
1534 1724 1703 1754 discutienda

915 1769 957 1791 est
971 1773 978 1797 ;
995 1765 1047 1792 nisi
1067 1766 1121 1793 erit
1145 1766 1234 1801 aliqua
1251 1767 1368 1798 f0rtasse
1385 1769 1467 1799 etiam
1489 1769 1621 1797 bonorum
1637 1779 1703 1806 ope-

915 1817 976 1836 rum
993 1811 1187 1844 compensatio,
1202 1812 1243 1839 vel
1257 1813 1338 1839 etiam
1353 1820 1448 1844 eorum
1463 1823 1523 1850 quae
1540 1817 1565 1845 in
1583 1816 1636 1843 vita
1653 1825 1700 1843 sua

915 1857 1101 1891 unusquisque
1124 1858 1194 1885 mala
1227 1859 1333 1891 recipit,
1350 1859 1530 1887 ntAbraham
1552 1861 1587 1887 de
1601 1861 1706 1889 Lazaro

915 1901 1008 1930 docuit
1023 1902 1057 1929 ’⁷.
1081 1902 1134 1933 Sed
1154 1903 1212 1930 haec
1235 1903 1337 1935 nullius
1350 1909 1390 1937 est
1404 1906 1437 1932 ad
1456 1906 1588 1940 integrum
1608 1914 1700 1939 inesse,

914 1947 966 1974 nisi
991 1947 1066 1976 illius
1083 1948 1128 1975 cui
1143 1955 1223 1976 omne
1240 1948 1372 1983 judiciqu
1390 1951 1500 1978 tradidit
1518 1950 1609 1979 Pater.
1625 1951 1700 1984 Quod

914 1999 1004 2021 autem
1020 1994 1078 2022 dies
1090 1994 1193 2032 peccati
1210 1994 1237 2021 in
1254 2003 1354 2022 annum
1369 2003 1457 2030 pinnat
1479 2002 1629 2032 reputetur,
1647 2005 1700 2026 non

914 2038 1001 2065 solum
1016 2039 1043 2066 in
1072 2039 1124 2066 hoc
1146 2039 1225 2072 libro,
1243 2039 1269 2066 in
1284 2047 1338 2074 quo
1353 2041 1420 2068 nihil
1438 2042 1549 2069 omnino
1570 2048 1611 2070 est
1629 2044 1700 2077 quod

913 2085 1033 2112 dubitari
1050 2085 1147 2120 possit,
1161 2086 1324 2119 ostenditur,
1341 2086 1389 2114 sed
1411 2092 1437 2114 et
1456 2087 1482 2114 in
1499 2087 1589 2115 libello
1604 2087 1700 2119 Pauo-

914 2131 950 2157 ris
967 2130 1036 2165 (9t),
1052 2131 1074 2158 si
1094 2131 1138 2160 cui
1162 2135 1252 2159 tamen
1275 2132 1410 2167 scriptura
1433 2132 1477 2160 illa
1495 2133 1649 2168 recipienda
1662 2134 1700 2161 vi-

67 2177 175 2205 creduli
193 2181 410 2211 permanserunt,
433 2177 533 2204 cadent
555 2177 581 2204 in
598 2177 707 2204 deserto
728 2178 790 2209 hoc,
806 2187 815 2203 ι
831 2181 860 2205 et
876 2179 899 2206 D
912 2177 999 2207 detur,
1016 2176 1115 2204 similia
1129 2177 1319 2212 designantur.
1342 2178 1396 2206 Sed
1415 2178 1531 2207 fortasse
1544 2179 1643 2214 aliquis
1658 2187 1699 2207 ne-

68 2231 124 2251 non
140 2222 282 2254 videbunt,
296 2223 383 2258 inquit
398 2224 432 2255 “,
446 2228 560 2255 terram,
576 2230 657 2258 quam
669 2223 758 2257 juravi
773 2223 859 2257 patri-

67 2270 120 2297 bus
139 2277 236 2297 eorum
254 2277 262 2296 :
280 2269 328 2297 sed
341 2269 390 2296 lilii
402 2269 533 2303 ipsorum,
547 2269 593 2304 qui
605 2273 668 2296 sunt
684 2275 789 2295 mecum
804 2268 859 2300 hic,

67 2316 227 2350 quicunque
256 2315 382 2350 ignorant
407 2315 507 2342 bonum
522 2315 563 2342 vel
586 2314 698 2341 malum.
715 2323 725 2339 ι
743 2314 787 2341 Sit
801 2313 857 2341 for-

68 2362 153 2390 tassis
179 2361 281 2396 aliquid
303 2361 386 2388 etiam
403 2361 562 2388 secretioris
582 2359 703 2396 mysterii
723 2360 748 2387 in
771 2360 858 2386 verbis

69 2407 179 2434 Domini
202 2407 343 2434 dicentis:
363 2416 372 2432 ι
395 2406 454 2433 Filii
473 2413 584 2438 corum,
600 2405 646 2440 qui
663 2409 729 2433 sunt
753 2412 857 2431 mecum

68 2455 124 2481 hic.
143 2463 153 2479 ι
170 2453 221 2481 Ubi
234 2453 300 2480 hic?
314 2458 361 2480 aut
375 2451 511 2487 quomodo
521 2452 700 2485 mecum?Qtn
714 2451 794 2478 habet
810 2458 858 2477 au-

68 2508 112 2527 rea
130 2499 271 2531 audiendi,
288 2501 390 2528 audiat.
407 2500 460 2528 Nos
475 2500 584 2527 interim
601 2499 716 2526 dicimus
729 2497 793 2532 quia
810 2503 858 2531 pa-

913 2226 959 2257 get
974 2221 1088 2249 bonitati
1116 2222 1163 2250 Dei
1182 2224 1340 2257 convenire,
1358 2229 1388 2251 ut
1403 2231 1454 2258 pro
1469 2224 1549 2255 unius
1565 2224 1618 2252 diei
1635 2231 1700 2258 pec-

912 2273 974 2296 cato
990 2275 1092 2296 annum
1105 2268 1300 2304 suppliciorum
1316 2270 1447 2304 rependat
1461 2278 1468 2296 :
1481 2270 1605 2305 quinimo
1615 2269 1699 2301 .dieet,

906 2313 1017 2342 Etiamsi
1029 2314 1099 2342 diem
1117 2322 1169 2350 pro
1192 2315 1236 2342 die
1254 2315 1359 2349 reddat,
1373 2316 1497 2350 quamvis
1519 2315 1620 2350 justus.
1644 2323 1698 2343 non

913 2366 1001 2387 tamen
1013 2361 1133 2389 clemens
1147 2361 1253 2391 videtur
1267 2370 1328 2391 esse
1339 2366 1386 2390 aut
1398 2362 1542 2397 benignus.
1551 2361 1620 2389 Audi
1634 2369 1700 2397 ergo

911 2405 946 2431 ad
963 2405 1070 2437 hazc,,si
1098 2405 1170 2434 forte
1195 2407 1331 2441 possimus
1349 2406 1534 2436 difﬁcultatem
1547 2406 1585 2433 rei
1604 2413 1698 2433 exeun-

912 2448 964 2483 plis
978 2449 1156 2481 lucidioribus
1174 2451 1332 2486 explanare.
1359 2451 1388 2479 Si
1403 2451 1501 2478 vulnus
1526 2451 1633 2484 corpori
1659 2451 1698 2478 in—

910 2495 1027 2530 ﬂigatur,
1045 2501 1092 2526 aut
1102 2505 1134 2524 os
1148 2497 1343 2532 confringatur,
1357 2501 1403 2524 aut
1416 2494 1696 2529 nervorumjunctura

101 2581 164 2598 "-"
179 2581 259 2608 Num.
277 2589 333 2614 atv,
350 2581 378 2608 ll
399 2586 427 2608 et
442 2580 486 2608 12.
523 2580 547 2596 "
562 2579 627 2607 ibid.
639 2579 684 2606 22.
723 2579 746 2594 ’⁸
762 2578 840 2605 Rom.
855 2578 948 2611 xt,‘22.
987 2577 1009 2592 "
1025 2576 1103 2603 Num.
1115 2583 1170 2608 xtv,
1182 2576 1228 2602 55.
1265 2576 1288 2591 ’⁸
1301 2575 1365 2602 ibid.
1379 2573 1424 2602 5i.
1461 2574 1483 2589 "
1500 2573 1564 2601 [.nc.
1577 2581 1633 2604 va,
1649 2573 1696 2601 ‘25.

102 2659 250 2701 (90Lqu
274 2668 353 2701 ςιιῃετ
372 2660 593 2701 οηιηρηι.ηιιι,ίιιηι
607 2663 793 2701 Ingrttteru‘ef'l‘.
807 2657 853 2701 Sic

64 2693 311 2729 coddeagiensis,
326 2694 515 2725 Carnutensis,
534 2694 704 2721 Ebroicensis
717 2697 745 2719 et
764 2693 853 2719 'l‘nro-

64 2731 172 2758 neiusis.
187 2729 264 2758 Libb.
274 2731 365 2768 editi,_c
377 2731 831 2768 quaesuper-omnemptentquest...
842 2737 852 2753 ι

104 2766 162 2800 (9|)
181 2765 275 2802 SedAet
289 2766 316 2791 in
328 2759 619 2802 libellol’as'torisxtc.
631 2762 798 2802 llerm‘mdib.
814 2759 856 2793 III,

64 2797 208 2828 similitud.
235 2799 263 2832 ϐ,
292 2807 351 2834 cap.
369 2799 398 2833 ι,
414 2800 472 2827 inec
498 2799 621 2833 leguntur
641 2806 647 2824 :
667 2806 676 2822 ι
697 2797 856 2832 Quicunque

905 2657 988 2692 Igitur
1008 2663 1062 2682 uno
1083 2654 1126 2682 die
1149 2652 1302 2692 perceperit
1326 2651 1644 2692 fallacemdulcedinem
1663 2659 1695 2679 ac

904 2687 1080 2726 voluptatem,
1099 2687 1207 2726 unoque
1224 2687 1413 2726 die_c_rucia_tus
1431 2687 1477 2717 sit,
1498 2687 1560 2726 anni
1577 2688 1694 2720 spatium

906 2721 977 2754 dies'
993 2725 1131 2753 cruciatus
1151 2723 1210 2759 ejus
1231 2722 1341 2748 valebit.
1364 2721 1415 2759 lt-a_
1429 2727 1494 2755 quot
1517 2721 1575 2759 dies
1599 2728 1694 2759 peree-

908 2761 978 2796 perit
1002 2760 1119 2794 quisque
1143 2757 1321 2792 vuluptatem,
1349 2757 1460 2784 totidem
1484 2757 1563 2783 aiinis
1589 2757 1695 2783 crucia-

910 2803 964 2828 tur,
981 2805 990 2821 ι
1009 2800 1061 2822 etc.
