1886 3051
208 98 261 126 6'25

944 95 1104 125 ORIGENIS
1766 99 1808 126 621

211 156 372 188 resolvatur,
388 155 438 182 sub
453 155 532 184 unius
553 157 628 183 hora:
649 156 739 191 spatio
761 155 914 192 hujnsmodi
935 155 994 182 vul—
1010 157 1033 184 A
1047 155 1101 181 vita
1119 154 1303 190 unusquisque
1329 155 1372 183 vel
1395 156 1484 184 minus
1509 155 1550 183 vel
1565 156 1681 190 amplius
1694 159 1810 191 peccando

212 209 276 228 nera
294 201 383 228 solent
407 202 565 236 corporibus
590 202 724 233 accidere,
742 206 768 228 ct
782 201 905 236 plurimis
920 205 994 235 post-

212 246 320 274 modum
340 246 505 274 cruciatibus
515 254 548 274 ac
559 247 696 274 doloribus
709 247 827 278 exactis,
849 245 934 273 multo
951 246 994 273 vix

211 298 334 326 tempore
359 291 471 325 sanari;
498 292 591 326 quanti
615 293 687 320 enim
719 296 837 320 tumores
864 291 890 318 itt
915 291 994 324 loco,

209 342 308 371 quanta
335 342 466 364 tormenta
484 338 666 373 generantur?
679 338 738 366 Jam
759 345 824 365 vero
840 337 862 364 si
879 337 994 368 accidat,

210 388 238 410 ut
255 383 281 409 itt
298 383 391 410 eodetn
407 382 528 415 vulnere,
544 383 585 410 vel
600 383 626 410 in
649 384 742 411 eadem
757 383 876 410 fractura
898 382 995 410 iterum

208 433 235 454 et
245 428 343 462 saepius
355 428 417 463 quis
429 428 597 462 vttlneretur,
605 429 828 465 frequentiusque
843 429 994 463 frangatur,

208 474 316 508 quantis
333 474 384 502 hoc
401 475 490 509 pomis
512 475 620 508 Curari,
636 480 663 502 et
688 475 797 510 quantis
821 479 907 509 potest
931 482 995 502 cru-

207 520 325 547 ciatibus
351 520 481 548 medicari
495 520 506 547 ?
519 520 627 554 Quanto
655 526 744 548 autem
769 526 900 556 tetnpore,
914 521 935 548 si
953 525 994 548 la-

208 573 270 608 tuen
284 566 413 601 potuerit,
429 567 462 594 ad
486 567 630 595 sanitatem
648 568 805 603 perducitur
818 568 830 594 ?
844 572 871 595 et
887 568 931 594 vix
945 568 995 595 ali-

208 613 319 647 quando
347 613 382 640 ita
401 613 552 647 curabitur,
569 619 597 641 ut
610 614 651 641 vel
666 614 834 642 debilitatem
861 615 993 649 corporis,

205 659 249 686 vel
273 658 422 686 ftedilatem
448 659 584 687 cicatricis
600 659 719 694 cll‘ugiat.
744 660 841 687 Transi
860 668 930 687 nunc
960 659 994 688 ab

204 705 332 739 exemplo
355 705 478 740 corporis
493 705 527 732 ad
545 707 643 733 animm
668 706 793 734 vulnera.
809 706 907 733 Anima
925 713 993 740 quo-

204 746 260 778 ties
274 755 380 786 peccat,
398 752 478 780 toties
490 751 659 779 vulneratur.
677 751 710 779 Et
725 759 759 779 ne
769 751 875 779 dubites
897 758 993 786 pecca-

202 798 242 825 ‘tis
252 804 317 824 eam
334 796 409 824 velut
427 797 490 825 telis
511 802 539 825 et
559 797 656 832 gladiis
673 797 827 830 vulnerari,
845 797 906 824 audi
921 797 993 832 Apo-

208 842 308 870 stoltttn
321 848 475 870 monentem
494 848 523 869 ut
539 850 712 870 assumamus
733 851 743 868 ‹
763 849 868 870 scutum
881 843 992 875 lidei,in

201 896 262 924 >quo
276 888 412 923 possitis,
436 889 538 924 inquit.
556 889 646 916 omnia
668 888 757 923 jacula
780 888 887 923 maligni
910 889 993 924 ignita

210 935 412 970 exstinguere.)
423 934 505 962 Vides
515 942 580 970 ergo
589 939 699 969 peccata
707 934 816 968 maligni
825 934 991 968 essejacula,

208 989 269 1016 quae
282 981 310 1008 itt
320 981 437 1008 animam
451 980 613 1016 diriguntur.
629 981 736 1008 Patitur
754 987 844 1008 autern
858 985 885 1008 et
902 981 993 1008 anitna

209 1034 261 1054 non
277 1027 365 1054 solum
383 1026 494 1054 vulnera
510 1026 677 1062 iaculorum,
692 1026 740 1053 sed
756 1030 782 1053 et
795 1026 931 1053 fracturas
945 1034 992 1061 pe-

205 1073 281 1105 dum,
292 1080 352 1100 cum
370 1072 458 1108 laquei
466 1077 598 1108 parantur
612 1072 725 1107 pedibus
739 1072 809 1107 ejus,
819 1076 846 1099 et
866 1072 994 1107 supplan-

203 1123 301 1146 tantur
312 1126 422 1153 gressus
431 1118 501 1153 ejus.
511 1117 574 1145 Haec
586 1124 651 1152 ergo
665 1122 692 1145 et
702 1117 855 1151 hujusmodi
879 1117 993 1145 vulnera

202 1169 310 1200 quanto
319 1169 441 1199 tempore
457 1169 538 1199 putas
549 1171 629 1199 posse
642 1163 733 1192 curari
747 1163 759 1190 τ
772 1162 794 1190 Ο
811 1163 833 1191 si
854 1170 994 1197 possemus

204 1218 256 1245 per
271 1209 480 1245 unumquodque
500 1214 641 1244 peccatum
662 1208 754 1236 videre
769 1208 904 1242 quontodo
914 1208 995 1236 homo

204 1261 303 1284 noster
320 1256 436 1283 ittterior
449 1255 558 1283 assidue
576 1255 743 1287 vulneratur,
756 1254 892 1289 quomodo
905 1261 995 1282 sermo

210 1302 298 1329 malus
306 1301 388 1336 295
395 1301 492 1328 vulnus
504 1300 612 1336 inﬂigit!
626 1300 682 1327 Non
689 1299 778 1335 iegisti
789 1299 862 1326 ’5‘":
875 1308 884 1326 ι
898 1299 995 1327 Dicttnt

209 1348 271 1383 quis
281 1345 530 1381 vulnerant-gladii,
540 1346 586 1374 sed
597 1353 650 1373 non
661 1347 697 1373 ita
709 1350 738 1372 ut
746 1345 837 1380 littgua
848 1345 859 1372 ἳ
872 1354 882 1371 ›
895 1344 993 1372 Vulne-

205 1398 286 1422 ratur
299 1401 365 1428 ergo
384 1401 433 1428 per
445 1393 563 1428 linguam
579 1393 682 1425 anima,
693 1392 851 1419 vulneratur
860 1395 886 1418 et
895 1399 942 1426 per
950 1398 995 1419 co-

210 1440 354 1475 gitationes
379 1445 407 1467 et
421 1439 656 1474 concupiscentias
671 1438 767 1472 malas,
794 1438 928 1473 frangitur
944 1445 994 1465 au-

210 1491 264 1514 tern
278 1490 307 1514 et
319 1486 468 1514 conteritur
491 1492 539 1520 per
554 1492 635 1519 opera
647 1484 762 1520 peccati.
787 1484 852 1518 Quae
865 1484 888 1512 si
902 1483 992 1511 omnia
1006 1494 1030 1526 α

206 1532 301 1559 videre
314 1538 464 1567 possemus,
483 1535 510 1558 et
522 1529 673 1557 vulnerata:
685 1530 784 1557 animae
802 1529 905 1557 sentire
921 1529 994 1556 cica~

211 1577 305 1609 triccs,
322 1581 425 1604 certmn
437 1580 479 1603 est
494 1575 564 1611 quod
579 1582 665 1610 usque
677 1576 710 1602 ad
726 1579 840 1602 mortem
853 1575 996 1602 resistere-

208 1630 271 1650 mus
282 1623 429 1650 adversum
445 1626 596 1656 peccatum.
616 1621 669 1648 Sed
677 1628 754 1648 nunc
767 1621 838 1648 sicut
854 1620 871 1647 ii
893 1621 937 1655 qtti
953 1620 995 1647 vel

210 1669 332 1697 daemone
350 1666 454 1702 repleti,
480 1666 523 1694 vel
537 1672 628 1694 mente
647 1666 756 1694 alienati
774 1670 847 1700 sunt,
863 1674 916 1694 non
929 1673 995 1694 sen-

211 1714 282 1741 tiunt
295 1713 320 1741 si
331 1713 522 1745 vulnerentur,
538 1712 601 1747 quia
619 1711 789 1739 naturalibus
809 1712 934 1740 sensibus
951 1719 995 1740 ca-

208 1764 270 1787 rent
294 1768 301 1786 :
319 1759 355 1787 ita
369 1763 397 1786 et
414 1766 463 1787 nos
483 1758 525 1786 vel
551 1759 743 1794 cupiditatibus
767 1758 859 1786 saeculi
876 1763 997 1785 amentes
1018 1751 1022 1755 ’

205 1805 309 1838 veti'ecti,
336 1804 378 1832 vel
396 1805 474 1833 vitiis
490 1804 634 1837 inebriati,
660 1804 763 1832 sentire
786 1811 839 1831 non
853 1811 997 1839 possumus

204 1855 308 1887 quanta
327 1850 455 1884 vulnera,
479 1855 598 1886 quantas
624 1850 800 1878 contritiones
823 1850 920 1877 animae
933 1855 997 1884 pec-

203 1897 295 1925 cando
314 1897 511 1931 conquirimus.
526 1896 559 1924 ‘Et
571 1896 636 1924 ideo
649 1895 910 1930 consequentissima
927 1896 997 1922 ratio

207 1947 250 1970 est
267 1949 363 1978 ptenae,
380 1942 406 1971 id
421 1947 463 1970 est
477 1949 549 1970 cura:
564 1949 597 1969 ac
620 1941 811 1969 medicationis
831 1946 936 1975 tempus
949 1947 998 1967 ex-

210 1989 295 2022 tendi,
321 1993 348 2016 et
368 1995 421 2022 per
445 1987 655 2022 unumquodque
672 1987 771 2014 vulnus
793 1994 845 2022 pro
862 1985 997 2021 qualitate

209 2034 296 2069 plagae
309 2033 433 2061 medendi
460 2040 568 2068 quoque
592 2033 676 2067 spatia
690 2033 845 2068 propagari.
867 2031 913 2059 Sic
931 2038 997 2066 ergo

210 2085 239 2108 et
250 2079 301 2107 Dei
312 2079 432 2114 aequitas
456 2086 488 2106 ac
505 2079 657 2113 benignitas
675 2078 759 2105 etiarn
777 2078 803 2105 in
819 2077 886 2113 ipsis
901 2077 998 2104 animae

209 2124 349 2160 suppliciis
367 2124 478 2152 evidens
490 2124 540 2151 ﬁet
556 2133 564 2152 :
579 2129 606 2151 et
619 2124 678 2151 haec
702 2124 824 2156 audiens,
839 2123 885 2157 qui
898 2130 996 2158 pecca-

1046 200 1191 235 quarsierit.
1213 200 1265 228 Sed
1281 205 1308 228 et
1324 210 1334 227 ε
1346 201 1417 228 calix
1431 202 1457 228 in
1474 209 1554 228 manu
1570 201 1674 229 Domini
1693 201 1743 228 vini
1756 203 1810 229 meri

1047 247 1141 281 plenus
1158 254 1220 274 esse
1244 247 1343 274 dicitur
1357 247 1439 275 tnisto
1453 248 1473 274 ⁸.
1486 257 1497 273 ι
1525 247 1680 274 Miscebilur
1693 254 1752 282 ergo
1763 247 1812 274 sine

1046 292 1128 319 dubio
1141 292 1296 327 unicuique,
1312 297 1340 320 et
1355 293 1400 320 fiet
1412 292 1543 327 judicium
1557 292 1615 326 ejus
1626 300 1679 319 non
1695 292 1773 320 solum
1783 299 1811 319 e7.

1046 337 1125 365 malis
1147 345 1207 372 quae
1229 338 1323 373 gessit,
1349 339 1396 366 sed
1418 338 1500 366 etiam
1522 346 1555 365 ex
1577 338 1665 366 benis.
1686 338 1718 366 Et
1734 344 1810 366 tamen

1045 391 1105 410 cum
1120 389 1233 418 utraque
1248 384 1425 417 misceantur,
1445 383 1495 411 ΐωι
1513 385 1581 418 ejus,
1598 391 1679 419 quam
1696 390 1742 418 ego
1756 387 1811 418 pttto

1046 430 1179 458 malorum
1195 436 1302 466 partem
1319 430 1382 461 dici,
1410 437 1463 457 non
1484 430 1518 457 ad
1537 431 1671 465 integrum
1686 429 1810 457 exinanis-

1047 481 1100 503 tur.
1128 476 1180 504 Sed
1205 476 1272 510 ltmc,
1294 481 1323 503 ut
1339 475 1466 506 diximus.
1489 475 1514 502 in
1528 482 1608 501 tnanu
1625 474 1671 502 Dei
1687 480 1756 506 sttnl,
1770 482 1811 501 tto—

1046 527 1132 548 strum
1147 526 1237 549 autem
1261 527 1302 549 est
1316 521 1349 548 ad
1364 520 1580 548 emendationem
1594 520 1674 548 citius
1687 520 1811 551 festinare,

1046 568 1079 594 ad
1094 568 1281 602 ptenitentiam
1298 568 1360 595 sine
1375 566 1591 594 dissimulatione
1609 566 1740 598 converti,
1752 565 1813 599 luge-

1046 621 1075 640 re
1091 613 1238 647 praeterita,
1255 621 1352 641 cavere
1365 611 1465 646 futura,
1481 614 1607 641 invocare
1618 611 1744 639 auxilium
1758 611 1811 643 Dei;

1046 661 1137 687 statim
1156 660 1229 687 enim
1254 665 1284 688 ut
1307 668 1455 689 conversus
1470 661 1646 696 ingemueris,
1660 660 1749 688 salvus
1758 659 1812 686 eris.

1045 705 1170 733 Invenies
1185 706 1257 733 enitn
1276 707 1453 738 advocatum,
1480 707 1525 741 qui
1550 713 1599 741 pro
1625 711 1650 734 te
1677 704 1811 741 interpellat

1044 751 1164 785 Patrem,
1181 751 1322 779 Dominum
1337 751 1427 780 Iesum
1440 753 1589 786 Christum,
1605 752 1690 780 tnulto
1700 758 1815 788 praestan-

1046 798 1141 825 tiorem
1155 805 1235 837 quant
1255 798 1303 825 fuit
1317 798 1434 834 Moyses,
1450 799 1495 833 qui
1511 803 1600 827 tamen
1615 799 1705 826 oravit
1718 806 1763 834 pro
1775 805 1815 833 po-

1045 843 1108 878 pulo
1122 844 1177 876 illo,
1202 848 1229 871 et
1242 844 1385 873 exauditus
1410 844 1467 873 est."
1493 845 1526 873 Et
1548 846 1662 873 fortasse
1687 850 1815 880 propterea

1044 889 1151 925 Moyses
1175 890 1306 918 scribitur
1323 890 1502 920 intervenisse
1528 899 1577 926 pro
1602 891 1721 926 peccatis
1738 890 1815 926 populi

1044 936 1156 971 prioris,
1174 941 1201 965 et
1215 937 1378 972 impetrasse
1396 938 1515 970 veniam,
1534 942 1564 965 ut
1578 937 1664 965 multo
1680 937 1762 971 magis
1774 943 1816 964 nos

1045 982 1222 1015 confidamus,
1250 983 1322 1018 quod
1334 983 1482 1010 advocatus
1495 988 1589 1011 noster
1600 983 1682 1011 Jesus
1694 983 1816 1011 indubita-

1045 1031 1099 1054 tam
1124 1027 1202 1055 nobis
1223 1027 1330 1055 veniam
1354 1027 1512 1063 intpetrabit
1527 1035 1542 1054 a
1566 1027 1647 1055 Patre
1671 1035 1680 1054 :
1703 1027 1725 1055 si
1738 1031 1818 1054 tamen

1044 1077 1235 1100 convertamur
1258 1073 1292 1100 ad
1308 1081 1380 1106 eum,
1396 1078 1422 1100 et
1435 1081 1489 1100 11οη
1506 1072 1614 1100 recedat
1627 1076 1702 1100 retro
1718 1079 1763 1100 0οῐ
1776 1079 1819 1098 no-

1044 1123 1143 1151 strum,
1171 1119 1242 1146 sicut
1265 1122 1293 1146 et
1313 1118 1433 1146 Joannes
1457 1118 1484 1145 in
1510 1117 1630 1152 Epistola
1651 1124 1703 1145 sua
1722 1116 1817 1144 dieit':

1046 1163 1129 1191 illac
1141 1168 1232 1191 autem
1248 1164 1320 1197 dico,
1338 1164 1423 1197 filioli,
1446 1168 1476 1190 ttt
1489 1171 1542 1191 non
1566 1163 1695 1198 peccetis.
1715 1162 1786 1196 Quod
1797 1167 1820 1189 et

1043 1208 1066 1235 si
1082 1209 1238 1243 peccaverit
1251 1208 1350 1243 aliquis
1367 1212 1497 1240 vestrutn,
1523 1207 1654 1235 habemus
1669 1207 1819 1234 advocatum

1043 1254 1115 1288 apud
1140 1253 1257 1287 Patrem,
1277 1254 1369 1282 Jesum
1394 1254 1507 1289 justum,
1532 1253 1578 1287 qtti
1603 1253 1756 1287 interpellat
1778 1259 1822 1285 pro

1044 1300 1164 1334 peccatis
1178 1300 1288 1328 nostris.
1303 1309 1313 1326 ›
1333 1300 1383 1334 lpsl
1402 1299 1487 1334 gloria
1501 1299 1528 1326 itt
1547 1304 1647 1326 acterna
1665 1299 1762 1326 saecula
1775 1304 1819 1325 sa:-

1043 1344 1176 1372 cttlorum.
1195 1345 1290 1373 Amen.

1340 1390 1480 1418 HOMILIA
1493 1390 1539 1418 ΙΧ.

1045 1449 1084 1477 De
1103 1449 1201 1476 bulilh's
1217 1449 1294 1481 Core,
1310 1454 1334 1476 et
1349 1449 1479 1475 seditione
1499 1447 1589 1482 populi
1602 1447 1742 1474 aduersum
1755 1445 1819 1480 loy-

1081 1493 1138 1535 ιεεηζ
1151 1490 1175 1511 et
1195 1486 1228 1512 de
1250 1484 1329 1519 virgis
1349 1484 1376 1511 in
1395 1484 1488 1518 quibus
1507 1483 1579 1517 uirga
1593 1483 1685 1509 Aaron
1698 1482 1820 1516 germina-

1079 1526 1113 1548 υιι
1126 1526 1147 1547 ⁵.

1081 1578 1108 1604 1.
1128 1577 1206 1611 Apud
1228 1576 1322 1608 Deum,
1339 1581 1368 1603 ut
1394 1574 1506 1609 intelligi
1531 1574 1623 1606 datur,
1644 1573 1717 1601 nihil
1732 1576 1772 1600 est
1786 1572 1820 1598 in-

1047 1623 1122 1655 utile,
1137 1622 1204 1649 nihil
1227 1622 1357 1653 otiosum,
1370 1622 1418 1649 sed
1431 1625 1458 1648 et
1474 1628 1505 1648 ea
1522 1628 1581 1655 quae
1597 1620 1756 1647 hominibus
1768 1619 1825 1646 alie-

1047 1670 1134 1697 nauda
1149 1668 1277 1696 videntur
1288 1673 1315 1694 et
1328 1667 1491 1702 altjicienda,
1507 1665 1607 1700 aliquid
1626 1666 1721 1700 aperis
1739 1672 1824 1692 neces-

1047 1715 1110 1743 sarii
1129 1715 1230 1743 habere
1245 1713 1428 1741 inveniuntur.
1459 1712 1535 1739 llunc
1551 1717 1640 1739 autem
1657 1712 1738 1739 nobis
1751 1710 1825 1738 intel-

1047 1762 1145 1788 lectum
1160 1759 1279 1795 suggerit
1292 1765 1410 1794 prtesens
1423 1759 1514 1792 lectio,
1529 1765 1590 1793 quae
1604 1759 1638 1785 de
1663 1757 1765 1785 batillis
1781 1755 1826 1783 Co-

1047 1812 1088 1837 re,
1103 1809 1130 1832 et
1146 1804 1314 1839 reliqttorum
1342 1804 1387 1838 qui
1401 1811 1462 1831 cum
1476 1803 1534 1837 ipso
1552 1807 1748 1838 peccaverunt,
1762 1809 1829 1829 com-

1048 1854 1192 1882 memorat,
1211 1851 1281 1884 qttod
1305 1856 1339 1876 tte
1360 1849 1417 1876 haec
1435 1848 1544 1882 quidem
1563 1847 1640 1883 jubet
1653 1848 1735 1882 abjici
1754 1847 1825 1876 Deus,

1047 1899 1093 1924 sed
1108 1897 1166 1924 fieri
1181 1903 1216 1923 ex
1243 1895 1283 1923 eis
1298 1895 1412 1922 laminas
1429 1894 1543 1922 ductiles
1557 1899 1638 1929 atque
1650 1902 1686 1922 ex
1702 1894 1737 1922 iis
1751 1894 1829 1921 altare

1047 1942 1222 1969 circumdari.
1251 1941 1347 1968 Refert
1369 1947 1434 1975 ergo
1450 1940 1602 1975 Scriptura,
1629 1940 1695 1974 quia
1720 1947 1753 1966 ex
1767 1945 1829 1973 prx-

1048 1992 1127 2023 cepto
1141 1987 1198 2020 Dei,
1219 1995 1228 2012 l
1249 1986 1363 2021 accepit,
1382 1986 1468 2020 inquit
1480 1986 1501 2018 ',
1527 1985 1641 2013 Eleazar
1656 1985 1731 2012 ﬁlius
1744 1985 1828 2011 Aaron

1047 2032 1197 2060 sacerdotis
1220 2031 1310 2058 batilla
1324 2038 1407 2062 terea,
1432 2037 1492 2065 quae
1515 2031 1673 2057 obtttlerunt
1687 2031 1705 2057 ii
1721 2029 1767 2064 qui
1787 2035 1827 2056 ex-

1048 2079 1101 2106 ttsti
1117 2082 1194 2110 sunt,
1209 2082 1236 2104 et
1255 2075 1377 2104 fecerunt
1394 2084 1426 2103 ex
1442 2077 1483 2104 eis
1506 2076 1633 2108 circulos,
1660 2081 1689 2103 et
1703 2081 1829 2110 apposue-

1048 2127 1112 2150 runt
1125 2129 1172 2149 eos
1188 2122 1278 2153 altari,
1303 2122 1337 2149 ad
1361 2121 1648 2149 commemorationem
1663 2120 1782 2148 tiliorunt
1797 2119 1831 2146 Is-

209 2172 260 2203 vit,
278 2169 432 2205 resipiscat,
448 2174 476 2197 et
489 2169 560 2195 ttltra
576 2175 629 2196 non
640 2173 743 2204 peccet.
763 2168 911 2196 Conversio
924 2167 996 2194 enirn
1012 2161 1036 2189 ὓ
1050 2167 1118 2201 rael,
1132 2171 1162 2194 ut
1179 2174 1231 2194 non
1244 2166 1358 2194 accedat
1371 2166 1514 2201 quisquam
1532 2165 1697 2201 alienigena,
1719 2165 1764 2200 qui
1782 2171 1830 2191 non

211 2216 239 2243 in
255 2214 381 2251 presenti
397 2214 463 2246 vita,
480 2219 508 2241 et
521 2212 680 2248 poenitentia
697 2212 834 2241 fructuose
849 2217 933 2248 gesta,
952 2220 997 2240 ee-

210 2262 295 2290 lerem
322 2259 430 2288 confert
459 2258 614 2294 huiusmodi
640 2259 799 2287 vulneribus
823 2259 996 2290 medicinam,

209 2307 274 2343 quia
299 2305 458 2340 ptenitentia
485 2312 538 2332 non
555 2303 641 2332 solum
655 2303 753 2331 vulnus
775 2304 939 2339 praeteritum
954 2311 998 2331 sa-

212 2360 268 2387 nat,
286 2354 333 2381 sed
350 2357 376 2380 et
399 2352 469 2380 ultra
486 2353 605 2385 animam
621 2355 734 2386 peccato
754 2357 806 2377 non
822 2350 887 2378 sinit
904 2349 999 2378 vulneo

211 2400 277 2427 rari.
298 2400 355 2426 lmo
372 2403 398 2425 et
412 2397 476 2424 illud
493 2395 617 2429 adjiciam
633 2404 641 2423 :
657 2395 733 2423 verbi
752 2402 846 2428 causa,
860 2395 882 2422 si
901 2402 997 2430 pecca-

211 2452 255 2476 tor
278 2453 349 2478 sum,
375 2443 496 2478 nunquid
511 2443 604 2471 eadem
629 2441 695 2469 Inibi
710 2441 762 2469 erit
784 2448 862 2475 ptena
879 2441 901 2468 si
913 2441 996 2468 semel

210 2493 333 2530 peccavi,
348 2500 409 2528 qua:
421 2495 449 2519 et
458 2490 481 2518 si
497 2489 628 2522 secundo,
644 2493 672 2515 et
685 2488 776 2520 tertio,
794 2492 821 2514 et
833 2487 856 2514 si
869 2487 994 2522 frequen-

213 2540 266 2568 tius
284 2537 415 2574 peceem?
439 2544 490 2564 non
509 2535 545 2562 ita
561 2535 614 2563 erit
632 2543 640 2561 :
656 2534 702 2561 sed
726 2541 776 2568 pro
790 2533 881 2566 modo,
903 2538 930 2560 et
946 2541 996 2560 nu-

213 2593 299 2618 mero,
322 2589 350 2611 et
364 2590 491 2611 mensura
507 2581 623 2616 peccati,
650 2579 732 2607 etia'm
751 2585 837 2613 patrue
859 2578 996 2613 quantitas

212 2630 347 2658 metienda
359 2633 411 2656 est.
425 2627 496 2654 Deus
510 2626 581 2654 enim
596 2625 671 2653 dabit
686 2633 695 2650 ε
708 2624 785 2652 nobis
799 2631 894 2659 pattem
909 2623 996 2658 lacry-

213 2682 318 2703 marum
330 2679 356 2702 et
367 2673 468 2708 potabit
484 2681 532 2700 nos
543 2672 569 2699 in
584 2671 723 2706 lacrymis,
735 2679 745 2695 ι
765 2670 812 2698 sed
829 2679 838 2696 ι
850 2670 875 2696 in
888 2676 997 2697 mensu-

213 2730 244 2750 ra
261 2721 281 2747 ί.
295 2731 304 2746 ι
333 2720 455 2747 Mensura
474 2725 564 2746 autem
585 2719 642 2745 haec
656 2717 719 2750 erit,
737 2724 818 2751 quam
831 2717 883 2744 sibi
902 2717 928 2744 in
944 2717 996 2744 hac

249 2779 271 2794 "
284 2778 366 2805 Eccli.
382 2783 476 2809 xxvm,
488 2776 532 2803 22.
572 2777 581 2792 ¹
594 2776 665 2804 Psal.
678 2783 761 2810 Lux,
776 2775 802 2806 6.
840 2775 850 2791 ¹
861 2773 933 2802 Psal.
947 2781 1039 2810 autv,
1052 2775 1078 2803 9.

215 2822 270 2847 ιη,
283 2814 327 2846 '59,
339 2812 383 2839 ιο.
422 2811 432 2826 ⁸
443 2811 494 2838 lsa.
506 2819 551 2844 LV,
564 2811 590 2838 8.

1047 2219 1090 2242 est
1114 2221 1147 2241 ex
1173 2213 1280 2241 semine
1295 2213 1396 2246 Aaron,
1424 2213 1562 2248 imponere
1577 2213 1724 2240 incensum
1745 2218 1830 2240 coram

1049 2260 1172 2293 Domino,
1188 2267 1222 2287 ne
1235 2259 1283 2287 ﬁat
1297 2259 1366 2287 sicut
1387 2259 1468 2291 Core,
1489 2263 1517 2286 et
1533 2259 1701 2294 conspiratio
1715 2258 1772 2293 ejus
1783 2257 1831 2285 sic-

1049 2310 1079 2333 ut
1096 2305 1202 2333 locutus
1229 2311 1270 2333 est
1295 2305 1427 2333 Dominus
1451 2306 1478 2332 in
1499 2312 1579 2332 manu
1601 2305 1700 2340 Moysi.
1722 2314 1732 2331 ι
1754 2304 1832 2331 lani-

1049 2351 1118 2378 fcste
1133 2351 1249 2385 quodam
1271 2352 1298 2378 in
1322 2351 1383 2378 loco
1400 2351 1530 2379 Dominus
1545 2358 1593 2386 per
1610 2351 1777 2385 prophetae!
1792 2349 1832 2376 di~

1049 2396 1086 2423 cit
1096 2397 1107 2412 ⁶
1120 2405 1127 2423 :
1145 2405 1155 2422 t
1171 2396 1229 2424 Non
1243 2401 1306 2424 sunt
1318 2397 1428 2424 consilia
1445 2404 1503 2424 mea
1519 2397 1590 2424 sicut
1604 2396 1720 2424 consilia
1734 2401 1832 2425 vestra.

1049 2450 1099 2470 nec
1122 2443 1303 2478 cogitationes
1317 2450 1383 2470 mete
1408 2443 1478 2470 sicut
1500 2443 1681 2478 cogitationes
1706 2447 1830 2470 vestra.»

1049 2488 1077 2516 Si
1103 2490 1173 2523 apud
1191 2489 1315 2516 homines
1338 2488 1601 2523 hodiejudicaretur
1617 2490 1675 2517 hzec
1699 2495 1796 2521 causa,
1809 2492 1835 2514 et

1047 2536 1117 2569 apud
1130 2535 1315 2563 Ecclesiarum
1341 2535 1480 2571 principes
1508 2536 1655 2563 haberetur
1669 2542 1788 2566 examen
1804 2536 1834 2562 de

1047 2580 1095 2613 iis,
1112 2580 1188 2607 verbi
1204 2588 1297 2614 causa,
1321 2581 1366 2615 qui
1380 2582 1486 2608 diversa
1502 2581 1537 2608 ab
1558 2580 1688 2608 Ecclesiis
1705 2580 1833 2608 docentes

1049 2626 1146 2654 divina:
1161 2626 1286 2655 vindictae
1301 2626 1460 2662 pertulerint
1475 2626 1614 2658 ultionem,
1629 2632 1721 2653 nonne
1733 2625 1834 2659 judica-

1049 2676 1121 2703 rcnl,
1139 2675 1168 2698 ut
1193 2672 1215 2699 si
1230 2672 1295 2707 quid
1317 2671 1397 2699 locuti
1414 2676 1487 2704 sunt,
1505 2672 1529 2698 si
1546 2671 1610 2705 quid
1634 2671 1800 2703 docuerunt,
1813 2669 1835 2696 si

1049 2717 1113 2752 quid
1130 2718 1213 2745 etiant
1238 2718 1369 2752 scriptum
1395 2717 1574 2751 reliquerunt,
1589 2716 1722 2743 universa
1736 2716 1836 2750 pariter

1119 2776 1129 2792 ³
1142 2776 1150 2803 l
1161 2776 1238 2805 Joau.
1254 2784 1285 2810 ll,
1297 2776 1323 2811 1,
1335 2777 1363 2804 2.
1401 2776 1412 2791 ⁵
1423 2774 1501 2803 Num.
1518 2782 1560 2802 va
1579 2779 1605 2803 et
1622 2781 1691 2802 xm.
1733 2774 1745 2791 ⁸
1758 2773 1836 2802 Nunt.
