1886 3051
87 138 143 166 διεδ

673 143 706 173 ΙΝ
722 143 888 173 NUMEROS
905 143 1044 171 IIOMILIA
1062 143 1105 170 IX.

1668 140 1718 167 6%

89 204 152 222 cum
172 196 293 232 ipsorum
319 199 457 228 cineribus
476 200 651 235 deperirent?
669 202 722 230 Sed
747 211 798 230 non
819 207 882 230 sunt
897 206 919 232 Α
933 207 974 229 est
994 202 1096 235 dicere,
1112 201 1225 235 Oportet
1246 197 1435 227 lucrclicorum
1451 198 1550 226 batillis
1567 197 1652 225 altare
1667 199 1720 225 cir-

86 240 191 274 judicia
208 243 255 269 Dei
272 243 344 271 sicut
365 244 468 278 judicia
496 251 600 274 nostra.
629 247 699 275 Audi
716 249 788 275 enim
813 256 881 282 quo-

89 287 172 314 modo
187 288 224 316 de
236 289 338 318 batillis
352 298 459 325 eorum,
486 293 531 327 qui
547 296 641 319 contra
657 294 815 328 prophetam
832 293 879 320 Dei

89 334 309 369 insurrexerunt,
319 337 451 371 jubentur
466 339 525 366 ﬁcri
548 339 665 372 latnime,
681 343 708 366 et
722 339 748 366 in
764 339 879 366 circuitu

86 379 184 408 altaris
207 381 291 416 affigi.
311 382 380 410 Core
401 383 515 418 ﬁgttram
537 389 611 412 tenet
628 392 736 418 eorum,
755 385 800 420 qui
815 392 880 413 con-

86 429 129 451 tra
146 426 363 455 ecclesiasticam
379 428 458 456 ﬁdem
474 433 502 456 et
525 430 676 458 doctrinam
703 431 825 458 veritatis
840 431 881 459 io-

85 469 213 504 surgunf.
249 471 387 508 Scriptum
412 480 455 501 est
470 482 534 510 ergo
559 476 593 503 de
612 476 692 508 Core,
708 482 736 504 et
758 477 792 504 de
807 482 878 504 ctetu

84 515 158 549 eius,
185 519 259 552 quod
285 518 311 545 in
336 518 436 547 butillis
462 521 540 548 aereis
568 521 707 550 incensum
733 522 880 550 obtulerint

85 563 158 597 ignis
173 563 265 591 alieni.
285 564 318 591 Et
331 565 442 599 jubetur
459 566 568 600 quidem
583 575 599 594 a
615 568 671 595 Deo
688 569 759 603 ignis
775 569 880 597 alienus

83 609 207 644 dispergi
234 614 262 637 et
284 610 386 638 effundi
404 619 411 638 :
431 611 546 639 «Batilla
575 621 650 647 vero,
668 615 757 649 inquit
766 615 789 647 ⁷,
816 615 878 650 quia

84 655 259 682 sanctificata
275 661 349 690 sunt,
366 657 449 686 facito
466 666 499 687 ea
513 659 629 687 laminas
645 660 770 693 ductiles,
787 665 816 688 et
828 662 879 689 cir-

84 701 184 727 cumda
200 708 233 728 es
258 702 298 729 eis
312 702 409 735 altare,
435 705 499 738 quia
515 704 607 732 oblata
634 710 697 733 sunt
714 713 807 734 coram
825 708 877 735 Do-

84 746 173 780 mino,
198 752 227 775 et
251 749 419 776 sanctiﬁcata
445 755 541 778 sunt.)
573 750 631 779 Hoc
652 759 718 786 ergo
745 752 812 779 mihi
831 761 879 788 per

84 793 160 819 hanc
185 793 300 827 ﬁguram
326 796 434 821 videtur
456 796 573 829 ostendi,
603 797 675 830 quod
701 798 790 825 hatilla
814 798 877 830 ista,

83 846 147 873 qua:
163 838 304 873 Scriptura
318 841 444 868 nominat
456 849 537 874 terea,
555 843 670 878 ﬁguram
679 849 789 872 teneant
805 844 879 872 Scri-

931 248 1068 279 cumdari,
1096 251 1127 273 ut
1149 252 1225 274 certa
1250 251 1276 273 et
1292 245 1432 273 manifesta
1447 245 1572 272 omnibus
1590 244 1633 271 ﬁat
1652 244 1719 270 ﬁde--

931 293 996 320 lium
1009 298 1092 329 atque
1115 293 1262 320 inﬁdeliutu
1289 292 1452 320 differentia.
1473 292 1539 319 Cum
1556 291 1629 319 enim
1654 291 1719 317 lidcs

930 340 1115 368 ecclesiastica
1133 339 1204 367 velut
1219 348 1315 366 aurum
1330 339 1443 375 coeperit
1456 337 1600 372 refulgere,
1614 342 1641 364 et
1653 344 1720 370 prte-

930 386 1031 413 dicatio
1046 385 1104 420 ejus
1119 390 1148 413 ut
1162 391 1303 420 argentum
1319 386 1380 421 igne
1395 385 1537 419 probatum
1554 383 1720 411 intuentibus

930 431 1128 466 resplenduerit
1144 440 1150 458 :
1170 436 1234 458 tunc
1250 432 1351 465 nutjore
1366 439 1427 458 cum
1447 429 1613 463 turpitudine
1629 433 1657 455 et
1672 428 1720 455 de—

930 478 1028 506 decore
1043 478 1233 505 hereticorum
1248 485 1328 504 voces
1343 477 1453 504 obscuri
1465 476 1528 503 teris
1542 475 1644 502 vilitate
1659 482 1719 501 sor-

930 524 1041 551 debunt.
1065 523 1111 550 Vis
1125 528 1217 550 autem
1231 523 1301 550 scire
1314 522 1385 557 quod
1399 529 1458 556 qua:
1473 521 1541 548 bona
1557 526 1630 551 sunt,
1649 520 1718 547 bona

929 576 990 596 esse
1005 577 1043 596 ex
1055 569 1221 596 deteriorum
1235 568 1321 602 magis
1336 567 1540 602 comparatione
1555 566 1721 594 noscuntur?

929 614 998 647 Quis
1013 615 1095 642 sciret
1111 615 1212 642 bonam
1227 620 1289 641 esse
1306 612 1406 644 lucem,
1423 613 1474 639 nisi
1492 612 1579 639 noctis
1594 611 1720 639 tenebras

929 662 1116 690 sentiremus?
1143 661 1210 696 Quis
1225 660 1394 688 dulcedinem
1411 664 1535 687 nosceret
1550 659 1648 690 mellis,
1666 658 1719 684 nisi

929 714 1036 743 gustum
1060 708 1252 736 amaritudinis
1284 708 1455 742 accepisset?
1487 707 1575 741 Ipsum
1604 705 1720 738 denique

928 753 1076 787 diabolum,
1102 758 1130 781 et
1155 753 1326 781 obluctantes
1339 752 1484 781 adversum
1506 760 1554 779 nos
1567 750 1721 778 contrarias

928 803 1077 834 potestates
1093 799 1116 826 si
1129 799 1248 833 auferas,
1262 799 1379 826 virtutes
1391 798 1476 826 animi
1491 797 1550 824 sine
1561 797 1720 824 obluctante

931 850 984 871 non
1002 846 1148 878 potuerunt
1163 843 1324 870 enitescere.
1354 842 1400 870 Sic
1425 849 1490 876 ergo
1507 845 1534 868 et
1548 839 1719 867 sacerdotum

83 889 174 918 plura;
190 884 299 912 dit/inte.
329 885 378 913 Cui
397 887 548 921 Scriptura:
571 889 691 916 lueretici
709 889 796 924 ignem
814 890 880 916 alie—
895 876 922 903 Β
933 890 1053 917 ﬁdelium
1068 889 1154 924 gloria
1167 897 1220 917 non
1237 889 1338 924 poterit
1350 888 1577 923 resplendescere,
1593 885 1645 912 nisi
1661 892 1719 911 cam

84 936 152 956 num
174 930 356 965 imponentcs,
372 932 425 960 hoc
436 938 479 961 est
497 942 607 963 sensum
622 941 653 964 et
675 936 879 971 intelligentiam

84 974 205 1002 alienam
222 984 237 1002 a
254 976 319 1010 Deo,
335 982 363 1004 et
381 979 490 1007 veritati
513 983 680 1009 contrariam
702 982 880 1010 introducen-

85 1025 139 1051 tes,
155 1021 298 1048 incensum
317 1024 434 1051 Domino
458 1032 514 1052 non
529 1033 624 1059 suave,
638 1027 685 1054 sed
709 1027 880 1055 exsecrabile

82 1065 214 1093 oﬁ'erunt.
234 1067 317 1103 296
328 1068 361 1096 Et
374 1069 436 1098 ideo
451 1071 538 1098 forma
551 1072 735 1100 Ecclesiarum
750 1073 880 1100 sacerdo-

85 1111 160 1138 tibus
176 1112 272 1146 datur‘,
296 1118 326 1141 ut
339 1115 363 1142 si
378 1117 486 1150 quando
501 1118 555 1144 tale
570 1119 674 1154 aliquid
700 1119 782 1147 fuerit
796 1127 878 1147 exor-

85 1159 153 1189 tum,
170 1164 202 1184 ea
218 1158 402 1194 quidemquae
418 1169 432 1188 a
450 1162 565 1190 veritate
579 1163 666 1191 aliena
686 1170 761 1198 sunt»,
778 1165 812 1192 ab
827 1165 878 1192 Ec-

82 1202 168 1229 clesia
200 1202 246 1230 Dei
272 1204 381 1238 penitus
408 1206 606 1235 abstrudantur
627 1215 635 1235 :
661 1208 684 1236 si
710 1216 763 1243 qua
787 1213 877 1236 autent

81 1248 208 1275 etiamin
234 1249 299 1283 ipsis
320 1251 511 1280 haereticorum
534 1254 625 1282 verbis
646 1254 795 1290 Scriptura:
808 1255 878 1282 diri-

83 1300 125 1320 ἰω
150 1295 280 1322 sensibus
299 1296 476 1325 inveniuntur
499 1299 612 1332 inserta,
639 1308 672 1328 ne
698 1301 800 1335 pariter
814 1308 876 1329 cum

82 1337 137 1365 illis
159 1347 222 1374 quae
247 1341 310 1369 ﬁdei
326 1348 353 1370 et
367 1344 478 1371 veritati
501 1350 566 1372 sunt
579 1347 727 1380 contraria,
746 1354 877 1381 respuan-

82 1387 147 1417 tur;
164 1387 338 1415 sanctiﬁcata
353 1393 417 1416 sunt
435 1391 508 1418 enim
523 1398 583 1425 quae
599 1393 633 1419 de
649 1391 788 1426 Scriptura
804 1393 876 1420 divi-

82 1438 117 1456 na
135 1431 326 1467 proferuntur,
343 1440 369 1462 et
383 1435 495 1464 Domino
512 1438 613 1466 oblata.
634 1438 727 1466 Potest
742 1445 831 1467 autem
847 1444 875 1467 et

80 1476 136 1504 alio
150 1477 241 1505 adhuc
254 1480 334 1507 modo
349 1481 460 1517 intelligi
473 1484 545 1518 quod
559 1484 592 1511 de
606 1484 706 1512 batillis
719 1485 876 1521 praecipitur

80 1528 272 1570 peccatorum,
295 1530 325 1552 ut
348 1526 500 1562 junguntur
522 1532 550 1556 et
569 1529 710 1558 socientur
727 1531 819 1558 altari.
840 1531 874 1559 Et
888 1542 909 1570 ε

80 1568 172 1602 primo
188 1569 241 1597 hoc
257 1570 345 1604 ipsum
360 1573 432 1607 quod
446 1580 517 1600 terea
530 1574 671 1609 dictmtur,
688 1583 741 1603 non
757 1576 874 1604 otiosum

80 1613 233 1642 videbitur.
257 1616 307 1644 Ubi
321 1617 393 1645 enim
410 1626 473 1646 vera
488 1620 556 1648 ﬁdes
568 1625 623 1654 est,
636 1626 663 1648 et
678 1621 783 1657 integra
793 1609 875 1650 verbi

80 1659 128 1686 Dei
157 1661 328 1696 praedicatio,
347 1667 394 1691 aut
418 1669 549 1699 argentea
566 1666 694 1694 dicuntur
711 1672 757 1694 aut
771 1675 873 1696 aurea:

80 1711 111 1733 ut
124 1705 215 1743 fulgor
232 1708 292 1736 auri
306 1709 426 1738 declaret
442 1710 503 1738 ﬁdei
516 1712 673 1747 puritatem,
687 1718 715 1741 et
732 1719 874 1749 argentum

78 1752 142 1787 igne
169 1755 326 1789 probatutn,
350 1755 456 1790 eloquia
480 1758 634 1785 examinata
659 1759 802 1794 signiﬁcet.
822 1760 875 1788 ista

78 1806 146 1834 ergo
159 1807 221 1834 qum
237 1800 365 1828 dicuntur
378 1808 461 1834 aerea,
478 1801 504 1829 in
520 1810 588 1830 sono
602 1809 705 1831 tanttun
720 1805 794 1832 vocis
807 1811 874 1833 eou-

79 1847 193 1878 sistuut,
207 1854 260 1874 non
278 1847 304 1874 in
322 1848 423 1875 virtute
439 1849 563 1883 spiritus,
585 1855 612 1877 et
628 1855 702 1884 sunt,
719 1856 748 1878 ut
760 1851 876 1886 Aposto-

79 1893 121 1919 lus
137 1892 205 1920 dicit
217 1893 239 1926 ⁸,
266 1902 276 1918 ι
288 1898 316 1921 ιιι
331 1901 509 1923 teramentunt
526 1903 640 1929 sonans,
660 1901 707 1925 aut
720 1899 873 1934 cymbalum

79 1939 213 1966 tinniens.
238 1949 248 1966 ι
271 1939 324 1967 Ista
346 1948 412 1976 ergo
427 1941 519 1969 batilla
534 1948 614 1975 terea,
631 1942 658 1970 id
674 1947 717 1971 est
732 1944 876 1972 haeretico-

81 1991 143 2011 rum
162 1991 257 2017 voces,
276 1985 299 2012 si
316 1986 494 2014 adhibeamus
519 1987 552 2014 ad
569 1987 654 2016 altare
672 1988 730 2021 Dei,
748 1989 791 2016 ubi
806 1990 876 2017 divi-

77 2038 131 2058 nus
146 2030 220 2065 ignis
233 2036 289 2063 est.
314 2031 359 2059 ubi
378 2039 441 2059 vera
455 2031 502 2059 Dei
520 2033 688 2067 praedicatio,
704 2035 801 2063 melius
817 2036 873 2072 ipsa

75 2074 183 2102 veritas
193 2083 230 2102 ex
241 2075 371 2103 falsorum
384 2078 590 2112 comparatione
608 2078 731 2114 fulgebit.
749 2080 778 2108 Si
788 2081 873 2114 enim,

75 2126 107 2147 ιιι
120 2120 200 2148 verbi
215 2121 302 2156 gratia
330 2121 429 2155 dicam,
447 2130 547 2157 ponam
563 2123 635 2152 dicta
653 2124 810 2160 Marcionis,
829 2132 876 2155 aut

75 2166 218 2199 Basilidis,
244 2171 291 2194 aut
314 2168 430 2196 alterius
450 2167 598 2202 cujuslibet
621 2170 755 2205 haeretici,
770 2177 798 2199 et
814 2173 876 2202 haec

74 2213 255 2240 sermonibus
283 2214 409 2242 veritatis
432 2221 466 2242 ac
486 2214 691 2249 Scripturarum
718 2218 870 2246 divinarum

76 2259 252 2290 testimoniis.
270 2259 342 2287 velut
355 2260 438 2287 divini
451 2260 549 2288 altaris
563 2261 624 2296 igne
635 2263 787 2297 confutem,
803 2272 871 2291 non-

76 2312 110 2331 ne
124 2304 280 2332 evidentior
293 2312 389 2333 eorum
408 2313 442 2333 ex
459 2306 518 2341 ipsa
534 2309 739 2342 comparatione
754 2317 870 2344 appare-

75 2348 115 2376 bit
131 2349 280 2383 impietas?
296 2349 363 2377 Nam
379 2350 402 2378 si
417 2351 538 2378 doctrina
553 2352 738 2381 ecclesiastica
754 2355 871 2391 simplex

74 2399 159 2428 esset,
176 2400 205 2422 ct
223 2395 305 2423 nullis
319 2397 486 2425 intrinsecus
503 2397 694 2427 haereticorum
711 2401 868 2436 dogmalutn

75 2442 276 2470 assertionibus
299 2443 465 2478 cingeretur,
492 2454 545 2473 non
570 2451 678 2480 poterat
701 2451 755 2474 tam
780 2447 867 2481 clara,

72 2491 100 2514 et
114 2492 172 2514 tam
195 2488 349 2516 examinata
368 2491 453 2518 videri
477 2492 545 2519 ﬁdes
561 2496 666 2519 nostra.
688 2492 741 2520 Sed
767 2493 869 2521 idcirco

73 2533 229 2561 doctrinam
245 2535 407 2564 catholicam
427 2537 671 2565 contradicentium
696 2538 803 2566 obsidet
819 2546 869 2574 op-

72 2580 214 2615 pugnatio,
240 2585 270 2607 ut
295 2581 363 2610 ﬁdes
388 2588 484 2611 nostra
501 2592 555 2613 non
578 2586 634 2613 otio
651 2583 710 2621 (92)
731 2590 867 2620 torpescat

71 2626 120 2652 sed
133 2626 276 2653 exercitiis
289 2627 423 2657 elimetur.
440 2628 555 2665 Propter
566 2631 618 2659 hoc
630 2631 745 2666 denique
756 2635 784 2657 et
796 2631 868 2666 Apo-

71 2669 161 2697 stolus
179 2670 287 2698 dicebat
300 2671 311 2687 '
326 2680 333 2699 :
354 2682 363 2699 ‹
377 2672 491 2715 Oportet
505 2680 596 2703 autem
611 2679 638 2704 et
662 2676 779 2703 Itazreses
793 2683 866 2708 esse,

71 2720 102 2742 ut
117 2716 226 2751 probati
253 2718 354 2754 quique
381 2721 518 2750 manifesti
537 2723 602 2750 ﬁant
629 2724 700 2750 inter
714 2731 793 2751 vos.)
811 2723 868 2751 Hoc

931 936 1081 962 inﬁdelium
1098 936 1252 970 reprobatio
1266 940 1293 962 et
1316 941 1395 968 poma
1416 933 1596 961 commendet.
1619 931 1672 959 Sed
1687 939 1719 956 cx

931 981 966 1008 iis
981 988 1041 1015 qua:
1066 981 1191 1016 legimus,
1219 981 1321 1016 singuli
1351 982 1451 1017 quique
1472 980 1608 1015 iustorum
1636 976 1721 1011 magis

930 1034 967 1054 ex
986 1028 1190 1062 comparatione
1215 1032 1375 1056 caetererum
1394 1027 1459 1055 clari
1484 1026 1611 1053 videntur
1636 1023 1719 1050 habui

930 1073 1111 1109 apudDeum.
1132 1074 1257 1109 Denique
1272 1075 1304 1102 de
1319 1073 1375 1101 Noe
1389 1074 1518 1108 scriptum
1534 1076 1578 1099 est
1589 1071 1622 1103 ⁸⁸.
1648 1068 1720 1104 quod

929 1124 1002 1146 esset
1012 1118 1103 1153 justus
1117 1124 1146 1146 et
1161 1121 1297 1154 perfectus
1312 1120 1338 1147 in
1354 1119 1532 1155 generatione
1545 1124 1603 1144 sua.
1623 1115 1652 1142 In
1665 1121 1719 1148 quo

929 1165 1083 1192 ostenditur
1106 1166 1176 1200 quod
1202 1174 1255 1193 non
1280 1173 1313 1193 ex
1332 1166 1439 1200 integro
1463 1163 1608 1199 perfectus,
1626 1162 1673 1189 sed
1692 1161 1718 1187 iu

929 1210 1106 1245 generatione
1130 1217 1177 1237 sua
1204 1209 1342 1244 perfectus
1368 1208 1461 1240 fuerit,
1486 1212 1514 1235 et
1527 1206 1561 1234 ad
1577 1212 1719 1239 compara-

930 1254 1030 1281 tionem
1045 1258 1205 1281 czrterorum
1226 1254 1316 1288 justus
1340 1253 1531 1288 pronuntiatus
1554 1251 1601 1278 sit.
1631 1249 1720 1276 Simili

928 1301 1008 1338 modo
1025 1305 1091 1335 puto
1103 1300 1186 1328 etiam
1213 1299 1246 1327 de
1271 1299 1322 1326 Lot
1339 1298 1502 1326 habendum.
1524 1297 1632 1330 Quanto
1645 1295 1719 1322 enim

928 1345 1078 1372 deteriores
1091 1345 1213 1380 quotidie
1228 1344 1329 1372 fiebant
1346 1342 1502 1375 Sodomitas,
1525 1345 1602 1368 tanto
1619 1339 1664 1367 ille
1676 1339 1720 1373 iu-

928 1393 996 1419 stior
1011 1393 1170 1427 apparebat.
1192 1391 1246 1418 Sed
1261 1396 1288 1418 cl
1304 1390 1329 1417 in
1344 1390 1395 1417 hoc
1410 1389 1470 1424 ipso
1488 1388 1557 1416 libro
1571 1393 1650 1422 quem
1668 1385 1718 1412 har

927 1439 1022 1466 bemus
1040 1439 1066 1465 in
1092 1438 1230 1470 manibus,
1257 1443 1318 1464 cutn
1342 1436 1456 1470 ingrcssi
1470 1439 1562 1462 essent
1582 1433 1600 1460 ii
1614 1432 1660 1467 qui
1677 1432 1718 1458 iu-

927 1488 1072 1519 spexerant
1087 1488 1184 1510 terram
1199 1483 1231 1516 “,
1244 1488 1271 1511 et
1282 1483 1375 1511 decem
1388 1489 1421 1509 ex
1435 1481 1468 1509 iis
1480 1478 1644 1508 meticulosis
1660 1485 1720 1505 ser-

927 1529 1052 1557 monibus
1063 1528 1279 1561 desperationem
1294 1527 1384 1564 populi
1399 1527 1587 1557 incussissent,
1604 1524 1659 1551 duo
1672 1529 1720 1550 ve-

928 1584 959 1604 ro
983 1576 1091 1610 reliqui,
1108 1575 1135 1602 id
1149 1579 1191 1602 est
1206 1574 1288 1603 Caleb
1303 1579 1332 1602 et
1346 1574 1440 1607 Josue,
1459 1573 1528 1600 bona
1546 1572 1717 1604 nuntiarent,

927 1628 955 1650 et
979 1623 1155 1650 hortarentur
1180 1620 1309 1655 populum
1335 1627 1495 1656 permanere
1520 1619 1546 1646 in
1563 1617 1714 1653 proposito,

928 1668 1082 1696 immortale
1096 1668 1137 1695 eis
1152 1675 1167 1695 a
1186 1667 1302 1695 Domino
1315 1667 1440 1693 meritum
1455 1665 1569 1693 contulit
1586 1672 1639 1692 non
1658 1668 1717 1690 tau-

927 1717 983 1739 tum
1008 1719 1057 1739 sua
1090 1711 1238 1744 confessio,
1266 1715 1397 1746 quantum
1429 1710 1546 1738 formido
1570 1709 1714 1737 sodalium.

926 1757 1020 1793 Neque
1034 1757 1106 1785 enim
1121 1761 1175 1784 tam
1197 1755 1341 1792 magniﬁce
1356 1756 1383 1783 in
1400 1756 1440 1783 eis
1458 1755 1542 1783 virtus
1557 1754 1642 1782 anitni
1656 1754 1715 1782 cla-

926 1803 1037 1836 ruisset,
1061 1802 1112 1830 nisi
1132 1801 1299 1837 reliquorum
1316 1801 1407 1828 decem
1424 1800 1511 1835 turpis
1525 1799 1640 1834 ignavla'.
1657 1798 1712 1825 for-

926 1849 999 1877 mido
1015 1848 1156 1883 patuisset.
1180 1847 1243 1875 llrec
1260 1851 1351 1875 autem
1365 1846 1482 1873 diximus
1503 1847 1536 1872 de
1553 1844 1653 1872 batillis
1669 1851 1715 1871 eo-

925 1902 985 1922 rum
1001 1895 1046 1929 qui
1063 1892 1239 1921 condemnati
1254 1897 1327 1925 sunt,
1352 1898 1413 1925 quae
1427 1891 1507 1918 altari
1526 1890 1656 1925 jubentur
1672 1888 1713 1916 af—

926 1941 982 1976 ﬁgi,
999 1940 1069 1975 quod
1083 1947 1117 1967 ex
1140 1939 1344 1974 comparatione
1369 1937 1526 1966 inferiormn
1550 1936 1615 1970 justi
1630 1943 1711 1970 appa-

926 1992 1004 2015 reant
1020 1985 1162 2019 clariores,
1176 1985 1257 2014 simul
1273 1991 1302 2012 ut
1318 1988 1345 2012 et
1357 1983 1474 2019 posteris
1490 1983 1604 2011 daretur
1617 1989 1712 2008 exent-

926 2035 1012 2069 plum,
1032 2040 1066 2061 ne
1089 2034 1136 2068 qui
1162 2032 1371 2067 praesumptione
1387 2030 1496 2066 superbi
1522 2029 1634 2064 spiritus
1659 2035 1713 2055 non

926 2080 978 2108 sibi
992 2088 1007 2107 a
1026 2080 1081 2107 Deo
1093 2080 1186 2106 datutn
1199 2085 1296 2106 munus
1312 2077 1485 2113 pontiﬁcatus
1499 2076 1650 2107 invaderet,
1666 2073 1713 2101 sed

926 2131 956 2152 ut
982 2126 1021 2153 illi
1046 2125 1136 2158 cedat,
1154 2132 1234 2160 quem
1253 2131 1304 2152 non
1326 2123 1439 2150 ambitio
1458 2121 1585 2154 humana,
1603 2128 1656 2148 non
1676 2119 1715 2146 fa-

928 2179 977 2199 vor
990 2176 1135 2206 corruptus
1158 2170 1297 2203 asciverit,
1314 2176 1364 2196 nec
1386 2167 1494 2203 largitio
1509 2165 1711 2195 condemnanda

888 2212 910 2240 Β
926 2215 1126 2251 subrogaverit,
1142 2217 1189 2243 sed
1206 2215 1366 2242 meritorum
1383 2213 1549 2242 conscientia
1564 2215 1593 2239 et
1608 2211 1653 2239 Dei
1668 2219 1715 2238 vo-

925 2263 1015 2290 luntas
1031 2261 1218 2296 assumpserit.

958 2310 988 2337 2.
1008 2308 1073 2336 Post
1090 2308 1148 2335 hmo
1165 2307 1281 2335 refertur
1299 2315 1306 2334 :
1327 2306 1380 2333 «Et
1395 2309 1645 2336 murmuraverunt,
1671 2305 1713 2330 iu-

924 2355 984 2390 quit
996 2354 1028 2388 ι’,
1051 2354 1098 2381 lilii
1124 2353 1210 2380 Israel
1223 2352 1371 2380 adversum
1394 2351 1504 2387 Moysen
1521 2355 1548 2377 et
1565 2350 1653 2377 Aaron
1673 2350 1714 2376 di-

923 2406 1016 2429 centes
1032 2409 1040 2429 :
1056 2400 1110 2428 Vos
1123 2399 1264 2428 occidistis
1279 2398 1406 2434 populum
1424 2397 1541 2425 Domini.
1562 2396 1596 2423 Et
1609 2396 1711 2422 factum

922 2453 965 2476 est
981 2455 1043 2475 cum
1057 2448 1175 2474 irrueret
1191 2453 1328 2481 synagoga
1344 2451 1426 2480 super
1443 2443 1550 2478 Moysen
1567 2446 1594 2470 et
1608 2443 1710 2475 Aaron,

923 2495 950 2522 in
980 2494 1080 2528 impetu
1105 2493 1231 2528 fugerunt
1254 2494 1288 2520 ad
1314 2491 1517 2520 tabernaculum
1551 2489 1708 2516 testimonii.

922 2540 991 2568 Illud
1008 2547 1073 2567 vero
1087 2540 1192 2567 obtexit
1208 2539 1304 2572 nubes,
1325 2544 1352 2566 et
1369 2539 1495 2574 apparuit
1513 2537 1642 2571 maiestas
1657 2536 1710 2562 Do-

923 2585 1000 2619 tniui,
1017 2590 1044 2613 et
1055 2585 1176 2613 introivit
1190 2585 1297 2620 Moyses
1309 2589 1336 2611 et
1351 2585 1440 2611 Aaron
1453 2584 1486 2610 ad
1506 2583 1602 2610 faciem
1620 2582 1711 2609 taber-

924 2631 1012 2659 naculi
1027 2631 1185 2659 testimonii.
1198 2640 1207 2656 ι
1229 2631 1286 2657 Non
1299 2630 1414 2665 legimus
1426 2633 1503 2655 antea
1518 2628 1580 2663 quia
1596 2627 1710 2654 obtexe-

921 2678 957 2704 rit
965 2677 1052 2705 nubes
1060 2677 1274 2709 tabernaculum,
1284 2680 1310 2702 et
1319 2675 1478 2710 apparuerit
1487 2674 1614 2710 majestas
1622 2673 1709 2702 Domi-

921 2724 961 2757 ni,
975 2728 1003 2750 et
1017 2724 1151 2757 receperit
1169 2723 1238 2749 intra
1259 2722 1357 2748 nubetn
1375 2720 1483 2755 Moysen
1495 2725 1522 2748 et
1539 2720 1642 2753 Aaron,
1656 2720 1708 2748 nisi

57 2790 61 2818 1
111 2786 214 2814 ’Num.
226 2796 282 2823 nr,
295 2789 340 2817 58.
379 2791 390 2806 '
402 2790 410 2818 l
424 2791 488 2820 Cor.
502 2801 562 2826 xtu,
577 2794 601 2821 l.
641 2794 651 2809 ε’
663 2793 672 2820 l
684 2793 748 2823 Cor.
763 2802 800 2827 ιιι,

960 2800 1000 2821 en.
1015 2800 1054 2824 vt,
1065 2791 1091 2818 9.
1131 2791 1150 2806 “
1165 2789 1245 2817 Nunt.
1257 2797 1312 2816 xtv.
1353 2789 1374 2804 "
1387 2788 1464 2816 Num.
1478 2797 1535 2823 xvt,
1547 2789 1591 2822 Η,
1602 2788 1648 2821 42,
1659 2789 1704 2817 45.

108 2855 167 2891 (99)
183 2865 192 2882 t
212 2856 276 2885 Otio
298 2867 306 2885 ι
331 2858 406 2887 deest
421 2859 447 2887 in
465 2860 530 2888 libb.
554 2862 643 2896 editis,
662 2863 709 2891 sed
726 2863 864 2898 suppletur
877 2872 891 2892 e
907 2870 971 2891 mss.
986 2861 1154 2895 Bclvaceusi,
1171 2859 1327 2888 Ebroiccnsi
1345 2865 1371 2887 ct
1386 2851 1557 2887 Carnuteusi.
