1886 3051
49 129 102 157 629

638 122 669 150 ΙΝ
687 121 853 151 NUMEROS
867 119 1009 149 HOMILIA
1023 117 1067 146 IX.

1626 111 1681 139 63οι

48 184 207 220 telligentiae
224 183 356 212 novitate.
377 183 474 210 Annon
490 185 517 209 et
527 181 664 216 apostolus
680 181 798 209 Joannes
812 180 838 208 in
853 182 876 210 Α
893 183 972 207 natus
986 181 1027 218 est
1050 177 1077 204 in
1091 181 1193 208 carne,
1210 171 1316 207 adjecto
1341 170 1423 198 etiam
1438 169 1562 202 incenso,
1577 169 1622 204 qnl
1636 174 1678 196 est

46 230 170 266 Epistola
183 237 232 257 sua
243 229 338 257 eadem
351 227 444 258 sentit,
457 234 517 254 cum
533 226 616 253 dicit:
632 226 690 260 (-97)
706 235 714 252 ι
729 225 816 252 Filioli
830 245 838 257 ,

47 276 206 303 mandatum
218 281 318 301 novum
331 274 365 301 do
377 273 464 304 vobis,
478 276 508 300 ut
518 271 632 299 invicetn
644 271 761 306 diligatis
773 270 815 297 ὀἳ
828 280 837 296 ι

46 329 107 348 cum
124 320 217 354 utique
231 320 316 347 sciret
331 318 396 345 olim
411 318 502 345 datum
517 325 580 345 esse
597 316 755 346 mandatum
771 316 841 343 dile-

46 366 147 393 ctionis
172 365 200 393 in
225 365 295 399 lege.
323 363 377 392 Sed
405 363 532 398 quoniam
557 362 677 390 cltaritas
703 369 840 396 nunquam

45 411 130 443 cadit,
140 417 192 439 nec
200 411 356 439 mandatum
371 408 514 436 cbaritatis
525 407 673 443 aliquando
685 407 840 440 veterascit,

46 457 98 484 ltoe
117 456 190 491 quod
205 462 342 490 nunquam
358 454 515 486 veterascit,
536 461 644 489 semper
663 460 762 480 novum
780 460 840 480 esse

45 502 218 537 pronuntiat.
234 501 349 536 Semper
364 501 437 529 enim
455 500 629 528 observantes
645 504 673 527 et
687 499 841 528 custodien-

46 552 90 574 tes
106 548 132 574 in
159 554 190 574 se
205 546 347 574 cltaritatis
367 546 524 573 mandatum
541 552 626 572 novos
640 545 725 572 reddit
741 544 767 572 in
786 544 841 579 spi-

45 592 112 619 ritu.
138 591 281 619 Peccatori
308 595 399 619 autem
427 595 454 617 et
479 589 620 616 charitatis
655 589 756 616 foedera
785 595 839 614 non

45 637 168 664 servanti
182 657 191 668 ,
206 635 288 664 etiam
305 635 454 670 Evangelia
480 633 564 669 298
588 637 771 661 veterascunt.
786 632 841 660 Nec

45 687 136 717 potest
148 682 174 709 ei
189 689 287 708 novum
303 688 364 709 esse
381 684 584 713 testamentum,
602 679 649 715 qui
666 687 718 707 non
732 678 841 713 deponit

45 733 168 754 veterem
184 727 332 758 hominem.
347 730 374 753 et
388 726 512 753 induitur
525 733 633 758 novum,
646 732 678 753 ac
692 725 839 753 secundum

46 773 132 800 Deum
156 768 450 800 creatuni>llortatur
463 780 528 807 ergo
554 771 660 806 Moyses
684 770 840 806 pontiﬁcem

45 825 188 852 magnum,
212 823 241 845 ut
265 817 364 845 olferat
390 816 531 844 incensum
557 817 584 844 in
605 816 705 844 castris
718 815 774 851 (98)
790 836 797 847 ,
813 821 841 843 et

44 868 141 890 exoret
153 871 205 898 pro
220 863 326 898 populo.
344 862 404 892 Jam
420 863 503 895 enim,
521 863 617 898 inquit.
634 863 734 889 vastari
749 850 835 897 popu-
855 850 876 878 Β

44 907 86 935 lus
103 907 199 942 cmpit.
223 907 250 935 In
267 908 363 942 spiritu
380 907 489 935 videbat
508 907 614 942 Moyses
627 914 686 942 quae
706 907 837 942 gereban-

46 958 98 980 tur.
117 953 192 980 Vidit
209 953 337 981 virtutem
361 953 452 981 exisse
474 953 507 980 ad
527 958 628 985 castra,
643 957 671 980 et
687 957 792 979 vastare
806 959 838 979 ac

45 998 183 1038 perimere
203 1003 380 1034 peccatores;
394 1003 421 1026 et
441 1003 552 1034 propter
566 998 616 1025 hoc
633 998 756 1025 hortatur
770 1005 837 1033 pon-

45 1043 146 1070 tiﬁcem
156 1051 296 1071 assumere
308 1043 442 1076 batillum,
454 1044 542 1078 ignem
556 1043 588 1070 de
599 1042 676 1069 altari
688 1043 836 1076 imponere,

44 1095 127 1124 atque
140 1090 253 1117 incenso
268 1091 420 1126 superjecto
429 1090 502 1117 exire
515 1094 541 1116 et
553 1089 705 1116 stareintcr
717 1087 836 1115 medium

46 1141 216 1163 mortuorum
232 1141 261 1164 et
278 1136 417 1167 vivorum.
434 1143 468 1162 ne
484 1134 555 1162 ultra
567 1134 699 1168 procedat
709 1132 837 1164 vastatio.

45 1182 88 1209 vel
102 1187 191 1214 certe,
203 1185 232 1209 ut
247 1182 338 1210 verius
353 1182 434 1209 habet
448 1188 478 1209 se
495 1180 642 1215 Scriptura!
656 1186 756 1212 sermo,
773 1186 838 1206 con—

46 1228 145 1256 fraclio
161 1227 229 1263 (99).

80 1276 106 1302 5.
135 1274 191 1302 Sed
207 1273 306 1309 primo,
321 1273 342 1301 si
361 1273 477 1306 videtur,
493 1272 614 1300 historiae
635 1271 720 1308 ipsius
743 1271 838 1305 imagi-

47 1328 108 1346 nem
125 1319 315 1347 describamus
327 1338 335 1352 ,
354 1321 383 1345 ut
397 1325 459 1345 cum
474 1317 513 1344 rei
534 1322 615 1352 gesta:
635 1317 740 1352 species
755 1324 839 1351 appa-

47 1365 152 1398 ruerit,
172 1369 237 1392 tunc
251 1364 360 1391 demum
376 1363 460 1391 etiam
476 1363 498 1390 si
520 1362 584 1398 quid
607 1367 649 1390 est
665 1362 690 1389 in
707 1363 758 1390 hoc
780 1362 838 1390 loco

47 1410 196 1446 mysticum
213 1409 391 1444 requiramus.
406 1407 529 1442 lutellige
541 1414 606 1443 ergo
621 1407 747 1442 populum
763 1407 838 1434 illum

46 1457 130 1485 Israel
148 1456 176 1484 in
189 1456 287 1483 castris
301 1462 348 1490 per
362 1454 471 1482 ordines
488 1454 604 1482 tribuum
620 1453 839 1488 fatuiliarumque

47 1501 222 1537 dispositum,
235 1501 361 1527 virtutem
377 1507 441 1527 vero
456 1499 600 1533 quamdam
617 1506 631 1525 a
647 1498 702 1526 Deo
717 1498 837 1531 missam,

47 1555 101 1575 non
125 1546 264 1582 sparsim,
287 1545 334 1572 sed
357 1551 392 1572 ex
410 1545 496 1579 prima
522 1544 611 1579 aliqua
635 1548 711 1578 parte
726 1543 840 1578 ccepisse

47 1592 178 1627 populum
197 1595 285 1618 morte
301 1594 423 1623 vastare,
443 1593 472 1617 et
488 1588 679 1624 procedentem
693 1596 742 1623 per
765 1589 840 1616 ordi-

46 1646 113 1665 nem
130 1637 227 1664 mortis
249 1641 368 1670 stragem
391 1635 544 1663 considera.
569 1634 633 1662 Post
658 1635 715 1662 haec
730 1636 839 1670 pontiﬁ-

48 1692 110 1713 cem
127 1683 252 1711 indntum
270 1686 344 1709 veste
357 1681 504 1716 pontiﬁcali
518 1681 674 1716 procedere,
689 1685 716 1709 et
729 1686 841 1716 portan-

48 1734 104 1757 tem
121 1728 258 1761 batillum,
270 1733 353 1762 atque
369 1727 456 1761 ignem
473 1734 532 1754 cum
548 1727 670 1762 incenso,
685 1727 795 1755 tendere
807 1727 841 1755 ad

48 1776 124 1803 illum
155 1774 243 1802 lacum
258 1793 267 1806 ,
288 1780 342 1808 quo
365 1780 414 1808 per
445 1772 570 1807 angelum
589 1777 742 1800 vastantem
768 1781 842 1802 mors

48 1821 122 1848 illata
139 1823 320 1855 pervenerat,
340 1823 368 1846 et
381 1822 499 1846 stantem
514 1818 539 1845 in
563 1825 596 1846 eo
611 1818 671 1845 loco
682 1838 690 1851 ,
708 1817 751 1845 ubi
769 1826 842 1846 tnors

49 1867 131 1895 ﬁnem
149 1865 262 1893 dederat
277 1865 373 1900 primis
384 1884 392 1898 ,
410 1869 437 1892 et
454 1869 513 1892 erat
528 1864 615 1892 vicina
631 1863 786 1899 postremis.
800 1864 842 1892 ln-

51 1918 128 1941 tuere
151 1916 269 1939 stantem
294 1910 470 1947 pontiﬁcem,
499 1915 527 1938 et
548 1910 701 1944 objectione
724 1912 841 1946 quadam

49 1959 105 1990 sui,
122 1958 246 1985 viventes
262 1964 277 1984 a
294 1957 410 1984 mortuis
424 1957 614 1990 dirimentem;
631 1957 761 1984 virtutem
778 1964 843 1985 vero

49 2003 283 2038 rt-propitiationis
293 2001 362 2037 ejus,
371 2006 397 2029 et
409 2001 511 2029 incensi
525 2001 685 2038 mysterium
700 2002 843 2030 erubuisse

48 2049 178 2084 angelum
205 2053 367 2075 vastatorem
382 2067 390 2080 ,
414 2053 441 2074 et
467 2048 492 2074 in
518 2047 570 2074 hoc
594 2052 707 2075 mortem
733 2048 841 2083 quidem

48 2096 168 2127 ﬁnium,
185 2094 269 2121 vitam
285 2100 348 2121 vero
365 2098 529 2127 reparatam.
543 2092 572 2120 Si
585 2093 743 2120 intellexisti
757 2093 843 2121 ltisto-

49 2142 97 2169 rite
119 2141 244 2168 ordinem
259 2159 266 2172 ,
290 2144 317 2167 et
333 2140 432 2173 oculis,
449 2144 478 2167 ut
496 2139 533 2166 ita
550 2139 650 2172 dicam,
667 2147 778 2167 cernere
793 2148 842 2175 po-

50 2187 126 2215 tuisti
140 2185 296 2221 pontiﬁcem
309 2190 425 2213 stantem
439 2185 555 2212 medium
568 2185 639 2212 inter
649 2185 724 2212 vivos
734 2190 761 2212 et
774 2194 844 2213 mor-
859 2205 881 2233 ο

51 2238 130 2260 tuos:
146 2232 264 2259 ascende
276 2238 348 2258 nunc
363 2230 396 2258 ad
412 2229 485 2257 verbi
501 2229 580 2263 hujus
591 2229 706 2256 celsiora
723 2229 841 2265 fastigia,

50 2283 78 2306 et
94 2279 157 2307 vide
172 2278 309 2314 quomodo
324 2284 405 2304 verus
427 2276 547 2312 pontifex
564 2274 642 2303 Iesus
656 2275 781 2305 Christus
796 2285 840 2305 as~

50 2329 161 2360 sumpto
177 2323 273 2351 batillo
289 2323 381 2350 carnis
401 2321 542 2354 humanae,
557 2327 584 2349 et
601 2323 771 2357 superposito
787 2322 841 2358 igni

51 2370 167 2403 altaris,
182 2369 273 2396 anima
298 2369 358 2396 sine
374 2368 454 2396 dubio
478 2367 522 2394 illa
546 2367 691 2403 magniﬁca
709 2375 770 2395 cum
789 2375 841 2402 qua

86 2417 109 2432 ²⁰
125 2416 135 2442 |
150 2414 229 2443 Joan.
245 2422 275 2446 ll,
290 2414 315 2441 8.
366 2414 387 2430 “
403 2413 483 2442 Hebr.
503 2421 533 2446 ιι,
551 2414 595 2442 14.

52 2451 76 2467 “
89 2450 171 2478 Num.
197 2457 252 2483 xvt,
267 2449 312 2476 50.

88 2507 146 2542 (97)
171 2505 451 2542 Filioli,rutand!ttum_
468 2513 561 2542 novum
575 2505 609 2531 do
625 2504 697 2542 vagis
711 2523 718 2535 ,
733 2508 761 2530 ut
775 2503 842 2542 ίηυίτ

54 2538 110 2569 uin
128 2538 258 2576 diligatis.
275 2541 403 2576 Meritoria
424 2540 470 2576 ltic
485 2539 578 2576 lapsus
593 2542 634 2566 est
650 2538 782 2576 Qrigenes
794 2539 841 2573 qui

55 2585 89 2604 ex
107 2573 230 2611 Epistola
242 2575 355 2611 Joannis
371 2574 462 2611 laudat
481 2573 552 2609 quod
566 2580 618 2601 una
635 2582 644 2599 ι
664 2573 738 2611 ﬁlioli
753 2583 763 2599 ι
777 2581 844 2601 voce

54 2609 180 2673 emergi,
199 2611 225 2638 in
249 2611 308 2645 ejus
334 2609 481 2644 Evangelio
501 2614 605 2636 tantum
631 2609 767 2643 reperitur
781 2615 843 2643 cap.

55 2654 116 2673 xm.
169 2665 177 2672 .

55 2654 116 2677 IIII.
130 2654 177 2673 ορ.

103 2681 150 2715 98)
165 2680 244 2707 Libb.
257 2679 334 2712 editi,
349 2683 403 2715 «rut
417 2678 514 2715 oll'erat
528 2678 666 2715 incen_sum
681 2677 821 2715 incastra,
833 2686 842 2703 ι

56 2712 103 2743 sed
120 2712 187 2744 nias.
207 2714 384 2744 Ebroicensis
408 2718 434 2741 et
457 2713 628 2741 Belvacensis
654 2717 683 2739 ut
705 2712 732 2739 in
750 2717 844 2740 nostro

58 2756 151 2820 uigili.)
171 2783 293 2811 Varlatio
304 2803 311 2815 ,
327 2782 365 2820 vel
383 2787 472 2820 certe,
489 2786 516 2808 ut
529 2782 616 2820 verius
631 2781 706 2820 Itqbet
729 2789 755 2808 se
770 2780 843 2808 Scri-

59 2816 146 2853 ptum;
161 2827 245 2848 sermo
257 2838 264 2851 ,
282 2817 437 2852 confractio.
456 2817 583 2852 Suspicor
608 2816 765 2844 varietatem
789 2824 843 2844 non

645 2416 667 2430 “
685 2413 765 2442 Joan.
786 2421 828 2446 ιιι,
846 2414 889 2442 l5.

892 215 1003 259 spiritus
1026 220 1216 249 immaculatus
1231 238 1239 251 ,
1256 216 1361 245 medius
1376 215 1447 243 inter
1467 215 1543 242 vivos
1557 219 1584 241 et
1605 222 1679 241 mor-

893 275 953 298 tuos
967 268 1053 300 stetit,
1068 273 1095 294 et
1111 270 1228 294 mortem
1243 271 1296 292 non
1313 263 1377 290 fecit
1392 262 1461 289 ultra
1477 260 1610 296 grassari;
1631 260 1679 287 sed

891 317 962 344 sicut
983 313 1129 350 Apostolus
1146 313 1212 340 dicit
1226 312 1261 345 “,
1276 309 1412 338 destruxit
1429 318 1438 334 ι
1452 315 1514 335 eum
1531 307 1577 342 qui
1597 307 1679 335 liabe-

891 363 938 390 bat
951 361 1046 389 mortis
1060 359 1214 393 itnperium,
1229 357 1254 384 id
1269 361 1311 384 est
1327 355 1477 388 diabolum,
1494 358 1523 381 ut
1536 353 1582 388 qui
1595 352 1679 380 credit

892 407 919 433 in
928 414 988 434 eum
1001 404 1056 440 jam
1069 411 1122 432 non
1137 402 1280 434 moriatur,
1292 401 1337 427 sed
1349 400 1422 427 vivat
1434 399 1461 426 in
1477 402 1608 426 aeternum
1617 396 1651 423 ¹².
1667 404 1678 422 ι

891 451 949 479 Hoc
963 450 1014 479 fuit
1030 456 1096 485 ergo
1111 447 1271 484 mysterium
1284 446 1355 481 quod
1371 449 1465 480 postea
1480 442 1613 474 futurum,
1623 440 1679 475 jam

892 501 956 524 tunc
976 495 1022 523 ille
1037 495 1082 530 qui
1100 492 1228 529 populum
1245 490 1381 523 vastabat,
1401 488 1521 523 expavit.
1540 487 1679 522 Agnosce-

892 542 938 570 bat
951 542 1024 570 enim
1043 541 1157 574 ﬁguram
1179 537 1264 566 batilli
1279 557 1287 570 ,
1305 541 1332 563 et
1356 535 1426 571 ignis
1438 554 1446 568 ,
1468 538 1495 561 et
1510 532 1630 560 incensi:
1651 535 1679 557 et

891 587 981 623 qualis
995 586 1130 614 oﬂ‘ereuda
1146 587 1218 612 esset
1233 583 1289 610 Deo
1304 581 1392 609 hostia
1407 581 1440 607 ab
1455 587 1498 613 eo,
1512 579 1557 613 qui
1575 577 1679 604 medius

892 639 1062 662 mortuorum
1076 632 1255 666 vivorumque
1269 629 1442 660 constiterat,
1459 624 1633 661 praevidebat.
1647 623 1679 651 Et

892 680 953 707 illos
976 678 1084 714 quidem
1109 682 1174 704 tunc
1194 677 1282 710 imago
1305 673 1476 708 praeﬁgurata
1493 669 1629 700 salvavit,
1646 669 1678 694 ad

892 731 942 752 nos
967 713 1060 751 autem
1083 721 1180 750 salutis
1209 719 1313 747 veritas
1341 718 1398 752 ipsa
1427 714 1561 751 pervenit.
1590 713 1680 747 Neque

891 769 965 798 enim
980 768 1140 795 indumenta
1156 764 1292 801 pontiﬁcis
1311 769 1431 798 purpura
1451 767 1484 788 ac
1499 760 1560 786 lana
1583 758 1679 793 bysso-

892 822 944 850 que
960 819 1087 842 contexta
1108 810 1262 840 erubuisset
1286 808 1396 843 angelus
1419 805 1463 833 ille
1478 808 1598 832 vastator
1609 824 1617 836 ,
1632 802 1678 829 sed

891 849 942 890 ista
956 868 1018 896 qum
1040 859 1133 888 futura
1149 861 1227 886 erant
1244 855 1402 883 indumenta
1426 851 1516 887 magni
1541 849 1680 885 pontiﬁcis

891 907 1033 939 intellexit,
1049 910 1076 934 et
1091 905 1125 933 iis
1138 903 1230 936 cessit,
1246 901 1345 938 quibus
1356 899 1449 934 utique
1464 897 1590 924 universa
1602 901 1680 922 creas-

892 959 951 983 tura
976 953 1091 982 inferior
1113 954 1182 980 erat.
1215 948 1283 976 Puto
1308 951 1398 973 autem
1418 943 1491 979 quod
1516 949 1569 969 non
1593 939 1678 969 solum

890 1001 980 1036 primo
1004 999 1120 1027 adventu
1141 994 1247 1024 Domini
1265 997 1293 1021 et
1311 989 1459 1019 Salvatoris
1481 988 1565 1015 nostri
1591 986 1677 1014 forma

891 1031 943 1074 ista
957 1044 1091 1080 completa
1106 1042 1152 1075 sit,
1170 1041 1217 1069 sed
1233 1039 1328 1067 eadem
1343 1035 1467 1065 fortassis
1483 1032 1637 1061 servabitur
1653 1031 1678 1058 in

891 1078 1027 1120 secundo.
1039 1089 1137 1117 Veniet
1162 1086 1236 1114 enim
1264 1085 1362 1112 iterum
1388 1081 1472 1109 Filius
1495 1078 1633 1107 hominis:
1653 1082 1679 1104 ct

892 1145 953 1165 cum
972 1136 1098 1168 venerit,
1114 1135 1173 1162 sine
1189 1133 1270 1161 dubio
1290 1129 1409 1158 inveniet
1423 1127 1553 1162 quosdam
1569 1125 1679 1160 quidem

892 1180 1022 1214 mortuos,
1037 1180 1170 1217 quosdam
1189 1183 1280 1207 autem
1295 1176 1427 1204 viventes.
1444 1171 1520 1206 Quod
1535 1177 1681 1206 possumus

892 1228 1000 1264 quidem
1016 1216 1099 1255 etrsic
1126 1223 1297 1258 intelligere:
1314 1221 1376 1257 quia
1403 1218 1525 1247 nonnulli
1547 1217 1637 1245 adhuc
1652 1216 1679 1243 in

877 1263 946 1302 'lioc
963 1273 1026 1301 vita:
1045 1276 1116 1299 statu
1132 1277 1185 1305 quo
1203 1275 1275 1296 nunc
1291 1273 1386 1294 sumus
1410 1263 1582 1292 inveniantur
1595 1281 1603 1293 ,
1617 1269 1679 1288 cum

892 1319 968 1348 multi
984 1319 1040 1354 jam
1067 1314 1260 1353 praecesserint
1284 1311 1395 1340 mortui.
1423 1310 1514 1337 Potest
1538 1313 1629 1334 autem
1654 1310 1682 1333 et

892 1365 971 1393 aliter
984 1352 1086 1399 accipi;
1101 1367 1130 1389 ut
1145 1364 1277 1393 mortuos,
1291 1364 1408 1393 corpora
1429 1354 1626 1389 intelligamus:
1642 1352 1680 1379 vi-

892 1416 987 1439 ventes
1002 1398 1091 1437 antem
1105 1427 1113 1440 ,
1137 1407 1252 1434 autimas.
1275 1404 1390 1438 Quidam
1407 1408 1495 1429 tamen
1511 1407 1543 1428 ex
1559 1399 1591 1426 iis
1605 1419 1614 1431 ,
1632 1398 1680 1433 qui

892 1460 955 1484 ante
977 1463 1027 1483 nos
1051 1451 1224 1489 interpretati
1249 1454 1313 1478 sunt
1336 1450 1426 1476 locum
1451 1448 1525 1474 hunc
1539 1467 1547 1480 ,
1570 1444 1680 1472 memini

893 1502 964 1538 quod
976 1506 1098 1529 mortuos
1110 1499 1238 1527 dixerunt
1253 1503 1312 1528 eos,
1328 1495 1373 1530 qui
1389 1494 1531 1521 nimietate
1547 1490 1681 1519 scelerum

892 1550 919 1577 in
935 1548 1056 1583 peccatis
1077 1546 1134 1573 suis
1148 1543 1249 1572 mortui
1275 1541 1479 1575 inlelliguntur:
1496 1538 1618 1565 viventes
1632 1544 1682 1563 au-

891 1580 945 1623 tem
969 1600 1036 1625 eos,
1060 1591 1105 1626 qui
1123 1590 1150 1617 in
1171 1589 1299 1624 operibus
1323 1586 1385 1613 vitae
1401 1584 1610 1620 permanserint.
1628 1580 1681 1609 Ve-

891 1644 1044 1668 rumtamen
1073 1636 1202 1665 utrolibet
1226 1632 1306 1662 modo
1329 1631 1413 1660 stabit
1435 1630 1517 1657 etiam
1541 1629 1566 1655 in
1591 1628 1681 1656 futuro

891 1692 1004 1720 magnus
1018 1683 1062 1711 hic
1075 1681 1196 1719 pontifex
1212 1684 1239 1707 et
1256 1678 1381 1706 Salvator
1397 1679 1500 1708 uoster,
1516 1675 1621 1701 medius
1639 1674 1679 1700 vi-

891 1736 986 1757 vorum
1000 1733 1028 1756 et
1047 1732 1228 1756 mortuorum.
1246 1724 1300 1751 Sed
1316 1728 1344 1750 et
1359 1726 1425 1749 tunc
1440 1721 1510 1748 forte
1522 1720 1625 1747 medius
1640 1720 1681 1746 vi-

891 1783 987 1803 vorum
1001 1778 1029 1802 et
1048 1778 1215 1801 mortuorum
1239 1776 1313 1798 stare
1335 1768 1464 1796 dicendus
1477 1770 1528 1800 est,
1543 1773 1606 1794 cum
1622 1770 1680 1793 sta-

893 1825 950 1850 tuet
961 1826 1024 1847 oves
1037 1818 1146 1854 quidem
1166 1824 1182 1844 a
1199 1815 1301 1844 dextris
1315 1815 1383 1847 suis,
1398 1812 1489 1840 haedos
1507 1816 1596 1839 autem
1613 1819 1628 1838 a
1641 1811 1681 1839 si-

892 1865 998 1898 nistris,
1017 1869 1044 1892 et
1058 1854 1129 1891 dicet
1142 1862 1176 1890 iis
1190 1861 1235 1896 qui
1250 1868 1265 1887 a
1280 1859 1383 1887 dextris
1395 1863 1477 1886 Sunt:
1494 1867 1503 1884 I
1517 1856 1621 1889 Vertite,
1638 1858 1682 1884 be-

892 1910 993 1941 nedicti
1011 1909 1099 1937 Patris
1118 1907 1192 1941 mei,
1217 1905 1349 1943 percipite
1367 1911 1491 1939 regnum,
1508 1903 1580 1938 quod
1604 1902 1681 1929 vobis

893 1962 1015 1994 paratum
1029 1961 1073 1984 est
1086 1963 1100 1982 a
1114 1953 1308 1982 constitutione
1324 1951 1416 1978 mundi
1430 1950 1465 1981 ¹³,
1483 1954 1536 1978 etc.
1554 1959 1564 1976 ι
1585 1949 1618 1976 lis
1637 1956 1682 1976 au-

893 2008 947 2032 tem
964 2003 1008 2038 qui
1030 2010 1044 2029 a
1060 2000 1180 2029 sinistris
1195 2003 1259 2027 sunt
1273 1997 1364 2024 dicet:
1387 2006 1397 2023 ι
1411 1996 1448 2024 lte
1461 1997 1486 2023 in
1501 1995 1589 2031 ignem
1602 1998 1682 2021 aeter-

894 2057 968 2079 num.
980 2048 1098 2084 operarii
1122 2045 1274 2080 iniquitatis
1288 2065 1296 2078 ,
1318 2050 1397 2078 quem
1423 2040 1681 2077 prmparavitl’atcr

894 2103 971 2125 meus
990 2094 1097 2123 diabolo
1118 2097 1145 2120 et
1168 2091 1273 2126 angelis
1300 2091 1358 2125 ejus
1374 2110 1382 2123 ,
1398 2088 1526 2124 quoniam
1550 2095 1602 2114 non
1620 2086 1682 2114 novi

894 2150 941 2171 vos
965 2142 998 2169 “.
1022 2150 1031 2166 ι
1054 2139 1087 2167 Ει
1112 2143 1175 2166 sunt
1189 2139 1282 2173 utique
1301 2135 1400 2164 mortui
1419 2135 1456 2168 ii.
1475 2135 1522 2169 qui
1547 2133 1573 2160 in
1591 2134 1681 2169 ignem

896 2187 1040 2215 mittuntur
1052 2189 1198 2216 aeternum;
1213 2188 1277 2210 sunt
1290 2187 1379 2210 autem
1396 2180 1450 2209 vivi
1462 2179 1499 2208 illi
1512 2180 1557 2215 qui
1571 2180 1682 2207 mittun-

896 2237 939 2259 tur
954 2231 988 2258 ad
1002 2236 1122 2264 regnum.

931 2278 958 2305 6.
976 2286 985 2302 ι
999 2277 1033 2305 Ει
1046 2276 1181 2308 cessavit,
1196 2273 1287 2308 inquit
1302 2273 1337 2305 ",
1352 2271 1469 2299 vastatio
1481 2270 1598 2307 (ηρ-ιρι,
1612 2274 1641 2298 ιιι
1655 2270 1681 2297 in

890 2322 956 2349 ‘aliis
965 2320 1166 2356 exemplaribus
1177 2319 1228 2354 legi
1238 2318 1382 2349 diximus,t
1389 2316 1538 2344 contractio
1546 2325 1552 2342 :
1559 2316 1644 2350 aqund
1655 2319 1683 2341 et

896 2368 982 2403 magis
994 2366 1226 2402 interpretationis
1246 2364 1372 2393 convenit
1389 2363 1508 2390 veritati.
1527 2362 1682 2389 Confractio

939 2414 962 2430 ¹³
985 2413 1081 2442 Matth.
1096 2421 1159 2447 xxv,
1175 2412 1221 2440 54.
1277 2410 1300 2426 ⁸⁵
1318 2410 1384 2437 ibid.
1399 2409 1428 2436 41
1445 2417 1452 2442 ;
1470 2408 1525 2436 Luc
1551 2416 1610 2440 xui,
1635 2407 1680 2434 27.

895 2503 979 2531 fuisse
992 2504 1017 2531 in
1041 2502 1240 2537 exemplaribus
1257 2501 1380 2537 AGrazcis,
1403 2500 1450 2528 sed
1467 2498 1631 2537 inuLatinis.
1652 2498 1679 2537 l_n

897 2539 1035 2566 ltodicrnis
1055 2533 1229 2572 Septuaginta
1256 2535 1432 2572 Interprctum
1445 2533 1595 2572 codicibus
1610 2533 1679 2572 “sola

897 2574 1029 2608 reperitur
1040 2567 1130 2605 lectio,
1143 2567 1254 2606 Οξιαῦσις
1268 2579 1277 2596 ι
1291 2567 1406 2608 tractio;
1418 2578 1427 2594 ι
1444 2569 1470 2608 in
1482 2567 1597 2608 _H_ebrteo
1608 2567 1683 2608 fonte

897 2602 995 2643 Ιεέίιιπ
1012 2613 1091 2638 πειτα
1112 2602 1128 2632 «⁷
1138 2602 1230 2641 plaga,
1245 2602 1405 2643 ipercussio.
1420 2613 1430 2629 ι
1448 2603 1488 2643 _Ad
1505 2603 1576 2643 banc
1599 2602 1682 2636 signi-

898 2637 1051 2671 ﬁcationem
1066 2637 1153 2677 magis
1170 2637 1277 2669 accedit
1295 2647 1345 2667 vox
1372 2647 1382 2665 ί
1394 2637 1553 2669 contractio,
1566 2646 1577 2664 ι
1599 2644 1679 2670 quam

902 2688 911 2704 ι
929 2678 1053 2705 vastatio.
1071 2687 1080 2702 ι

934 2713 973 2748 (1)
987 2712 1014 2749 ln
1028 2712 1122 2739 codice
1137 2709 1293 2749 Ebrolcensi
1310 2708 1446 2749 legitur,_«
1456 2707 1609 2749 quassatio.
1624 2716 1633 2733 ι
1650 2707 1681 2747 lit

898 2742 987 2776 mo‘x'r
1006 2745 1222 2781 interpretationi
1234 2742 1358 2773 convenit
1368 2743 1498 2771 veritatis.
1515 2752 1524 2769 ι
1543 2743 1641 2777 Sicque
1654 2742 1680 2768 iu

899 2783 989 2811 codice
1005 2779 1173 2810 Belvacensi.
