1886 3051
209 130 257 159 651

954 118 1033 157 oa'rc
1038 127 1115 156 ENlS
1777 129 1822 156 an

209 197 326 225 namque
341 193 382 217 est
394 211 401 223 ,
415 197 476 224 qua:
495 188 567 216 velut
587 188 613 215 in
630 187 702 215 vasis
727 187 856 215 ﬁctilibus
870 186 996 215 cﬁicitur.
1013 191 1035 219 Α
1049 187 1143 215 domos
1157 186 1322 214 familiarum
1337 186 1469 221 ipsorum,
1483 187 1517 214 ab
1530 186 1656 214 onmibus
1669 186 1822 222 principibus

209 236 370 263 Peccatores
388 242 452 269 ergo
474 241 538 261 vasa
566 233 658 261 ﬁctilia
679 233 760 265 limit,
779 233 849 260 sicut
865 232 997 260 .leremias

209 281 341 316 propheta
365 280 487 314 designat
510 280 536 306 in
557 278 809 306 Lamentationibus
823 278 857 310 “,
882 278 993 305 dicens:

212 337 222 353 ε
238 327 297 354 Filii
314 326 391 357 Sion,
414 326 459 360 qui
475 330 554 352 erant
568 324 740 352 honorabiles
756 329 783 352 et
798 325 823 351 in
841 331 910 351 auro
921 324 997 356 elati,

209 373 346 408 quomoda
369 372 484 406 reputati
501 376 564 399 sunt
587 372 613 399 iu
629 379 693 398 vasa
718 370 822 403 ﬁctilia,
839 378 921 405 opera
940 377 997 397 ma-

210 426 292 445 nuum
309 418 406 453 ﬁguli?
425 427 434 444 ι
462 417 515 445 Et:
542 427 551 444 ι
575 418 602 444 ln
621 417 701 445 domo
723 425 818 452 magna
843 424 895 443 non
923 420 999 448 sunt,

210 464 297 498 inquit
318 463 462 498 Apostolus
488 464 528 496 ’⁷,
552 463 738 490 tantummodo
760 469 825 490 vasa
846 469 928 489 aurea
941 482 949 494 .
967 467 995 489 et

208 514 350 544 argentea,
365 509 411 536 sed
424 514 451 536 et
465 509 551 543 lignea
565 514 592 536 et
608 508 718 536 ﬁctilia:
735 513 763 535 et
778 508 830 535 alia
845 508 953 542 quidem
966 508 998 534 ad

209 555 353 587 honorem,
372 554 424 581 alia
440 559 529 581 autem
548 554 581 580 ad
595 553 798 581 contumeliam.
815 564 824 580 ι
848 553 917 580 Sunt
934 560 999 587 ergo

208 607 273 627 vasa
291 599 382 627 ﬁctilia
396 599 431 627 ad
445 599 633 626 contumeliam
645 618 652 630 ,
668 606 728 632 quae
749 602 776 625 et
787 598 919 633 confringi
935 605 998 632 pos-

209 650 283 673 sunt.
301 645 355 673 Sed
374 645 577 672 consideremus
591 643 750 679 diligentius
768 644 832 677 quid
857 645 884 670 in
901 651 999 671 conse-

208 691 356 726 quentibus
378 689 523 724 Apostolus
539 689 573 716 de
595 689 662 723 ipsis
674 689 747 716 vasis
764 688 893 716 ﬁctilibus
908 688 999 716 dicat:

212 745 222 762 ι
234 734 263 763 Si
277 735 351 770 quis,
367 734 454 769 inquit
468 734 502 768 ’⁸,
516 734 705 761 emundaverit
717 734 892 768 semetipsum
905 733 940 759 ab
955 732 998 766 iis,

209 781 262 809 erit
275 789 323 808 vas
341 781 374 808 ad
389 780 519 807 honorem
536 779 749 812 sanctiﬁcatum,
764 784 791 806 et
805 778 870 805 utile
887 778 1000 805 Domino

210 828 243 854 ad
258 834 338 854 omne
351 833 419 860 opus
436 826 536 853 bouutn
554 830 690 859 paratum.
709 834 718 850 ι
745 824 772 850 In
789 832 842 856 quo
857 824 999 851 ostendere

1050 234 1169 268 ipsorum
1186 233 1327 261 duodecim
1341 233 1449 267 virgas;
1467 238 1494 260 et
1509 232 1723 268 uniuscujusque
1739 241 1821 261 eorum

1048 286 1145 306 nomen
1158 279 1250 306 scribe
1267 279 1293 305 in
1305 277 1379 313 virga
1399 285 1448 305 sua
1471 286 1478 304 :
1494 282 1522 305 et
1534 285 1631 305 nomen
1646 278 1734 305 Aaron
1746 279 1825 305 scribe

1048 324 1075 351 in
1090 325 1164 359 virga
1189 324 1253 352 Levi
1268 332 1276 350 :
1291 328 1333 351 est
1346 323 1418 351 enim
1437 323 1513 358 virga
1529 331 1582 350 una
1597 322 1646 359 (‘2),
1659 331 1708 358 per
1724 323 1821 355 tribum,

1049 377 1098 405 per
1111 371 1208 397 domos
1232 369 1399 397 familiarum
1419 376 1532 396 suarum
1548 368 1651 396 dabunt
1667 369 1726 396 tibi.
1741 369 1771 396 Et
1783 377 1825 404 po-

1050 423 1098 443 nes
1110 423 1157 443 eas
1177 416 1204 443 in
1220 415 1427 443 tabernaculum
1451 415 1601 442 testimonii
1622 420 1717 442 contra
1731 423 1821 447 arcam,

1049 469 1082 488 ex
1097 461 1196 496 quibus
1212 469 1349 496 agnoscar
1364 461 1413 488 tibi
1430 460 1504 488 inde.
1529 460 1564 487 Et
1578 460 1630 487 erit
1644 460 1724 487 homo
1738 467 1823 494 quem.

1049 516 1157 543 cunqtte
1169 509 1286 544 elegero,
1302 509 1376 543 virga
1393 508 1453 542 ejus
1471 507 1645 542 germinabit,
1666 511 1695 534 et
1715 506 1824 533 auferam

1050 563 1065 581 a
1080 560 1106 581 te
1122 555 1366 582 murmurationem
1381 555 1499 582 ﬁliorum
1513 553 1596 581 Israel
1615 561 1622 580 τ
1636 553 1662 580 in
1676 553 1826 587 quibuscun-

1049 608 1103 636 que
1115 606 1288 628 murmurant
1300 601 1351 636 ipsi
1366 602 1398 629 de
1411 601 1498 628 vobis.
1515 610 1524 627 ι
1541 600 1636 628 Omnis
1649 599 1770 634 princeps
1783 597 1824 624 tri-

1051 646 1102 673 bus
1117 651 1145 673 et
1157 645 1246 681 populi
1265 645 1347 673 habet
1371 646 1486 681 virgam.
1504 644 1562 672 Non
1587 644 1660 672 enim
1677 647 1762 677 potest
1772 643 1824 677 quis

1051 699 1145 726 regere
1162 692 1303 727 populum,
1322 692 1374 720 nisi
1390 692 1489 720 habeat
1499 692 1616 727 virgam.
1636 691 1715 719 Unde
1725 695 1751 718 et
1762 689 1822 717 Pau-

1050 736 1092 763 lus
1106 737 1255 771 apostolus,
1269 737 1332 772 quia
1345 737 1473 772 princeps
1489 741 1548 765 erat
1561 735 1663 771 populi,
1682 734 1778 763 idcirco
1791 734 1826 761 di-

1050 783 1129 810 ccbat
1146 792 1152 809 :
1172 791 1182 809 ε
1205 782 1274 816 Quid
1296 783 1397 810 vultis?
1411 783 1439 811 In
1456 783 1532 818 virga
1549 784 1657 810 veniam
1673 782 1708 808 ad
1721 788 1774 812 vos,
1786 785 1825 806 aut

1052 828 1078 854 in
1092 829 1236 860 t-haritate.
1253 830 1407 864 spirituque
1423 828 1640 856 mansuetudinis
1659 827 1703 854 "1'
1721 836 1730 853 ι
1743 825 1826 854 Omnis

215 872 329 902 videtur,
345 872 414 905 quod
427 875 454 898 et
466 878 514 897 vas
527 871 613 905 ipsum
626 870 698 904 quod
712 870 751 902 ﬁt,
761 875 789 897 et
801 877 849 904 per
862 877 941 903 quem
957 869 999 901 ﬁt,

1055 882 1115 908 ergo
1131 874 1258 908 princeps
1277 875 1397 901 tribuum
1425 874 1526 901 habeat
1545 879 1658 900 necesse
1673 876 1716 899 est
1732 871 1825 905 virgam

212 925 281 944 unus
293 922 374 951 atque
386 917 458 943 idem
473 916 554 943 homo
566 915 611 942 sit.
624 915 743 950 lntellige
753 922 817 949 ergo
830 914 996 949 propositum

211 963 295 998 299
309 962 418 997 quidem
447 962 567 988 hominis
589 968 650 988 esse
667 961 736 995 quod
758 965 888 994 operatur
910 969 918 987 :
937 960 998 987 reli-

210 1016 292 1042 quam
309 1013 399 1035 autem
416 1012 520 1042 partem
540 1006 658 1033 hominis
673 1007 759 1041 ipsum
773 1013 835 1033 esse
852 1013 908 1037 vas,
927 1005 998 1040 quod

211 1054 242 1080 ﬁt
265 1052 306 1080 vel
329 1052 363 1078 ad
385 1052 528 1082 honorem,
545 1050 585 1077 vel
608 1050 814 1077 contumeliam.
845 1050 913 1077 Cum
932 1058 1001 1085 ergo

209 1105 307 1126 sensus
324 1102 415 1126 noster
428 1105 488 1132 qua:
503 1098 572 1124 bona
583 1101 645 1123 sunt
655 1095 741 1131 eligit,
754 1100 782 1122 et
789 1096 821 1122 ad
837 1095 934 1122 bonam
950 1103 999 1123 nos

210 1145 450 1173 conversationem
467 1144 561 1174 trahit,
575 1142 643 1170 facit
655 1150 706 1169 nos
720 1150 767 1169 vas
784 1142 859 1169 utile.
869 1142 936 1169 Cum
951 1149 999 1168 au-

211 1196 264 1218 tem
282 1190 442 1225 neglexerit,
457 1194 483 1216 et
501 1189 634 1217 deciderit
657 1189 825 1224 propositum
845 1193 968 1215 nostrmn
983 1195 998 1214 a

211 1238 299 1270 bonis,
311 1237 445 1264 eﬁicimur
460 1242 509 1262 vas
521 1235 555 1262 ad
568 1235 772 1262 contumeliam.
788 1235 817 1260 Si
836 1241 902 1269 ergo
918 1233 999 1260 intel-

210 1283 298 1310 lectus
314 1287 409 1310 noster
434 1282 526 1308 luteus
547 1281 592 1314 sit,
607 1285 635 1308 et
653 1281 687 1308 de
709 1280 765 1307 luto
783 1287 891 1314 semper
911 1287 943 1307 ac
967 1279 1001 1306 de

212 1329 329 1356 terrenis
343 1329 456 1362 cogitet,
473 1327 605 1355 eﬁicimur
620 1335 670 1354 vas
695 1327 791 1359 ﬁctile,
806 1331 834 1354 et
856 1333 924 1360 opus
944 1333 1002 1353 ma-

211 1383 295 1402 nuum
323 1374 411 1409 ﬁguli.
443 1374 476 1401 Et
500 1373 570 1402 forte
593 1378 705 1408 propter
721 1373 772 1400 hoc
795 1373 847 1400 iste
867 1371 912 1406 qui
938 1371 1000 1399 taiis

210 1426 266 1454 est,
281 1421 440 1456 inerepatur
456 1421 490 1448 ab
506 1420 649 1455 Apostolo,
667 1419 744 1454 quasi
761 1419 807 1454 qui
826 1426 936 1447 sensum
952 1419 1002 1445 ha-

212 1468 282 1494 bens
297 1466 399 1494 luteum
411 1470 440 1494 et
457 1471 605 1499 terrenum,
619 1466 653 1493 de
667 1464 771 1499 magnis
784 1469 812 1492 et
829 1464 862 1492 iis
881 1471 941 1498 qua:
953 1471 1001 1490 ca-

212 1521 278 1549 pere
289 1521 343 1540 non
359 1517 459 1547 potest,
474 1517 579 1547 quierat
593 1517 622 1540 et
639 1512 734 1540 dicat:
752 1521 761 1537 Ι
782 1511 852 1544 Quid
875 1519 940 1547 ergo
954 1512 1002 1538 ad-

214 1547 268 1586 huc
278 1557 475 1593 conqueritur?
490 1557 628 1584 Voluntati
638 1556 711 1583 enim
723 1555 782 1589 ejus
793 1555 854 1590 quis
865 1554 999 1582 resistit?»
1016 1547 1040 1577 C

212 1603 262 1630 Cui
277 1602 429 1638 Apostolus
446 1602 526 1637 quasi
551 1602 625 1629 lutco
642 1601 783 1636 respondit
795 1601 818 1616 "
833 1609 841 1628 :
858 1609 867 1626 ι
886 1600 926 1627 Tu
944 1599 1006 1635 quis

212 1657 254 1682 es,
266 1656 283 1676 ο
299 1649 393 1680 horno,
407 1648 454 1683 qui
471 1652 569 1675 contra
594 1646 762 1681 respondeas
785 1646 841 1673 Deo
853 1646 866 1672 ?
878 1645 1007 1680 Nunquid

212 1695 280 1722 dicit
295 1695 454 1730 ﬁgmentum
475 1694 500 1722 ei
525 1694 571 1729 qui
598 1701 628 1721 se
653 1693 743 1726 ﬁnxit,
755 1692 824 1726 Quid
848 1699 892 1720 me
915 1692 1005 1719 fecisti

212 1742 275 1769 sic?
290 1750 301 1768 ι
325 1741 428 1768 Dicitur
442 1745 575 1775 praeterea
587 1747 688 1774 corpus
704 1744 827 1766 nostrum
843 1746 890 1765 vas
913 1738 1006 1770 ﬁctile,

212 1789 271 1816 sive
285 1787 368 1815 etiam
384 1787 451 1822 legis
468 1787 571 1820 littera,
585 1787 612 1813 in
624 1793 657 1813 eo
668 1786 739 1820 quod
755 1786 794 1813 ait
807 1785 953 1820 Apostolus
962 1784 985 1800 ⁸⁸
997 1791 1005 1810 :

215 1844 225 1860 ι
242 1835 379 1862 Habentes
393 1839 484 1861 autent
500 1833 657 1861 thesaurum
676 1833 749 1860 hunc
772 1832 800 1860 in
817 1834 891 1860 vasis
917 1831 1007 1858 ﬁctili-

213 1882 273 1909 bus.
295 1890 305 1907 ι
325 1880 475 1914 Utrumque
492 1879 564 1907 enim
590 1879 617 1906 in
642 1879 694 1906 hoc
717 1886 843 1906 sermone
858 1877 943 1912 accipi
959 1884 1007 1912 po-

213 1932 280 1961 test,
300 1932 329 1955 et
344 1928 417 1962 quod
436 1927 463 1954 in
483 1933 599 1961 corpore
621 1925 701 1953 nobis
726 1926 823 1960 positis
846 1925 1006 1952 thesaurum

213 1972 310 2008 gratiae
323 1980 371 2007 per
382 1970 515 2007 Spiritum
530 1976 655 1998 sanctum
675 1970 807 1998 Dominus
819 1970 842 1996 la
849 1970 962 2005 rgiatur,
980 1973 1008 1996 et

213 2018 287 2053 quod
307 2018 333 2045 iit
349 2017 523 2046 sermonibus
540 2017 618 2052 legis,
631 2016 677 2050 qui
692 2016 758 2043 viles
772 2021 799 2043 et
812 2016 838 2043 in
853 2019 1006 2049 contemptu

215 2065 354 2092 habentur
370 2071 419 2097 pro
431 2071 464 2090 eo
478 2063 549 2098 quod
567 2063 641 2090 nulla
657 2067 715 2090 arte
730 2062 908 2097 grammatica
922 2070 1006 2098 expo-

215 2109 256 2136 liti
273 2108 412 2142 videntur,
426 2109 583 2136 reconditus
598 2108 633 2135 sit
655 2107 802 2135 thesaurus
818 2108 960 2142 sapientiae
978 2113 1006 2136 et

215 2154 339 2182 scientiae
355 2153 422 2186 Dei;
446 2154 483 2180 ita
513 2157 543 2180 ut
570 2153 668 2180 merito
688 2153 742 2180 dici
761 2153 860 2187 possit,
884 2153 957 2188 quod
980 2153 1006 2180 in

1050 927 1140 951 suam.
1159 921 1205 947 sed
1233 928 1302 947 unus
1318 919 1393 946 solus
1409 923 1464 950 est,
1482 919 1554 946 sicut
1579 917 1720 952 Scriptura
1745 915 1827 946 refert,

1052 966 1173 1000 pontifex
1188 967 1277 994 Aaron
1294 967 1371 1001 cujus
1388 965 1463 1000 virga
1476 964 1647 1001 germinavit.
1664 963 1760 990 Verum
1772 969 1829 996 quo-

1051 1010 1135 1040 niam.
1149 1014 1177 1037 ut
1190 1017 1263 1044 saepe
1275 1010 1457 1042 ostendimus,
1478 1017 1558 1036 verus
1571 1008 1694 1043 pontifex
1716 1007 1829 1035 Christus

1052 1061 1104 1088 ρει,
1122 1056 1178 1090 ipse
1195 1057 1270 1083 solus
1287 1060 1337 1086 est.
1362 1056 1440 1089 cujus
1459 1055 1533 1090 virga
1556 1054 1649 1082 crucis
1672 1062 1726 1080 non
1749 1053 1825 1080 solum

1052 1102 1225 1136 germinavit,
1239 1101 1285 1128 sed
1299 1107 1326 1128 et
1340 1101 1442 1132 ﬁoruit,
1457 1105 1483 1128 et
1499 1107 1594 1127 omnes
1607 1101 1655 1127 hos
1671 1098 1827 1126 credentintn

1053 1148 1212 1182 populorum
1232 1147 1324 1173 attulit
1338 1147 1453 1174 fructus.
1469 1147 1535 1180 Quis
1554 1151 1644 1172 autent
1660 1146 1712 1172 iste
1725 1149 1764 1172 est
1781 1143 1830 1170 fru-

1053 1199 1122 1225 ctus,
1133 1200 1212 1228 quem
1225 1192 1334 1219 attulit?
1346 1192 1446 1224 Nuces,
1461 1192 1560 1226 inquit,
1573 1191 1618 1226 qui
1637 1190 1742 1218 fructus
1752 1189 1829 1224 primo

1017 1268 1019 1270 ,
1052 1240 1160 1275 quidem
1177 1239 1339 1267 indumento
1353 1247 1464 1267 amarus
1485 1244 1527 1266 est
1547 1238 1698 1272 :sequenti
1723 1236 1832 1264 munitur

1054 1291 1081 1312 et
1097 1285 1208 1319 tegitur.
1221 1284 1314 1312 Tertio
1332 1288 1485 1311 sumentem
1502 1283 1590 1318 pascit
1611 1290 1644 1309 ac
1657 1282 1753 1309 nutrit.
1765 1280 1830 1308 Talis

1053 1337 1118 1364 ergo
1129 1335 1171 1357 est
1193 1330 1220 1357 in
1239 1329 1374 1358 auditorio
1393 1330 1431 1365 (3)
1447 1328 1547 1356 Christi
1566 1328 1694 1356 doctrina
1717 1326 1781 1362 legis
1803 1329 1829 1352 et

1054 1377 1264 1411 prophetarum.
1282 1375 1374 1403 Prima
1390 1375 1488 1403 littera:
1503 1375 1588 1402 facies
1600 1375 1669 1402 satis
1683 1381 1771 1400 amara
1783 1376 1831 1403 est,

1053 1431 1114 1458 qua:
1129 1422 1364 1450 circumcisionem
1380 1421 1473 1448 carnis
1491 1421 1624 1455 pmcipit,
1637 1427 1699 1455 quae
1711 1420 1743 1446 de
1754 1417 1829 1447 sacri-

1055 1469 1124 1495 liciis
1140 1468 1261 1500 tnandat,
1279 1471 1307 1494 et
1319 1472 1417 1495 caetera
1434 1474 1495 1501 quae
1510 1474 1559 1501 per
1578 1466 1747 1493 occidentem
1769 1464 1830 1491 litte-

1055 1522 1114 1541 ram
1130 1513 1322 1547 designantur.
1349 1512 1411 1540 lla:e
1441 1512 1534 1540 omnia
1563 1516 1693 1546 tanquam
1719 1516 1830 1538 amarum

1056 1559 1133 1587 nucis
1155 1559 1284 1586 corticem
1311 1558 1421 1592 projice.
1436 1557 1564 1585 Secundo
1579 1557 1605 1584 in
1623 1557 1685 1584 l0co
1701 1555 1734 1583 ad
1753 1554 1832 1582 muni-

1057 1611 1148 1633 menta
1162 1611 1236 1633 testa:
1251 1605 1404 1640 pervenies,
1420 1604 1446 1631 in
1463 1611 1517 1639 quo
1525 1604 1566 1632 vel
1581 1603 1693 1631 moralis
1709 1601 1833 1632 doctrina,

1057 1652 1097 1678 vel
1115 1652 1183 1678 ratio
1199 1651 1375 1679 continentia:
1399 1651 1569 1686 designatur.
1597 1649 1665 1682 Quae
1688 1646 1831 1676 necessaria

1056 1697 1165 1731 quidem
1186 1701 1250 1724 sunt
1272 1697 1306 1723 ad
1327 1695 1477 1723 custodiam
1503 1702 1598 1723 eorum
1622 1702 1684 1729 qua
1703 1696 1833 1721 servantur

1057 1743 1232 1774 intrinsecus,
1257 1742 1407 1777 frangenda
1431 1742 1594 1776 quandoque
1615 1745 1709 1768 tamen
1735 1743 1762 1766 et
1783 1737 1833 1764 sine

1056 1788 1141 1815 dubio
1154 1788 1325 1815 dissolvenda
1341 1793 1414 1815 sunt.
1426 1788 1461 1815 Ut
1475 1787 1498 1815 si
1515 1786 1591 1814 verbi
1606 1786 1692 1821 gratia
1712 1785 1832 1813 dicamus,

1057 1834 1224 1861 abstinentia
1248 1834 1385 1866 ciborum,
1402 1838 1429 1860 et
1444 1832 1587 1868 castigatio
1606 1831 1742 1865 corporis,
1757 1829 1832 1856 donec

1057 1887 1152 1906 sumus
1169 1879 1195 1906 in
1209 1887 1324 1914 corpore
1340 1880 1392 1906 isto
1405 1877 1581 1913 corruptibili
1596 1881 1625 1904 et
1637 1874 1769 1911 passibili,
1783 1873 1833 1899 sine

1057 1924 1139 1952 dubio
1150 1925 1304 1952 necessaria
1322 1930 1374 1952 est.
1394 1924 1463 1951 Cum
1483 1927 1574 1950 autem
1599 1920 1769 1949 confractum
1784 1919 1834 1945 fue-

1058 1971 1094 1998 rit
1108 1979 1141 1998 ac
1157 1971 1320 2003 resolutum,
1339 1975 1367 1997 et
1383 1969 1594 1998 resurrectionis
1618 1972 1741 2001 tempore
1755 1966 1831 1992 incor-

1059 2016 1188 2051 ruptibile
1209 2023 1242 2043 ex
1265 2015 1436 2051 corruptibili
1455 2015 1604 2045 redditum,
1629 2017 1713 2047 atque
1733 2019 1763 2039 ex
1784 2009 1834 2036 ani-

1059 2062 1119 2090 mali
1140 2062 1262 2097 spiritale
1275 2071 1282 2088 :
1299 2070 1353 2090 non
1369 2061 1424 2096 jam
1442 2061 1533 2088 labore
1544 2059 1708 2093 aﬁlictionis,
1721 2065 1769 2085 nec
1781 2055 1833 2082 abl-

1058 2110 1177 2137 liuentia:
1194 2109 1384 2144 castigatione,
1401 2110 1449 2136 sed
1472 2109 1614 2143 qualitate,
1630 2106 1706 2133 nulla
1719 2106 1771 2141 jam
1783 2110 1834 2131 cor-

1059 2155 1115 2190 pori
1132 2154 1285 2189 corruptela
1307 2154 1492 2181 dominabitur
1506 2153 1556 2189 (4).
1580 2152 1626 2180 Sic
1646 2159 1713 2187 ergo
1728 2155 1754 2178 et
1774 2155 1834 2176 nunc

215 2199 284 2233 ipsis
308 2199 364 2226 sint
380 2199 500 2226 thesauri
519 2198 671 2232 sapientiae,
699 2203 729 2225 et
751 2198 873 2226 scientia:
883 2199 929 2226 Dei
945 2201 1006 2228 abs-
1024 2218 1045 2245 υ
1061 2201 1214 2228 necessaria
1231 2200 1405 2228 abstinentia:
1421 2200 1490 2227 ratio
1502 2200 1618 2230 videtur,
1632 2204 1661 2226 et
1675 2196 1833 2234 postmodum

215 2243 321 2271 conditi
336 2243 370 2270 ³¹.
405 2243 468 2271 Hzec
491 2243 571 2270 nobis
586 2243 659 2270 dicta
681 2243 736 2269 sint
755 2243 788 2269 de
808 2243 1005 2278 confractione,

216 2297 277 2325 quae
292 2297 416 2316 cessasse
431 2293 597 2316 memoratur
615 2297 621 2315 ἒ
638 2296 709 2316 nunc
722 2293 812 2316 atttem
825 2297 909 2323 pauca
924 2291 1006 2318 etiam

219 2337 252 2362 de
267 2335 393 2370 sequenti
416 2335 529 2362 historia
551 2335 731 2366 disseramus,
747 2335 772 2362 in
791 2343 845 2370 qua
870 2336 1006 2370 virgarum

217 2381 444 2409 commemoratio
461 2380 653 2407 introducitur.

253 2426 279 2454 7.
289 2427 328 2452 c"
337 2426 369 2454 Et
384 2427 489 2453 locutus
500 2431 543 2453 est
556 2426 686 2453 Dominus
703 2427 735 2453 ad
751 2426 873 2461 Moysen,
888 2427 981 2454 dicens
999 2437 1005 2454 :

217 2471 343 2507 Loquere
359 2471 423 2498 ﬁliis
446 2471 541 2503 Israel,
558 2476 585 2498 et
612 2471 706 2504 accipe
732 2471 765 2498 ab
781 2471 822 2497 eis
836 2471 939 2503 virgam
961 2479 1009 2505 per

1062 2255 1114 2274 non
1129 2247 1283 2280 quaerenda.
1298 2245 1391 2273 Tertio
1403 2250 1492 2273 autent
1511 2245 1571 2272 loco
1585 2244 1755 2272 reconditum
1770 2242 1794 2268 in
1807 2239 1834 2266 iis

1061 2291 1186 2318 invenies
1212 2296 1239 2317 et
1266 2295 1403 2317 secretum
1430 2289 1622 2324 mysteriorum
1651 2286 1789 2322 sapientia:
1812 2288 1835 2309 el

1061 2337 1182 2364 scientia:
1200 2336 1246 2363 Dei
1267 2343 1389 2367 sensum,
1406 2343 1460 2370 quo
1478 2335 1635 2362 nutriantur
1650 2339 1679 2361 et
1704 2335 1835 2368 pascantur

1060 2383 1157 2409 animae
1172 2387 1329 2409 sanctorum
1356 2389 1409 2408 non
1427 2380 1515 2408 solum
1533 2381 1558 2407 in
1574 2379 1701 2414 praesenti
1722 2374 1834 2408 vila,sm|

1062 2428 1145 2454 etiam
1163 2428 1188 2453 in
1208 2428 1309 2454 futura.
1329 2427 1381 2454 Iste
1396 2427 1469 2453 enim
1494 2432 1535 2453 est
1556 2425 1720 2460 pontiﬁcalis
1734 2423 1835 2450 fructus.

1064 2474 1096 2499 de
1109 2481 1163 2507 quo
1179 2473 1347 2507 promittitur
1366 2473 1399 2499 iis
1415 2472 1461 2507 qui
1473 2472 1596 2498 csuriunt
1611 2475 1639 2497 et
1653 2470 1749 2497 sitiunt
1766 2466 1836 2501 justi-

252 2557 277 2573 "
291 2557 391 2585 Thren.
408 2565 446 2589 Iv,
458 2556 486 2584 ἓ,
525 2557 547 2572 ’⁷
560 2555 579 2582 Il
594 2555 664 2582 Tim.
681 2563 712 2584 ιι.
730 2554 776 2581 9-0.
815 2554 837 2570 ³⁸
852 2555 918 2582 ibid.
938 2556 984 2583 2|.

1057 2557 1136 2585 Rom.
1153 2565 1190 2589 Il,
1208 2558 1240 2584 l9
1253 2562 1280 2585 et
1291 2557 1336 2584 20.
1376 2557 1398 2572 ³⁰
1412 2555 1433 2583 ll
1448 2555 1511 2583 Cor.
1531 2563 1569 2587 tv,
1590 2554 1614 2581 7.
1654 2553 1676 2569 "
1695 2547 1752 2579 Col.
1771 2558 1798 2582 tt,
1811 2547 1834 2575 5.

219 2589 241 2605 ³¹
255 2592 335 2620 Νυιιι.
350 2599 418 2626 xvtt,
432 2591 486 2618 l-5.
524 2591 547 2607 ³⁸
557 2590 638 2619 lCor.
651 2598 687 2623 tv,
700 2590 745 2616 21.

256 2660 295 2696 (‘2)
310 2659 356 2686 Est
369 2660 440 2696 enim
453 2660 524 2694 virga
539 2659 665 2696 una.§ic
683 2659 853 2696 rectecodd.
864 2665 935 2696 nus.
951 2658 1009 2686 Bel-

219 2693 354 2726 vni-ensis,
368 2693 534 2722 Turonensis
558 2699 586 2721 et
611 2693 794 2725 Ebroieensis,
809 2699 837 2720 ιιι
864 2693 889 2719 in
915 2694 1009 2721 Graeco

220 2734 307 2761 textu,
322 2729 380 2756 ἐστι
399 2729 454 2764 γὰρ
468 2729 564 2764 ῥάϐδος
580 2729 638 2764 μία.
654 2728 722 2755 Male
739 2728 765 2755 in
780 2734 860 2756 antea
875 2728 955 2756 editis
970 2729 1010 2756 le-

221 2767 304 2798 gitur,
319 2774 328 2789 ‹
345 2765 443 2791 etenim
457 2765 559 2796 virgam
573 2772 664 2790 unam.
682 2772 691 2789 ι

257 2799 295 2829 εὖ)
308 2799 407 2826 Omnes
423 2806 500 2829 mss.,
521 2808 530 2823 ε
548 2798 691 2825 auditorio.
714 2807 721 2822 ι
743 2797 821 2825 Libb.
835 2798 911 2828 editi.
931 2807 941 2823 ι
963 2797 1010 2824 ad~

219 2834 330 2868 jutorto.
350 2833 432 2860 Paulo
447 2838 506 2867 pust
525 2840 588 2860 mss.
607 2842 616 2857 ι
640 2840 687 2866 pcr
704 2833 871 2860 occidentem
893 2833 1010 2860 litteram

1057 2660 1244 2695 designantur.
1259 2669 1268 2685 ι
1279 2658 1356 2686 Libb.
1371 2657 1449 2690 editi,
1461 2667 1470 2683 ι
1482 2665 1530 2692 per
1544 2657 1713 2684 occidentem
1730 2655 1835 2682 litteram

1058 2695 1288 2722 demonstrantur.
1313 2703 1323 2719 ι

1094 2729 1135 2763 (4)
1165 2729 1252 2757 Codd.
1279 2728 1464 2759 Ebroiceusis.
1485 2725 1658 2763 Belvacensis
1683 2730 1711 2753 et
1732 2724 1835 2763 furem.

1062 2774 1071 2791 α
1084 2758 1131 2792 sed
1143 2765 1274 2798 qualitate
1284 2764 1326 2792 sui
1340 2764 1412 2791 nulla
1426 2763 1481 2798 jam
1498 2761 1605 2797 carpori
1619 2759 1787 2796 corruptibili
1798 2758 1832 2785 let

1060 2799 1252 2826 dominabitur.
1276 2809 1284 2823 ι

1079 2800 1252 2827 ominabitur.
1276 2809 1284 2823 ι
