1886 3051
26 121 75 148 655

609 117 642 145 IN
659 117 826 146 NUMEItOS
846 117 984 146 HOMILIA
1006 118 1051 147 IX.

1601 117 1655 145 05$

28 178 100 209 tiam,
116 177 246 212 quoniam
261 177 459 205 saturabnntur
474 177 506 204 ³⁵.
522 177 577 204 lloc
590 177 671 212 igitur
685 178 764 205 modo
784 177 810 204 in
826 179 849 205 Α
863 177 947 212 gloria
965 185 973 204 :
991 182 1018 204 et
1033 176 1196 204 semiustum
1222 183 1322 210 corpus
1337 175 1465 210 animale,
1478 180 1575 211 surgat
1595 183 1653 203 cor-

28 222 177 257 Scripturis
199 222 327 250 omnibus
344 222 459 256 triplicis
474 221 554 256 hujus
571 223 732 249 sacramenti
748 222 816 249 ratio

27 268 175 303 percurrit.
193 268 238 296 Sic
260 274 288 296 et
311 268 451 303 Sapientia
471 273 563 296 mouet
583 268 618 302 ",
635 273 665 296 ut
680 268 817 296 describa-

27 322 84 341 mus
95 321 131 341 ca
141 314 255 342 nobisin
268 315 351 342 corde
365 314 521 349 tripliciter,
536 314 569 341 ad
586 314 815 349 respondendum,

27 359 128 393 inquit,
145 360 259 388 verbum
273 360 398 387 veritatis
412 361 446 388 iis
459 360 505 395 qui
523 361 714 395 proposuerim
727 361 815 389 nobis.

28 405 71 431 Sic
84 409 144 432 tres
164 410 263 440 puteos
277 405 344 432 fodit
364 405 440 433 Isaac
463 406 619 440 patriarcha
638 406 683 432 “:
701 413 816 440 quorum

26 450 96 478 solus
113 450 161 477 ille
178 451 273 478 tertius
283 451 319 478 ab
333 458 366 478 eo
379 450 496 478 latitudo
511 452 554 479 vel
569 451 717 486 amplitudo
728 451 817 478 nomi-

26 501 116 524 natur.
144 496 212 529 Quia
241 502 333 524 autem
363 501 564 524 sacramentum
586 497 753 525 sacerdotale
774 501 818 524 est

25 542 99 577 virga
120 542 212 574 nucis,
240 542 345 569 idcirco
373 542 495 569 arbitror
513 542 596 570 etiam
614 542 761 570 Jeretniam
781 543 815 575 ³⁷,

25 587 69 621 qui
91 592 157 615 erat
171 594 241 614 unus
257 588 290 615 de
309 587 498 616 sacerdotibus
513 595 545 616 ex
562 588 699 620 Anathoh.
715 588 817 616 vidisse

25 634 130 668 virgam
145 641 270 666 nuceam,
285 638 313 661 et
327 635 505 670 prophetasse
518 635 552 662 de
564 641 598 661 ea
614 634 660 662 illa
674 642 735 669 quat
748 635 818 662 scri-

25 683 68 712 pta
82 683 153 706 sunt
167 678 210 706 vel
225 680 259 707 de
275 679 350 715 virga
367 688 464 713 nucea,
479 681 521 708 vel
539 681 572 708 de
590 680 690 712 lebete.
707 682 764 708 sive
782 681 818 708 de

26 723 76 751 olla
92 731 229 752 succensa
243 731 254 751 :
271 726 347 760 quasi
364 726 386 753 si
403 726 563 754 ostenderet
577 734 626 762 per
638 727 695 754 haec
706 727 732 754 in
742 727 817 762 virga

28 777 111 797 nucea
128 778 189 798 esse
206 771 304 802 vitam.
318 776 346 800 et
359 772 386 799 in
408 772 499 800 lebete
517 780 651 800 succenso
668 780 730 800 esse
745 780 818 799 mor-

27 819 89 844 tem.
107 815 171 843 Vita
187 817 260 844 enim
284 822 311 844 et
335 826 409 846 mors
425 819 536 853 ponitur
561 824 627 846 ante
647 819 745 846 faciem
769 826 819 846 no.

868 229 919 256 pus
935 222 1059 256 spiritale
1071 222 1106 249 δ’.
1124 222 1176 250 lsta
1193 227 1258 250 sunt
1280 227 1399 257 quatuor
1412 229 1474 256 qum
1489 222 1563 257 virga
1583 221 1653 249 aridi

867 268 993 302 corpOris
1009 268 1092 296 nostri
1106 269 1133 296 in
1146 269 1351 296 resurrectione
1364 267 1538 303 germinaltit.
1555 267 1610 295 Sed
1626 272 1654 294 et

868 312 932 340 illud
946 313 1066 340 secttndo
1079 313 1106 340 in
1117 313 1176 341 loco
1184 313 1323 346 dicemus;
1338 313 1414 348 quia,
1425 313 1494 340 sicut
1506 313 1532 339 in
1548 313 1581 339 iis
1591 320 1655 346 pro-

867 358 1024 386 missionem
1037 366 1114 386 suant
1130 358 1200 386 Deus
1211 360 1237 386 in
1254 358 1432 394 quadruplum
1447 359 1520 386 dedit
1531 363 1558 385 et
1571 357 1656 384 multo

867 405 945 440 plttra
961 410 989 433 et
1003 406 1165 440 pretiosiora
1182 405 1295 440 largitus
1306 410 1346 432 est
1364 412 1444 439 qttam
1469 405 1603 439 promisit,
1617 404 1655 431 ita

868 451 954 478 multo
966 451 1053 486 magis
1072 451 1099 478 itt
1113 451 1241 478 omnibus
1256 450 1404 484 Scriptura
1417 449 1494 482 locis,
1505 449 1548 476 ubi
1563 448 1654 483 aliqua

867 497 914 523 Dei
928 497 1077 530 promissio
1101 496 1271 528 continetur,
1293 495 1315 523 si
1337 496 1399 530 quis
1424 499 1514 521 tanten
1538 494 1571 521 ad
1593 500 1656 521 eam

866 542 1011 577 pervenire
1026 547 1175 575 mereatur,
1191 543 1218 568 itt
1234 541 1326 568 futuro
1341 540 1527 575 multipliciter
1549 547 1655 574 pracpa-

867 588 988 621 rabitur;
1006 593 1034 615 et
1047 588 1088 615 sic
1104 595 1169 615 vere
1182 587 1363 622 complebitur
1377 586 1442 613 illud
1455 586 1525 621 quod
1538 585 1655 620 Aposto-

867 633 909 661 lus
926 633 993 661 dicit
1008 634 1043 666 ",
1058 634 1122 668 quia
1139 642 1148 659 ι
1163 633 1260 661 oculus
1277 640 1331 660 non
1347 632 1424 665 vidit,
1445 639 1495 658 nec
1510 631 1584 659 auris
1608 638 1657 657 au-

866 679 946 711 divit,
963 687 1014 707 nec
1028 679 1055 707 in
1071 687 1121 707 cur
1139 679 1258 707 hominis
1269 679 1403 712 ascendit,
1418 685 1478 712 quae
1493 677 1656 712 pratparavit

869 724 941 751 Deus
952 724 986 751 iis
1000 724 1045 759 qtti
1062 724 1179 760 diligunt
1195 731 1269 751 eum.
1287 732 1297 750 ι
1314 722 1382 751 Vide
1394 729 1460 757 ergo
1470 725 1571 756 quanta
1588 719 1655 751 sint,

866 775 896 797 et
908 769 1011 805 qualia,
1028 778 1089 805 quae
1109 778 1162 798 non
1184 769 1269 797 solum
1286 769 1378 796 videre
1394 773 1422 796 et
1442 767 1538 795 audire
1553 765 1654 793 nemini

867 816 957 849 licuit,
971 816 1018 844 sed
1031 824 1064 844 ne
1077 817 1103 843 in
1120 823 1167 843 cor
1178 816 1297 851 quidetn,
1311 815 1338 843 id
1355 819 1397 843 est
1416 814 1450 842 ad
1464 812 1657 849 cogitationem

25 867 124 890 stram.
143 862 178 890 Et
193 868 235 891 est
249 864 305 891 vita
320 850 431 899 quidem
452 864 579 892 Christus
597 865 625 892 in
645 870 817 893 sacramento
832 850 856 878 Β
869 863 1016 890 humanam
1030 863 1119 898 potuit
1133 850 1292 889 ascendere.
1310 860 1373 888 Sive
1387 867 1453 895 ergo
1474 865 1586 891 terram,
1600 858 1657 885 sive

26 907 122 934 nucis:
148 915 223 935 mors
243 913 334 937 autem
356 910 479 937 diabolus
496 910 523 937 in
546 910 631 945 figura
648 910 742 938 lebetis
758 918 819 938 suc-

25 951 110 979 censi.
130 952 159 979 Si
178 960 244 989 ergo
267 956 436 989 peccaveris,
452 956 608 990 portionem
633 961 706 983 tuam
732 963 817 990 pones

26 1004 86 1024 cum
102 997 194 1027 lebete
206 1007 355 1034 succenso;
376 1002 458 1037 300
477 1002 501 1030 si
515 1005 610 1036 autem
632 1001 704 1036 iuste
718 1002 816 1037 egeris,

25 1043 162 1073 eﬁicietnr
175 1047 266 1081 portio
282 1052 326 1074 tua
343 1048 370 1076 in
378 1048 454 1083 virga
470 1055 556 1076 nucea
568 1056 629 1076 cum
642 1055 739 1083 magno
751 1055 819 1083 pon-

28 1091 112 1118 tifice.
128 1090 184 1118 Sed
201 1095 230 1119 et
245 1092 272 1119 itt
290 1092 412 1120 Cattticis
426 1093 594 1121 canticorum
616 1093 638 1109 ³⁸
657 1100 758 1128 sponsa
773 1093 819 1121 de-

26 1137 163 1164 scendere
179 1137 280 1165 dicitur
293 1138 320 1165 in
336 1138 445 1166 hortum
459 1139 548 1171 nucis,
564 1139 609 1166 ubi
626 1139 707 1167 etiant
716 1139 820 1174 pariter

26 1189 88 1208 cum
109 1182 228 1211 nucibus
240 1184 449 1212 sacerdotalium
465 1185 664 1220 qttodamtnodo
676 1192 817 1220 pontorum

27 1227 135 1262 copiam
156 1229 338 1263 perscribitur
349 1229 497 1258 invenisse.
508 1229 699 1257 Verumtamen
717 1230 750 1257 de
765 1230 819 1257 vir-

27 1274 79 1308 gis,
95 1278 126 1301 ut
137 1273 234 1302 dicere
249 1282 432 1310 coeperamus,
447 1283 531 1303 unum
543 1277 667 1310 promisit
684 1277 754 1304 Deus
766 1276 821 1303 fru-

27 1323 99 1345 ctum
117 1319 147 1346 in
169 1318 256 1354 virga,
270 1323 299 1346 et
317 1319 406 1354 plures
425 1320 509 1348 dedit.
527 1320 580 1347 Sed
603 1321 738 1349 attendite
758 1322 820 1349 dili-

26 1364 147 1397 gentius,
168 1364 190 1391 si
213 1363 285 1392 forte
311 1365 446 1399 possimus
470 1365 663 1394 liberalitatem
691 1367 738 1395 Dei
763 1367 819 1394 lar-

26 1409 133 1442 giorem
153 1407 239 1435 etiam
259 1408 326 1443 ipsis
344 1409 402 1436 suis
422 1409 651 1444 promissionibus
670 1410 786 1438 edoccre
810 1420 818 1438 :

26 1455 48 1480 si
61 1454 132 1482 forte
149 1459 178 1481 et
189 1462 222 1481 ex
237 1454 524 1483 iisillaminetfabiletn
537 1456 686 1483 bonitatem
704 1456 749 1484 Dei
762 1464 821 1491 qua:

26 1499 54 1526 itt
70 1500 224 1535 Scriptum
249 1500 339 1528 littera
372 1509 481 1537 semper
502 1502 611 1537 tegitur,
632 1502 724 1530 rimari
741 1507 821 1537 atque
835 1521 857 1550 ο

26 1546 196 1582 investigare
214 1548 375 1582 poterimus,
386 1555 448 1574 cum
462 1547 606 1583 largiorem
618 1548 644 1575 in
659 1550 821 1584 praestando,

27 1599 109 1626 quant
132 1592 161 1618 itt
178 1592 362 1626 promittendo
373 1593 526 1620 videamus.

63 1637 91 1664 8.
109 1637 199 1672 Igitur
217 1643 307 1664 sermo
322 1637 472 1672 Scriptura:
488 1638 522 1665 de
537 1646 590 1673 qua
605 1646 676 1666 nunc
687 1638 824 1674 loquimur

28 1687 64 1713 ita
81 1687 185 1714 habet:
207 1695 218 1712 ι
236 1686 268 1714 Et
278 1687 340 1720 erit,
356 1688 453 1722 inquit,
474 1691 555 1715 homo
565 1696 757 1724 quemcunque
768 1689 823 1717 elc-

28 1740 106 1768 gero,
134 1732 210 1767 virga
237 1732 296 1766 ejus
324 1734 489 1768 germinabit
506 1734 541 1761 ".
569 1743 578 1760 t
596 1734 652 1762 Hoc
674 1740 716 1762 est
734 1735 822 1763 solttm

30 1779 102 1811 qttod
119 1777 246 1812 promisit
271 1777 352 1811 Deus,
376 1783 406 1806 ut
425 1779 500 1814 virga
522 1779 580 1813 ejus
600 1787 682 1814 quem
697 1780 822 1816 elegerit,

29 1824 179 1858 germinet.
195 1823 244 1851 Ubi
262 1831 325 1851 vero
337 1825 370 1851 ad
387 1832 443 1852 rem
462 1825 570 1852 venitur
581 1830 610 1852 ut
624 1826 694 1860 quod
711 1828 824 1861 promis-

30 1876 91 1894 suttt
115 1872 160 1895 est
187 1869 352 1896 ostendatur
376 1869 518 1904 impletum
545 1879 551 1896 :
579 1877 632 1897 tton
653 1878 736 1898 unttnt
759 1872 824 1900 illud

31 1914 105 1948 quod
132 1915 299 1949 promissum
323 1915 414 1943 fuerat
429 1915 555 1943 etl‘ectum
573 1916 684 1950 dicitur,
702 1917 750 1946 sed
764 1918 824 1946 vide

30 1964 135 1992 quanta
164 1961 313 1988 addantur.
333 1961 379 1988 Ait
393 1962 466 1989 enim
481 1970 488 1988 :
505 1970 515 1986 ι
536 1961 568 1989 Et
584 1970 647 1990 ecce
661 1964 825 1998 germinavit

32 2005 108 2040 Virga
126 2006 221 2032 Aaron
236 2006 263 2033 in
280 2006 361 2034 domo
376 2006 440 2034 Levi
455 2006 488 2034 ⁸⁸.
507 2015 517 2032 ι
538 2006 584 2034 Est
598 2007 649 2035 ltoe
664 2015 745 2036 unum
761 2009 824 2037 illttd

31 2053 92 2080 sine
109 2052 195 2079 dubio
210 2052 282 2086 quod
295 2052 382 2080 fuerat
395 2053 607 2087 repromissum;
629 2053 675 2081 sed
689 2054 825 2082 adduntur

31 2105 59 2126 ct
74 2099 142 2130 alia.
164 2103 192 2125 et
211 2098 312 2125 dicitur
327 2107 335 2127 :
352 2108 362 2125 ι
382 2099 416 2126 Et
437 2099 565 2134 produxit
587 2099 697 2127 frcttdes
712 2104 741 2127 et
760 2108 825 2135 pro-

31 2144 96 2171 tulit
110 2143 207 2174 ﬂores,
227 2149 256 2170 et
270 2144 433 2179 germinavit
454 2152 538 2172 nuces
552 2144 585 2170 δι.
604 2153 613 2170 ι
631 2144 698 2171 Cttnt
711 2153 777 2180 ergo
792 2146 825 2173 de

867 907 966 935 nmium
980 907 1096 939 dixeris,
1108 906 1167 934 sive
1178 905 1263 933 solem
1277 905 1350 932 hunc
1363 908 1392 931 et
1404 903 1535 938 fulgorem
1543 900 1659 929 visibilis

870 953 994 985 lumittis,
1009 954 1099 980 omnia
1116 954 1174 980 htec
1189 951 1286 979 oculus
1299 951 1378 984 vidit,
1399 954 1427 978 et
1443 949 1517 976 auris
1531 948 1633 975 audivit
1648 954 1655 971 :

867 1004 896 1026 et
910 1006 963 1026 non
979 1001 1092 1032 possunt
1113 1004 1173 1024 esse
1185 1003 1219 1024 ex
1237 996 1290 1023 illis
1311 1002 1372 1029 quae
1394 993 1490 1021 oculus
1509 999 1562 1019 non
1580 990 1659 1023 vidit,

868 1052 918 1072 nec
939 1044 1014 1071 auris
1038 1043 1153 1075 audivit,
1174 1049 1224 1069 nec
1249 1041 1275 1068 in
1306 1047 1354 1068 cor
1381 1038 1499 1067 hominis
1524 1035 1658 1064 ascendit.

869 1089 1075 1125 Transgredere
1090 1096 1155 1124 ergo
1170 1088 1227 1115 haec
1241 1087 1344 1118 omnia,
1359 1090 1386 1113 et
1401 1083 1564 1113 transcende
1577 1089 1659 1109 omne

868 1135 998 1171 quidquid
1018 1135 1105 1166 vides,
1123 1133 1252 1168 quidquid
1264 1132 1353 1165 audis,
1371 1130 1500 1166 quidquid
1514 1129 1596 1156 etiam
1610 1134 1659 1155 co-

869 1180 955 1215 gitare
968 1184 1054 1214 potes,
1074 1183 1102 1207 et
1117 1178 1181 1206 illud
1195 1178 1265 1206 scito
1280 1185 1341 1205 esse
1352 1175 1501 1211 repositum
1516 1174 1548 1202 iis
1556 1173 1602 1208 qui
1618 1172 1660 1199 di-

869 1225 958 1260 ligunt
976 1225 1071 1258 Deum,
1085 1225 1156 1260 quod
1173 1232 1223 1252 nec
1236 1223 1270 1251 ad
1286 1221 1485 1257 cogitationem
1504 1219 1594 1247 cordis
1620 1217 1658 1244 ttti

869 1270 955 1306 quivit
972 1271 1131 1298 ascendere.
1147 1269 1223 1297 Unde
1240 1276 1290 1304 ego
1307 1268 1426 1305 arbitror
1439 1265 1506 1294 nihil
1523 1266 1549 1292 in
1563 1263 1659 1299 hujus-

870 1316 942 1343 tnodi
963 1315 1219 1350 repromissionibus
1243 1315 1276 1342 de
1289 1314 1370 1341 rebus
1384 1311 1571 1346 corporalibus
1584 1308 1659 1343 cogi-

871 1362 992 1389 tamlutn.
1010 1361 1088 1389 Ratio
1105 1361 1176 1388 enim
1195 1359 1315 1387 materia:
1328 1357 1476 1392 corporalis
1490 1364 1543 1383 non
1559 1362 1658 1389 usque-

870 1414 978 1442 quaque
994 1414 1103 1435 sensum
1119 1406 1243 1434 humanat
1255 1403 1426 1439 cogitationis
1433 1401 1550 1437 etl'ugere
1557 1405 1659 1436 potest,

870 1453 917 1480 sed
935 1453 979 1479 illa
992 1456 1055 1480 sunt
1063 1459 1123 1486 quae
1134 1451 1168 1478 ad
1183 1450 1281 1478 nullius
1293 1456 1416 1480 sensum,
1431 1448 1529 1476 nullius
1540 1454 1586 1474 cor
1599 1453 1660 1481 pos-

873 1503 936 1526 sunt
951 1499 1100 1526 ascendere
1115 1504 1175 1532 quae
1189 1497 1217 1524 in
1237 1496 1294 1524 sola
1307 1495 1354 1522 Dei
1370 1494 1502 1529 sapientia
1518 1493 1661 1520 continen-

875 1548 928 1571 tur.
944 1543 1051 1571 Etenim
1069 1543 1204 1570 videbitur
1216 1541 1268 1568 hac
1288 1540 1392 1568 ratione
1416 1539 1487 1574 quod
1504 1536 1662 1573 promissio-

873 1597 936 1617 num
952 1589 1021 1616 bona
1034 1588 1130 1624 majori
1145 1588 1225 1616 modo
1239 1594 1320 1622 quam
1340 1585 1475 1621 promissa
1500 1588 1573 1617 sunt,
1594 1583 1661 1610 dan-

874 1639 917 1662 tur
931 1643 939 1661 :
954 1635 1080 1662 similiter
1096 1638 1124 1661 ct
1151 1640 1238 1668 poenas
1254 1640 1315 1668 qua:
1337 1631 1525 1667 peccatoribus
1548 1627 1661 1657 commi-

873 1686 986 1714 nantur,
1003 1679 1192 1715 multiplicatis
1212 1679 1380 1706 cruciatibus
1403 1676 1551 1704 inferenda:
1577 1679 1660 1706 sunt;

873 1727 943 1754 sicut
956 1731 983 1754 et
996 1726 1021 1753 in
1043 1725 1241 1760 superioribus,
1261 1724 1307 1751 ubi
1321 1730 1410 1751 annus
1421 1729 1470 1757 pro
1494 1722 1537 1748 die
1558 1721 1592 1748 ad
1603 1719 1662 1746 viu-

873 1771 973 1799 dictam
996 1771 1117 1806 ponitur,
1129 1769 1304 1805 exposuimus
1326 1777 1335 1797 :
1361 1767 1412 1796 nisi
1436 1767 1458 1795 si
1474 1767 1536 1802 quis
1550 1765 1661 1794 tertium

873 1817 974 1851 aliquid
992 1823 1072 1851 posse
1095 1815 1152 1843 ﬂeri
1166 1816 1277 1851 cogitet,
1293 1814 1424 1850 colligens
1448 1814 1537 1847 aliqua
1557 1812 1653 1840 solatia

873 1863 951 1890 exiis
965 1870 1025 1897 qua:
1042 1862 1068 1889 in
1083 1861 1293 1889 comminatione
1309 1868 1353 1893 ea,
1366 1866 1426 1894 qua!
1443 1859 1477 1886 ad
1494 1857 1575 1886 David
1591 1857 1662 1883 facta

874 1914 916 1937 est
928 1908 961 1941 “,
975 1903 1166 1935 continentur:
1181 1906 1227 1934 ubi
1244 1906 1332 1933 triduo
1344 1904 1518 1940 pronuntiata
1534 1908 1576 1931 est
1591 1910 1664 1930 mor-

875 1956 910 1983 tis
923 1955 1021 1982 futura:
1034 1953 1161 1985 vastatio,
1175 1957 1204 1981 et
1220 1952 1291 1980 intra
1313 1959 1359 1979 sex
1376 1951 1458 1978 horas
1476 1948 1661 1978 abbreviatum

875 2002 981 2029 videtur
1002 2005 1108 2036 tempus
1132 2006 1194 2027 esse
1209 1997 1344 2034 supplicii.
1360 1997 1415 2025 Sed
1437 1998 1494 2024 haec
1515 1996 1563 2023 tibi
1577 1996 1662 2030 proti-

875 2055 938 2076 ccre
953 2051 1077 2083 possunt.
1095 2046 1141 2074 ubi
1156 2045 1324 2081 paenitentia!
1341 2050 1446 2079 tempus
1460 2048 1488 2071 et
1499 2041 1663 2070 satisfactio-

875 2095 918 2122 ttis
930 2094 1090 2121 conceditur
1104 2093 1190 2120 locus.
1205 2092 1343 2119 Scribitur
1357 2091 1379 2106 “
1392 2095 1483 2118 tamctt
1499 2090 1571 2117 Deus
1585 2088 1662 2115 malis

876 2141 985 2175 quidem
1002 2139 1119 2167 reddens
1137 2139 1163 2166 in
1176 2138 1287 2166 tertiam
1303 2143 1330 2165 et
1341 2142 1467 2173 quartam
1487 2136 1661 2171 progeniem;

31 2189 92 2217 solo
104 2190 232 2224 germine
244 2189 338 2217 fuisset
352 2190 527 2224 promissum,
543 2189 603 2217 vide
616 2196 719 2225 quanta
740 2191 822 2226 largi.
839 2188 862 2215 D
878 2186 955 2214 bouis
972 2190 1062 2213 autem
1084 2186 1188 2213 faciens
1209 2185 1428 2213 misericordiam
1447 2191 1500 2211 non
1526 2182 1610 2210 solum
1635 2181 1662 2209 itt

33 2241 79 2263 tur
91 2237 175 2269 Deus,
195 2240 224 2262 ut
242 2243 293 2262 tton
308 2236 395 2263 solunt
414 2244 525 2271 germen
550 2237 718 2271 produxerit,
734 2238 781 2264 sed
798 2242 825 2264 et

33 2282 164 2313 frondes;
179 2284 208 2308 et
235 2288 289 2307 non
314 2281 400 2308 solum
428 2282 546 2313 frondes,
563 2282 611 2308 sed
636 2286 664 2308 et
681 2281 779 2314 ﬂores;
798 2287 825 2310 et

33 2327 234 2362 germinaverit
254 2334 306 2354 non
321 2327 406 2354 solum
422 2327 513 2359 ﬂores,
529 2328 576 2354 sed
587 2332 615 2354 et
630 2327 742 2355 fructus.
755 2327 824 2361 Quid

35 2373 118 2407 igitur
131 2377 175 2399 est
190 2373 260 2405 qttod
278 2380 311 2400 ex
329 2373 362 2399 iis
383 2372 508 2407 colligere
526 2377 553 2399 et
576 2373 753 2407 contetnplari
776 2374 824 2400 de-

33 2418 170 2446 beamus?
186 2417 277 2446 Primo
288 2418 409 2445 omnium
432 2418 640 2446 resurrectionis
657 2427 690 2446 cx
715 2419 827 2446 tnortuis

35 2469 256 2492 sacramentum.
282 2463 364 2499 Virga
388 2464 460 2491 ettittt
490 2464 565 2490 arida
594 2465 739 2499 germinat,
765 2472 825 2491 cum

33 2518 139 2545 corpus
154 2510 319 2537 exstinctum
343 2509 458 2544 cmperit
481 2509 654 2536 reviviscere.
680 2509 744 2542 Quae
764 2513 827 2536 suttt

35 2562 130 2584 autent
150 2561 269 2591 quatuor
283 2555 334 2583 ista
345 2563 407 2590 qua:
424 2555 575 2590 rcsurgcnli
593 2556 699 2590 corpori
715 2559 827 2589 praesta-

36 2602 164 2629 buntur?
185 2601 217 2629 Ut
239 2601 402 2629 seminalunt
420 2601 446 2627 in
468 2601 654 2635 corruptione,
679 2607 773 2636 surgat
801 2602 827 2628 itt

36 2647 264 2681 incorruptione;
278 2653 305 2674 et
320 2647 484 2674 sentinatum
505 2647 531 2673 in
547 2646 716 2679 infirmitate,
736 2650 828 2681 surgat

35 2693 66 2719 in
81 2694 199 2725 virtute;
221 2697 250 2720 et
268 2693 431 2720 sentinatum
455 2693 482 2720 in
503 2693 662 2727 ignominia,
682 2697 775 2727 surgat
800 2693 826 2718 in

73 2784 97 2799 ”
108 2785 203 2812 Matth.
215 2792 241 2811 ν.
281 2784 304 2800 ³⁵
317 2784 446 2814 Prov.ttt.
458 2785 484 2811 5.

524 2784 546 2800 "
558 2784 625 2811 Gen.
639 2791 712 2811 χιιι.
750 2783 771 2798 ³⁷
783 2783 837 2810 Jer.
852 2791 867 2810 ι.

879 2233 984 2259 tertiam
1001 2237 1028 2258 et
1046 2236 1170 2265 quartam
1187 2231 1356 2266 progeniem,
1382 2229 1443 2262 sed,
1469 2232 1500 2256 ut
1522 2227 1663 2263 Scriptura

878 2279 953 2311 dicit,
971 2279 997 2305 itt
1013 2278 1086 2305 ntillc
1098 2278 1300 2313 generationes.

912 2324 940 2351 9.
955 2323 1009 2350 Sed
1026 2324 1167 2351 redeamus
1183 2323 1217 2350 ad
1230 2331 1261 2351 ea
1282 2330 1342 2357 quae
1357 2323 1389 2350 de
1403 2321 1486 2356 virgis
1500 2321 1590 2348 dicere
1606 2327 1664 2346 cte-

879 2378 1016 2405 perantus.
1040 2371 1188 2398 Possumus
1204 2370 1293 2397 adhuc
1304 2369 1385 2396 etiam
1403 2368 1444 2395 sic
1458 2368 1607 2403 intelligere
1617 2375 1664 2394 eo-

879 2425 938 2444 rum
955 2424 1015 2450 quat
1029 2417 1056 2444 in
1069 2417 1143 2451 virga
1157 2416 1391 2451 germinaverant,
1407 2414 1584 2442 differentias.
1599 2411 1664 2440 0m-

880 2463 922 2490 ttis
941 2464 986 2497 qui
1005 2463 1031 2490 itt
1046 2463 1158 2490 Christo
1174 2462 1274 2494 credit,
1290 2462 1377 2496 primo
1403 2460 1527 2492 moritur,
1550 2462 1577 2485 et
1603 2462 1664 2492 post

881 2511 931 2538 ltoe
946 2511 1097 2537 renascitur
1112 2517 1120 2536 :
1134 2514 1162 2536 et
1174 2513 1214 2537 est
1229 2508 1311 2536 etiam
1323 2508 1379 2535 haec
1393 2507 1489 2541 figura,
1501 2505 1572 2540 quod
1589 2504 1664 2538 virga

880 2557 955 2583 arida
976 2556 1149 2592 postmodum
1165 2554 1311 2589 germinat.
1335 2554 1385 2580 Est
1397 2560 1462 2586 ergo
1471 2552 1586 2585 primum
1603 2556 1665 2583 ger-

881 2610 941 2628 men
969 2602 1055 2636 prittta
1080 2602 1197 2628 houtinis
1210 2601 1236 2628 in
1251 2599 1361 2628 Christo
1377 2597 1522 2625 confessio.
1538 2595 1666 2622 Secundo

881 2647 1037 2680 frondescit,
1055 2647 1098 2674 ubi
1115 2650 1224 2673 renatus
1234 2644 1334 2671 donum
1352 2644 1444 2679 gratim
1466 2642 1511 2669 Dei
1527 2649 1560 2669 ex
1577 2639 1665 2675 Spiri-

882 2698 924 2718 tus
950 2693 1036 2719 sancti
1054 2692 1241 2726 puriﬁcatione
1257 2689 1419 2724 susceperit.
1437 2688 1500 2716 lude
1520 2687 1598 2714 alfert
1614 2686 1664 2714 llo-

1388 2779 1410 2796 "
1422 2779 1487 2807 ibid.
1498 2779 1525 2807 8.
1564 2778 1585 2795 "
1595 2777 1662 2806 ibid.

911 2780 1021 2808 “tiam.
1037 2790 1072 2808 vt.
1111 2781 1133 2796 ³⁹
1146 2781 1224 2808 Nunt.
1242 2789 1306 2813 χιιι,
1323 2781 1348 2808 5.

38 2819 160 2847 “1L0r.
179 2829 222 2852 xv,
240 2820 287 2851 42,
305 2819 350 2847 63.
389 2820 411 2835 "
433 2819 442 2846 l
464 2820 526 2847 Cor.
545 2827 575 2850 ιι.
595 2819 622 2846 9.
662 2818 683 2834 ³³
706 2819 724 2845 ll
751 2818 895 2852 lleg.utv.
936 2818 957 2833 ³⁸
975 2817 1059 2844 Exod.
1075 2825 1121 2843 xx.
