1886 3051
219 128 274 157 655

951 122 1114 152 omnem
1800 120 1843 149 63°

218 196 276 221 res,
291 187 337 216 ubi
354 186 492 223 proiicere
503 185 627 221 ctepcrit,
643 188 670 212 ct
685 190 792 212 morum
812 183 949 211 suavitate
965 183 1013 210 de-
1027 185 1051 214 Α
1064 187 1108 210 cet
1130 182 1157 210 in
1175 181 1271 209 Deum.
1287 182 1326 209 De
1345 180 1499 216 hujustnodi
1513 179 1587 207 enim
1606 179 1727 215 peccatis
1742 187 1793 207 non
1812 180 1845 207 fa-

218 234 321 267 corarl,
339 242 372 262 ac
389 233 567 268 ﬂagrantiam
583 231 781 259 misericordia:
791 233 818 258 et
839 228 1013 265 benignitatis

221 281 370 308 ell'nndere.
389 280 429 307 Ad
446 279 570 306 ultimum
587 285 695 313 quoque
709 277 789 305 all'ert
803 278 885 305 etiam
909 275 1013 303 fructus

217 326 342 360 iustitiae,
358 325 458 360 quibus
473 331 526 351 non
553 323 640 352 solum
657 323 718 358 ipse
731 323 815 355 vivat,
834 322 882 350 sed
902 326 931 349 et
952 321 1013 348 aliis

219 373 340 406 prrebeat
358 371 453 398 vitam.
473 371 541 399 Cttm
558 370 630 398 enim
645 369 678 397 ad
692 370 844 405 perlectum
855 368 970 400 venerit,
986 371 1015 394 et

220 418 364 453 protulerit
379 425 412 445 ex
423 425 453 445 se
470 418 584 445 verbum
599 416 672 447 lidei,
687 415 802 443 verbum
819 415 942 442 scientiae
954 413 1012 447 Dei,

220 469 249 492 et
261 464 329 491 alios
343 463 522 494 lucrifecerit,
544 463 596 490 hoc
609 466 649 489 est
667 461 790 488 attulisse
802 460 905 488 fructus
917 459 1014 494 quibus

221 509 268 536 alii
289 509 453 536 nutriantur.
471 508 517 536 Sic
528 515 593 543 ergo
610 507 709 542 singuli
731 507 831 541 quique
844 505 1014 534 credentium

221 556 257 583 de
271 554 346 590 virga
358 557 459 588 Aaron,
469 555 516 590 qui
527 554 651 582 Christus
664 558 715 587 est,
728 553 935 589 germinantnr;
952 558 1016 585 quo-

222 609 283 629 rum
297 607 417 636 quatuor
430 601 488 628 istae
505 599 665 628 dilferentia:
685 599 711 626 in
736 599 797 626 aliis
814 599 963 632 Scriptum
978 598 1016 624 lo-

222 647 265 675 cis
280 647 354 674 velut
370 651 463 673 aetates
475 650 593 680 quatuor
607 645 795 679 designantur,
816 650 883 678 quas
896 642 1016 670 Joannes

221 693 362 727 apostolus
381 692 407 719 in
424 691 543 726 Epistola
560 697 610 718 sua
622 690 796 718 distinctione
809 690 922 724 mystica
940 696 1016 716 com-

220 738 375 773 prehendit,
386 738 424 764 ait
440 736 511 764 enim
529 735 552 752 “
567 745 574 763 :
590 744 600 761 ε
620 735 717 763 Scribe
729 735 817 768 vobis,
831 735 921 770 pueri,
943 744 953 760 ι
973 738 1012 767 et,

224 793 234 810 ι
250 783 341 811 scribo
360 783 448 815 vobis,
463 782 661 815 adolescentes,
686 790 697 808 ι
719 785 758 814 et,
782 789 792 807 ‹
814 781 907 808 scribo
928 780 1015 814 vobis,

221 834 324 864 patres.
347 838 357 855 ›
385 828 413 855 lu
432 828 533 862 quibus
550 828 644 863 utique
659 835 712 854 non
729 827 886 862 corporales
907 830 1013 858 tetates,

221 876 270 903 sed
285 875 384 902 anima:
399 874 571 909 profectntun
591 873 764 901 ditl'ereutias
786 873 874 908 ponit,
889 877 920 900 ut
932 872 1015 900 etiam

222 921 250 949 in
275 922 327 948 hoc
352 920 533 948 sacerdotalis
552 920 636 954 virga:
665 919 791 954 germine
808 919 1016 946 observavimus

222 966 370 1001 designari.
399 965 541 993 Habentur
570 973 635 1001 ergo
662 965 720 993 haec
738 965 819 1000 θοι
848 964 940 992 omnia
962 972 1015 991 non

223 1017 280 1040 tam
303 1012 332 1040 in
358 1013 436 1048 virga
450 1013 554 1044 Aaron,
571 1018 653 1046 quam
669 1011 695 1038 in
711 1019 744 1038 ea
763 1011 838 1046 virga
867 1018 928 1046 quin
950 1011 1018 1038 exiit

222 1058 257 1086 de
282 1058 375 1087 radice
389 1056 530 1086 JeSsezet
554 1057 604 1085 llos
619 1057 654 1085 de
678 1057 772 1084 radice
796 1056 856 1090 ejus
882 1057 1016 1090 ascendit,

222 1113 305 1140 super
329 1113 411 1141 quem
443 1104 578 1140 requievit
594 1104 707 1139 spiritus
730 1102 821 1132 Dei".
848 1102 877 1130 in
895 1110 950 1137 quo
968 1107 1017 1131 nec

223 1150 276 1178 hoc
309 1151 397 1186 ipsum
423 1150 532 1178 videtur
565 1150 685 1178 otiosum
713 1149 786 1184 quod
815 1150 892 1177 exire
918 1149 1019 1177 dicitur

221 1196 308 1231 virga,
334 1201 363 1223 et
382 1195 432 1223 llos
456 1195 615 1223 ascendere.
643 1195 774 1228 Quamvis
799 1195 872 1222 enim
894 1203 964 1223 unus
983 1195 1018 1222 sit

221 1242 349 1269 Christus
385 1249 434 1276 per
470 1241 654 1268 substantiam
683 1240 734 1276 (5),
772 1240 888 1275 singulis
926 1245 1017 1268 tamen

223 1289 350 1316 diversus
364 1287 492 1320 elIlcitur,
508 1291 589 1323 prout
607 1287 712 1322 indiget
724 1287 746 1314 is
763 1287 789 1314 in
806 1294 860 1322 quo
875 1292 1017 1322 operatur.

224 1335 276 1367 Qui
299 1342 364 1368 ergo
380 1334 490 1368 segnior
504 1339 547 1361 est
561 1338 588 1360 et
604 1332 794 1368 negligentior,
811 1340 861 1367 pro
878 1333 1019 1368 disciplina

224 1381 255 1407 lit
272 1379 296 1407 ei
313 1379 438 1408 Christus
457 1379 542 1415 virga,
558 1384 585 1406 et
603 1379 628 1406 in
644 1378 719 1412 virga
741 1385 795 1405 non
809 1378 962 1406 ascendere
978 1379 1019 1406 di-

224 1426 309 1459 citur,
326 1426 373 1453 sed
384 1426 471 1453 exire.
481 1425 641 1452 Exeunduut
661 1432 778 1459 namque
790 1429 832 1453 est
847 1425 872 1452 ei
889 1424 935 1460 qui
946 1425 1020 1453 iners

226 1478 254 1500 ct
271 1472 363 1507 segnis
376 1476 420 1500 est
433 1471 467 1499 de
481 1479 513 1499 eo
526 1475 597 1499 statu
616 1471 643 1498 in
658 1478 712 1506 quo
724 1479 778 1498 non
794 1476 867 1499 recte
880 1471 1019 1504 consistit,

1066 228 1121 255 cile
1140 227 1330 254 remiSsionent
1345 226 1464 261 aliquam
1485 226 1611 253 videmus
1627 225 1656 253 in
1670 225 1738 260 legis
1758 225 1845 253 litteris

1065 272 1213 308 designari.
1228 271 1291 300 Hice
1308 277 1399 300 autem
1416 272 1536 300 diximus
1552 279 1602 306 pro
1614 271 1648 299 iis
1659 278 1720 306 qua:
1733 272 1840 298 recitata

1065 322 1129 346 sunt
1145 318 1223 346 nobis
1238 326 1246 346 :
1267 327 1277 344 ε
1297 318 1330 345 Et
1347 318 1426 350 dixit,
1451 319 1551 353 inquit,
1573 316 1704 345 Dominus
1714 317 1748 344 ad
1760 317 1842 345 Aaron

1065 364 1161 392 dicens
1178 373 1185 392 :
1202 364 1242 392 Tu
1257 368 1286 392 et
1303 364 1351 391 lilii
1366 364 1416 397 tui,
1433 369 1462 391 et
1482 364 1580 392 domus
1594 363 1680 398 patris
1700 363 1740 390 tui
1764 367 1843 390 tecum

1065 411 1182 439 sumetis
1202 416 1315 445 peccata
1343 415 1534 439 sanctorum.»
1561 410 1655 438 Potest
1679 409 1787 444 quidem
1814 409 1845 435 ita

1066 457 1165 492 exponi
1186 456 1262 484 locus
1279 457 1346 490 iste;
1373 460 1403 483 ut
1432 463 1482 491 per
1497 463 1530 483 ea
1551 462 1613 490 quas
1632 454 1713 482 oli‘ert
1734 454 1846 489 pontifex

1067 510 1118 537 pro
1136 506 1249 537 peccato
1276 500 1503 536 uniuscujusque,
1520 504 1549 526 et
1565 499 1692 534 purllicat
1720 505 1781 526 eum
1804 505 1846 532 pro

1066 556 1122 583 quo
1141 547 1282 580 obtulerit,
1296 547 1429 582 scriptum
1447 545 1504 573 sit:
1523 554 1532 571 ε
1545 545 1585 572 Tu
1607 548 1635 572 et
1649 544 1698 571 lilii
1714 544 1845 572 tui.tecum

1067 594 1181 621 sumetis
1196 598 1308 629 peccata
1320 596 1489 620 sanctorum.
1503 600 1513 617 ι
1528 590 1593 618 Mihi
1607 595 1698 618 autem
1714 596 1766 617 non
1781 589 1846 616 vide-

1068 644 1111 667 tur
1123 639 1241 667 otiosutn
1256 638 1328 673 quod
1344 642 1501 665 sanctorum
1517 640 1630 671 peccata
1649 638 1845 663 commemorat.

1067 684 1097 712 in
1111 685 1205 713 multis
1221 684 1321 712 etenim
1342 683 1492 718 Scriptum
1510 682 1577 710 locis
1593 689 1686 710 sermo
1709 681 1761 708 iste
1778 686 1848 714 repe-

1069 732 1146 759 titur.
1162 730 1238 759 Unde
1262 730 1458 765 requirendum
1480 733 1533 762 est,
1552 728 1690 763 quomodo
1721 731 1750 754 et
1770 726 1847 754 sancti

1067 777 1195 805 dicantur
1217 775 1311 810 aliqui,
1329 779 1357 802 et
1383 775 1416 802 de
1444 774 1567 809 peccatis
1586 780 1681 800 eorum
1711 772 1847 800 scribatur.

1069 823 1128 850 Non
1143 822 1229 854 enim,
1246 826 1277 848 ut
1293 825 1389 856 putant
1412 821 1537 856 quidam,
1563 819 1654 847 statim
1675 823 1704 845 ut
1721 818 1780 853 quis
1794 825 1849 845 san-

1068 874 1128 896 ctus
1145 875 1207 895 esse
1227 867 1356 901 coeperit,
1370 873 1486 901 peccare
1499 865 1556 900 jam
1571 872 1624 892 non
1639 868 1740 899 potest,
1755 867 1782 890 et
1794 870 1849 890 cou-

1070 916 1146 943 tinuo
1162 915 1224 942 sine
1247 918 1362 950 peccato
1378 912 1517 948 putandus
1531 916 1584 939 est.
1599 911 1629 939 Si
1650 911 1725 939 enim
1746 914 1847 937 sanctus

1069 968 1123 988 non
1141 964 1281 995 peccaret,
1298 967 1352 987 non
1377 958 1471 993 utique
1486 958 1618 992 scriptum
1629 960 1702 984 esset
1717 964 1726 984 :
1743 965 1753 982 ι
1765 955 1850 983 Sonte-

1071 1007 1107 1034 tis
1130 1011 1245 1042 peccata
1271 1009 1442 1033 sanctorum.
1455 1013 1465 1030 ι
1482 1003 1513 1031 Si
1530 1008 1642 1031 sanctus
1665 1003 1727 1030 sine
1749 1005 1852 1036 peccato

1070 1056 1155 1086 esset,
1181 1060 1237 1080 non
1258 1052 1362 1080 diceret
1389 1050 1519 1078 Dominus
1542 1057 1592 1084 per
1611 1049 1782 1076 Ezechielem
1801 1055 1853 1082 pro

1071 1099 1180 1133 phetam
1194 1099 1228 1126 ad
1244 1099 1364 1134 angelos,
1392 1104 1462 1133 quos
1488 1095 1616 1124 mittebat
1637 1100 1796 1130 peccatores
1809 1100 1852 1127 ρη-

1071 1145 1130 1173 nire
1141 1145 1223 1178 "-"3
1241 1154 1251 1171 ι
1269 1144 1303 1172 Ει
1320 1151 1334 1171 a
1350 1144 1454 1172 sanctis
1468 1143 1535 1170 meis
1552 1140 1697 1176 incipietis.
1708 1149 1719 1165 ι
1736 1140 1765 1167 Si
1789 1139 1852 1166 enim

1069 1191 1157 1219 sancti
1173 1191 1233 1219 sine
1252 1194 1365 1226 peccato
1381 1194 1457 1222 sunt,
1472 1188 1610 1224 quomodo
1630 1187 1681 1221 ipsi
1698 1185 1782 1220 primi
1800 1191 1853 1211 suc-4

1070 1239 1201 1264 cumbuut
1227 1236 1369 1271 suppliciis
1399 1233 1596 1270 peccatorum?
1625 1233 1654 1260 Si
1677 1231 1767 1259 sancti
1796 1231 1848 1258 sine

1070 1288 1186 1319 peccato
1203 1287 1306 1314 essent,
1321 1288 1460 1316 nunquam
1472 1280 1576 1307 diceret
1593 1278 1739 1314 Scriptura
1748 1277 1782 1310 ⁸⁸,
1798 1276 1854 1312 quia

1074 1331 1181 1365 «justus
1198 1329 1226 1356 in
1245 1328 1384 1364 principio
1398 1326 1535 1355 sermonis
1548 1325 1588 1352 sui
1603 1325 1661 1359 ipse
1682 1324 1727 1351 sui
1752 1329 1855 1350 accusa-

1072 1382 1115 1404 tor
1139 1376 1177 1403 lit.
1192 1385 1201 1402 ι
1220 1375 1249 1402 Si
1269 1374 1358 1402 sancti
1380 1374 1441 1401 sine
1462 1376 1576 1408 peccato
1601 1375 1705 1403 essent,
1723 1376 1854 1404 nunquam

1071 1421 1172 1450 Paulus
1202 1420 1341 1456 apostolus
1372 1419 1494 1450 diceret,
1518 1417 1650 1445 Romanis
1677 1416 1805 1444 scribens
1817 1414 1855 1440 "z

1075 1478 1084 1494 ε
1096 1467 1184 1495 Nolite
1201 1472 1312 1502 prepter
1333 1465 1424 1493 cibum
1449 1465 1559 1492 solvere
1572 1470 1641 1498 opus
1661 1462 1730 1496 Dei;
1745 1471 1754 1488 ι
1768 1461 1856 1495 quibus

225 1524 255 1547 et
274 1518 469 1546 transeundum
497 1518 530 1545 ad
550 1517 633 1544 alium
655 1521 768 1550 statum,
791 1521 922 1552 tanquam
939 1517 1015 1552 virga
1031 1526 1054 1556 α
1074 1515 1100 1542 ἰιι
1121 1513 1258 1549 principio
1276 1512 1403 1548 Epistolas
1419 1510 1568 1546 scripserat
1579 1509 1624 1536 "z
1643 1517 1652 1535 t
1667 1507 1804 1556 0mnib_us
1819 1506 1857 1541 qui

225 1565 378 1600 compulso,
395 1564 422 1592 id
443 1568 486 1591 est
501 1563 648 1591 severitate
666 1563 801 1591 doctrinm
816 1563 955 1597 rigidiorls
972 1565 1019 1590 ad-

227 1612 342 1640 monito.
356 1611 407 1645 Qui
433 1618 498 1638 vero
510 1610 601 1646 justus
619 1614 670 1642 est,
688 1611 753 1645 quia
766 1609 857 1644 justus
873 1609 946 1637 sicut
960 1609 1020 1645 pal-

227 1665 271 1684 nta
285 1657 408 1690 ﬂoret“,
424 1657 452 1684 in
474 1657 525 1684 hoc
542 1656 690 1684 ascendere
707 1656 808 1683 dicitur
823 1655 960 1684 Christus.
974 1655 1020 1683 Sic

227 1711 294 1738 ergo
316 1704 363 1739 qui
387 1703 548 1731 verberibus
573 1702 686 1736 indiget,
705 1702 764 1729 exit
786 1702 819 1729 ad
844 1709 906 1729 eum
924 1701 1020 1737 virga;

228 1751 275 1786 qui
292 1756 381 1778 autem
399 1750 510 1785 proﬂcit
526 1749 558 1776 ad
572 1749 719 1784 justitiam,
733 1749 858 1776 ascendit
875 1749 901 1776 in
914 1747 1019 1775 ilorem.

228 1796 366 1825 Ascendet
390 1801 480 1823 autem
505 1802 647 1830 usquequo
665 1794 760 1822 all'erat
777 1794 881 1822 l'ructus
895 1794 1020 1829 spiritus,

228 1844 275 1880 qui
298 1847 363 1871 sunt
381 1842 514 1874 Charitas,
538 1842 677 1878 gaudium,
705 1849 770 1875 pax,
796 1839 974 1876 patientia",
994 1843 1022 1866 et

229 1889 340 1924 reliqua:
367 1888 482 1916 virtutes
501 1887 528 1915 in
553 1887 665 1915 Christo
688 1886 752 1915 Jesu
782 1886 898 1914 Domino
916 1891 1021 1918 nostro,

229 1935 273 1962 cui
289 1939 332 1962 est
353 1934 452 1967 honor,
468 1938 496 1961 et
509 1933 607 1968 gloria,
619 1938 647 1961 et
660 1932 804 1968 imperium
819 1932 847 1959 in
865 1930 961 1959 saecula
974 1938 1024 1958 sa:-

229 1980 365 2007 culorutn.
384 1981 483 2007 Amen.

528 2023 669 2052 IIOMILIA
689 2023 725 2051 X.

232 2080 271 2110 De
288 2089 318 2107 eo
332 2080 401 2114 quod
417 2080 544 2113 scriptum
557 2085 594 2107 est
609 2080 651 2107 θοι
673 2089 682 2105 ι
707 2078 741 2106 Et
760 2079 828 2106 dixit
841 2079 970 2106 Dominus
990 2080 1024 2106 ad

269 2117 358 2141 Aaron
376 2122 386 2142 :
401 2114 439 2141 Tu
453 2119 477 2141 et
500 2115 551 2148 ﬁlii
567 2115 615 2146 tui.
631 2120 654 2142 et
671 2114 765 2141 domus
785 2114 870 2150 patria
885 2115 924 2141 tui
939 2119 1024 2141 tecum

267 2150 377 2177 sumetis
392 2153 499 2184 peccata
518 2155 680 2178 sanctorum.
704 2159 714 2176 ι

270 2208 296 2236 1.
317 2207 366 2241 Qui
385 2206 512 2234 meliores
522 2211 596 2237 sunt,
616 2205 776 2233 inferiorum
793 2214 904 2241 semper
928 2206 1023 2240 culpas
1039 2197 1062 2224 Ῑ)

233 2258 261 2281 et
271 2258 380 2286 peccata
388 2252 552 2287 suscipiunt.
564 2251 610 2279 Sic
625 2252 697 2280 cnim
707 2257 735 2280 et
751 2252 895 2287 Apostolus
911 2252 977 2280 dicit
987 2252 1022 2279 ":

237 2308 247 2325 ι
261 2298 314 2326 Vos
328 2299 373 2333 qui
386 2298 524 2325 ﬁrmiores
538 2298 615 2330 estis,
634 2297 834 2325 imbecillitatcs
852 2298 1024 2325 inﬁrmorum

234 2346 378 2375 sustinete.
392 2354 402 2370 ι
418 2343 538 2371 Israelita
565 2343 587 2371 si
613 2347 719 2379 peccet,
743 2343 770 2370 id
796 2349 838 2371 est
856 2344 951 2378 laicus,
968 2344 1026 2379 ipse

234 2398 314 2420 suum
339 2398 392 2417 non
417 2394 507 2425 potest
529 2389 636 2417 auferre
655 2393 813 2424 peccatum;
837 2390 884 2418 sed
911 2389 1025 2423 requirit

234 2437 357 2469 levitam,
386 2435 490 2470 indiget
515 2435 669 2468 sacerdote,
692 2434 746 2461 imo
771 2435 861 2469 potius
882 2439 910 2461 et
933 2434 1024 2462 adhuc

232 2482 330 2510 horum
357 2481 458 2516 aliquid
476 2481 647 2509 eminentius
664 2481 763 2516 quatrit
781 2490 787 2508 :
805 2480 935 2515 pontilice
958 2488 1026 2516 opus

234 2533 287 2562 est,
305 2533 334 2555 ut
355 2532 528 2562 peccatorum
555 2528 746 2555 remissionem
775 2527 860 2561 possit
889 2526 1026 2562 aecipere.

236 2575 370 2602 Sacerdos
398 2579 489 2602 autent
516 2574 538 2601 si
560 2573 713 2609 delinquat,
742 2578 789 2600 aut
814 2572 946 2606 pontifex,
969 2573 1027 2608 ipse

237 2628 315 2647 suum
336 2626 424 2655 potest
441 2628 558 2655 purgare
576 2624 716 2655 peceatum
730 2627 737 2651 ;
751 2619 773 2646 si
791 2623 880 2646 tamen
895 2626 947 2646 non
964 2627 1027 2654 pec-

1076 1565 1142 1588 sunt
1163 1560 1256 1587 Romae
1274 1559 1380 1587 dilectis
1396 1558 1456 1589 Dei,
1472 1557 1576 1585 vocatis
1595 1554 1714 1583 sanctis.
1730 1563 1740 1580 ν
1762 1553 1796 1580 Et
1817 1553 1856 1579 ἰω-

1072 1615 1131 1634 rtnn
1146 1607 1216 1634 ident
1232 1605 1376 1640 Apostolus
1388 1606 1420 1632 ad
1430 1603 1588 1632 Corinthios
1597 1600 1738 1632 scribens,
1753 1597 1856 1626 dicit":

1075 1663 1084 1680 ε
1101 1653 1203 1681 Paulus
1217 1657 1330 1679 vocatus
1361 1649 1503 1685 apostolus
1517 1648 1582 1676 .lesu
1600 1647 1722 1680 Christi;
1741 1655 1753 1673 ι
1768 1650 1795 1673 et
1809 1648 1858 1678 post

1073 1707 1156 1735 pauca
1174 1707 1182 1727 :
1201 1708 1210 1725 ι
1225 1697 1353 1726 Ecclesiae
1373 1696 1418 1724 Dei
1435 1703 1496 1731 qua:
1522 1700 1566 1723 est
1586 1692 1730 1725 COriuthi,
1747 1690 1859 1719 sanclili-

1071 1746 1142 1774 catis
1158 1746 1186 1773 in
1203 1745 1314 1774 Christo
1334 1743 1410 1775 Jesu.
1426 1741 1532 1771 vocatis
1555 1739 1670 1767 sanctis.
1682 1747 1694 1764 ι
1715 1738 1787 1765 Istos
1805 1742 1860 1769 ergo

1072 1799 1142 1828 quos
1157 1790 1345 1819 sanetilicatos
1357 1793 1385 1816 et
1400 1792 1512 1816 sanctos
1531 1785 1665 1821 appellat,
1680 1783 1751 1811 audi
1766 1786 1859 1817 quanta

1073 1839 1100 1866 in
1114 1839 1155 1866 eis
1170 1841 1282 1872 peccata
1307 1835 1505 1871 reprehendat.
1533 1833 1578 1859 Ait
1595 1831 1668 1859 enim
1684 1830 1715 1857 in
1729 1827 1860 1864 sequenti-

1073 1885 1175 1912 bus":
1191 1892 1200 1909 ε
1212 1883 1280 1911 Cum
1305 1882 1380 1910 enim
1405 1881 1460 1909 sint
1478 1880 1550 1907 inter
1564 1885 1612 1906 vos
1628 1875 1819 1905 aemulationes
1839 1877 1861 1898 et

1074 1931 1275 1963 contentiones,
1299 1936 1389 1957 nonne
1414 1927 1541 1956 carnales
1563 1925 1642 1956 estis,
1666 1928 1697 1951 et
1718 1921 1861 1950 secundum

1075 1978 1213 2005 hominem
1236 1975 1402 2003 ambulatis?
1418 1984 1427 2000 ι
1447 1973 1480 2001 Ει
1495 1973 1595 2000 itertnn
1608 1970 1650 1997 ’νε
1668 1978 1677 1995 ι
1695 1968 1759 1996 Jam
1773 1966 1862 1995 divites

1077 2023 1141 2051 facti
1153 2023 1231 2055 estis,
1246 2023 1306 2049 sine
1322 2021 1399 2048 nobis
1416 2018 1547 2054 regnatis,
1563 2021 1590 2045 et
1609 2016 1716 2043 tttinam
1742 2018 1862 2048 regnare-

1078 2070 1112 2097 tis
1126 2070 1131 2096 l
1150 2078 1159 2096 ι
1179 2068 1213 2096 Ει
1230 2067 1360 2095 iterum“
1375 2075 1382 2093 :
1400 2074 1409 2089 ι
1420 2064 1561 2098 Tanquam
1575 2065 1665 2088 autem
1682 2067 1741 2087 non
1756 2061 1860 2084 venturo

1078 2123 1121 2143 me
1138 2115 1172 2142 ad
1189 2121 1237 2141 vos
1262 2112 1346 2140 inllati
1368 2115 1432 2139 sunt
1446 2108 1569 2144 quidam.
1585 2117 1595 2133 ι
1611 2106 1645 2134 Et
1654 2105 1739 2140 paulo
1754 2108 1812 2139 post
1820 2102 1839 2118 “
1854 2109 1860 2128 :

1081 2172 1090 2189 ι
1104 2161 1223 2190 Omnino
1242 2158 1350 2186 auditur
1366 2157 1439 2184 inter
1457 2163 1504 2183 vos
1519 2152 1676 2184 lornicatio,
1692 2156 1723 2178 et
1739 2150 1800 2178 talis
1812 2148 1860 2175 for-

1078 2207 1191 2240 uicatio,
1212 2204 1303 2240 qualis
1321 2210 1372 2230 nec
1389 2203 1461 2229 inter
1476 2205 1582 2238 gentes.
1599 2208 1608 2224 ι
1630 2198 1657 2225 ln
1675 2193 1860 2232 consequenti-

1078 2254 1128 2281 bus
1142 2259 1207 2280 vero
1218 2251 1241 2267 θ’
1255 2258 1262 2277 :
1278 2259 1288 2276 ι
1304 2249 1339 2276 Ει
1356 2255 1415 2281 vos,
1433 2246 1531 2282 inquit,
1545 2244 1631 2272 inﬂati
1658 2244 1739 2275 estis,
1768 2246 1796 2269 et
1816 2246 1861 2266 non

1078 2300 1170 2336 potius
1185 2299 1290 2326 luctum
1307 2294 1456 2323 habuistis.
1472 2302 1482 2319 ι
1503 2291 1532 2319 In
1559 2298 1613 2326 quo
1643 2290 1742 2324 utique
1770 2286 1861 2336 nullan!

1080 2332 1191 2381 reliquit
1212 2345 1374 2375 immunem,
1401 2340 1465 2375 dum
1489 2338 1554 2365 aliis
1574 2335 1782 2366 fornicationis,
1810 2332 1863 2359 aliis

1079 2380 1229 2421 inﬂationis
1246 2394 1274 2418 et
1299 2387 1435 2424 superbia:
1449 2385 1553 2412 crimen
1577 2381 1703 2410 ascribit.
1727 2380 1809 2408 Notat
1822 2384 1863 2424 eos

1079 2443 1106 2467 et
1121 2440 1148 2466 in
1166 2423 1394 2471 consequentibus
1408 2432 1490 2460 etiam
1506 2430 1539 2458 de
1555 2427 1677 2463 judiciis,
1695 2433 1725 2454 et
1740 2426 1806 2453 dicit
1822 2423 1862 2471 “_:

1082 2495 1091 2512 ε
1104 2485 1162 2513 Jatn
1186 2469 1296 2518 quidem
1313 2479 1425 2508 omnino
1439 2478 1568 2506 delictum
1588 2479 1631 2503 est
1653 2474 1681 2501 in
1697 2472 1795 2506 vobis;
1808 2469 1863 2505 quia

1077 2528 1180 2564 judicia
1195 2526 1304 2554 habetis
1324 2525 1395 2552 inter
1409 2530 1469 2551 vos.
1482 2531 1492 2549 ι
1509 2520 1605 2556 ΑΙ·δυίι
1619 2527 1667 2547 eos
1679 2525 1752 2552 quos
1764 2519 1865 2544 sanctos

1081 2575 1200 2606 dixerat,
1215 2578 1242 2601 et
1253 2580 1301 2608 pro
1315 2579 1349 2600 eo
1363 2570 1437 2606 quod
1449 2568 1530 2597 idolis
1544 2565 1683 2594 immolata
1696 2563 1866 2592 manducent,

1081 2627 1109 2647 et
1132 2619 1210 2654 quasi
1235 2606 1402 2646 sententiam
1427 2616 1499 2642 inter
1515 2621 1562 2641 eos
1579 2610 1726 2648 proferens
1741 2608 1809 2636 dicit
1823 2606 1844 2622 “
1859 2611 1864 2628 ε

274 2689 297 2706 ⁸⁸
309 2690 317 2716 1
329 2689 407 2717 Joan.
423 2698 453 2722 ll,
467 2691 511 2722 15,
532 2691 575 2718 is.
615 2691 637 2706 "
653 2691 703 2717 lsa.
721 2697 758 2720 xt,
775 2690 800 2716 1.
838 2690 861 2705 ⁵³
874 2689 945 2716 Psal.
960 2696 1015 2722 XCI,

1070 2707 1078 2715 -
1117 2688 1139 2704 εν
1156 2687 1215 2716 can.
1233 2695 1259 2721 ν,
1271 2687 1317 2714 22.
1355 2686 1378 2702 ιο
1390 2685 1472 2722 κως
1488 2689 1566 2722 μευ,
1579 2680 1626 2722 ί-.
1644 2679 1666 2722 "_
1684 2674 1866 2722 suasca:-

238 2724 299 2742 ⁵²·³³
314 2725 411 2751 Ezm-h.
430 2733 467 2758 tv,
485 2726 513 2752 6.
579 2726 601 2741 "
618 2725 699 2752 Prov.
718 2733 796 2757 xvm,
814 2724 855 2750 l7.

239 2767 281 2791 ut,
296 2759 324 2786 5,
362 2761 384 2775 ⁵⁸³
401 2760 410 2786 l
425 2760 488 2788 Cor.
503 2767 540 2792 IV,
555 2761 582 2788 8.
620 2761 642 2776 5°
654 2761 716 2787 ibid.
734 2760 778 2787 18.
816 2760 837 2775 ⁵³
849 2759 857 2786 Ι
871 2759 933 2787 ϐπ.
950 2767 976 2793 v,
992 2759 1017 2786 1.

896 2725 919 2740 ’⁵⁵
936 2724 1016 2751 Ιῖοιιι.
1036 2731 1092 2754 xw,
1108 2724 1152 2750 9.0.

896 2767 933 2787 ur.
950 2767 976 2787 ν.
992 2759 1017 2786 1.
1054 2759 1076 2775 ⁶³
1092 2760 1157 2787 ibid.
1170 2759 1186 2786 2

1092 2767 1157 2787 Ibid.
1170 2767 1198 2786 Ζ.

1450 2720 1472 2734 ⁵⁷
1489 2717 1498 2744 l
1513 2711 1576 2745 Cor.
1592 2717 1626 2748 I,l
1643 2719 1667 2742 el
1685 2714 1716 2740 2.
1756 2714 1779 2729 ⁸³
1792 2712 1800 2738 Ι
1812 2711 1867 2738 Cor.

1202 2723 1225 2739 ⁵⁵
1241 2723 1318 2749 Iiotu.
1340 2729 1359 2753 ι,
1375 2722 1402 2748 7.
1450 2722 1472 2734 ⁵⁷
1489 2722 1498 2744 l
1513 2722 1576 2745 Cor.
1592 2722 1626 2748 1,1
1643 2722 1667 2742 et
1685 2722 1716 2740 ι.
1756 2722 1770 2729 ἠ

1237 2759 1260 2773 ⁵³
1275 2757 1284 2782 1
1300 2758 1363 2782 Cor.
1380 2763 1419 2782 vt.
1435 2755 1461 2781 ’1.
1502 2753 1524 2768 ⁸⁸
1540 2753 1548 2779 l
1565 2752 1628 2779 Cor.
1646 2756 1707 2782 vut,
1725 2749 1770 2776 ti.

1237 2759 1260 2773 ⁵³
1275 2757 1284 2784 l
1300 2758 1363 2785 Cor.
1380 2763 1419 2789 Vl,
1435 2755 1461 2781 ’1.

277 2840 317 2877 (5)
335 2839 384 2870 Per
411 2841 595 2871 sztbttatttiatu.
616 2842 798 2870 Substantiam
822 2849 897 2871 more
922 2841 1015 2870 Cresco
1033 2846 1110 2870 vocat
1125 2837 1339 2870 sulrsistcutium,
1357 2835 1384 2864 id
1398 2839 1438 2864 cst
1454 2833 1630 2869 hypostasim.
