1894 3058
4 140 46 166 ϋῖῆ

618 135 651 163 ΙΝ
668 133 834 164 NUMEROS
854 134 994 165 llOMlLlA
1015 136 1049 164 il.

1598 135 1649 162 038

6 210 14 225 ‹
29 200 71 227 Sic
90 203 196 226 autem
228 203 376 234 peccantes
389 197 460 235 inter
474 196 586 229 fratres.
605 202 632 225 et
650 198 805 232 percutieu-
820 202 843 229 Α
857 199 931 226 dium
949 203 1037 234 gerat,
1064 205 1126 225 cum
1146 196 1314 232 peccaverit,
1331 196 1419 224 nescit
1440 195 1543 231 peccati
1561 196 1648 230 poeni-

4 252 40 272 n-s
62 245 278 272 conscientiam
302 251 396 271 earum
428 243 576 276 infirmam,
609 244 634 270 in
665 243 806 271 Christum

5 291 129 324 peccatis.
161 300 173 317 ι
206 288 262 317 Sed
292 294 320 316 et
352 289 386 316 de
411 296 444 316 eo
475 287 656 316 nihilominus
683 288 807 317 confluat

5 343 56 367 eos,
73 335 152 369 quod
176 343 236 362 non
255 334 342 363 solum
366 334 569 361 immolatitium
585 332 625 370 (6)
641 334 745 368 cibum,
758 334 806 362 sed

5 388 27 408 et
52 381 173 408 calicem
197 379 398 408 daemoniorum
426 383 603 414 prmsumant,
629 385 657 407 et
684 380 805 408 dicit":

8 424 80 453 tNon
92 427 222 461 potestis
239 423 351 453 calicem
376 424 484 453 Domini
511 424 617 459 bibere,
643 429 670 452 et
693 425 806 453 calicem

5 472 212 499 ti:|3ll|0lli0l'lln]
231 481 238 498 :
257 479 310 498 non
340 470 454 506 potestis
480 478 582 498 mensa:
601 470 708 498 Domini
723 473 808 506 parti-

5 526 71 551 tlpes
92 525 172 550 esse,
199 523 229 544 et
255 522 355 544 mensa:
381 515 589 544 datmoaiorum.
608 524 617 542 ι
640 517 709 551 Ipsis
724 518 807 545 etiam

6 564 62 591 illud
79 563 153 591 dicit
170 564 198 579 "
216 572 224 591 :
246 573 255 590 ι
272 563 349 597 Quod
366 563 594 592 eouvenientibus
619 563 698 591 vobis
711 564 738 591 iu
756 564 806 592 Ec-

5 611 91 642 clesia,
108 609 201 637 audio
212 611 364 637 schismata
374 617 461 637 esset
473 609 504 637 Et
520 609 620 637 lterum
630 610 652 626 "
665 618 672 636 :
690 619 701 636 ι
716 608 806 637 Unus—

6 658 117 692 quisque
146 656 230 684 enim
255 663 331 683 suam
358 662 464 683 orenam
485 654 630 690 praesumit
645 655 679 683 ad
696 656 809 683 mandu-

5 703 117 730 cnndum
131 706 185 730 :et
197 701 271 729 alius
286 701 395 736 quidem
411 701 517 734 esurit,
528 701 599 730 alius
613 706 705 729 autem
713 702 808 729 ebritts

6 755 50 777 fsl.
66 758 75 775 ι
94 747 128 777 Et
145 756 204 784 pro
222 747 258 776 iis
272 748 382 776 delictis
402 748 469 776 dicit
480 747 503 764 °°
521 756 528 775 :
545 757 555 774 ι
568 748 718 783 Propterea
737 749 810 776 inter

8 805 50 824 vos
75 795 162 824 multi
198 795 317 829 inlirmi,
349 801 379 824 et
402 796 481 832 aegri,
506 799 534 824 et
556 795 699 823 dormiunt
720 796 808 824 multi.

7 842 75 876 Quod
94 843 119 870 si
139 850 198 870 nos
220 841 296 877 ipsos
311 842 535 877 diiudicaremus,
551 849 605 870 non
622 842 717 876 utique
727 841 808 876 302

4 890 207 921 iudicarentur.
224 898 235 914 ι
264 888 329 916 Post
357 889 416 916 haec
442 894 534 917 autem
559 896 614 916 non
629 888 685 922 jam
709 888 807 916 delicta

11 936 122 963 moralia
143 935 203 970 (7),
220 933 270 962 sed
291 934 353 962 ﬁdei
371 934 397 962 in
413 935 454 962 eis
467 936 572 963 crimen
588 940 749 970 exaggerat.
765 935 810 962 Ait

7 982 72 1008 enim
83 978 107 997 "
122 991 130 1008 :
152 990 163 1006 ‹
176 979 326 1014 Quomodo
347 980 441 1007 dicunt
460 980 533 1007 inter
551 987 598 1007 vos
612 981 723 1015 qnidatn
736 980 808 1016 quod

10 1028 178 1055 resurrectio
201 1033 375 1055 mortuorum
402 1035 456 1054 non
487 1025 564 1055 sit?»
592 1026 625 1055 Et
652 1027 751 1054 iterum
763 1026 808 1054 τοι

11 1084 18 1098 ι
30 1074 55 1100 Si
68 1078 167 1101 autent
186 1073 318 1100 Christus
337 1080 388 1099 non
411 1073 575 1105 resurrexit,
593 1080 662 1099 vana
680 1077 722 1099 est
743 1072 810 1099 lides

10 1123 106 1146 vestra.
122 1119 229 1146 Adhuc
242 1118 313 1145 enim
329 1117 396 1145 estis
412 1117 438 1145 in
454 1117 575 1152 peccatis
590 1117 699 1145 vestris.
714 1126 723 1143 ι
737 1117 809 1144 Lon-

10 1175 67 1201 gum
84 1173 173 1201 porro
192 1169 249 1196 est,
272 1171 322 1192 nec
343 1163 469 1198 praesenti
493 1164 663 1191 conveniens
682 1163 807 1198 tempori,

10 1218 34 1238 ut
55 1212 177 1247 plurima
208 1208 245 1238 de
274 1209 306 1237 iis
331 1209 485 1237 testimonia
509 1209 693 1244 proferamus,
711 1210 809 1244 quibus

10 1259 136 1292 probetur
147 1257 231 1292 quod
245 1255 262 1282 ii
279 1255 324 1290 qui
341 1255 429 1283 sancti
449 1255 587 1287 dicuntur,
606 1263 659 1282 non
677 1256 809 1283 continue

11 1304 87 1330 etiam
108 1302 176 1330 sine
193 1306 311 1337 peccato
325 1308 386 1328 esse
400 1298 605 1335 intelligantur;
618 1300 665 1327 sed
681 1299 738 1328 haec
750 1299 810 1334 opi-

12 1354 103 1376 nentur
124 1349 166 1381 illi
184 1348 235 1383 qui
253 1346 402 1381 Scripturis
418 1346 517 1374 divinis
539 1352 593 1373 non
619 1345 744 1377 sollicite,
759 1354 810 1372 nec

11 1394 153 1428 diligenter
179 1393 349 1421 intendunt:
368 1392 394 1420 in
418 1392 517 1427 quibus
539 1391 629 1418 multa:
645 1399 707 1419 esse
732 1390 810 1419 diﬂ‘e-

12 1439 101 1466 rentize
117 1443 288 1466 sanctorum
304 1437 447 1469 docentur,
466 1436 537 1463 sicut
552 1445 566 1463 a
578 1436 656 1464 nobis
671 1440 697 1463 cl
710 1436 736 1463 in
749 1436 810 1464 aliis

13 1486 177 1512 tractatibus
193 1483 305 1518 plenius
323 1482 426 1510 dictum
442 1487 494 1509 est.
511 1481 566 1510 Sed
585 1487 613 1509 et
633 1489 705 1509 nunc
719 1489 809 1516 quan-

13 1535 64 1557 tum
78 1530 156 1558 locus
172 1530 302 1564 requirit,
319 1529 452 1556 dicemus.
465 1528 559 1556 Sancti
574 1527 702 1555 dicuntur
714 1528 809 1556 iidem-

13 1585 60 1608 que
73 1582 100 1603 et
115 1580 286 1611 peccatores
300 1574 338 1601 illi
350 1575 395 1609 qui
407 1581 437 1601 se
452 1578 583 1601 voverunt
598 1572 706 1608 quidem
717 1573 773 1600 Deo
781 1578 808 1600 et

14 1626 262 1657 scquestraverunt
287 1629 301 1647 a
321 1620 392 1655 vulgi
413 1621 619 1648 conversatione
633 1620 716 1646 vitam
730 1626 808 1647 suam

14 1670 42 1694 ad
58 1670 109 1696 hoc
136 1673 169 1695 ut
194 1667 313 1694 Domino
327 1666 459 1694 serviant.
475 1665 635 1699 Huiusmodi
649 1672 713 1700 ergo
728 1666 810 1693 homo

15 1716 160 1742 secundum
181 1714 249 1747 hoc,
266 1713 337 1747 quod
356 1720 385 1741 se
410 1711 517 1740 caeteris
539 1712 646 1739 actibus
669 1712 810 1740 circumci-

15 1762 47 1787 sis
60 1759 182 1787 Domino
200 1758 378 1793 mancipavit,
396 1763 510 1786 sanctus
524 1757 634 1785 dicitur.
650 1757 743 1785 Potest
759 1765 810 1784 au-

16 1812 62 1832 tetu
80 1806 151 1839 ﬁeri,
171 1811 203 1832 ut
219 1805 246 1832 in
262 1804 312 1832 hoc
329 1805 387 1840 ipso
400 1805 471 1840 quod
486 1804 599 1833 Domino
613 1804 741 1837 deservit,
756 1811 809 1831 non

17 1854 49 1878 ita
70 1853 166 1880 omnia
192 1855 272 1887 gerat
290 1855 318 1878 ut
338 1851 396 1886 geri
411 1851 552 1886 competit,
570 1851 617 1879 sed
634 1851 773 1886 delinquat
783 1851 809 1878 in

18 1898 162 1931 nonnullis,
183 1902 212 1925 et
234 1902 338 1932 peccet.
365 1897 443 1925 Sicut
458 1899 529 1925 enim
556 1897 579 1925 is
595 1898 641 1932 qui
657 1901 811 1932 sequestrat

18 1953 53 1977 se,
65 1950 91 1972 et
115 1948 251 1979 segregat
266 1944 300 1971 ab
312 1943 438 1971 omnibus
451 1943 568 1977 actibus,
585 1949 614 1970 ut
626 1942 810 1978 disciplinam,

19 1991 84 2018 verbi
101 1991 213 2026 gratia,
235 1989 377 2017 medicina:
402 1995 449 2017 aut
462 1989 643 2024 philosophia:
659 1996 811 2023 consequa-

19 2041 65 2067 tur,
78 2045 132 2064 non
149 2035 252 2069 utique
265 2036 394 2063 continuo
410 2040 439 2063 ut
450 2044 479 2064 se
492 2035 646 2072 hujusmodi
671 2035 812 2062 tradiderit

18 2081 180 2116 disciplinis.
202 2081 240 2107 ita
255 2080 392 2114 perfectus
414 2082 479 2113 erit,
493 2085 522 2108 ut
535 2088 589 2107 non
616 2080 772 2107 inveniatur
785 2080 810 2107 in

18 2125 103 2160 aliquo
130 2131 281 2160 peccare:
298 2125 351 2151 imo
380 2126 470 2159 potius
498 2125 613 2160 plurima
633 2124 812 2159 delinquendo

18 2171 55 2197 vix
72 2172 104 2197 ad
118 2170 324 2206 perfectionem
350 2170 499 2204 aliquando
512 2170 666 2205 perveniet;
681 2175 708 2197 ct
721 2175 811 2198 tamen

864 245 986 271 tudinem
1002 250 1108 279 gerere,
1125 243 1211 271 nescit
1232 242 1323 270 delicti
1347 242 1500 270 remedium
1514 248 1648 276 qumrero.

858 291 910 324 Qui
929 295 982 318 nun
1007 294 1074 317 sunt
1099 290 1199 323 sancti,
1215 289 1242 316 in
1265 288 1388 324 peccatis
1402 288 1460 315 suis
1477 287 1649 318 moriuntur;

858 337 904 372 qui
921 336 1009 365 sancti
1034 340 1108 368 sunt,
1126 342 1174 370 pro
1186 336 1307 370 peccatis
1320 335 1523 369 penitndiuem
1540 339 1649 367 gerunt,

858 383 971 410 vulnera
997 389 1045 409 sua
1072 381 1206 412 sentiunt,
1222 380 1378 413 intelligunt
1393 379 1495 414 lapsus,
1508 380 1650 414 requirunt

858 428 1039 460 sacerdotem,
1069 426 1214 454 sanitatem
1241 426 1405 459 deposcunt,
1429 424 1648 459 puriﬁcationem

858 481 908 508 per
925 473 1080 508 pontiﬁcum
1108 475 1244 506 quarunt.
1264 470 1368 497 Idcirco
1392 478 1459 505 ergo
1474 475 1554 498 caute
1570 474 1597 497 et
1611 470 1650 497 si-

860 520 1025 554 gniﬁcanter
1039 525 1130 546 sermo
1144 517 1212 552 legis
1223 516 1359 551 designat,
1381 516 1445 550 quia
1463 516 1606 550 pontiﬁces
1620 520 1650 543 et

859 565 1028 596 sacerdotes,
1057 571 1111 591 non
1142 568 1389 598 quorumcumque.
1412 562 1459 588 sed
1488 567 1648 589 satmtorum

861 609 1050 637 tantummodo
1063 612 1173 636 sumant
1188 612 1318 642 peccata;
1332 610 1445 633 sanctus
1462 605 1535 632 enim
1552 610 1593 632 cst
1604 605 1649 640 qui

861 659 1002 690 peccatum
1020 661 1099 682 suum
1112 660 1161 688 per
1177 652 1332 688 pontiﬁcem
1345 655 1436 678 curat.

893 700 922 729 2.
943 700 997 728 Sed
1021 700 1166 728 redeamus
1177 698 1212 726 ad
1230 698 1387 732 pontiﬁcem
1409 702 1543 728 nostrum,
1559 695 1650 730 ponti-

861 747 940 774 ﬁcem
957 753 1083 781 magnum
1105 745 1150 780 qui
1168 744 1321 779 penetravit
1344 744 1439 776 caelos,
1452 742 1545 770 Jesuttt
1560 740 1651 768 Domi-

860 797 924 818 num
940 795 1078 822 nostrum;
1095 793 1124 816 et
1138 789 1279 816 videamus
1292 788 1429 823 quomodo
1443 788 1500 822 ipse
1513 794 1574 813 cum
1589 785 1653 812 liliis

861 834 928 868 suis,
944 834 1075 870 apostolis
1091 833 1197 861 scilicet
1208 838 1237 863 et
1249 834 1426 869 martyribus,
1440 832 1521 860 sumit
1540 835 1651 866 peccata

826 873 848 901 Β
862 885 1029 907 sanctorum.
1047 878 1081 906 Et
1094 879 1204 914 quidem
1221 880 1293 914 quod
1311 879 1441 906 Dominus
1459 883 1554 904 noster
1569 876 1649 904 Iesus

860 923 985 953 Christus
1007 925 1114 952 venerit
1131 930 1161 952 ut
1185 925 1296 953 tolleret
1325 929 1469 959 peccatum
1496 923 1601 956 tnundi,
1621 925 1650 949 et

861 975 949 998 morte
974 977 1024 998 sua
1054 975 1167 1005 peccata
1198 976 1290 998 nostra
1319 970 1461 1002 deleverit,
1489 968 1579 996 nullus
1604 968 1652 1002 qui

860 1016 971 1045 Christo
983 1016 1079 1049 credit,
1096 1015 1215 1051 ignorat.
1229 1015 1373 1049 Quomodo
1385 1020 1475 1042 autem
1492 1020 1519 1042 et
1534 1008 1580 1041 lilii
1594 1013 1653 1048 ejus

860 1062 987 1090 auferant
1000 1066 1111 1097 peccata
1128 1066 1297 1094 sanctorum,
1307 1061 1334 1088 id
1346 1064 1388 1088 est
1402 1059 1516 1094 apostoli
1530 1064 1558 1086 et
1576 1066 1653 1086 mar-

861 1113 946 1144 tyres,
962 1109 985 1136 si
1008 1106 1171 1143 poterimus,
1189 1114 1223 1135 ex
1244 1106 1398 1141 Scripturis
1416 1105 1516 1133 divinis
1535 1105 1653 1140 probare

862 1155 1041 1183 tentabimus.
1057 1154 1128 1181 Audi
1154 1153 1243 1189 primo
1269 1152 1384 1180 Paulum
1405 1152 1541 1179 dicentem
1557 1161 1564 1178 :
1581 1160 1590 1176 ε
1607 1150 1654 1177 Li-

860 1201 956 1229 benter
978 1200 1065 1233 enim,
1081 1199 1171 1235 inquit
1181 1199 1215 1231 “,
1231 1198 1396 1234 expendam,
1409 1204 1437 1225 et
1450 1198 1591 1232 expendar
1604 1204 1654 1231 pro

860 1247 1003 1274 animabus
1013 1245 1132 1278 vestris;
1148 1255 1158 1271 ι
1173 1250 1200 1272 et
1211 1244 1236 1271 in
1250 1244 1303 1271 alio
1316 1243 1376 1271 loco
1390 1252 1397 1270 :
1414 1253 1423 1269 ι
1439 1241 1493 1278 Ego
1512 1243 1583 1270 enim
1596 1242 1653 1277 jam

859 1292 997 1325 lmmolor,
1009 1291 1139 1326 inquit",
1150 1294 1178 1317 et
1188 1295 1293 1325 tempus
1307 1288 1511 1324 regressionis,»
1526 1288 1585 1315 sive
1595 1295 1654 1315 tre-

860 1338 1003 1366 solutionis
1018 1344 1085 1364 mea:
1100 1336 1196 1365 instat.
1206 1346 1216 1363 ι
1233 1336 1285 1363 Pro
1296 1335 1330 1362 iis
1353 1342 1419 1370 ergo
1434 1333 1532 1369 quibus
1546 1333 1652 1361 scribe-

859 1385 919 1417 bat,
932 1383 1050 1418 expendi
1064 1390 1094 1410 se
1109 1388 1137 1411 et
1157 1381 1289 1410 immolari
1307 1381 1373 1408 dicit
1387 1379 1545 1414 Apostolus.
1560 1378 1653 1406 Hostia

860 1434 952 1457 autem
970 1437 1030 1456 cum
1043 1427 1212 1461 immolatur,
1227 1427 1263 1454 ad
1280 1427 1332 1454 hoc
1345 1425 1500 1453 immolatur
1514 1431 1544 1451 ut
1560 1431 1653 1451 eorum

860 1483 910 1511 pro
927 1474 1187 1510 quibusjugulatur,
1203 1477 1314 1507 peccata
1327 1474 1488 1506 purgentur.
1502 1467 1540 1496 De
1554 1474 1657 1503 marty-

861 1523 937 1550 ribus
959 1527 1049 1550 autent
1065 1521 1162 1549 scribit
1180 1519 1299 1548 Joannes
1322 1517 1462 1553 apostolus
1481 1517 1506 1544 in
1521 1514 1656 1551 Apocaly-

860 1569 944 1605 psi",
957 1568 1019 1603 quia
1035 1568 1133 1595 animte
1156 1574 1250 1594 eorum
1266 1565 1316 1602 qui
1335 1563 1452 1600 jugulati
1466 1567 1529 1591 sunt
1545 1567 1656 1597 propter

860 1623 959 1644 nomen
973 1615 1078 1643 Domini
1089 1614 1164 1646 Jesu,
1180 1613 1314 1641 assistunt
1327 1611 1428 1644 altari;
1443 1610 1489 1645 qui
1507 1614 1597 1637 autem
1608 1617 1655 1636 as-

860 1661 932 1691 sistit
948 1660 1026 1688 altari
1039 1680 1047 1693 ,
1066 1659 1221 1688 ostenditur
1231 1658 1309 1692 fungi
1324 1655 1475 1684 sacerdotis
1487 1654 1586 1683 olIicio.
1602 1653 1656 1682 Sa-

860 1706 979 1735 cerdotis
986 1711 1077 1733 autem
1086 1704 1202 1733 cilicium
1213 1709 1264 1736 est,
1274 1711 1323 1738 pro
1330 1701 1420 1738 pepuli
1431 1701 1584 1736 supplicare
1591 1707 1657 1736 pec-

860 1753 939 1781 catis.
952 1751 1030 1779 Unde
1038 1759 1089 1786 ego
1101 1757 1207 1783 vereor,
1221 1755 1255 1777 ne
1267 1749 1338 1776 forte
1349 1755 1382 1775 ex
1392 1755 1445 1783 quo
1455 1752 1590 1782 martyres
1600 1753 1654 1772 non

862 1798 941 1831 ﬁunt,
954 1801 983 1824 et
991 1796 1087 1824 hostiae
1097 1799 1254 1823 sanctorum
1268 1801 1319 1822 non
1333 1791 1486 1820 olferuntur
1497 1799 1545 1826 pro
1558 1798 1656 1824 pecca-

862 1845 898 1872 tis
908 1843 1023 1876 nostris,
1033 1847 1208 1876 peccatorum
1223 1844 1379 1871 nostrorum
1395 1836 1583 1865 remissionem
1600 1843 1655 1862 non

861 1896 1023 1918 mereamur.
1033 1888 1066 1915 Et
1075 1888 1135 1915 ideo
1148 1894 1255 1918 vereor,
1265 1893 1298 1912 ne
1307 1883 1530 1919 permanentibus
1541 1882 1567 1909 in
1577 1881 1656 1909 nobis

861 1936 980 1971 peccatis
994 1934 1108 1967 nostris,
1122 1932 1227 1960 accidat
1239 1931 1316 1958 nobis
1329 1929 1393 1957 illud
1410 1929 1483 1964 quod
1503 1929 1536 1955 de
1553 1931 1654 1955 scutel-

863 1983 929 2017 ipsis
945 1981 1038 2009 dicunt
1051 1979 1148 2012 Judaei,
1165 1977 1229 2014 quia
1244 1984 1299 2005 non
1315 1976 1448 2003 habentes
1460 1974 1554 2005 altare,
1568 1980 1656 2007 neque

864 2029 1003 2063 templum,
1019 2034 1108 2062 neque
1120 2024 1318 2056 sacerdotium,
1328 2027 1356 2050 et
1367 2021 1402 2050 ob
1414 2022 1467 2049 hoc
1483 2027 1533 2048 nec
1551 2018 1656 2048 hostias

864 2078 1022 2111 offerentes,
1039 2081 1163 2112 peccata,
1183 2075 1282 2109 inquit,
1299 2077 1392 2100 nostra
1410 2074 1523 2098 ntanent
1550 2069 1578 2097 in
1604 2075 1652 2095 n01

865 2125 924 2157 bis;
948 2129 976 2151 et
1004 2124 1067 2151 ideo
1096 2121 1177 2150 venia
1196 2121 1272 2148 nulla
1291 2118 1480 2153 subsequitur.
1495 2116 1530 2144 Et
1546 2119 1654 2145 contra.

865 2177 914 2196 nos
937 2169 1030 2196 dicere
1055 2167 1198 2198 debemus,
1221 2165 1285 2200 quia
1306 2164 1402 2191 hostia:
1429 2165 1582 2196 martyrum
1601 2166 1655 2188 non

19 2216 103 2243 statim
120 2221 154 2243 ut
167 2222 203 2242 se
215 2215 250 2241 ad
271 2214 426 2249 huiusmodi
440 2215 554 2242 scholas
566 2216 688 2247 tradidit,
707 2221 811 2243 certum
829 2216 852 2244 ο
866 2214 1018 2241 olleruntur
1032 2220 1081 2247 pro
1104 2211 1193 2243 nobis,
1210 2211 1314 2238 idcirco
1332 2212 1444 2235 manent
1459 2207 1486 2233 in
1501 2206 1581 2232 nobis
1597 2212 1657 2239 pec.

20 2266 55 2287 cst
78 2269 142 2288 eum
174 2261 222 2287 vel
247 2261 318 2287 inter
343 2261 478 2294 medicos,
495 2260 536 2288 vel
551 2261 624 2288 inter
638 2260 812 2296 philosophos

21 2306 177 2338 numerari;
203 2305 239 2331 ita
254 2309 282 2332 et
297 2305 330 2333 de
355 2307 460 2334 sanctis
476 2306 666 2341 accipiendum
683 2307 811 2341 estquod

21 2352 105 2378 statim
115 2351 239 2387 quidem
251 2355 281 2377 ut
292 2352 430 2385 mancipat
442 2359 473 2379 se
490 2352 552 2386 quis
569 2352 669 2379 studiis
682 2353 812 2380 sanctita-

21 2399 61 2429 lis,
79 2399 241 2425 secundum
254 2397 304 2424 hoc
314 2398 386 2432 quod
407 2399 557 2433 proposuit,
574 2402 686 2426 sanctus
696 2398 813 2433 appelle-

22 2448 68 2469 tur.
90 2443 258 2471 Secundum
279 2443 331 2471 hoc
349 2451 414 2471 vero
431 2444 503 2479 quod
521 2451 632 2471 necesse
649 2449 692 2472 est
705 2451 768 2471 eum
785 2444 811 2471 iu

22 2490 105 2518 nudus
123 2489 306 2523 delinquere,
333 2490 419 2517 donec
442 2496 491 2516 usu
507 2494 535 2516 et
549 2489 690 2526 disciplina
708 2497 740 2517 ac
752 2490 814 2517 dili-

22 2539 104 2567 gentia
136 2536 321 2564 abscindatur
346 2538 380 2564 ab
405 2544 439 2564 eo
468 2537 638 2564 consuetudo
670 2536 812 2571 peccandi,

22 2583 96 2610 uiam
121 2587 268 2618 peccator,
298 2586 326 2610 ut
353 2591 435 2618 supra
457 2585 596 2616 diximus,
618 2582 812 2617 appellabitur.

25 2627 70 2661 ign
81 2633 182 2655 autem
198 2632 227 2654 et
252 2627 367 2662 amplius
378 2629 448 2655 addo
464 2628 577 2663 aliquid,
594 2627 664 2662 quod
681 2627 732 2654 nisi
749 2634 809 2653 san-

23 2679 90 2700 uum
105 2673 283 2708 propositum
299 2673 397 2707 aliquis
414 2674 523 2705 habeat,
537 2679 564 2699 et
582 2672 734 2700 sanctitatis
755 2676 815 2698 slu-

52 2719 94 2746 “I
110 2721 180 2748 Cor.
199 2727 226 2750 ι,
238 2719 273 2746 '20
285 2724 312 2746 ct
328 2719 372 2745 21.
412 2719 433 2734 ⁶⁶
447 2719 455 2745 Ι
467 2717 533 2745 Cor.
550 2726 586 2750 xx,
604 2720 646 2745 18.

24 2753 71 2781 "ll
86 2755 154 2782 Cor.
176 2762 226 2786 xu,
246 2755 287 2781 13.
325 2754 347 2769 ⁷¹
360 2754 381 2780 ΙΙ
396 2753 467 2780 Tim.
486 2761 522 2786 tv,
543 2756 571 2780 t5.
609 2754 719 2788 "Apoc.
735 2760 773 2779 vt.

55 2825 92 2859 (li)
106 2825 204 2852 Codex
235 2823 411 2852 Belvaeensis
425 2843 432 2856 ,
453 2833 462 2848 c
475 2822 684 2859 immolatitium.
699 2831 707 2846 ι
723 2821 815 2859 Codex

27 2857 112 2889 Sancti
131 2859 311 2893 Theoderici,
338 2868 347 2886 ι
365 2858 573 2887 immolationis.
595 2867 603 2884 ε·
629 2857 815 2892 Ebroiccusis,

686 2719 707 2734 ⁸⁷
721 2717 786 2744 ibid.
805 2717 850 2745 ‘Zl.

866 2265 925 2288 cata
939 2264 1030 2286 nostra
1042 2267 1050 2292 ;
1063 2266 1116 2285 non
1129 2257 1202 2284 cnim
1215 2263 1354 2283 tuerentur
1367 2252 1583 2289 persecutionem
1601 2250 1656 2285 pati

866 2311 976 2341 propter
998 2303 1150 2335 Christum,
1166 2309 1217 2329 nec
1239 2301 1309 2329 mori
1336 2305 1447 2335 propter
1475 2305 1574 2325 nomen
1593 2295 1655 2324 Filii

868 2352 927 2380 Dei.
942 2350 976 2378 Et
994 2350 1056 2377 ideo
1079 2349 1162 2377 etiam
1179 2346 1315 2379 diabolus,
1334 2345 1426 2374 sciens
1439 2351 1488 2379 per
1502 2342 1656 2378 passionem

867 2397 992 2434 martyrii
1016 2396 1208 2424 remissionem
1228 2393 1287 2421 lieri
1308 2397 1498 2427 peccatorum,
1515 2397 1568 2417 non
1596 2388 1656 2417 vult

867 2444 945 2471 nobis
973 2441 1098 2476 publicas
1123 2439 1266 2476 gentilium
1295 2437 1500 2472 persecutiones
1528 2441 1655 2464 movere;

867 2491 917 2517 scit
931 2490 1016 2521 enim,
1032 2488 1095 2524 quia
1119 2487 1142 2514 si
1163 2487 1197 2513 ad
1215 2492 1293 2520 reges
1303 2490 1331 2511 et
1345 2484 1472 2519 praesides
1489 2481 1656 2509 adducantur

868 2542 979 2572 propter
1001 2543 1101 2562 nomen
1116 2533 1230 2564 Christi,
1246 2533 1280 2560 ad
1306 2530 1492 2559 testimonium
1507 2527 1607 2555 Iudaeis
1630 2531 1657 2553 et

867 2581 1006 2616 gentibus,
1035 2579 1162 2615 gaudium
1191 2578 1270 2605 nobis
1295 2581 1323 2603 et
1350 2574 1498 2602 exsultatio
1521 2573 1567 2605 sit,
1593 2571 1657 2606 quia

870 2615 977 2654 merces
1006 2619 1098 2654 nostra
1118 2625 1202 2652 multa
1230 2622 1256 2649 in
1282 2621 1359 2648 cwlis
1374 2625 1425 2648 est.
1445 2619 1506 2646 lla‘c
1524 2626 1576 2645 non
1594 2615 1657 2644 facit

871 2673 1008 2706 inimicus,
1025 2673 1066 2700 vel
1081 2673 1152 2707 quod
1169 2673 1226 2706 ipse
1241 2669 1332 2705 gloria:
1348 2667 1460 2698 invidet,
1474 2665 1515 2692 vel
1531 2663 1658 2692 fortassis

900 2720 923 2736 *⁵⁸
935 2720 1001 2747 ibid.
1021 2719 1056 2746 50
1069 2724 1095 2746 et
1107 2719 1150 2745 5|.
1201 2717 1223 2733 θ’
1238 2716 1246 2742 Ι
1261 2716 1382 2748 Cor.xv,
1397 2714 1440 2741 ια.
1487 2711 1510 2728 '°
1526 2711 1593 2739 ibid.
1612 2710 1654 2741 17.

875 2830 884 2846 ‹
898 2821 930 2846 de
947 2818 1103 2846 immolatis.
1123 2828 1131 2843 I
1150 2817 1227 2844 Libh.
1244 2817 1319 2849 editi,
1340 2825 1349 2842 ε
1363 2815 1526 2843 immolati.)

907 2855 945 2891 (7)
960 2854 1051 2883 Codex
1070 2852 1254 2887 Delvaccusis,
1271 2860 1281 2878 ι
1294 2850 1428 2880 mortalia.
1450 2860 1458 2875 ι
