1894 3058
232 134 284 164 (539

232 192 306 228 quod
335 190 380 218 ille
400 190 447 224 qui
463 189 553 217 omnia
580 187 722 222 praevidet,
737 184 884 220 prtenoscit
903 190 953 210 nos
969 190 1022 209 noti

233 245 297 265 esse
312 237 423 264 idoneos
440 236 473 262 ad
487 234 648 269 martyrium
666 232 846 260 tolerandum.
860 229 918 257 Scit
930 234 1020 256 tamen

234 283 366 310 Dominus
381 281 427 314 qui
445 284 507 308 sunt
521 279 592 314 ejus,
605 283 634 306 et
649 278 676 305 in
692 277 791 311 quibus
807 283 860 303 non
882 279 1019 310 speratur,

236 329 318 357 habet
340 328 383 355 ille
396 327 539 354 thesauros
553 333 618 353 suos
636 332 644 352 :
660 334 669 351 ι
690 324 747 352 Non
760 323 833 351 enim
855 322 924 350 sicttt
939 321 1021 349 homo

235 376 319 406 videt,
339 374 375 401 ita
399 378 425 401 et
444 372 557 400 Deus“.
571 382 581 398 ι
600 371 656 406 Ego
673 378 727 397 non
745 369 840 396 dubito
861 373 886 396 et
914 368 940 395 in
969 368 1020 395 hoc

234 425 367 446 conventu
396 426 458 446 esse
481 418 591 452 aliquos
614 417 665 451 ipsi
693 416 743 444 soli
759 415 894 451 cognitos,
907 414 954 449 qui
967 413 1021 448 iam

235 465 306 498 apud
332 472 394 492 eum
423 469 559 498 martyres
582 463 638 490 sint
655 462 812 490 testimonio
837 459 1019 491 conscientiae,

234 511 335 546 parati,
351 511 373 538 si
389 510 450 545 quis
459 515 601 544 exposcat,
616 508 755 536 eﬂundere
765 507 924 542 sanguinem
942 513 1021 533 suum

235 563 288 590 pro
302 555 411 583 nomine
439 555 544 582 Domini
559 554 624 583 Jesu
640 554 758 587 Christi;
778 561 831 581 non
852 552 949 580 dubito
963 559 1024 579 esse

237 602 344 636 aliquos
372 601 417 636 qni
445 601 558 628 tulerint
579 608 689 628 crucem
714 607 803 634 suam,
831 603 859 627 et
876 603 1024 633 sequantur

236 656 307 675 enm.
334 647 397 674 Haac
423 647 487 674 licet
503 654 551 681 per
565 654 707 674 excesSum
724 645 882 681 quemdam,
895 651 1024 672 necessa-

237 694 279 721 rio
297 699 386 722 tamen
415 695 544 722 videntur
567 694 651 725 dicta,
669 697 699 720 ut
716 692 929 727 intelligeremus
956 699 1024 726 quo-

241 740 325 768 modo
338 747 388 774 per
403 740 572 775 pontiﬁcem,
591 739 672 774 303
687 744 713 766 et
730 739 800 766 ﬁlios
815 737 953 773 pontiﬁcis
978 737 1025 764 ﬁat

239 785 270 812 in
286 785 388 813 sanctis
405 785 528 812 remissio
541 789 729 819 peccatorum.

271 852 299 879 3.
321 851 450 886 Sequitur
464 850 613 886 posthaec:
633 857 642 874 ι
657 848 690 875 Ει
704 853 744 880 tu,
766 847 854 882 inquit
874 848 910 880 ",
928 851 956 875 et
978 847 1025 874 ﬁlii

238 897 278 924 tui
296 896 433 931 accipietis
462 899 572 930 peccata
592 893 737 921 sacerdotii
757 893 839 921 vestri
859 901 866 920 :
888 898 916 920 et
929 893 1028 921 fratres

239 948 302 970 tuos
312 943 429 969 tribuum
446 941 524 973 Levi,
540 941 645 975 plebem
660 939 746 974 patris
762 939 800 966 tui
819 947 925 967 assume
939 939 972 966 ad
988 943 1025 972 te,

240 993 269 1015 et
280 987 463 1022 adjungantur
479 987 538 1019 tibi,
554 992 579 1014 et
598 987 753 1015 ministrent
767 985 815 1013 tibi
832 994 839 1013 :
855 990 883 1013 et
893 991 919 1013 tu
934 990 961 1013 et
980 985 1028 1013 ﬁlii

241 1034 280 1060 tui
296 1039 384 1061 tecum
398 1033 425 1060 in
437 1036 582 1067 conspectu
598 1032 762 1059 tabernaculi
775 1031 923 1059 testimonii
934 1031 1029 1058 obser-

239 1080 343 1106 vabunt
368 1078 508 1106 custodias
541 1082 602 1106 tuas
630 1077 806 1106 tabernaculi.
835 1086 844 1103 ι
876 1076 1030 1104 Observare

239 1123 408 1159 diligentius.
421 1123 596 1151 etintendere
621 1124 653 1150 iis
674 1130 736 1157 qua;
749 1123 851 1157 scripta
866 1127 945 1154 sunt,
960 1129 1028 1149 con-

238 1169 314 1196 venit
328 1175 376 1196 eos
391 1168 526 1203 praecipue
547 1168 593 1202 qui
616 1168 643 1194 in
661 1167 758 1195 ordine
785 1166 948 1194 sacerdotali
970 1168 1027 1201 glo-

240 1214 365 1246 riantur;
384 1217 414 1240 ut
424 1213 513 1241 sciant
523 1213 587 1247 quid
600 1213 728 1248 estquod
738 1213 779 1240 eis
791 1212 834 1240 lex
855 1213 946 1240 divina
962 1219 1030 1248 ιιι-ω-

239 1258 312 1293 cepit
325 1257 535 1286 observandum.
548 1257 599 1290 Tu,
616 1257 716 1292 inquit,
731 1262 759 1284 et
773 1257 819 1284 ﬁlii
836 1258 874 1284 tui
891 1262 979 1285 tecum
1003 1259 1030 1284 in

241 1308 390 1338 conspectu
406 1304 574 1331 tabernaculi
590 1305 733 1331 observate
754 1303 892 1331 custodias
915 1307 1031 1336 vestras,

241 1353 270 1376 et
298 1349 396 1382 altare,
419 1355 447 1377 et
471 1350 609 1378 custodias
632 1349 799 1378 tabernaculi
824 1350 876 1385 (8).
904 1349 1030 1378 Mandata

242 1395 352 1430 quidem
383 1400 459 1424 certa
489 1400 551 1423 sunt
584 1400 612 1423 et
636 1396 792 1428 evidentia,
823 1401 854 1424 ut
883 1397 1032 1424 observare

243 1441 392 1469 debeamus
413 1441 549 1468 custodias
572 1440 751 1474 tabernaculi,
774 1445 802 1468 et
823 1441 929 1474 altaris,
941 1447 970 1470 et
985 1450 1031 1470 sa-

244 1488 356 1516 cerdotii
370 1488 450 1522 ;quis
464 1494 530 1515 sane
541 1487 578 1515 sit
589 1487 634 1522 qui
647 1487 782 1518 observet,
795 1491 822 1514 et
833 1486 954 1515 l‘aciatea
971 1495 1032 1522 qua:

978 122 1138 152 ORIGENIS

1811 106 1870 134 650

1039 187 1060 214 Α
1077 176 1230 212 Evangeliis
1254 175 1320 203 dicit
1335 174 1379 200 ":
1403 181 1412 198 ι
1432 171 1472 198 Tn
1497 173 1588 196 autem
1612 174 1676 194 cum
1697 172 1773 197 oras,
1794 165 1870 191 intra

1075 224 1101 250 in
1117 221 1271 250 cubiculum
1287 224 1374 250 tuum,
1390 222 1418 244 et
1436 215 1533 243 claude
1552 216 1652 241 ostium
1677 217 1766 243 tuum,
1779 215 1807 238 et
1819 217 1871 236 ora

1074 274 1179 304 patrem
1194 272 1269 295 tuttm
1284 267 1310 293 in
1323 263 1495 292 abscondito.
1514 271 1523 288 ι
1541 261 1592 293 Qui
1614 266 1682 294 ergo
1700 258 1740 285 ita
1761 261 1826 285 orat
1841 260 1874 282 ut

1074 302 1141 347 dixi,
1156 311 1309 348 ingreditur
1324 311 1357 337 ad
1370 310 1457 336 altare
1472 307 1577 335 incensi
1593 306 1665 341 quod
1683 308 1726 331 est
1737 302 1873 330 interius.

1075 362 1143 389 Cum
1167 365 1257 388 autem
1277 358 1337 393 quis
1365 357 1438 385 clara
1458 362 1534 387 voce,
1557 358 1584 382 et
1604 352 1696 379 verbis
1711 358 1775 378 cum
1800 355 1874 375 sono

1075 408 1200 444 prolatis,
1226 406 1305 441 quasi
1333 409 1363 432 ut
1389 403 1506 430 aediﬁcet
1533 401 1688 429 audientes,
1707 396 1873 425 orationem

1075 453 1164 481 fundit
1177 454 1210 479 ad
1227 452 1322 483 Deum,
1336 450 1380 477 hic
1394 449 1492 484 spiritu
1510 451 1580 478 orat,
1595 450 1622 473 et
1635 444 1739 472 oil'erre
1753 443 1872 470 videtur

1077 499 1193 527 hostiam
1210 498 1237 524 in
1253 496 1332 524 altari
1346 495 1418 530 quod
1436 494 1504 521 foris
1515 497 1558 521 est
1573 493 1607 520 ad
1625 491 1872 519 liolocauslomata

1077 545 1168 580 p0pnli
1195 543 1386 571 constitutum.
1420 540 1533 576 Oportet
1558 545 1624 572 ergo
1651 536 1816 564 sacerdotes
1839 541 1873 561 ea

1077 597 1176 617 curare
1192 588 1326 624 praecipue
1347 591 1375 614 et
1400 586 1549 616 custodire,
1567 591 1627 619 quae
1646 583 1719 609 intra
1741 580 1871 607 Vt-lamen

1077 635 1194 662 interius
1209 638 1400 670 conteguntur,
1417 638 1451 658 ne
1461 630 1525 665 quid
1538 630 1574 657 ibi
1588 628 1734 663 pollutum,
1753 634 1789 653 ne
1804 626 1874 660 quid

1078 679 1235 708 inveniatur
1258 679 1447 710 immundum;
1463 677 1515 703 hoc
1535 680 1577 703 est
1596 675 1758 702 interiorem
1780 674 1876 700 homi-

1078 734 1151 757 nem,
1176 730 1203 753 et
1219 725 1310 753 cordis
1332 729 1439 752 secreta
1454 730 1564 754 curare,
1583 726 1614 749 ut
1633 721 1672 748 ibi
1692 719 1875 756 immaculata

1078 776 1266 807 permaneant.
1280 769 1426 797 Clierubim
1451 773 1479 796 et
1499 767 1734 804 propitiatorium,
1752 765 1874 792 scientia

1080 816 1255 851 intelligenda
1268 820 1310 843 est
1323 815 1467 842 Trinitatis
1480 823 1489 846 ;
1505 812 1694 848 interpretatio
1708 812 1784 839 enim
1798 810 1873 838 Che-

1043 865 1064 895 Β
1080 862 1167 890 rubim
1190 861 1398 892 multitudinem,
1425 861 1451 887 id
1472 864 1514 887 est
1535 859 1724 894 perfectionem
1751 856 1875 884 scicntia

1080 908 1185 935 indicat
1198 906 1238 942 t9)
1253 915 1261 933 :
1278 911 1306 933 et
1319 913 1380 941 qnie
1401 910 1444 932 est
1469 905 1521 932 alia
1551 904 1693 940 perfectio,
1710 903 1763 930 nisi
1785 909 1872 937 agno-

1078 952 1152 979 visse
1167 951 1274 979 Patrem
1290 956 1318 979 et
1329 950 1438 983 Filium,
1452 955 1480 977 et
1495 950 1626 985 Spiritum
1639 953 1765 976 sanctum
1778 948 1791 974 2
1810 947 1875 974 Ilaec

1079 1005 1145 1032 ergo
1160 997 1281 1024 curanda
1295 1002 1358 1024 sunt
1376 997 1411 1023 ita
1427 1004 1443 1023 a
1462 995 1664 1026 sacerdotibus,
1689 998 1718 1021 ut
1742 994 1875 1020 inconta-

1081 1044 1185 1070 tninata
1208 1048 1236 1070 et
1257 1043 1341 1070 illa‘sa
1357 1048 1511 1069 serventur.
1537 1041 1590 1068 Sed
1617 1045 1644 1068 et
1670 1047 1741 1068 urna
1767 1041 1879 1067 habens

1080 1089 1217 1117 ctelestem
1233 1089 1323 1116 cibum
1337 1096 1453 1122 manna},
1470 1088 1614 1115 thesaurus
1629 1089 1725 1121 utique
1736 1090 1782 1113 est
1798 1086 1877 1113 verbi

1080 1135 1176 1162 divini.
1205 1135 1239 1162 Et
1262 1142 1325 1162 arca
1349 1142 1443 1168 aurea,
1467 1135 1493 1161 in
1515 1141 1567 1168 qua
1585 1138 1648 1160 sunt
1663 1132 1766 1159 tabula
1787 1137 1875 1158 testa-

1081 1180 1178 1213 menti,
1203 1185 1233 1207 ut
1258 1181 1368 1215 opinor,
1390 1186 1443 1207 non
1463 1179 1535 1206 aliud
1557 1186 1640 1213 quam
1670 1184 1752 1204 meus
1779 1182 1874 1204 nostra

1080 1232 1141 1251 esse
1154 1224 1321 1259 declaratur,
1335 1225 1362 1251 in
1378 1231 1431 1259 qua
1451 1223 1537 1259 legem
1558 1223 1605 1250 Dei
1623 1222 1761 1250 debemus
1775 1222 1877 1249 habere

1081 1258 1348 1306 descriptam.<ﬂ:ec
1373 1258 1463 1297 autem
1482 1258 1568 1296 mens
1584 1276 1666 1296 aurea
1691 1269 1778 1296 debet
1801 1275 1874 1298 es“,

1082 1317 1134 1344 hoc
1149 1322 1192 1344 est
1207 1324 1272 1352 pura
1288 1321 1316 1343 et
1327 1316 1456 1351 pretiosa,
1474 1316 1500 1343 in
1515 1323 1568 1350 qua
1583 1315 1670 1350 legem
1694 1313 1744 1341 Dei
1766 1314 1871 1341 descri-

1083 1366 1157 1397 ptam
1171 1369 1278 1396 semper
1293 1362 1454 1392 habeamus,
1474 1361 1545 1387 sicut
1569 1359 1716 1392 Apostolus
1742 1359 1815 1387 dici‘t
1828 1358 1851 1374 “
1867 1367 1874 1386 :

1086 1416 1096 1433 ι
1117 1407 1254 1443 Scriptam
1277 1415 1330 1434 non
1354 1412 1518 1440 atramento,
1544 1407 1591 1434 sed
1609 1406 1707 1440 spiritu
1729 1405 1783 1433 Dei
1802 1406 1875 1438 vivi;

1084 1461 1137 1481 non
1155 1454 1182 1482 in
1199 1453 1300 1482 tabulis
1323 1454 1448 1489 lapideis,
1465 1456 1513 1481 sed
1536 1453 1563 1480 in
1579 1452 1678 1480 tabulis
1695 1452 1798 1479 cordis
1815 1459 1873 1479 car-

1084 1500 1202 1528 nalibus.
1236 1510 1246 1527 i
1273 1499 1330 1527 Hoc
1357 1504 1401 1527 est
1424 1499 1497 1526 enim
1520 1498 1591 1533 quod
1609 1503 1637 1525 et
1655 1499 1688 1525 de
1708 1498 1874 1532 quibusdam

243 1533 432 1561 sacerdoubus
446 1534 572 1580 manda”
585 1537 648 1561 sum
666 1543 674 1567 ἶ
697 1538 725 1562 εί
747 1533 809 1569 qui”
829 1535 866 1562 ⁸η
877 1534 924 1568 qui
937 1539 1031 1561 "tau"
1045 1539 1067 1568 (ἶ
1083 1547 1183 1574 dicitur
1200 1554 1210 1572 ι
1228 1546 1274 1580 qui
1293 1546 1438 1573 ostendunt
1452 1553 1520 1580 opus
1531 1544 1599 1579 legis
1615 1544 1753 1578 scriptum
1777 1544 1806 1570 in
1821 1551 1877 1571 cor-

244 1579 353 1613 quidem
372 1580 469 1606 ordine
482 1584 510 1606 et
524 1579 627 1607 honore
639 1580 795 1612 sacerdotii,
814 1587 897 1614 opera
919 1588 984 1608 vero
1005 1584 1033 1608 et

245 1626 405 1662 mysterium
419 1626 564 1654 sacerdOtii
581 1633 633 1653 non
645 1626 781 1658 observet,
798 1626 843 1654 ille
855 1626 930 1654 solus
950 1633 1032 1653 nosse

244 1676 343 1706 potest,
354 1672 400 1706 qui
415 1676 553 1699 scrutatur
565 1672 646 1699 corda
670 1677 697 1699 et
719 1680 797 1700 renes
811 1673 845 1699 "'.
869 1672 1034 1700 Mandantur

244 1717 385 1745 observari
403 1725 456 1745 non
469 1717 556 1745 solum
583 1725 614 1746 ea
635 1726 695 1753 quae
714 1718 779 1746 foris
807 1723 880 1751 sunt,
901 1728 910 1744 ι
931 1718 983 1746 Sed
1006 1723 1034 1745 et

244 1770 289 1796 ea,
305 1763 395 1798 inquit
417 1763 452 1796 ",
473 1767 503 1790 ut
526 1769 623 1791 curent
642 1764 799 1792 sacerdotes
817 1764 952 1798 prmcipne
974 1770 1034 1798 qua:

245 1810 317 1838 intra
340 1810 461 1838 velamen
484 1815 565 1844 sunt;
588 1820 598 1837 ι
624 1811 699 1838 velut
723 1811 745 1838 si
763 1810 886 1838 diceret:
909 1819 975 1838 cura
999 1810 1035 1838 sit

245 1857 453 1889 sacerdotibus,
487 1857 624 1885 evidentia
658 1865 691 1885 ac
728 1857 873 1885 manifesta
908 1857 1034 1884 mandata

245 1900 346 1928 divinae
361 1901 428 1936 legis
444 1901 566 1935 implere,
579 1907 605 1929 et
617 1902 745 1938 mysteria
756 1901 816 1936 ejus
829 1902 988 1929 abscondita
1007 1905 1035 1928 et

246 1946 334 1973 velata
368 1947 441 1974 omni
475 1948 642 1982 perspicacia
678 1948 812 1976 contueri.
845 1947 874 1975 Si
906 1955 972 1975 vero
1001 1947 1035 1974 ad

247 1991 386 2019 hominem
410 1991 478 2020 velis
504 1993 608 2020 referre
627 1992 830 2021 tabernaculum
863 1992 1034 2025 testimonii;

247 2037 377 2070 quaniam
409 2038 518 2072 quidem
548 2046 647 2073 corpus
680 2039 799 2066 hominis
829 2037 1034 2065 tabernaculum

247 2082 349 2111 Paulus
363 2084 491 2117 appellat,
514 2084 607 2112 dicens
633 2085 678 2111 πε
702 2093 712 2110 ι
729 2084 779 2118 Qui
795 2083 868 2112 enim
894 2091 988 2111 sutuus
1008 2084 1034 2110 in

249 2130 425 2158 tabernaculo
440 2131 504 2163 hoc,
517 2131 650 2165 gemimus
664 2130 802 2165 aggravati
816 2138 824 2163 ;
840 2131 867 2157 in
887 2138 942 2165 quo
957 2130 1035 2157 nolu-

249 2183 310 2203 mus
321 2175 475 2210 exspoliari,
488 2177 535 2204 sed
551 2177 748 2212 supervestiri;
772 2186 781 2203 ι
806 2176 829 2204 si
852 2183 918 2210 ergo
931 2177 964 2203 ad
984 2175 1035 2203 ho-

250 2222 351 2248 minem
374 2222 575 2250 tabernaculntn
607 2222 778 2255 referamus,
807 2222 936 2250 interiora
962 2222 1036 2249 vela-

250 2267 343 2300 minis,
372 2267 417 2294 ubi
444 2268 643 2295 iuaccessibilia
669 2273 862 2303 conteguntur,
889 2267 1037 2303 principale

249 2314 341 2341 cordis
351 2314 484 2346 dicemus,
495 2314 566 2348 quod
578 2314 664 2341 solum
676 2315 797 2349 recipere
808 2319 895 2349 potest
908 2315 1036 2349 mysteria

250 2360 386 2392 veritatis,
412 2364 439 2387 et
467 2367 553 2393 capax
575 2367 635 2387 esse
657 2367 820 2387 arcanorum
843 2361 901 2388 Dei.
925 2361 1029 2387 Altaria

250 2413 315 2433 vero
331 2406 395 2438 duo,
412 2405 438 2432 id
449 2410 490 2432 est
503 2405 619 2433 interius
627 2410 654 2433 et
663 2406 793 2439 exterius,
812 2407 940 2441 quoniam
951 2407 1038 2433 altare

249 2452 382 2480 orationis
400 2451 529 2479 indicium
554 2456 606 2484 est,
626 2451 690 2479 illud
707 2456 773 2486 puto
791 2452 947 2487 signiﬁcare
964 2454 1035 2487 quod

250 2499 318 2526 dicit
329 2497 475 2533 Apostolus
483 2497 506 2512 "’
520 2505 527 2523 :
539 2505 549 2522 ι
562 2496 654 2524 Orabo
665 2497 774 2531 spiritu,
786 2498 871 2525 orabo
880 2502 907 2525 et
916 2502 1015 2525 mente.
1023 2507 1032 2523 I

249 2545 316 2572 Cum
331 2545 404 2571 enirn
421 2544 503 2571 corde
520 2551 645 2574 oravere,
663 2543 696 2570 ad
710 2543 796 2570 altare
810 2543 926 2571 interius
944 2544 1037 2579 ingre—

251 2591 321 2619 dior.
347 2590 379 2617 Et
404 2589 456 2617 hoc
482 2594 548 2624 puto
571 2596 633 2617 esse
654 2589 725 2624 quod
744 2589 826 2616 etiam
847 2589 979 2617 Dominus
1007 2590 1035 2616 iii

1083 1594 1163 1622 dibus
1179 1593 1236 1620 suis
1250 1592 1283 1619 ".
1303 1582 1324 1617 Ῠ
1340 1592 1407 1625 Quis
1435 1596 1527 1618 autem
1554 1591 1664 1626 scripsit
1693 1591 1721 1617 in
1749 1590 1877 1618 cordibus

1083 1646 1189 1670 eorum,
1206 1637 1258 1665 nisi
1276 1637 1347 1665 Deus
1358 1638 1445 1672 digito
1474 1637 1548 1664 suo?
1569 1636 1669 1671 Legem
1684 1635 1788 1670 utique
1804 1642 1876 1663 natu-

1085 1686 1167 1712 ralem
1182 1692 1263 1720 quam
1279 1684 1354 1711 dedit
1368 1684 1438 1711 Deus
1453 1684 1573 1710 humano
1584 1682 1692 1717 generi,
1713 1685 1743 1709 et
1768 1682 1799 1709 in
1817 1689 1877 1710 cun-

1084 1737 1192 1764 ctorum
1207 1731 1345 1759 mentibus
1358 1730 1470 1765 scripsit
1483 1739 1490 1757 :
1504 1729 1575 1756 unde
1595 1733 1621 1756 et
1637 1728 1715 1756 initia
1727 1729 1876 1759 sumimus,

1085 1787 1117 1807 ac
1127 1780 1230 1807 semina
1248 1779 1371 1814 quaedam
1393 1778 1427 1804 ad
1445 1776 1670 1811 perscrutandam
1686 1776 1822 1810 capimus
1836 1783 1878 1802 vev

1086 1826 1195 1852 ritatem
1211 1834 1218 1851 :
1234 1832 1295 1859 quae
1308 1824 1412 1862 semina
1434 1824 1456 1851 si
1474 1824 1543 1850 bene
1563 1822 1739 1853 excolamus,
1760 1821 1877 1849 fructum

1085 1871 1149 1897 vitae
1173 1870 1287 1898 all'erent
1316 1871 1343 1897 in
1373 1870 1451 1897 nobis
1474 1869 1501 1896 in
1526 1868 1636 1896 Christo
1665 1866 1731 1894 Jesu
1765 1867 1879 1895 Domino

1087 1923 1190 1950 nostro,
1207 1918 1249 1945 cui
1264 1922 1309 1945 est
1320 1917 1404 1953 gloria
1422 1922 1449 1944 et
1470 1916 1612 1951 imperium
1631 1916 1658 1943 in
1679 1916 1785 1943 mula
1799 1922 1880 1943 sacu-

1086 1962 1186 1990 lorum.
1199 1963 1296 1990 Amen.

1377 1998 1517 2035 nonius
1538 2005 1584 2033 XI.

1311 2055 1348 2082 De
1358 2055 1483 2090 primitiis
1497 2053 1650 2088 afferendis.

1122 2122 1143 2149 l.
1165 2122 1302 2150 Primitias
1317 2122 1439 2149 omnium
1456 2121 1576 2155 frugum,
1596 2119 1778 2153 omniumque
1799 2126 1874 2155 pecu-

1087 2170 1162 2202 dum,
1188 2169 1376 2197 sacerdotibus
1393 2168 1437 2195 lex
1459 2167 1569 2194 mandat
1594 2165 1687 2194 oll‘erri
1719 2166 1744 2182 "
1763 2175 1771 2194 :
1802 2167 1875 2193 itaut

1052 2213 1074 2240 D
1088 2217 1178 2243 omnis
1189 2215 1236 2250 qui
1249 2214 1370 2249 possidet
1381 2221 1487 2249 agrum,
1501 2212 1542 2239 vel
1553 2212 1672 2244 vineam,
1683 2212 1726 2238 vel
1736 2212 1875 2241 olivetum,

1089 2262 1130 2289 vel
1145 2262 1227 2289 etiam
1244 2261 1366 2291 hortum.
1383 2264 1409 2287 et
1423 2259 1444 2286 si
1465 2258 1529 2293 quid
1547 2263 1591 2286 est
1603 2257 1676 2292 quod
1689 2254 1839 2285 exercetur
1852 2256 1875 2282 in

1090 2307 1184 2339 terris,
1200 2307 1248 2334 sed
1264 2311 1291 2333 et
1307 2306 1329 2333 si
1346 2305 1407 2340 quis
1427 2304 1533 2339 peculia
1553 2304 1746 2338 cujuscunque
1772 2302 1876 2337 pecoris

1089 2355 1201 2386 nutriat,
1219 2352 1317 2380 offerat
1330 2360 1364 2379 ex
1382 2352 1415 2379 iis
1430 2352 1486 2379 Deo
1497 2357 1579 2378 omne
1601 2349 1674 2383 quod
1686 2348 1810 2383 primum
1830 2353 1876 2377 cst,

1089 2401 1116 2428 id
1136 2404 1177 2428 est
1192 2400 1225 2426 ad
1244 2398 1401 2426 sacerdotes
1413 2397 1530 2425 deferat.
1547 2395 1603 2422 Deo
1616 2396 1688 2422 enim
1702 2394 1804 2421 oil'erri
1818 2394 1877 2421 dicit

1090 2448 1161 2482 quod
1179 2446 1366 2473 sacerdotibus
1378 2445 1467 2472 datur.
1485 2444 1517 2471 Et
1538 2444 1589 2470 hoc
1603 2447 1644 2469 est
1657 2443 1730 2476 quod
1746 2442 1876 2471 docemur

1090 2501 1124 2521 cx
1142 2493 1210 2527 lege,
1225 2493 1287 2527 quia
1301 2499 1380 2519 nemo
1393 2491 1465 2518 licite
1491 2497 1540 2517 nec
1556 2489 1677 2524 legitime
1700 2492 1802 2515 utatur
1824 2486 1874 2513 inl-

1090 2541 1181 2568 t-tihus
1195 2547 1264 2576 quos
1278 2544 1350 2567 terra
1366 2539 1503 2574 produxit,
1531 2546 1581 2565 nec
1607 2535 1802 2564 animantibus
1823 2540 1876 2568 qua

1090 2586 1222 2622 pecudum
1232 2585 1461 2620 protulitpartus,
1472 2583 1524 2611 nisi
1541 2591 1574 2611 ex
1592 2582 1706 2616 singulis
1724 2582 1876 2616 quibusque

288 2672 334 2698 “l
351 2673 418 2708 Reg.
445 2680 501 2705 Xvi,
517 2672 543 2700 '1.
580 2673 603 2689 ⁷⁵
618 2671 792 2708 Νιιιιιηιινιιι,
817 2671 885 2708 1-5.7
912 2673 935 2688 "°
952 2671 1032 2708 Romi.
1045 2678 1103 2702 vnt,
1120 2668 1225 2708 ‘27.___""
1239 2666 1320 2708 litigi.
1331 2664 1454 2708 lell,r7.
1493 2663 1515 2679 ⁷⁸
1529 2661 1550 2690 ll
1564 2662 1628 2691 Cor.
1645 2669 1670 2694 v,
1689 2660 1717 2688 ι.
1757 2661 1782 2677 τ’
1797 2660 1806 2687 l
1819 2659 1875 2686 Cor.

253 2716 309 2739 xiv,
323 2709 367 2735 l5.
392 2702 427 2724 ν⁸⁰
438 2702 533 2736 Matth.
552 2716 589 2741 vr,
600 2709 626 2734 t5.
663 2708 685 2723 '“
706 2707 726 2735 ll
741 2702 804 2735 Cor.
818 2716 860 2739 Ill,
873 2707 901 2740 2,
915 2708 942 2734 5.
980 2707 1004 2722 ⁸³
1019 2707 1096 2734 llom.
1114 2712 1144 2736 ii,
1163 2702 1206 2730 l5.

289 2756 327 2789 (tt)
349 2756 489 2783 Observata
507 2756 642 2782 custodias
655 2761 763 2788 uestras,
782 2759 805 2782 et
821 2755 917 2786 altare,
944 2760 967 2780 et
989 2762 1037 2780 cu-

255 2791 356 2816 ltodias
373 2791 546 2817 tabernaculi.
562 2790 730 2817 llxcinlibb.
744 2795 822 2817 antea
832 2790 913 2817 editis
925 2789 1038 2820 omissa,

257 2825 413 2858 supplentur
432 2834 447 2851 c
463 2833 528 2851 mss.

297 2857 336 2895 (9)
356 2860 495 2887 Clterubint
519 2859 725 2901 multitudinem,
746 2859 771 2885 id
792 2863 830 2888 ait
851 2857 1035 2894 pcrfrctionem

1244 2702 1267 2718 ⁸⁸
1279 2701 1359 2728 Nunt.
1375 2707 1433 2727 xiii.

1093 2751 1208 2780 scientia!
1224 2750 1332 2777 indicat.
1344 2749 1366 2775 A
1383 2747 1473 2775 radice
1482 2751 1540 2777 :3'1
1551 2745 1580 2772 llt
1589 2749 1628 2774 ἎἾ
1639 2743 1797 2780 multitudo.
1812 2741 1875 2770 Che-

1094 2778 1182 2814 rubini
1205 2792 1269 2819 ergo
1289 2783 1419 2819 explicari
1440 2785 1538 2819 potest
1550 2780 1619 2819 sicut
1638 2778 1785 2819 multitudo
1800 2786 1810 2805 :
1828 2783 1873 2819 quo

1095 2826 1175 2855 pacto
1192 2814 1280 2846 anteiit
1293 2814 1562 2844 nnilti'tudo'scientiw
1583 2814 1762 2848 interpretari
1784 2814 1872 2849 possit.

1096 2856 1182 2883 lateor
1198 2862 1239 2882 mc
1254 2855 1388 2889 ignorare.
