1894 3058
224 112 278 140 645

225 171 293 200 nihil
314 167 436 204 proderit
454 175 461 196 ι
479 175 488 191 ι
508 168 535 191 ct
550 161 614 189 illud
631 159 656 177 "
671 168 678 186 ε
696 168 705 184 ‹
725 158 783 185 Non
807 158 879 184 enim
906 163 966 191 qua:
987 155 1014 180 in
1031 156 1051 182 Α

226 216 372 244 manifesto
389 213 415 239 in
429 217 513 238 carne
524 213 566 236 est
578 205 763 235 circumcisio,
779 204 824 230 illa
841 201 1017 230 circumcisio

225 269 278 295 est,
297 268 385 295 neque
402 258 447 294 qui
465 257 492 284 in
514 255 659 282 manifesto
684 253 711 280 in
733 258 817 279 carne
831 250 942 277 Iudaeus
961 252 1017 278 est,

226 311 274 336 sed
298 307 384 343 quiin
413 304 521 332 occulto
553 302 663 330 Judzcus
693 304 736 328 est
759 308 766 326 :
790 303 819 326 et
841 295 1017 324 circumcisio

226 354 317 382 cordis
336 354 364 380 in
384 351 494 386 spiritu,
517 357 570 376 non
597 349 702 378 littera,
722 346 802 378 cuius
826 344 888 370 laus
904 349 958 369 non
983 348 1017 367 ex

226 400 394 431 hominibus,
407 399 454 425 sed
470 404 504 424 cx
520 396 575 423 Deo
589 399 642 421 est.
658 403 667 419 ι
684 392 747 420 Hrcc
761 399 827 426 ergo
839 389 947 424 singula
958 395 1019 422 qua:

226 452 398 481 nequaqttam
415 443 526 478 penitus
541 440 690 469 secundum
705 439 828 466 litteram
843 435 1018 463 observanda

226 495 293 523 dicit
307 492 464 528 Apostolus,
477 489 600 517 invenies
616 488 707 514 omnia
730 486 790 512 lere
810 484 881 518 apud
907 483 1018 518 Moysen

227 544 277 570 sub
303 541 373 576 legis
402 538 479 566 titulo
501 535 650 570 designari.
676 533 734 560 .lam
759 539 823 558 vero
853 531 880 557 in
903 530 947 556 'eo
974 528 1018 555 ubi

227 589 293 616 dicit
319 587 354 618 ",
377 595 386 611 ι
403 585 460 612 Non
484 582 604 613 occides,
637 588 690 606 non
716 578 881 604 adulterium
911 575 996 602 facies
1012 594 1019 606 ,

230 642 283 661 non
313 631 462 662 furaberis,
481 639 491 655 ι
517 633 545 655 et
566 627 670 661 reliqua
701 624 874 657 huiusmodi,
899 629 951 648 non
975 622 1018 647 in-

229 679 339 711 venies,
362 677 491 711 quoniam
515 674 584 709 legis
607 673 635 699 in
658 671 692 698 iis
711 670 821 697 titulum
843 667 1019 702 praemiserit,

230 725 277 752 sed
308 723 396 759 magis
424 722 481 749 hrcc
506 719 635 746 mandata
658 717 798 746 videntur,
826 719 854 741 et
882 714 943 740 ideo
967 720 1020 739 non

229 769 388 796 exinanitur
419 765 489 802 apud
525 762 672 796 discipulos
707 760 848 796 Evangelii
887 759 1020 792 scriptura

231 818 295 846 ista.
309 815 355 842 sed
371 813 552 846 adimpletur:
566 810 641 844 quia,
657 813 686 835 ut
697 807 764 840 dixi,
779 814 832 833 non
851 805 1022 835 mandatum,

235 863 282 889 sed
297 862 336 887 let
353 855 694 887 haberediciturumbram
708 851 860 879 futurorum
877 851 1022 881 bonorum;

232 913 260 935 et
277 908 340 934 ideo
363 905 420 932 hzec
444 902 522 930 nobis
536 900 686 927 Secundum
706 898 827 925 litteram
845 895 1024 924 custodienda

233 959 307 982 sunt.
329 952 396 979 Item
412 949 496 976 alibi:
518 956 528 972 ι
545 946 639 977 Justc,
664 944 751 979 inquit
772 944 810 974 ".
828 947 934 970 sectare
954 943 1025 975 quod

231 1001 334 1036 justum
350 1001 402 1025 est.
418 1005 427 1021 ι
449 993 518 1027 Quid
535 1000 602 1026 opus
613 996 656 1018 est
677 991 703 1018 in
722 990 765 1017 his
778 989 934 1023 allegoriam
945 987 1026 1023 305

232 1034 367 1081 quzerere,
391 1048 452 1069 cum
478 1038 593 1066 mdillcet
617 1037 699 1064 etiam
721 1035 832 1063 littera?
852 1034 1027 1062 Ostendimus

234 1098 300 1126 ergo
319 1095 377 1116 esse
393 1086 518 1121 quaedam
534 1091 595 1119 qua:
613 1082 726 1109 omnino
741 1089 794 1108 non
812 1085 874 1108 sunt
893 1080 1026 1108 servanda

233 1124 381 1164 secundum
398 1131 516 1158 litteram
536 1129 613 1163 legis,
629 1131 658 1154 et
673 1134 733 1154 esse
744 1127 871 1161 quaedam
885 1133 946 1160 qua:
962 1124 1027 1151 alle-

233 1182 307 1216 goria
322 1179 428 1216 penitus
444 1177 588 1205 immutare
616 1181 671 1201 non
693 1173 785 1205 debet,
810 1172 857 1200 sed
873 1169 1028 1198 omnimode

234 1229 271 1255 ita
287 1231 316 1253 ιιι
329 1225 479 1259 Scriptum
493 1222 525 1249 de
538 1221 574 1248 iis
589 1221 731 1247 continent
750 1217 920 1245 observanda
934 1220 1000 1243 sunt
1017 1223 1026 1241 :

235 1279 307 1299 nunc
322 1269 431 1304 requiro
442 1268 464 1295 si
479 1271 542 1294 sunt
552 1264 642 1299 aliqua
661 1270 720 1298 qua:
734 1267 763 1290 et
786 1262 933 1289 secundum
954 1261 1029 1288 litte-

236 1323 294 1342 ram
314 1303 422 1348 quidem
439 1316 512 1338 stare
526 1308 639 1343 possint.
658 1305 814 1334 necessario
829 1309 918 1331 tamen
941 1304 968 1330 iu
989 1303 1030 1331 eis

237 1362 322 1386 t‘liatn
340 1357 494 1393 allegoriam
513 1354 715 1390 requirendam.
732 1351 765 1379 Et
776 1351 839 1377 vide
850 1350 872 1377 si
886 1356 1030 1384 possumus

229 1407 297 1434 duce
322 1403 469 1439 apostolica
498 1407 525 1428 et
549 1399 704 1434 evangelica
724 1396 887 1424 auctoritate
912 1397 1028 1423 munire.

236 1451 376 1485 Scriptum
391 1454 435 1477 est
456 1449 483 1475 in
509 1447 566 1481 lege
582 1446 605 1462 "
622 1454 628 1471 :
649 1454 659 1470 ι
684 1444 797 1479 Propter
820 1444 872 1471 hoc
898 1443 1031 1477 relinquet

237 1498 322 1525 homo
333 1500 437 1530 patrem
453 1498 479 1521 et
495 1496 621 1521 matrem,
638 1493 665 1516 ct
688 1490 836 1517 adhaerebit
859 1489 937 1517 uxori
963 1495 1029 1518 sine,
1046 1500 1067 1528 ο

239 1548 265 1569 rt
278 1546 358 1569 eruut
373 1541 427 1568 duo
438 1539 468 1566 in
486 1544 568 1565 carne
589 1543 653 1562 una.
674 1545 683 1562 ι
712 1536 773 1563 llzrc
791 1535 863 1571 quod
885 1534 1031 1570 allegorica

240 1587 369 1624 mysteria
398 1585 569 1617 contineant,
586 1582 698 1614 Paulus,
714 1589 775 1608 cum
793 1582 819 1608 in
841 1581 962 1615 Epistula
985 1587 1033 1606 sua

241 1634 293 1662 hoc
321 1633 407 1668 ipsum
434 1630 569 1665 posuisset
599 1627 772 1663 exemplum.
804 1626 963 1661 pronuntiat
992 1625 1035 1651 di-

241 1686 305 1707 cens
321 1679 346 1694 ’δ
363 1687 370 1705 :
392 1687 402 1703 ε
423 1676 578 1713 Mysterium
594 1677 645 1702 hoc
658 1680 788 1708 magnum
805 1677 856 1704 est,
871 1679 924 1707 ego
944 1676 1034 1698 autem

243 1725 303 1752 dico
319 1724 345 1751 in
356 1723 477 1755 Christo.
494 1727 522 1749 et
533 1722 559 1749 in
574 1720 705 1749 Ecclesia.
726 1727 736 1744 ι
749 1717 826 1750 Quod
843 1723 933 1744 autem
952 1723 1035 1750 opor—

244 1776 300 1798 teat
318 1772 368 1799 hoc
383 1770 465 1798 etiam
487 1768 634 1797 secumlum
659 1765 778 1792 litteram
805 1763 950 1795 custodiri,
977 1762 1035 1796 ipse

243 1817 371 1844 Dominus
386 1820 414 1843 et
438 1814 563 1842 Salvator
581 1813 670 1844 docet,
697 1812 794 1839 dicens
803 1810 827 1828 "
845 1818 852 1837 :
870 1819 880 1836 ι
899 1807 1035 1843 Scriptum

242 1867 294 1894 est,
307 1862 421 1896 Propter
435 1861 487 1887 hoc
505 1859 639 1893 relinquet
653 1859 734 1886 homo
747 1861 850 1892 patrem
864 1859 891 1883 et
909 1858 1036 1886 matrem,

242 1914 270 1936 et
285 1907 434 1935 adlucrebit
447 1906 524 1933 uxori
538 1913 604 1938 suae,
618 1911 646 1934 et
660 1908 740 1933 erunt
763 1903 816 1930 duo
832 1902 859 1928 in
878 1907 961 1928 carne
973 1906 1036 1926 una.

241 1954 322 1987 Quod
347 1960 412 1987 ergo
437 1952 510 1979 Deus
530 1950 684 1984 conjunxit,
712 1950 792 1976 homo
813 1955 866 1974 non
888 1949 1006 1980 separet.
1026 1953 1036 1969 ι

244 2000 278 2027 Ει
293 1999 413 2026 ostendit
430 1997 522 2032 utique
535 1995 704 2023 observanda
730 2000 791 2021 esse
810 1993 867 2020 luce
888 1992 970 2019 etiam
995 1996 1040 2017 se-

242 2044 363 2071 cundum
376 2043 505 2073 litteram,
525 2048 586 2069 cum
611 2039 728 2074 adjicit:
746 2047 756 2064 ι
779 2037 856 2071 Quod
880 2043 945 2070 ergo
970 2034 1040 2061 Deus

243 2088 396 2123 conjunxit.
424 2088 506 2115 homo
531 2095 583 2115 non
612 2090 729 2122 separet.
758 2093 767 2109 ι
801 2082 855 2110 Sed
881 2086 910 2108 et
932 2081 959 2107 in
979 2079 1040 2106 aliis

245 2134 390 2170 Apostolus
407 2132 452 2160 ubi
469 2133 535 2160 dicit
549 2133 585 2164 ’°,
601 2141 612 2158 ι
635 2130 699 2166 quia
717 2128 856 2157 Abraham
876 2127 945 2154 duos
971 2125 1040 2152 ﬁlias

1041 826 1062 854 Β

245 2169 350 2212 habuit,
369 2186 451 2206 unum
466 2178 499 2206 de
513 2178 620 2209 ancilla,
638 2182 666 2205 et
678 2183 761 2203 unum
777 2174 813 2201 de
829 2173 927 2203 libera,
943 2181 953 2197 ι
976 2169 1038 2205 quis
1054 2169 1077 2196 D

245 2225 351 2253 dubitat
365 2225 422 2254 haec
435 2225 584 2252 secundant
605 2224 723 2251 litteram
740 2225 814 2249 stare
835 2217 954 2247 debere?
971 2217 1039 2243 Cer-

247 2278 305 2299 tum
317 2278 359 2300 est
376 2272 460 2304 enim,
475 2272 537 2306 quia
552 2277 577 2299 et
594 2271 668 2298 lsaac
687 2270 719 2297 de
737 2267 818 2298 Sara,
841 2269 869 2292 et
889 2262 984 2290 lsntael
1004 2261 1038 2289 de

247 2319 321 2354 Agar
336 2318 381 2345 lilii
397 2316 497 2345 fuerint
512 2318 636 2344 Abrahae.
651 2315 733 2342 Addit
749 2318 839 2340 tamen
863 2311 895 2337 iis
916 2311 1038 2343 Aposto-

247 2365 300 2397 lus,
320 2369 348 2394 ct
371 2364 437 2392 dicit
451 2365 474 2380 "’
492 2372 499 2391 :
517 2373 527 2390 ι
547 2363 610 2392 [hec
636 2367 725 2390 autem
755 2361 818 2386 sunt
848 2354 1006 2390 allegorica,
1026 2361 1035 2377 ι

247 2411 346 2446 qumin
363 2411 418 2439 duo
431 2416 593 2438 testamenta
616 2406 764 2438 convertit,
785 2409 813 2431 et
830 2403 907 2431 Sara:
929 2399 1038 2439 quidem

249 2457 368 2484 sobolem
386 2461 514 2492 tanquam
536 2456 563 2483 in
579 2455 734 2482 libertatem
747 2449 885 2487 gignentis
901 2446 963 2474 novi
982 2444 1040 2472 Te-

246 2501 493 2530 stamentiliberos
508 2501 591 2532 dicit;
608 2500 681 2533 Agar
689 2503 779 2525 autem
795 2500 926 2529 tanquam
943 2492 969 2517 iu
984 2497 1042 2517 scr-

248 2550 360 2576 vitntem
380 2547 538 2583 generantia
562 2552 676 2574 terrenae
708 2542 857 2571 Jerusalem
895 2539 964 2566 ﬁlios
996 2545 1044 2564 no-

251 2595 372 2621 minavit.
386 2581 575 2625 Dstendimus,
595 2596 624 2618 ut
638 2591 746 2625 opinor,
777 2586 939 2614 auctoritate
964 2581 1044 2609 Scri-

250 2645 336 2673 ptura:
346 2640 454 2672 divinm,
469 2639 549 2666 exiis
563 2645 623 2673 quze
641 2637 667 2664 in
691 2636 749 2670 lege
770 2633 872 2666 scripta
896 2634 970 2660 sunt,
993 2627 1044 2653 ali-

250 2694 305 2721 qua
322 2687 428 2722 penitus
440 2686 597 2722 refugienda
613 2692 673 2712 esse
690 2688 717 2710 ct
731 2679 862 2710 cavenda,
891 2683 924 2703 tte
945 2680 1043 2702 secun-

290 2757 314 2772 ”
330 2755 407 2782 Rom.
421 2764 451 2787 tt,
468 2755 515 2785 28,
529 2755 575 2781 ‘29.
613 2753 634 2769 9‘
653 2753 732 2779 llom.
751 2747 856 2787 ιιιιιειξ)ἶ

256 2799 312 2824 ιιι,
331 2780 451 2817 ista."
472 2780 585 2824 ῖὶὀέι,
601 2787 710 2824 mea.
763 2785 785 2801 »τ
804 2781 870 2809 ibid.
885 2780 930 2807 et.

255 2822 311 2854 ‘ll.
340 2825 351 2841 ⁸
364 2825 429 2852 ibid.
444 2824 490 2850 2‘2.
529 2825 539 2839 ⁵
553 2823 617 2850 ibid.
631 2822 675 2848 27.

956 90 1118 119 OlilGEMS

907 2745 929 2760 ν’
945 2742 954 2769 l
969 2741 1040 2768 Tim.
1057 2745 1095 2768 v1.
1114 2736 1157 2763 ll.

983 2777 1006 2792 ’⁵
1019 2774 1027 2801 l
1042 2773 1104 2800 Cor.
1121 2779 1158 2797 ις.

1830 75 1878 103 liii

1067 152 1130 177 dunt
1141 149 1260 177 litteram
1283 144 1317 172 ab
1340 142 1476 177 Evangelii
1499 139 1642 174 discipulis
1665 138 1879 164 observentur;

1069 196 1192 230 qnzedam
1211 199 1276 220 vero
1289 190 1444 218 omnimodo
1458 194 1487 215 ut
1498 188 1599 221 scripta
1617 189 1683 211 sunt
1700 182 1880 211 obtinenda;

1069 242 1120 268 alia
1132 246 1221 267 autent
1238 239 1340 266 habere
1355 235 1462 271 quidem
1478 232 1629 261 secundum
1652 230 1786 256 litteram
1812 226 1882 253 wri-

1070 291 1152 315 tatem
1179 285 1232 317 sui,
1259 283 1381 319 recipere
1406 286 1495 307 tamen
1519 278 1622 306 utiliter
1652 280 1683 303 et
1711 271 1883 302 necessario

1070 334 1153 360 etiam
1168 329 1342 366 allegoricum
1358 329 1479 355 sensum.

1105 379 1132 405 ‘2.
1154 363 1296 409 Erit—ergo
1310 374 1364 407 iam
1391 371 1520 405 sapientis
1543 368 1641 396 scriba:
1664 371 1694 393 et
1722 363 1826 391 edocti
1854 363 1885 387 de

1072 432 1154 459 regno
1171 423 1229 454 Dei,
1246 421 1291 456 qui
1309 420 1379 447 sciat
1394 419 1428 445 de
1441 415 1574 444 thesauris
1595 414 1638 440 his
1659 411 1801 447 proferre
1815 417 1883 435 lluv.t

1071 477 1099 498 et
1112 475 1214 502 vetera,
1225 468 1296 496 scire
1311 465 1448 500 quomodo
1460 463 1486 489 iu
1506 468 1560 488 uno
1576 466 1686 495 quoque
1712 458 1782 484 loco
1810 454 1885 482 Scri—

1073 521 1172 552 pturaa,
1185 519 1232 542 aut
1248 513 1359 547 ahjiciat
1371 511 1479 546 penitus
1498 507 1670 535 Occidentem
1694 504 1841 532 litteram,
1859 507 1885 525 ct

1073 563 1197 598 spiritum
1218 560 1399 587 vivificantem
1415 556 1552 590 requirat,
1576 556 1624 578 aut
1648 550 1810 577 conﬁrmet
1825 555 1884 573 0m-

1073 610 1191 640 nimode,
1213 597 1247 636 et.
1264 607 1357 634 utilem
1375 611 1408 632 ac
1433 603 1615 630 necessariam
1642 599 1748 633 probet
1782 597 1883 623 littcrre

1072 655 1224 684 doctrinam
1240 658 1308 687 ;aut
1327 654 1454 680 manente
1465 648 1590 679 historia,
1608 649 1772 680 opportune
1788 648 1818 669 et
1837 643 1884 668 dc-

1073 707 1169 730 center
1187 699 1342 727 introducat
1355 699 1437 726 etiam
1455 694 1600 729 mysticum
1614 698 1742 719 sensum.
1763 689 1844 715 Sicut
1860 692 1887 713 et

1072 748 1100 775 in
1117 748 1169 775 hoc
1183 753 1309 773 sermone
1326 752 1406 779 quem
1429 742 1560 770 habemus
1588 738 1614 765 in
1642 736 1780 762 manibus
1807 734 1885 760 arbi-

1075 799 1132 820 tror
1145 792 1306 823 convenire;
1332 791 1411 818 decet
1431 788 1504 817 enim
1521 791 1548 813 et
1570 784 1637 814 utile
1652 788 1694 810 est
1718 782 1813 809 etiam
1838 788 1885 807 sa-

1075 837 1233 865 cerdotibus
1251 834 1390 870 Evangelii
1408 832 1501 860 oll'erri
1523 830 1668 865 primitias.
1693 828 1731 854 Ita
1756 827 1837 853 enin:
1861 831 1886 851 et

1078 883 1208 911 Dominus
1221 881 1366 916 disposuil,
1389 885 1419 906 ut
1434 878 1482 913 qui
1499 875 1673 911 Evangelium
1696 874 1884 902 annuntiant,

1074 930 1110 958 de
1121 927 1269 962 Evangelia
1291 927 1392 956 vivant.
1418 929 1445 952 et
1465 923 1512 959 qui
1538 921 1619 949 altari
1639 920 1823 951 deserviunt,
1854 919 1886 945 de

1077 975 1155 1002 altari
1171 972 1377 1008 participant".
1395 971 1428 998 Et
1444 970 1517 998 sicut
1532 969 1585 996 hoc
1601 968 1711 1001 dignum
1736 971 1766 992 ct
1783 965 1887 993 decens

1081 1026 1135 1053 est,
1152 1021 1192 1048 sic
1207 1019 1361 1048 ccentrario
1383 1023 1411 1045 et
1428 1017 1558 1044 indecens
1583 1018 1610 1042 ct
1627 1013 1774 1047 indignum
1789 1011 1887 1038 existi-

1084 1075 1129 1094 tuo
1143 1072 1170 1094 et
1181 1066 1304 1101 impium,
1327 1069 1356 1092 ut
1369 1064 1391 1091 is
1405 1063 1449 1098 qui
1469 1062 1552 1089 Detnn
1567 1060 1641 1090 colit,
1670 1063 1699 1086 et
1724 1058 1890 1093 ingreditur

1078 1113 1231 1141 Ecclesiam
1258 1111 1318 1143 Dei,
1341 1110 1386 1144 qui
1418 1109 1471 1138 scit
1497 1107 1655 1135 sacerdotes
1681 1109 1708 1131 et
1734 1103 1887 1133 ministros

1083 1159 1213 1188 assistere
1226 1157 1318 1189 altari,
1348 1160 1378 1184 ct
1399 1159 1446 1181 aut
1470 1154 1554 1181 verbo
1581 1152 1629 1179 Dei
1652 1156 1698 1179 aut
1719 1149 1887 1177 ministerio

1080 1205 1210 1232 Ecclesiae
1233 1203 1383 1234 deservire,
1409 1201 1443 1227 de
1468 1199 1600 1226 fructibus
1624 1202 1704 1224 terra:
1735 1203 1815 1230 quos
1844 1195 1888 1221 dat

1080 1250 1152 1277 Deus
1169 1249 1251 1276 solent
1265 1254 1343 1274 suum
1357 1243 1544 1281 producendo.
1559 1247 1586 1270 et
1602 1241 1710 1276 pluvias
1736 1247 1809 1267 suas
1837 1239 1887 1265 mi-

1080 1294 1234 1323 nistrando,
1251 1299 1303 1320 non
1324 1291 1422 1318 oderat
1443 1288 1576 1323 primitias
1601 1285 1810 1313 sacerdotibus.
1831 1283 1887 1310 Non

1083 1340 1150 1367 mihi
1166 1339 1273 1365 videtur
1295 1335 1450 1371 huiusmodi
1479 1334 1568 1360 anima
1595 1332 1696 1358 habere
1714 1330 1888 1357 memoriam

1082 1386 1142 1417 Dei,
1160 1392 1210 1411 ttec
1224 1383 1355 1418 cogitare,
1374 1388 1425 1408 nec
1446 1380 1559 1406 credere
1586 1377 1650 1412 quia
1679 1376 1755 1403 Deus
1778 1375 1890 1402 dederit

1083 1431 1186 1458 fructus
1202 1436 1271 1464 qttos
1286 1427 1368 1463 cepit,
1381 1433 1448 1463 quos
1463 1425 1498 1455 ita
1513 1424 1636 1451 recondit
1666 1420 1746 1456 quasi
1779 1420 1890 1447 alienus

1085 1485 1099 1503 a
1118 1476 1183 1504 Dco.
1199 1474 1228 1502 Si
1244 1473 1316 1502 enim
1341 1480 1355 1499 a
1378 1471 1432 1498 Deo
1455 1470 1506 1498 sibi
1534 1469 1612 1496 datos
1635 1467 1776 1498 crederet,
1804 1467 1890 1493 sciret

1086 1523 1179 1556 utique
1207 1518 1376 1547 numerando
1394 1515 1551 1543 sacerdotes
1575 1514 1710 1541 honorare
1737 1512 1833 1539 Deum
1860 1512 1890 1537 de

1085 1568 1157 1596 datis
1168 1571 1196 1594 et
1207 1564 1365 1593 muneribus
1376 1564 1444 1591 suis.
1464 1563 1497 1590 Et
1516 1561 1604 1588 adhuc
1630 1564 1660 1586 ut
1681 1558 1809 1593 amplius
1836 1558 1890 1585 Im:

1085 1613 1253 1644 observanda
1266 1611 1349 1639 etiam
1366 1609 1516 1637 secundum
1532 1607 1651 1634 litteram
1664 1605 1754 1641 ipsius
1777 1604 1831 1632 Dei
1845 1612 1890 1629 vo-

1087 1659 1164 1687 cibus
1182 1657 1342 1685 doceantur,
1354 1653 1486 1680 addemus
1502 1651 1536 1678 ad
1547 1650 1615 1677 lucc.
1629 1648 1763 1675 Dominus
1778 1647 1850 1674 dicit
1867 1646 1890 1673 iu

1090 1701 1243 1738 Evangeliis
1250 1701 1273 1716 "
1285 1708 1293 1726 :
1305 1708 1314 1725 ι
1330 1697 1376 1725 Vae
1391 1697 1479 1729 vobis,
1492 1694 1594 1722 Scriba:
1611 1698 1638 1721 et
1652 1692 1789 1719 Pharisaei
1803 1692 1890 1726 hypo-

1088 1737 1178 1780 crita,
1193 1747 1239 1782 qui
1256 1744 1397 1774 decimatis
1408 1742 1557 1773 mcutham,
1572 1749 1582 1766 ι
1593 1740 1645 1766 hoc
1655 1743 1708 1773 cst,
1721 1747 1730 1763 ι
1750 1737 1890 1764 decimam

1090 1795 1163 1823 datis
1175 1793 1305 1824 menthar.
1321 1796 1349 1818 et
1369 1788 1479 1824 cymiui,
1501 1791 1528 1813 et
1550 1784 1654 1817 anethi,
1681 1788 1710 1811 et
1737 1782 1890 1818 praeteritis

1088 1849 1150 1877 qua:
1173 1839 1276 1875 majora
1301 1840 1364 1866 sunt
1386 1833 1454 1868 legis
1474 1840 1482 1859 :
1503 1830 1665 1866 hypocrita,
1691 1829 1750 1857 lucc
1777 1832 1890 1862 oporth

1090 1873 1161 1918 ﬁeri,
1179 1890 1207 1913 et
1218 1873 1272 1912 illa
1294 1891 1346 1911 non
1371 1879 1472 1908 omitti.
1499 1887 1508 1904 ι
1541 1876 1608 1903 Vide
1635 1882 1701 1909 ergo
1726 1873 1890 1909 diligentius

1089 1931 1226 1967 quomodo
1238 1935 1328 1957 sermo
1355 1925 1463 1954 Domini
1491 1923 1548 1950 vult
1573 1921 1632 1949 ﬁeri
1654 1920 1768 1956 quidem
1796 1920 1890 1949 omni-

1091 1978 1170 2006 mode
1183 1984 1242 2011 quae
1257 1975 1359 2010 majora
1377 1976 1441 2000 sunt
1468 1970 1548 2005 legis,
1564 1975 1618 1995 non
1635 1972 1726 1994 tamen
1743 1965 1843 1992 omitti
1869 1969 1890 1991 el

1091 2026 1149 2053 haec
1163 2030 1223 2058 qua:
1242 2022 1389 2050 secundum
1406 2020 1525 2048 litteram
1540 2015 1730 2049 designantur.
1755 2011 1842 2044 Quod
1870 2011 1890 2037 si

1092 2055 1180 2100 dicas,
1210 2067 1274 2102 quia
1301 2066 1359 2096 hac
1383 2065 1417 2091 ad
1445 2062 1597 2091 Pharismos
1627 2057 1748 2088 dicebat,
1777 2063 1835 2082 non
1861 2055 1890 2081 ad

1093 2101 1248 2148 discipulos,
1268 2111 1330 2138 audi
1352 2111 1450 2137 iterum
1478 2109 1567 2142 ipsum
1585 2105 1724 2133 dicentem
1751 2102 1787 2128 ad
1806 2101 1890 2128 disci-

1089 2146 1170 2197 pulos
1195 2166 1203 2186 :
1230 2166 1240 2183 ‹
1271 2156 1327 2184 Nisi
1356 2153 1537 2185 abundaverit
1569 2150 1675 2186 justiti:
1707 2152 1801 2175 vestra
1833 2146 1890 2180 plus

1093 2192 1175 2240 quam
1189 2203 1387 2231 Pharisaeorum
1400 2204 1426 2227 et
1441 2198 1612 2230 Scribarum,
1629 2203 1683 2222 non
1707 2193 1853 2221 intrahitis
1867 2192 1890 2217 iu

1095 2237 1207 2285 regnum
1220 2247 1351 2276 caelorum
1365 2247 1386 2273 ι.
1408 2254 1416 2270 ι
1437 2243 1514 2277 Quod
1541 2250 1606 2277 ergo
1621 2241 1678 2269 vult
1704 2239 1765 2266 ﬁeri
1789 2246 1804 2264 a
1821 2237 1890 2264 Pha-

1089 2283 1189 2329 Iis‘azis,
1208 2295 1293 2322 multo
1310 2293 1394 2327 magis
1410 2296 1438 2318 et
1451 2291 1554 2326 majore
1569 2295 1634 2319 cum
1643 2285 1817 2314 abundantia
1836 2283 1890 2310 vult

1094 2351 1109 2371 a
1118 2340 1256 2376 discipulis
1267 2339 1373 2374 impleri
1384 2347 1390 2370 ;
1401 2338 1474 2373 quod
1486 2340 1575 2363 autem
1586 2333 1644 2360 ﬁcri
1656 2340 1671 2358 a
1681 2329 1827 2365 discipulis
1840 2336 1890 2354 non

1094 2389 1162 2421 vult,
1183 2395 1235 2415 nec
1252 2384 1399 2413 Pharisaeis
1421 2384 1537 2417 imperat
1555 2378 1723 2407 faciendum.
1746 2374 1890 2408 Quomodo

1095 2441 1184 2462 autem
1208 2433 1267 2468 plus
1291 2431 1357 2458 velit
1385 2429 1443 2456 ﬁeri
1470 2436 1484 2454 a
1509 2425 1649 2460 discipulis
1676 2429 1758 2456 quam
1782 2420 1890 2447 faciunt

1097 2482 1238 2512 Pharisaei,
1258 2481 1283 2507 iu
1301 2486 1335 2506 eo
1351 2477 1470 2506 declarat
1484 2475 1529 2502 ubi
1550 2473 1618 2501 dicit
1633 2473 1644 2488 ⁸
1666 2478 1673 2497 :
1693 2479 1703 2496 ε
1721 2469 1832 2495 Οἰαιιιιι
1853 2469 1890 2491 νει

1097 2527 1235 2562 antiquis:
1249 2524 1308 2552 Non
1322 2524 1458 2551 occides.)
1474 2521 1529 2548 Hoc
1541 2519 1690 2547 observant
1703 2519 1731 2542 et
1745 2512 1890 2541 Pharisa-i.

1098 2557 1240 2608 Discipulis
1254 2576 1344 2597 autent
1362 2568 1428 2595 dicit
1441 2567 1452 2583 ³
1471 2576 1478 2593 :
1498 2574 1508 2591 ι
1526 2564 1584 2599 Ego
1604 2567 1697 2589 autem
1714 2559 1776 2590 dico
1805 2557 1890 2586 rubis,

1097 2620 1160 2655 quia
1171 2601 1198 2646 Isi
1212 2617 1273 2652 quis
1293 2616 1380 2643 iratus
1394 2613 1475 2640 fuerit
1492 2611 1571 2638 fratri
1587 2616 1647 2639 suo,
1666 2613 1728 2634 reus
1744 2604 1801 2631 erit
1822 2601 1890 2635 judh

1096 2667 1148 2695 cio.
1169 2674 1178 2691 ι
1195 2663 1327 2692 Similiter
1345 2665 1372 2688 et
1389 2660 1422 2688 de
1440 2666 1472 2687 eo
1485 2657 1558 2692 quod
1569 2655 1701 2688 scriptum
1712 2655 1753 2678 est
1770 2650 1794 2676 ἐ
1809 2653 1820 2669 ι
1837 2647 1890 2672 Non

1751 2718 1776 2734 Il

1826 2759 1835 2777 Ι
1859 2759 1866 2776 I
1887 2766 1890 2776 Α

1826 2759 1890 2777 ηλΙώ

1464 2727 1487 2743 νδ
1499 2726 1597 2760 Epltus.
1612 2731 1639 2754 Υ,
1655 2721 1701 2748 52.

1210 2733 1232 2748 ⁸³
1242 2731 1310 2758 Gen.
1327 2737 1356 2763 ιι,
1370 2728 1417 2756 ίὶι.
1464 2728 1487 2743 νδ
1499 2728 1597 2760 Ephcs.
1612 2731 1639 2754 ν,
1656 2728 1701 2748 ea.

1210 2768 1220 2784 ο
1238 2765 1335 2789 Malui.
1350 2771 1425 2789 nni.
1440 2763 1486 2789 23.
1527 2761 1535 2776 '
1553 2759 1649 2787 Matth.
1664 2765 1690 2789 v,
1705 2755 1750 2781 ‘20.

1196 2768 1220 2784 ⁸⁸
1237 2765 1335 2794 Matth.
1350 2771 1425 2796 nui,
1440 2763 1486 2789 ΞΖ).
