1894 3058
35 103 95 132 (215

661 105 692 132 IN
711 104 879 134 NUMERUS
900 105 1042 133 llOMlldA
1058 106 1104 134 XI.

1636 109 1690 137 “6

34 163 238 197 adulterabis,
263 173 272 189 ι
293 170 401 190 Suorum
419 161 612 198 discipulorum
631 164 657 192 in
671 173 704 193 eo
720 165 849 193 vultam-
863 171 886 196 Α
901 167 963 201 quia
979 171 1041 193 sunt
1054 164 1183 200 primitirc
1205 165 1286 197 Asitﬂ,
1307 170 1334 192 et
1355 166 1402 193 alii
1423 166 1550 200 primitiai
1570 167 1688 195 Achaiae.

35 211 114 246 plius
132 211 284 237 abundare
304 208 449 244 justitiam,
477 212 507 235 ut
525 217 559 237 ne
580 210 722 238 mulierem
740 212 849 246 quidem

35 257 161 284 videant
179 256 216 283 ad
232 255 489 289 concupiscendum.
502 254 585 289 Igitur
601 263 635 283 cx
658 256 700 284 his
716 265 776 292 qua:
791 259 865 291 μισ-⁸

37 301 166 329 tulimtts
184 300 293 336 paucis,
309 301 331 328 si
347 301 392 335 qni
416 299 530 328 studiosi
553 306 616 329 sunt
642 302 668 329 in
700 302 850 337 Scripturis

35 346 160 379 divinis,
180 345 314 381 perfacile
332 346 462 382 colligere
479 351 605 381 poterunt
628 347 709 375 etiam
735 353 850 376 cmtero-

36 401 99 420 nim
120 393 336 421 distinctiones.
353 392 469 428 Sapiens
485 394 556 422 enim
572 394 593 422 si
612 394 713 425 audiat,
729 394 815 429 inquit
826 395 848 427 ⁵,

35 439 165 466 verbum
186 447 242 466 non
256 439 343 467 solum
355 439 488 472 laudabit,
501 442 547 467 sed
564 444 591 466 ct
602 440 711 474 adjicict
727 440 759 467 ad
773 441 848 468 illud.

34 485 109 519 Quid
125 484 269 520 adjiciet?
283 490 311 512 ut
329 485 457 512 discutiat.
474 490 501 513 et
522 485 659 513 discernat
683 486 709 512 in
735 486 848 521 singulis

33 530 209 565 quibusque
237 530 361 565 capitulis
388 530 466 565 legis,
494 530 538 557 tibi
569 531 696 567 fugienda
719 532 755 559 sit
781 532 848 566 legis

34 576 153 610 littera,
170 576 220 604 ubi
238 572 433 610 amplectenda,
450 576 494 603 ubi
508 576 590 604 etiam
615 578 736 605 narratio
762 578 849 605 histo-

35 621 84 649 ria:
99 629 174 649 cum
197 622 310 657 mystica
328 622 499 656 expositique
520 623 675 650 conveniat.
693 632 702 649 ι
722 624 848 651 Christus

34 669 113 696 enim
135 675 198 696 nos
217 668 333 696 redemit
351 668 384 696 de
399 668 544 695 maledicto
568 667 675 703 legis“;
696 678 706 695 ι
726 676 777 695 non
799 677 848 697 nos

36 714 167 741 redemit
185 714 222 741 de
238 714 382 742 maledicto
412 714 544 747 mandati,
568 721 619 741 nec
647 714 680 742 de
702 715 847 742 maledicto

36 759 216 792 testimonii,
236 767 286 788 nec
313 760 346 788 de
372 760 518 789 maledicto
543 760 722 795 judiciorum,
751 762 798 788 sed
815 763 847 789 de

36 805 202 832 maledicto
222 804 304 840 legis,
330 805 356 834 id
379 810 421 832 est
444 812 477 833 ne
506 804 620 839 subjecti
644 811 767 833 essemus
792 806 846 833 cir-

35 850 219 877 cumcisioni
251 851 343 878 carnis
368 858 417 878 nec
440 851 624 878 observationi
651 850 845 885 Sabbatorutn,

35 895 166 929 aliisque
189 895 287 922 horum
305 895 450 929 similibus,
480 903 541 931 qua:
567 903 620 923 non
646 896 673 923 in
696 897 844 930 mandatis,

34 941 82 967 sed
101 941 132 968 in
152 941 218 975 lege
234 941 346 968 dicenda
362 947 424 970 sunt
441 941 586 970 contineri.
615 942 759 976 Quomodo
781 950 845 976 ergo

36 987 169 1013 abundat
181 987 289 1021 justitia
299 986 380 1024 306
392 992 485 1016 nostra
509 988 569 1024 plus
591 997 672 1024 quam
688 988 844 1016 Scribarum

35 1037 63 1058 et
87 1031 319 1066 Pharisaeorum,
340 1033 362 1060 si
390 1033 429 1060 illi
458 1033 492 1061 de
519 1033 654 1062 fructibus
684 1038 763 1062 teme
790 1041 846 1061 sua:

37 1083 161 1113 gustare
178 1085 236 1106 non
251 1079 352 1105 audent
365 1079 522 1114 priusquam
544 1080 679 1116 primitias
698 1079 846 1107 sacerdoti-

36 1125 89 1152 bus
105 1123 247 1156 oﬂ'erant,
263 1129 292 1152 et
308 1125 396 1152 levitis
420 1126 540 1154 decimas
567 1131 696 1160 separent
720 1125 794 1161 (l5);
817 1130 846 1152 et

36 1177 89 1204 ego
109 1170 188 1198 nihil
205 1171 305 1198 borum
322 1169 427 1198 faciens
440 1171 574 1198 fructibus
588 1177 668 1199 terra:
685 1172 722 1199 ita
736 1171 844 1206 abutar,

38 1221 67 1244 ut
81 1216 228 1244 sacerdos
242 1216 355 1250 nesciat,
368 1216 464 1245 levites
480 1217 596 1253 ignoret,
617 1219 738 1246 divinum
759 1219 846 1246 altare

38 1272 94 1292 non
104 1264 218 1292 sentiat
226 1263 238 1290 ?
246 1263 312 1290 Illud
321 1270 386 1291 sane
395 1264 549 1291 necessario
558 1264 783 1292 commonendum
792 1270 844 1298 est,

36 1310 111 1345 quod
127 1310 178 1337 lex
196 1309 343 1344 dupliciter
355 1309 455 1337 dicitur
469 1318 476 1337 :
493 1317 555 1336 nam
574 1311 739 1345 generaliter
754 1311 844 1339 Omnia

37 1355 102 1387 ista,
121 1355 184 1382 hoc
208 1358 251 1381 est
265 1353 434 1388 mandatum,
452 1354 673 1388 iustificationes,
696 1361 844 1391 priecepta,

38 1398 222 1430 testimonia,
232 1398 345 1433 judicia,
362 1397 404 1425 lex
419 1398 607 1434 appellantur;
631 1400 785 1435 specialiter
798 1409 846 1428 au-

37 1451 93 1472 tem
108 1451 182 1480 pars
201 1444 292 1477 aliqua
309 1452 342 1471 ex
360 1444 393 1471 iis
406 1452 467 1478 quae
484 1444 510 1471 in
528 1445 586 1480 lege
600 1446 700 1480 scripta
719 1452 780 1474 sunt
802 1447 844 1474 lex

36 1492 158 1522 dicitur.
183 1495 214 1517 ιιι
229 1494 293 1517 sunt
311 1491 362 1518 ista
385 1491 418 1518 de
442 1490 542 1525 quibus
564 1492 690 1526 superius
715 1493 843 1521 disserni-
857 1512 878 1540 ο

37 1545 112 1564 mus.
131 1535 282 1564 Generalis
295 1540 384 1562 autem
401 1535 444 1563 lex
462 1535 642 1571 signiﬁcatur,
657 1538 731 1564 verbi
745 1539 841 1573 gratia,

36 1590 102 1609 cum
126 1583 164 1610 de
181 1580 324 1608 Salvatore
339 1581 437 1608 dicitur
450 1581 473 1614 ⁷,
489 1581 555 1616 quia
580 1591 590 1608 ‹
614 1589 666 1609 non
686 1583 760 1610 venit
782 1583 842 1611 sol-

36 1635 103 1655 vere
121 1627 229 1662 legem,
244 1625 291 1653 sed
304 1625 461 1660 adimplere.
481 1635 490 1652 ι
508 1625 540 1653 Et
555 1626 618 1653 item
635 1627 698 1654 alibi
710 1627 721 1642 ⁸
736 1636 743 1655 :
761 1635 770 1652 t
783 1627 842 1655 Ple-

39 1673 143 1700 nitudo
157 1678 230 1706 ergo
245 1670 312 1705 legis
324 1675 366 1698 est
378 1670 498 1698 dilectio.
515 1681 524 1698 ι
538 1670 565 1698 ln
581 1678 635 1707 quo
649 1672 742 1706 utique
753 1672 842 1699 omnia

37 1718 123 1747 simul
136 1724 205 1752 quae
218 1717 319 1751 scripta
327 1720 392 1742 sunt
401 1717 427 1743 in
438 1715 505 1751 lege,
516 1716 601 1752 legem
613 1717 771 1744 nominavit.
780 1716 843 1745 Habe

38 1764 170 1791 diximus
191 1767 348 1790 asserentes
363 1762 518 1790 mandatum
532 1761 566 1790 de
588 1762 716 1797 primitiis
735 1762 842 1798 frugum

38 1808 81 1835 vel
93 1814 247 1844 pecorum,
263 1807 363 1834 debere
372 1806 452 1833 etiam
465 1806 614 1834 secundum
629 1807 747 1834 litteram
758 1812 841 1835 stare.

72 1853 102 1881 3.
116 1853 202 1880 Nunc
213 1857 303 1879 autem
316 1852 455 1879 videamus
467 1852 602 1886 quomodo
615 1859 642 1880 et
653 1853 840 1888 allegoricum,

38 1898 65 1926 id
80 1903 127 1925 est
139 1896 296 1931 spiritalem
321 1896 433 1930 recipiat
455 1896 633 1925 intellectum.
660 1896 842 1932 Requiramns

37 1950 105 1978 ergo
118 1941 215 1970 sicubi
233 1941 259 1968 in
277 1940 429 1976 Scripturis
446 1946 546 1976 praeter
566 1942 624 1969 haec
638 1942 671 1970 de
687 1943 784 1977 quibus
796 1950 842 1970 su-

38 1997 86 2023 pra
105 1989 219 2016 dictum
244 1992 298 2021 est,
315 1987 468 2016 invenimus
482 1988 618 2023 primitias
636 1989 780 2022 nominari,
798 1989 842 2017 hic

37 2036 112 2062 enim
133 2034 210 2062 dixit
226 2034 237 2050 ’
252 2043 258 2061 :
276 2043 286 2059 ι
305 2033 406 2062 Omnes
429 2035 566 2070 primitias
593 2035 645 2062 olei
673 2040 700 2063 et
721 2036 787 2068 vini,
814 2040 842 2063 et

37 2079 193 2112 frumenti,
221 2079 320 2106 horum
353 2079 475 2107 onminm
504 2079 633 2116 primitiae
658 2087 719 2115 qute
742 2080 841 2108 oblatae

38 2126 149 2154 fuerint
176 2124 242 2156 Deo,
268 2125 317 2152 tibi
346 2124 405 2152 dedi
430 2132 472 2152 ea.
498 2134 507 2152 ι
531 2125 652 2160 Requiro
678 2133 745 2160 ergo
768 2134 840 2154 nunc

862 836 883 864 Β

903 212 979 240 Unde
992 218 1160 246 consequens
1172 215 1213 238 est
1226 218 1274 245 per
1293 211 1416 246 singulas
1430 211 1566 239 Ecclesias
1583 213 1687 247 aliquos

902 258 1081 289 crcdentittm,
1102 264 1171 292 quos
1191 261 1281 284 tamen
1307 257 1471 291 apostolicus
1490 258 1603 292 spiritus
1627 267 1690 293 pro-

901 303 1017 334 baverit,
1041 302 1176 337 primitias
1194 303 1338 329 nominari.
1360 302 1398 330 Ex
1415 303 1514 338 quibus
1533 311 1595 331 esse
1617 304 1691 332 arbi-

902 353 959 375 tror
970 349 1052 375 etiam
1068 348 1222 376 Cornelium
1237 347 1310 374 illuni
1333 349 1378 383 qni
1394 349 1571 378 Caesariensis
1591 351 1691 378 Eccle-

896 394 947 421 'si:e
962 402 1022 421 rum
1043 394 1075 421 iis
1092 402 1153 422 cum
1169 395 1266 429 quibus
1285 395 1416 430 Spiritum
1444 401 1570 423 sanctum
1591 397 1692 424 meruit

900 442 1035 476 accipere,
1048 442 1177 476 prin’titia:
1190 441 1287 468 merito
1303 442 1400 468 dicitur
1417 443 1449 470 ε’.
1470 442 1502 469 Et
1523 450 1576 469 non
1600 443 1688 469 solum

900 487 978 521 hujus
995 487 1140 520 Ecclesire,
1159 487 1207 514 sed
1228 486 1354 514 fortassis
1376 492 1403 514 et
1426 488 1548 514 omnium
1567 489 1689 523 gentium

900 533 1026 568 primitite
1049 532 1192 560 Cornelius
1212 533 1388 568 appellandus
1408 537 1466 565 est;
1486 533 1589 567 primus
1615 534 1687 561 enim

899 579 1015 606 credidit
1031 586 1063 606 ex
1083 579 1219 612 gentibus,
1244 584 1271 605 et
1293 579 1397 613 primus
1416 583 1512 606 sancto
1528 579 1630 614 Spiritu
1645 587 1688 607 re-

899 624 987 658 pletus
1008 627 1059 650 est.
1073 623 1106 650 Et
1121 623 1181 650 ideo
1199 628 1271 650 recte
1282 623 1409 658 primitite
1421 624 1543 658 gentium
1567 624 1688 658 appella—

899 670 982 697 bitur.
995 669 1049 697 Sed
1068 669 1185 704 requiris
1207 670 1323 696 fortasse
1336 670 1398 704 quis
1424 669 1493 697 istas
1514 669 1611 697 offerat
1633 670 1690 704 pri-

899 716 990 742 mitias
1006 715 1069 745 Deo,
1082 721 1127 741 aut
1139 715 1200 749 quis
1213 720 1256 742 est
1268 715 1391 749 pontifex
1412 715 1489 750 cujus
1512 716 1569 743 ltzuc
1596 716 1686 742 ratio-

899 762 978 788 nibus
989 762 1098 788 cedant.
1114 760 1170 795 Ego
1186 761 1304 788 arbitror
1323 760 1394 795 quod
1414 761 1560 788 secundum
1579 761 1686 788 Domini

898 806 1010 834 verbum
1025 813 1089 840 ager
1102 805 1209 832 dicatur
1226 806 1269 832 hic
1283 806 1410 833 mundus.
1428 806 1500 840 Ager
1518 811 1608 832 autent
1632 813 1685 833 non

899 857 977 879 terrae
1006 851 1112 884 solum,
1138 851 1185 878 sed
1217 851 1300 877 corda
1336 850 1524 885 intelliguntur
1547 851 1683 882 humana,

896 905 977 932 quem
1015 905 1108 932 agrum
1145 897 1232 932 angeli
1273 896 1320 924 Dei
1357 897 1528 931 susceperint
1563 896 1688 924 excolen-

897 944 959 970 dum
981 943 1048 977 (14).
1070 942 1189 970 Cultura:
1209 951 1276 978 ergo
1289 951 1344 970 suae
1368 942 1474 970 fructus
1493 942 1543 976 ipsi
1574 943 1684 977 quidem

897 988 1044 1022 possident,
1060 993 1088 1016 et
1101 989 1213 1020 habent,
1229 996 1276 1016 eos
1289 988 1416 1015 videlicet
1438 987 1483 1022 qui
1511 988 1562 1015 sul)
1586 995 1687 1022 procu-

899 1034 1051 1061 rationibus
1067 1038 1162 1069 agunt,
1186 1039 1214 1061 et
1231 1033 1379 1065 actoribus,
1407 1038 1436 1062 et
1457 1033 1576 1060 nondum
1600 1041 1686 1069 usque

896 1081 929 1105 ad
942 1085 1078 1105 summam
1091 1083 1198 1105 :etatem
1212 1078 1388 1113 perfectionis
1413 1082 1557 1105 venerunt.
1574 1078 1603 1105 Si
1616 1085 1686 1113 quo-

896 1132 956 1152 rum
972 1131 1036 1151 vero
1047 1124 1128 1151 corda
1146 1124 1289 1159 diligenter
1301 1123 1423 1156 exculta,
1438 1127 1470 1151 et
1481 1124 1515 1151 ad
1530 1124 1681 1158 perfectura

896 1171 1024 1205 perducta
1044 1175 1118 1202 sunt,
1141 1170 1191 1197 hos
1211 1174 1339 1204 tanquam
1361 1169 1462 1197 electos
1479 1173 1507 1197 et
1532 1170 1683 1204 praecipuos

896 1223 928 1243 ex
942 1215 1050 1243 caeteris
1064 1215 1199 1250 primitias
1216 1214 1334 1242 offerunt
1356 1214 1475 1250 pontifici
1495 1223 1605 1249 magno.
1631 1215 1684 1242 De-

896 1262 978 1296 nique
990 1261 1144 1289 invenimus
1155 1261 1241 1296 ipsum
1255 1260 1411 1288 Cornelium
1422 1265 1569 1295 antequam
1582 1260 1685 1288 doctri-

896 1314 957 1333 nam
974 1305 1047 1333 verbi
1072 1305 1131 1338 Dei,
1152 1306 1193 1333 vel
1222 1305 1336 1340 gratiam
1354 1305 1480 1340 baptismi
1502 1305 1654 1340 susciperet
1669 1313 1685 1333 a

895 1351 988 1383 Petro,
1009 1351 1117 1378 audisse
1138 1352 1172 1378 ab
1190 1350 1295 1385 angelo,
1323 1350 1387 1384 quia
1407 1350 1546 1377 orationes
1577 1350 1636 1385 ejus
1656 1355 1685 1377 et

895 1397 1073 1432 cleemosynze
1087 1396 1274 1424 ascendissent
1295 1395 1328 1422 ad
1341 1395 1424 1422 Deum
1441 1396 1474 1428 η,
1491 1396 1562 1422 unde
1584 1400 1613 1422 et
1635 1402 1686 1430 per

895 1443 984 1478 ipsum
997 1443 1122 1478 angelum
1137 1443 1243 1470 videtur
1264 1443 1320 1470 Deo
1339 1442 1467 1478 primitize
1493 1442 1603 1469 oblatus
1621 1449 1684 1469 esse

896 1489 1049 1517 Cornelius.
1066 1488 1217 1516 Possumus
1229 1493 1320 1516 autem
1333 1488 1424 1516 dicere
1438 1488 1519 1516 etiam
1545 1488 1578 1514 de
1592 1487 1684 1520 Petro,

894 1541 921 1562 et
935 1535 1018 1563 Paulo
1031 1535 1192 1569 ueterisque
1206 1534 1347 1568 apostolis,
1360 1534 1431 1568 quod
1448 1539 1476 1560 et
1497 1534 1546 1567 ipsi
1567 1533 1682 1561 creden-

894 1582 959 1608 tium
974 1589 1021 1616 per
1041 1588 1070 1608 se
1084 1580 1217 1616 primitias
1239 1579 1364 1612 oﬂ'eraut,
1390 1579 1461 1607 sicut
1479 1579 1544 1607 dicit
1564 1580 1682 1614 Apeslo-

893 1626 934 1654 lus
950 1626 982 1659 η’,
998 1627 1059 1662 quia
1074 1626 1106 1653 ab
1119 1626 1270 1653 Jerusalem
1286 1626 1313 1652 in
1330 1625 1444 1652 circuitu
1459 1632 1544 1659 usque
1565 1624 1598 1652 ad
1616 1623 1682 1659 lily-

894 1672 978 1699 ricnm
999 1671 1143 1706 repleverit
1158 1671 1335 1706 Evangelium
1359 1670 1472 1704 Christi,
1489 1676 1516 1698 et
1532 1671 1567 1698 ita
1582 1670 1680 1705 praedi-

893 1717 995 1745 caverit
1013 1717 1187 1752 Evangelium
1204 1725 1258 1744 non
1287 1717 1332 1744 ubi
1355 1716 1515 1744 nominatus
1539 1720 1581 1744 est
1603 1715 1684 1744 Chri-

893 1767 961 1796 stus,
986 1770 1021 1790 ne
1048 1770 1129 1797 super
1158 1762 1278 1790 alienum
1295 1761 1504 1789 fundamentum
1520 1761 1682 1788 mdiﬁcaret.

892 1808 999 1835 lntuere
1018 1814 1082 1842 ergo
1094 1807 1219 1840 Paulum,
1235 1813 1329 1834 omnes
1342 1814 1389 1834 eos
1404 1813 1473 1841 quos
1500 1806 1607 1838 docuit,
1619 1805 1682 1840 qni-

892 1854 943 1881 bus
959 1853 1127 1887 prtedicavit,
1149 1853 1194 1887 qui
1217 1859 1251 1879 ex
1275 1853 1333 1886 ipso
1358 1852 1533 1886 profecerunt
1561 1850 1589 1877 in
1618 1851 1683 1884 ﬁde,

893 1903 1021 1933 tanquam
1049 1897 1153 1925 fructus
1170 1904 1234 1924 suos
1263 1896 1432 1929 offerentem,
1462 1900 1490 1922 et
1516 1901 1682 1930 quaerentem

892 1943 1013 1978 quotidie
1028 1949 1112 1970 novos
1138 1949 1218 1976 agros
1241 1941 1450 1976 quosexcolat,
1475 1945 1501 1968 et
1526 1948 1594 1968 nova
1618 1948 1681 1967 rura

891 1997 952 2025 quze
967 1988 1084 2017 semiuet
1098 2009 1106 2021 ,
1129 1993 1156 2016 et
1178 1989 1213 2017 ob
1234 1988 1285 2015 hoc
1307 1988 1445 2015 dicentem
1467 1987 1501 2014 ad
1523 1986 1654 2020 quosdam
1675 1996 1681 2014 :

896 2041 906 2061 ι
925 2035 1010 2070 Cupio
1021 2034 1093 2062 enim
1111 2034 1205 2062 venire
1221 2033 1254 2061 ad
1274 2041 1332 2066 vos,
1361 2037 1391 2060 ttt
1415 2032 1531 2066 aliquem
1559 2032 1677 2059 fructum

892 2081 1006 2109 habeant
1023 2085 1049 2108 et
1063 2080 1092 2107 in
1103 2080 1190 2113 vobis,
1206 2079 1276 2107 sicut
1291 2083 1319 2106 et
1342 2078 1368 2105 itt
1395 2077 1503 2105 caeteris
1518 2077 1653 2110 gentibus.
1668 2085 1683 2103 ν

891 2127 1013 2159 Intuere,
1039 2126 1161 2160 inquam,
1185 2133 1246 2152 eum
1271 2132 1305 2152 ex
1332 2123 1366 2151 iis
1398 2124 1523 2151 omnibus
1549 2123 1685 2150 fructibus

37 2177 145 2206 praeter
183 2170 241 2198 hare
264 2170 309 2198 ubi
337 2170 463 2205 primitiae
491 2171 679 2199 nominentur.
710 2171 740 2199 Si
766 2171 838 2199 enim
855 2180 878 2208 ι)
892 2173 977 2200 electa
999 2179 1113 2206 quaeque
1134 2171 1299 2206 signantem,
1321 2175 1346 2197 et
1361 2170 1496 2197 dicentem
1516 2169 1550 2196 de
1570 2169 1682 2204 quibus-

36 2225 138 2245 omnes
160 2217 290 2252 primitias
302 2217 335 2244 ad
350 2217 506 2252 pontiﬁcem
521 2216 668 2251 pertinent,
684 2217 839 2245 necessario

36 2264 120 2292 nobis
139 2268 170 2290 et
185 2263 307 2298 pontifex
323 2264 500 2298 requirendus
520 2268 572 2296 est,
592 2264 626 2291 ad
650 2271 731 2298 quem
751 2265 838 2298 perli-

37 2317 105 2336 nere
132 2308 256 2336 debeant
283 2308 365 2336 etiam
395 2309 448 2336 illa:
478 2310 607 2343 primitiae
634 2317 701 2345 quas
724 2310 752 2336 in
778 2309 838 2338 aliis

37 2355 199 2389 Scriptura:
213 2354 282 2382 locis
304 2354 403 2382 inditas
429 2354 592 2382 invenimus.
617 2354 649 2381 Et
669 2355 757 2389 pritno
777 2353 837 2389 qui-

36 2401 100 2429 dem
136 2400 264 2426 omnium
291 2400 326 2427 de
352 2399 410 2435 ipso
439 2400 555 2427 Domino
585 2399 695 2427 Christo
724 2399 836 2434 legimus

35 2446 179 2481 scriptum
207 2445 240 2477 “,
272 2445 335 2480 quia
361 2445 397 2473 sit
426 2446 555 2480 primitiae
589 2449 770 2472 mortuorum.
787 2443 836 2472 Est

36 2499 105 2528 ergo
126 2496 159 2519 et
179 2490 240 2525 ipse
262 2491 352 2525 aliqua
373 2492 400 2518 in
419 2496 496 2526 parte
515 2491 653 2525 primitize.
682 2489 716 2517 Et
735 2490 833 2517 iterum

37 2537 202 2566 invenimus
216 2536 250 2563 de
270 2536 433 2571 quibusdam
461 2537 562 2564 dictum
589 2535 624 2562 ab
650 2535 781 2570 Apostolo
799 2535 832 2568 ",

73 2617 187 2645 'Prov.
202 2623 224 2648 ι,
240 2616 268 2643 5.
306 2616 318 2631 ‘
331 2615 391 2644 Gal.
409 2615 496 2649 ιιι,15.
536 2616 546 2632 ⁷
560 2615 656 2643 Matth.
672 2623 698 2646 v.
712 2616 756 2643 17.
793 2616 804 2631 ⁸
815 2615 894 2643 Rom.
912 2623 973 2648 xui,
994 2615 1037 2643 t0.

652 2650 674 2667 ¹³
688 2650 752 2678 ibid.
769 2651 796 2678 4.
835 2652 856 2667 ’⁵
870 2652 946 2679 Rom.
962 2658 1007 2684 xv,
1027 2650 1070 2684 l9,
1088 2650 1134 2677 20.
1171 2650 1194 2665 ¹⁵
1207 2650 1285 2676 ltum.
1303 2656 1322 2682 t,
1341 2647 1386 2676 l3.

37 2661 82 2686 xv,
97 2653 151 2680 21.
183 2651 205 2667 “
222 2650 232 2677 l
246 2651 309 2679 Cor.
326 2659 382 2683 xvr,
398 2651 442 2680 15.
472 2651 493 2667 ¹¹
506 2651 569 2679 Act.
584 2659 613 2678 x.

72 2698 137 2734 (4‘5)
149 2697 227 2728 11η..
246 2706 255 2723 ι
272 2697 391 2725 decimas
405 2702 542 2732 separent.
563 2706 572 2724 ι
588 2697 666 2725 Libb.
678 2696 755 2728 editi,
770 2706 779 2722 ι
789 2697 832 2723 de-

35 2734 118 2761 cimae
134 2738 306 2761 separentur.
325 2742 334 2758 ι

70 2768 136 2803 (14)
159 2766 242 2803 Quem
265 2775 358 2803 agrum
377 2767 463 2802 angeli
486 2766 541 2803 _Dei
564 2766 828 2803 susceperintwexca-

36 2800 166 2830 unum.
189 2800 303 2830 Consule
332 2800 458 2830 lluetiittn
479 2801 698 2836 Orig-emanarunt
723 2800 771 2829 lib.
799 2808 833 2832 tt,

893 2219 965 2251 dam,
980 2219 1048 2246 sicut
1059 2225 1139 2252 supra
1156 2217 1285 2248 diximus,
1297 2216 1359 2251 quia
1376 2220 1440 2243 sunt
1455 2214 1584 2249 primitiae
1597 2215 1685 2244 Asite.

892 2269 918 2292 et
947 2264 991 2290 alii
1017 2263 1142 2298 primitiae
1164 2261 1280 2293 Achaia},
1304 2266 1332 2289 et
1362 2260 1530 2295 singularum
1552 2266 1687 2293 quamnim

891 2317 943 2344 que
966 2309 1146 2336 Ecelesiarum
1163 2308 1265 2344 eligere
1288 2307 1423 2342 primitias
1445 2310 1471 2332 et
1489 2305 1587 2332 oiferre
1613 2305 1686 2331 θεολ

893 2355 977 2382 liabet
1000 2359 1088 2382 autem
1120 2354 1246 2381 fortassis
1275 2353 1379 2387 aliquos
1416 2356 1443 2379 et
1474 2350 1685 2385 primogenitos..

889 2400 978 2427 Credo
995 2403 1084 2426 autem
1103 2399 1174 2434 quod
1191 2398 1290 2426 habeat
1302 2402 1329 2424 et
1344 2397 1451 2431 aliquos
1471 2395 1615 2422 inferiores
1630 2395 1681 2421 ho-

889 2453 960 2478 rum,
973 2453 1041 2480 quos
1054 2452 1142 2480 neque
1158 2452 1206 2479 pro
1224 2443 1408 2479 primogenitis
1419 2441 1488 2477 (l5),
1501 2441 1548 2468 sed
1567 2447 1617 2474 pro
1629 2441 1678 2466 de-

889 2491 968 2518 cimis
986 2491 1071 2526 possit
1086 2491 1195 2519 offerre.
1210 2491 1264 2518 Sed
1278 2495 1304 2517 et
1326 2488 1511 2523 unusquisque
1535 2487 1684 2514 dor-toruum

888 2541 952 2571 puto
968 2537 1038 2571 quod
1053 2545 1101 2572 pro
1115 2545 1148 2565 eo
1162 2537 1233 2572 quod
1249 2536 1328 2563 docet
1343 2539 1370 2562 et
1381 2534 1509 2568 praedicat
1524 2536 1552 2559 et
1568 2531 1685 2558 instruis

1085 2614 1096 2629 '
1113 2614 1191 2642 Num.
1206 2613 1340 2647 xvm,12.
1380 2612 1401 2628 ¹⁶
1415 2610 1474 2639 Col.
1490 2610 1570 2645 1,18;
1585 2609 1595 2637 l
1610 2609 1683 2639 Cor.

886 2701 982 2732 quiest.
998 2696 1025 2732 5,
1038 2703 1114 2732 ιιιιιιιΖ
1127 2695 1162 2732 S6
1172 2700 1200 2722 et
1214 2695 1258 2732 Ἦ,

923 2732 978 2767 (15)
991 2731 1081 2758 Codex
1100 2730 1280 2767 Belvacensis,
1301 2738 1310 2755 ι
1326 2736 1394 2764 quos
1410 2736 1497 2764 neque
1513 2735 1561 2764 pro
1577 2729 1680 2765 primis

887 2765 932 2795 tiis
944 2765 1032 2802 neque
1040 2773 1088 2801 pro
1106 2765 1303 2799 primogenitis.
1323 2774 1334 2790 I
