1894 3058
225 94 278 123 σιτ

225 153 374 185 auditores,
391 159 486 187 agrum
498 150 622 178 Ewlesia:
640 149 710 175 illius
724 156 804 183 quain
822 149 911 180 docet.
929 149 955 176 id
970 153 1012 177 est
1025 151 1048 178 A

225 198 394 226 credentium
409 197 490 225 corda
511 197 633 223 rideatur
648 197 782 222 excolere.
801 195 886 222 llabet
901 203 967 230 ergo
981 202 1008 222 et

226 245 284 278 ipse
299 244 413 271 culturte
428 251 483 270 suae
498 243 627 274 fructum,
648 247 676 269 et
698 242 724 269 in
748 243 781 269 iis
800 242 926 269 omnibus
952 243 1009 268 fru-

226 290 318 316 ctibus
333 289 435 316 invenit
450 289 507 316 sine
521 288 604 315 dubio
621 288 736 315 electunt
756 288 872 322 aliquem
892 292 919 314 et
939 295 1010 322 prae-

225 335 346 368 cipnum,
359 341 438 367 quem
466 333 542 367 quasi
570 333 704 369 primitias
723 333 830 364 offerat,
858 334 961 360 invenit
983 338 1011 360 et

226 385 294 412 quos
309 385 356 411 pro
378 377 575 412 primogenitis,
592 381 619 403 et
638 376 706 403 alios
725 384 773 410 pro
794 376 915 402 dccintis.
933 375 1010 408 Quod

226 423 248 450 si
263 430 314 449 non
333 422 438 449 videtur
453 422 627 449 temerarium
645 422 745 448 audere
762 421 788 448 in
811 421 922 453 talibus,
943 428 1011 456 pos-

226 472 290 494 sunt
305 467 420 494 fortasse
435 466 606 501 primogeniti
625 473 688 493 vere
704 466 742 492 illi
770 466 833 498 dici,
856 466 890 493 de
913 466 1012 501 quibus

226 512 360 545 scriptum
371 516 413 539 est
424 512 482 527 “°"
493 512 555 546 quia
567 519 627 538 cum
640 511 799 538 mulieribus
813 519 843 538 se
857 519 910 538 non
923 512 1013 546 inqui-

225 562 368 589 navcrunt,
389 556 508 590 virgines
533 556 604 582 enim
629 560 846 590 permanserunt,
870 560 917 583 aut
927 557 1011 583 etiam

226 602 261 629 de
282 602 448 638 martyribus
473 606 563 636 potest
588 602 689 628 dictum
707 601 800 628 videri.
829 601 862 628 Et
886 602 1013 636 primitiae

226 647 402 674 hiltilontinus
415 652 528 681 possunt
543 646 655 682 intelligi
671 646 797 674 Ecclesiae
813 647 942 683 virgines.
958 647 1012 674 De-

227 693 306 720 cima
322 700 430 727 quoque
445 692 463 719 ii
484 692 529 727 qui
551 696 611 727 post
629 692 782 727 coniugium
801 693 973 721 continenter
985 698 1014 721 et

225 745 299 765 caste
319 738 445 765 vixerint.

258 783 287 810 4.
330 783 429 810 Verum
463 783 590 817 quoniam
623 790 657 810 ex
692 784 848 818 angelorum
885 785 1013 820 primitiis

225 836 315 856 sermo
341 829 455 863 sumpsit
482 829 645 860 exordium,
677 817 746 863 quas
775 829 868 858 offerri
885 817 932 858 Iab
964 832 1011 859 iis—
1028 817 1049 844 η

225 875 286 902 dem
300 875 410 902 hutnatti
434 875 541 910 generis
573 875 723 902 cultoribus
744 876 909 910 dixeramus,
931 877 1012 913 307

225 926 306 955 atque
321 921 356 947 ad
367 920 502 955 apostolos
514 922 636 955 sequenti
655 921 725 953 loco,
742 926 771 949 et
787 922 849 950 inde
861 923 894 949 ad
914 931 1012 950 unum-

225 974 361 1001 quemque
384 967 524 994 doctorum
549 967 657 995 deducti
684 975 792 1001 sumus,
817 969 959 996 redeamus
977 969 1011 996 ad

225 1013 358 1048 originem
377 1020 471 1040 eorum
491 1021 552 1047 qua:
573 1013 710 1041 discutere
727 1021 907 1048 coeperamus.
928 1013 1013 1049 Igitur

227 1058 412 1093 unusquisque
423 1058 580 1093 angelorum
596 1058 654 1094 (16)
675 1059 701 1086 in
715 1060 949 1087 consummatione
962 1067 1013 1087 sat-

224 1103 279 1131 culi
301 1104 389 1132 aderit
412 1104 439 1131 in
459 1104 571 1139 judicio,
592 1105 711 1132 educens
727 1112 774 1132 eos
794 1111 886 1132 secum
912 1106 1011 1140 quibus

225 1149 342 1184 praefuit,
364 1157 432 1184 quos
457 1150 572 1184 adjuvit,
600 1157 669 1184 quos
690 1150 830 1183 instruxit,
849 1158 897 1185 pro
913 1150 1012 1184 quibus

211 1195 332 1230 "semper
346 1195 413 1222 vidit
429 1195 526 1222 faciem
539 1195 628 1222 Patris
643 1196 688 1230 qui
705 1196 731 1222 in
746 1195 823 1223 caelis
837 1201 888 1223 est.
899 1196 932 1223 Et
947 1201 1012 1232 puto

225 1240 308 1268 etiam
330 1240 367 1268 ibi
389 1240 591 1274 inquisitionem
617 1239 748 1271 futuratn,
768 1248 821 1267 non
842 1241 953 1276 quidem
977 1249 1012 1269 an

225 1285 339 1313 culturae
355 1285 494 1312 hominum
512 1284 623 1319 angelus
637 1284 766 1317 defuerit,
787 1285 834 1312 sed
848 1293 882 1312 an
899 1285 1013 1313 culturas

227 1329 355 1365 angelica:
363 1336 532 1364 nequaquam
548 1328 628 1364 digne
642 1330 756 1364 segnitia
773 1330 890 1357 humana
901 1338 1014 1365 respon-

226 1375 309 1403 derit.
326 1375 385 1402 Erit
395 1382 460 1410 ergo
475 1375 539 1402 etin
555 1375 607 1402 hoc
618 1374 749 1409 judicium
764 1375 812 1403 Dei
826 1381 917 1403 utrunt
928 1377 1012 1412 negli-

227 1421 317 1455 gentia
328 1421 416 1455 aliqua
429 1421 615 1448 ministrorum
627 1420 772 1455 spirituum
784 1422 829 1456 qui
843 1422 876 1449 ad
890 1422 1013 1450 ministe-

228 1467 298 1494 rium
314 1471 342 1494 et
358 1466 521 1500 adiutorium
537 1466 610 1493 missi
630 1471 693 1494 sunt
705 1473 818 1502 propter
831 1475 878 1495 eos
894 1469 940 1503 qui
957 1469 1013 1496 ltre-
1026 1487 1048 1517 ο

227 1512 370 1540 reditatem
389 1512 499 1546 capiunt
514 1511 621 1544 salutis,
634 1520 668 1539 an
693 1520 788 1540 eorutn
804 1514 850 1547 qui
870 1514 905 1540 ab
922 1514 956 1541 iis
966 1513 1014 1548 ju-

227 1563 327 1584 Vantur
353 1557 460 1593 ignavia
490 1562 543 1584 tam
571 1557 648 1584 multi
678 1557 771 1592 lapsus
801 1559 863 1586 vitae
889 1559 1015 1587 humana:

226 1603 389 1639 proveniant
417 1603 484 1638 (l7).
505 1603 582 1636 Quod
607 1603 629 1631 si
646 1603 683 1630 ita
704 1608 756 1637 est,
774 1604 830 1632 erit
845 1612 911 1640 ergo
931 1605 1014 1632 etiam

228 1653 301 1676 mter
313 1649 424 1683 angelos
437 1653 465 1676 et
478 1649 601 1677 homines
619 1649 750 1683 iudicium
765 1650 830 1678 Dei:
846 1655 874 1678 et
889 1651 1015 1678 fortassis

225 1694 421 1730 iudicabuntur
435 1695 520 1730 aliqui
539 1703 601 1722 cum
613 1695 696 1723 Paulo
711 1701 738 1723 et
750 1696 924 1724 conferentur
936 1696 1014 1724 labo-

229 1739 305 1767 ribus
320 1740 388 1774 ejus,
407 1745 434 1768 et
449 1741 582 1768 fructibus
598 1741 644 1776 qui
656 1748 688 1768 ex
710 1741 882 1769 multitudine
901 1743 1015 1769 creden-

229 1785 296 1812 tium
312 1785 423 1813 veniuut
435 1793 440 1810 :
457 1790 485 1813 et
495 1785 566 1813 forte
580 1786 730 1814 invenietur
744 1787 770 1814 in
785 1786 923 1814 laboribus
934 1795 1016 1822 supe—

229 1830 285 1857 rior
302 1830 384 1857 etiam
398 1830 533 1865 aliquibus
550 1831 663 1865 angelis,
680 1836 707 1858 et
723 1831 785 1858 ideo
800 1831 929 1858 nimirum
945 1832 1016 1859 dice-

227 1875 275 1902 bat
290 1875 311 1891 ⁸³
326 1884 333 1903 :
352 1885 362 1902 ι
379 1876 433 1903 Aut
448 1877 558 1904 nescitis
575 1877 637 1912 quia
661 1876 771 1912 angelos
781 1877 986 1912 iudicabimus?
1003 1887 1012 1903 ι

229 1921 287 1948 Non
307 1923 379 1956 quod
403 1922 460 1957 ipse
482 1922 584 1966 Paulus
605 1923 708 1957 judieet
734 1923 856 1958 angelos,
882 1924 928 1951 sed
944 1924 1016 1958 quod

228 1975 297 2002 opus
311 1968 386 1995 Pauli
411 1970 482 2003 quod
498 1969 555 2004 egit
576 1970 602 1996 in
623 1970 778 2005 Evangelio.
793 1974 821 1996 et
831 1977 896 2004 erga
910 1970 1017 1997 animas

228 2013 411 2045 credentium,
436 2013 570 2048 iudicabit
593 2013 721 2048 aliquos:
745 2022 798 2041 non
818 2014 892 2041 enim
908 2021 1015 2047 omnes,

229 2058 277 2085 sed
293 2057 398 2092 aliquos
416 2059 583 2094 angelorum.
598 2059 631 2086 Et
643 2064 785 2094 propterea
799 2059 922 2087 fortassis
933 2060 1016 2087 etiam

230 2102 328 2130 Petrus
343 2103 376 2130 ad
393 2104 443 2131 ista
466 2105 632 2138 respondens
658 2106 767 2133 dicebat
783 2105 805 2122 "
822 2114 828 2133 :
848 2114 859 2132 ι
876 2106 904 2133 In
935 2113 1017 2141 quem

230 2149 425 2183 concupiscunt
440 2149 522 2177 etiam
536 2151 787 2187 angeliprospicere
802 2163 808 2180 ς
829 2161 838 2179 ι
854 2152 978 2186 quamvis
989 2156 1017 2180 et
1033 2154 1055 2181 D
1068 2150 1222 2185 loquentem
1250 2150 1341 2178 dicere
1355 2149 1379 2165 “
1397 2158 1404 2177 :

231 2193 285 2228 ipsi
296 2194 410 2228 apostoli
428 2195 531 2230 angelis
549 2200 661 2223 utantur
675 2197 843 2231 adjutoribus
858 2198 891 2225 ad
904 2198 1018 2232 explen-

231 2241 295 2266 dum
320 2240 520 2274 praedicationis
537 2248 592 2268 suae
613 2249 722 2274 munus,
742 2247 771 2270 et
793 2250 861 2277 opus
878 2243 1016 2278 Evangelii

231 2287 487 2316 consummandum.
520 2287 567 2315 Sic
592 2288 664 2315 enim
689 2288 830 2315 dicebatur
847 2288 874 2315 in
900 2288 1016 2316 Actibus

232 2331 416 2364 apostolorum
432 2333 466 2364 ",
480 2333 544 2367 quia
558 2332 670 2368 angelus
684 2332 757 2360 Petri
774 2337 846 2360 esset
861 2333 907 2367 qui
923 2333 1017 2368 pulsa-

232 2382 275 2403 ret
296 2377 330 2404 ad
357 2377 468 2405 ostium.
493 2378 626 2406 Similiter
651 2386 715 2413 ergo
735 2378 895 2414 intelligitur
905 2387 968 2407 esse
990 2385 1019 2408 et

231 2421 301 2449 alius
317 2421 390 2449 Pauli
404 2422 528 2458 angelus,
540 2423 612 2450 sicut
627 2428 668 2450 est
684 2422 768 2456 Petri,
780 2428 808 2450 et
822 2423 891 2450 alius
908 2423 1020 2451 alterius

269 2480 328 2496 "-"
342 2480 426 2515 Apoc.
438 2488 493 2515 xw,
512 2481 540 2508 4.
580 2481 602 2497 ¹¹¹
619 2481 628 2509 I
645 2482 708 2509 Cor.
721 2489 758 2514 vr,
773 2481 801 2510 5.
841 2481 862 2497 "
881 2481 889 2508 Ι
906 2481 961 2509 I‘et.
977 2487 996 2512 ι,
1021 2483 1063 2510 12.

233 2515 257 2530 ’³
271 2514 339 2543 Gen.
354 2514 392 2549 x't,
410 2515 435 2542 7.

269 2585 325 2622 με)
339 2586 424 2621 Igitur
436 2588 611 2622 unusquisque
622 2587 786 2621 angelorum,
797 2590 851 2614 etc.
866 2586 932 2614 Vide
947 2586 1017 2614 llue-

234 2620 302 2681 gipm
316 2620 543 2657 'Origenianorum
564 2623 611 2650 lib.
631 2620 665 2654 II,
684 2627 778 2656 quatst.
796 2622 822 2655 5,
847 2630 924 2649 num.
939 2622 975 2648 ‘20
991 2626 1019 2649 et

271 2689 326 2729 (17)
412 2696 510 2729 ergoet
524 2693 550 2718 in
568 2692 616 2719 hoc
631 2691 763 2729 judicium
778 2691 1019 2729 Dei‘utrumotegli—

235 2726 323 2762 gentia
337 2726 427 2761 aliqua
443 2727 623 2754 ministrorum
638 2728 778 2761 spirituum
789 2727 834 2761 qui
849 2727 883 2753 ad
897 2727 1017 2762 "liniue-

238 2766 307 2796 r_t_um
319 2763 343 2785 et
355 2762 517 2794 adjutorium
534 2762 606 2788 missi
620 2767 680 2788 sunt
696 2767 801 2795 propter
817 2770 859 2788 eos
875 2761 920 2796 qui
932 2761 1019 2787 lucre-

237 2793 343 2819 dilatem
358 2793 461 2825 cupiunt
474 2795 578 2828 salutis,
594 2805 628 2823 an
640 2793 729 2823 eorum
741 2793 785 2831 qui
800 2797 832 2823 ab
847 2793 1020 2832 eiijuvumur

948 88 1110 118 ORIGENIS

1812 91 1864 121 διε

1063 148 1190 182 apostoli,
1207 154 1234 175 et
1250 148 1419 183 singulorum
1434 156 1481 184 per
1491 148 1626 182 ordinent,
1646 150 1688 178 vel
1709 158 1760 186 pro
1775 152 1861 178 uteri—

1062 194 1107 226 tis,
1123 202 1190 228 qttos
1206 195 1299 230 utique
1318 195 1345 222 in
1363 194 1501 222 laboribus
1516 200 1541 222 et
1561 196 1689 223 doctrina
1709 204 1774 228 sua,
1801 196 1860 224 sive

1060 240 1243 273 apostolorum
1269 240 1328 266 sive
1352 239 1518 274 reliquorum
1543 245 1602 274 post
1629 244 1678 268 eos
1700 241 1862 274 docturum,

1063 292 1172 312 necesse
1189 290 1231 312 est
1241 285 1344 319 primas
1357 290 1448 319 partes
1465 284 1564 312 habere
1576 291 1604 312 et
1623 287 1782 312 animarum
1802 294 1862 321 qua

1062 336 1110 364 per
1122 338 1169 358 eos
1196 331 1383 364 profecerunt,
1408 335 1436 357 et
1457 329 1573 357 fructum
1591 339 1643 357 una
1665 339 1729 357 cum
1748 331 1784 358 iis
1815 339 1861 363 pol

1062 382 1130 409 quos
1140 381 1243 410 operatt
1253 381 1317 403 sunt
1330 376 1364 402 ad
1376 383 1468 402 aream
1480 375 1585 403 Domini
1596 381 1787 410 comportare.
1805 376 1861 403 Erit

1062 427 1128 455 ergo
1141 420 1168 446 in
1182 420 1394 455 congregatione
1414 420 1561 452 fructuuut,
1576 421 1600 447 id
1622 426 1666 448 est
1680 422 1706 448 in
1721 421 1862 448 electione

1062 465 1241 497 credentium,
1258 465 1313 497 ille,
1327 466 1404 493 verbi
1429 467 1527 501 gratia,
1540 467 1586 501 qui
1600 466 1652 494 fuit
1668 467 1745 494 illius
1762 467 1862 494 Eccle-

1063 511 1110 538 siae
1126 511 1276 545 praecipuus
1300 515 1328 537 et
1355 511 1483 543 eximius,
1498 511 1635 546 primitiae,
1659 516 1688 539 et
1713 512 1762 539 ille
1777 513 1862 539 etiam

1064 554 1116 582 hoc
1138 556 1263 590 superior
1287 556 1361 583 illius
1380 556 1509 585 Ecclesia:
1527 557 1738 593 prittzogenitus,
1755 558 1791 584 ab
1803 558 1862 588 illo.

1063 601 1138 627 verbi
1150 602 1249 635 gratia,
1265 601 1362 636 angelo
1376 602 1494 629 oblatus.
1509 601 1543 629 Et
1561 602 1598 629 ita
1614 610 1698 630 omne
1714 604 1770 630 hoc
1787 604 1861 637 quod

1064 646 1252 674 adutnbratum
1271 652 1314 674 est
1330 647 1356 674 in
1380 647 1450 683 lege,
1463 647 1592 682 quoniam
1606 647 1649 675 lex
1667 649 1795 675 umbram
1812 649 1863 674 Iu-

1065 692 1110 719 bet
1135 692 1287 720 futurorum
1304 694 1449 725 bonorum.
1475 694 1567 729 aliquo
1581 695 1661 722 modo
1680 702 1730 729 per
1742 695 1862 729 angelo-

1065 746 1124 764 rttm
1151 739 1302 766 ministeria
1331 739 1359 766 in
1385 738 1540 767 futurorum
1573 740 1710 767 bonorutn
1742 741 1862 766 veritate

1065 785 1261 820 complebitur:
1278 789 1308 812 ut
1323 793 1383 819 qua:
1396 785 1567 820 praeformata
1576 790 1641 812 sunt
1660 786 1687 812 in
1699 785 1746 812 illo
1761 785 1861 818 Israel,

1063 830 1109 865 qni
1132 830 1280 858 secundum
1306 838 1418 858 carnem
1437 830 1520 858 Israel
1544 831 1655 864 dicitur,
1675 830 1703 858 in
1726 831 1862 858 lsraelitis

1063 876 1136 903 veris
1148 880 1176 902 et
1189 875 1346 903 coelestibus
1367 876 1543 910 impleantur.
1558 876 1660 903 Nomen
1672 876 1748 902 enim
1774 876 1860 903 Israel

1062 921 1186 956 pervenit
1197 928 1283 955 usque
1296 921 1329 947 ad
1341 921 1480 955 angelicos
1492 922 1612 955 ordines,
1624 921 1677 948 nisi
1689 921 1756 956 quia
1774 922 1861 948 multo

1062 966 1205 994 veriusilli
1231 967 1442 1001 appellabuntur
1465 967 1559 1001 Israel,
1581 973 1685 1002 quanto
1700 968 1796 994 verius
1822 968 1860 994 illi

1062 1018 1125 1040 sunt
1139 1020 1215 1039 mens
1228 1012 1323 1039 videns
1338 1012 1431 1040 Deum.
1456 1012 1513 1040 Hoc
1527 1013 1599 1040 enim
1615 1012 1700 1040 Israel
1717 1013 1860 1046 interpre-

1064 1063 1138 1085 tatur
1161 1057 1230 1093 (l8).
1251 1057 1320 1084 Puto
1339 1058 1412 1084 enim
1426 1058 1501 1092 quia,
1522 1058 1593 1085 sicut
1608 1057 1730 1091 quaedam
1747 1058 1860 1084 nomina

1062 1103 1106 1130 vel
1132 1103 1264 1137 gentium,
1291 1103 1334 1130 vel
1363 1103 1529 1137 principum,
1547 1103 1574 1130 in
1598 1102 1750 1137 Scripturis
1767 1103 1858 1137 posita

1061 1149 1195 1182 videmus,
1214 1156 1273 1183 qua:
1299 1148 1403 1183 absque
1425 1149 1479 1175 ulla
1505 1148 1675 1176 dubitatione
1704 1149 1739 1176 ad
1772 1150 1861 1176 malos

1063 1195 1184 1229 angelos.
1203 1198 1230 1221 et
1246 1194 1279 1220 ad
1300 1193 1416 1220 virtutes
1434 1193 1588 1221 contrarias
1604 1194 1766 1221 referantur
1781 1202 1788 1226 ;
1807 1195 1861 1221 sic-

1063 1242 1104 1270 ut,
1119 1238 1195 1265 verbi
1213 1237 1313 1273 gratia,
1326 1237 1431 1265 Pharao
1442 1245 1489 1265 rex
1505 1237 1624 1274 Egypti,
1639 1242 1668 1266 et
1679 1237 1862 1266 Nabuchodo-

1063 1292 1145 1312 nosor
1157 1284 1320 1319 Babylonius
1332 1288 1359 1310 et
1370 1283 1497 1318 Assyrius
1511 1291 1520 1316 ;
1535 1284 1571 1310 ita
1588 1284 1672 1310 etiam
1687 1291 1732 1316 ea,
1749 1291 1813 1319 qua:
1828 1283 1862 1311 de

1064 1330 1167 1358 sanctis
1181 1330 1247 1357 viris
1268 1334 1295 1357 et
1309 1332 1390 1364 ge‘ttte
1405 1329 1531 1364 religiosa
1550 1329 1721 1362 scribuntur,
1738 1330 1774 1356 ad
1795 1337 1862 1356 san-

1062 1379 1122 1403 ctos
1133 1375 1242 1410 angelos
1257 1379 1286 1402 et
1302 1376 1335 1402 ad
1353 1375 1484 1410 benignas
1500 1374 1630 1402 debemus
1646 1374 1754 1402 referre
1771 1376 1859 1402 virtu-

1064 1427 1114 1448 tes.
1132 1420 1210 1454 Quod
1226 1425 1317 1448 atttem
1335 1428 1382 1448 rex
1398 1420 1486 1455 gentis
1499 1420 1589 1455 impia:
1605 1420 1639 1447 ad
1660 1420 1791 1447 virtutem
1811 1419 1862 1447 ali-

1065 1473 1144 1502 quam
1161 1466 1306 1502 malignam
1332 1467 1366 1494 ab
1379 1465 1521 1501 Scriptura
1538 1465 1683 1497 referatur,
1701 1466 1764 1492 audi
1793 1473 1862 1500 quo-

1066 1512 1146 1540 modo
1169 1511 1255 1540 Isaias
1270 1512 1304 1539 de
1323 1511 1574 1539 Nabuchodonosor
1585 1511 1680 1538 dicat:
1699 1520 1709 1536 r
1733 1510 1770 1537 Et
1784 1511 1861 1537 indu-

1065 1566 1136 1590 cam,
1153 1558 1242 1593 inquit
1256 1558 1290 1591 ",
1302 1557 1422 1592 gladium
1440 1564 1522 1592 super
1535 1562 1646 1592 getttem
1661 1563 1802 1591 magnam,
1817 1565 1862 1584 su-

1065 1611 1114 1638 per
1130 1604 1278 1639 principem
1294 1603 1480 1638 Assyriorum.
1496 1603 1542 1630 Ait
1555 1602 1628 1629 enim
1642 1609 1651 1628 :
1671 1601 1781 1629 Virtute
1799 1610 1860 1629 mea

1066 1650 1174 1680 faciant,
1189 1653 1217 1676 ct
1230 1648 1362 1683 sapientia
1374 1655 1470 1675 sensus
1487 1648 1539 1674 ntei
1553 1647 1691 1674 destruam
1706 1647 1778 1674 lines
1793 1655 1863 1680 gett-

1067 1696 1145 1728 tium,
1163 1700 1191 1722 et
1217 1695 1348 1721 virtutent
1377 1701 1473 1721 eorum
1494 1692 1683 1727 deprmdabor.
1708 1702 1718 1719 υ
1741 1692 1778 1719 Et
1796 1692 1862 1719 item

1066 1740 1128 1768 alibi
1150 1741 1230 1774 quasi
1257 1740 1291 1766 de
1320 1739 1443 1774 principe
1468 1740 1557 1774 getttis
1576 1738 1718 1773 cujusdam
1745 1738 1862 1771 loquens

1065 1786 1133 1814 dicit
1146 1787 1169 1803 "
1184 1795 1191 1813 :
1213 1795 1222 1812 ι
1246 1786 1390 1819 Quomodo
1404 1786 1504 1813 cecidit
1519 1787 1551 1813 de
1566 1785 1638 1812 coelo
1658 1785 1782 1817 Lucifer,
1815 1786 1862 1820 qui

1068 1839 1146 1859 mane
1161 1830 1320 1859 oriebatur?
1345 1840 1355 1857 ι
1382 1831 1403 1858 si
1426 1838 1491 1866 ergo
1509 1831 1565 1857 haec
1584 1830 1675 1857 omnia
1692 1831 1725 1857 ad
1745 1831 1863 1866 augt-los

1066 1878 1199 1911 quosdam
1228 1877 1353 1911 malignae
1368 1875 1422 1911 (l9)
1439 1876 1550 1903 virtutis
1578 1875 1677 1902 referri
1693 1875 1770 1910 cogit
1792 1877 1863 1903 ratio

1067 1925 1203 1956 veritatis,
1226 1931 1315 1951 nonne
1329 1924 1424 1951 eadem
1440 1923 1633 1957 consequentia
1651 1923 1734 1950 etiant
1753 1931 1816 1958 qua:
1830 1925 1862 1950 de

1067 1970 1159 2002 bonis,
1179 1969 1221 1995 νιιι
1241 1969 1422 2004 principibus,
1437 1968 1476 1994 vel
1491 1969 1620 2003 gentibus
1632 1969 1862 2000 conscribuntur,

1068 2015 1101 2041 ad
1113 2014 1258 2046 bonarum,
1274 2019 1303 2040 ut
1320 2021 1402 2048 supra
1430 2013 1557 2046 dixintus,
1583 2014 1715 2040 virtutum
1736 2014 1862 2049 angelos,

1069 2060 1265 2094 ttt‘tttistrosque
1284 2059 1520 2087 referentur?Sed
1540 2064 1569 2086 et
1586 2059 1651 2087 illud
1665 2060 1778 2094 quodin
1805 2060 1861 2088 Ge-

1069 2105 1127 2132 nesi
1140 2105 1270 2140 scriptum
1288 2104 1413 2140 legimus,
1433 2104 1517 2131 Deutn
1529 2106 1564 2132 ad
1579 2104 1690 2140 angelos
1703 2105 1765 2132 sine
1779 2105 1861 2132 dubio

1433 2159 1443 2175 ‹
1466 2150 1561 2178 Venite
1583 2149 1786 2178 eonfundamus
1809 2150 1860 2176 liu-

1068 2203 1136 2231 guas
1149 2203 1255 2229 eorum,
1276 2205 1286 2222 ι
1304 2195 1369 2230 quid
1387 2195 1459 2223 aliud
1478 2195 1627 2230 putandum
1642 2200 1696 2227 est,
1714 2196 1769 2223 nisi
1789 2196 1859 2230 quod

1068 2245 1168 2273 diversi
1183 2244 1270 2279 angeli
1288 2244 1410 2271 diversas
1427 2243 1454 2270 in
1466 2243 1623 2270 hominibus
1634 2243 1742 2277 linguas
1755 2242 1860 2276 operati

1069 2289 1124 2317 sittt
1142 2297 1173 2316 ac
1187 2289 1325 2324 loquelas?
1343 2288 1387 2320 Ut,
1400 2288 1475 2316 verbi
1490 2288 1588 2322 gratia,
1603 2295 1673 2315 unus
1685 2287 1788 2322 aliquis
1804 2287 1860 2313 fue-

1070 2335 1115 2367 rit,
1142 2335 1187 2369 qui
1206 2333 1403 2369 Babylonicam
1427 2338 1490 2361 tunc
1506 2333 1552 2361 uni
1570 2333 1674 2361 homini
1692 2333 1861 2368 impresserit

1070 2380 1204 2414 linguam,
1216 2379 1286 2406 alius
1300 2379 1345 2413 qui
1357 2379 1402 2406 alii
1413 2378 1580 2414 Egyptiam,
1592 2383 1621 2405 et
1638 2378 1709 2404 alius
1719 2378 1765 2411 qui
1786 2378 1860 2404 Grat-

1073 2432 1143 2457 caut,
1165 2431 1191 2452 et
1210 2425 1249 2453 sic
1264 2425 1435 2451 diversarum
1462 2424 1583 2459 gentium
1606 2423 1657 2458 ipsi
1681 2423 1719 2450 illi
1744 2423 1860 2451 fortasse

1103 2485 1125 2500 "
1144 2485 1203 2512 Act.
1223 2492 1272 2512 χιι.
1327 2485 1348 2500 ¹¹
1366 2484 1418 2511 lsa.
1432 2491 1458 2516 x,
1474 2484 1517 2516 l2,
1535 2484 1580 2512 15.
1618 2483 1641 2499 ²¹
1661 2482 1713 2510 lsa.
1734 2490 1790 2515 xtv,
1818 2481 1858 2508 12.

1070 2584 1175 2619 ignavia
1190 2588 1243 2610 tam
1257 2582 1341 2619 multi
1357 2582 1446 2617 lapsus
1470 2583 1531 2619 oitm
1551 2583 1673 2610 humana:
1694 2583 1857 2619 proveniant.

1071 2617 1133 2646 llaec
1148 2620 1173 2645 in
1193 2619 1273 2645 editis
1288 2618 1388 2645 omissa
1405 2617 1563 2651 supplentur
1579 2625 1594 2644 e
1618 2619 1697 2645 codd.
1721 2617 1859 2652 Sagiensi,

1071 2653 1239 2685 Belvaceusi,
1251 2658 1279 2680 et
1292 2653 1385 2679 Sancti
1404 2652 1576 2680 Theudorici.

1107 2700 1162 2736 (l8)
1180 2699 1276 2726 Videas
1289 2698 1385 2726 Deum.
1403 2697 1460 2725 Hoc
1475 2699 1545 2725 enim
1562 2697 1648 2725 Israel
1659 2699 1857 2734 interpretatur.

1070 2747 1093 2774 A
1107 2752 1169 2776 mh
1184 2755 1193 2771 ι
1210 2745 1288 2778 vidit,
1311 2754 1320 2770 ι
1337 2749 1362 2771 et
1374 2736 1411 2774 Lm
1425 2753 1434 2770 ι
1451 2744 1528 2771 Deus.
1544 2753 1554 2769 ι

1108 2793 1164 2830 (I9)
1188 2792 1264 2826 Mss.,
1283 2800 1293 2817 ι
1311 2791 1446 2826 ιιιίιιὶειιιιλ.
1464 2800 1473 2816 t
1491 2790 1568 2817 Libb.
1589 2791 1667 2824 editi.
1684 2800 1694 2818 ι
1716 2798 1831 2826 ωοκιιε.
1845 2799 1856 2815 ο
