1894 3058
58 118 105 147 649

655 121 687 148 ΙΝ
707 120 876 150 NUMEROS
895 121 1036 151 IIOIIIILIA
1052 125 1097 151 XI.

1626 135 1678 163 650

59 177 189 213 principes
208 177 320 210 fuerint.
335 179 417 214 quiet
430 180 581 216 linguarum
596 188 627 208 ac
640 181 754 217 loquela:
770 185 844 212 vidc-
859 183 881 211 A
897 184 1003 217 merito.
1031 192 1063 212 eo
1085 187 1156 221 quod
1174 188 1304 216 creditam
1320 190 1371 218 sibi
1393 192 1580 227 multiplicavit
1597 202 1674 228 pecu—

59 227 150 251 bantur
165 228 293 253 auctores
307 233 313 250 ε
331 226 461 253 manserit
482 231 572 254 autem
587 227 677 263 lingua
691 236 740 262 per
754 229 839 258 Adam

59 269 176 302 primitus
195 269 269 302 data,
298 275 326 297 ut
341 276 479 304 putamus,
504 272 635 305 Hebrtris,
662 274 689 301 in
710 282 741 302 ea
762 281 840 310 parte

60 314 204 347 hominum,
217 323 277 350 qum
290 323 343 344 non
359 325 422 352 pars
435 318 551 352 alicujus
569 321 669 356 angeli,
683 322 723 348 vel
740 323 839 356 princi-

59 360 95 394 pis
109 360 177 388 facta
191 366 244 394 est,
259 362 305 389 sed
320 369 380 397 qua:
398 363 443 390 Dei
457 364 546 398 portio
560 368 717 400 permansit.
728 368 837 396 Interim

59 411 83 434 ut
94 407 182 435 dicere
205 415 387 443 coeperamus,
402 409 523 438 oﬂ‘crunt
538 416 566 439 et
579 413 668 448 angeli
692 414 837 448 primitias,

58 453 238 489 unusquisque
260 455 343 483 credo
365 457 454 491 gentis
480 464 548 490 suae,
563 462 592 485 et
614 466 722 486 rursum
752 468 836 488 unus-

57 500 162 534 quisque
184 499 315 528 Ecclesia:
329 509 395 529 sum.
423 502 528 535 Quibus
549 503 654 538 angelis
674 509 701 532 et
717 504 837 534 Joannes

58 546 80 572 in
93 546 252 581 Apocalypsi
267 547 387 574 scribere
405 547 513 576 videtur
527 549 560 581 “,
579 550 655 578 verbi
671 552 769 585 gratia,
787 560 836 579 an-

57 592 108 626 gelo
124 592 252 620 Ecclesia:
277 592 466 628 Ephesiorum,
496 595 536 623 vel
554 595 766 632 Smyrnaeorum,
794 599 834 626 vel

57 637 264 671 Laodicensium,
282 639 452 675 aliarumque
465 647 523 675 quae
535 642 643 676 scripta:
658 648 731 671 sunt.
749 644 834 672 Oﬁ'crt

57 691 112 719 ergo
131 685 318 720 unusquisque
336 686 493 721 angelorum
510 688 655 721 primitias,
678 690 719 717 vel
740 691 834 719 Eccle-

57 729 104 761 siae,
118 730 159 757 vel
182 731 272 765 gentis
293 739 348 759 suae
363 739 424 766 qum
437 733 461 760 ei
475 732 660 768 dispensanda
687 737 832 765 commissa

56 780 99 802 est.
112 776 164 803 Aut
177 775 248 804 forte
259 781 286 804 et
302 776 347 804 alii
360 778 532 806 extrinsecus
544 780 632 814 angeli
648 786 721 815 sunt,
739 783 784 817 qui
799 790 833 810 ex

54 821 170 849 omnibus
199 822 327 857 gentibus
352 822 443 851 ﬁdeles
461 831 584 859 quosqtte
601 833 775 862 congregem.
799 828 831 855 Et

57 867 248 895 consideremus
272 875 306 895 ne
327 868 397 896 forte
415 869 485 897 sicut
501 870 584 906 308
598 871 624 898 in
640 872 743 907 aliqua,
757 874 831 902 verbi

56 913 143 947 gratia,
161 914 283 946 civitate,
302 914 346 942 ubi
365 917 484 943 nondum
503 917 651 945 Christiani
677 920 732 946 uati
757 925 830 953 sunt,

57 960 74 986 si
95 960 201 987 accedat
219 960 330 995 aliquis,
345 966 373 989 et
393 961 494 990 docere
516 962 638 998 incipiat,
658 964 772 999 laboret,
791 967 831 994 in-

57 1009 141 1038 struat,
171 1005 292 1034 adducat
310 1007 344 1034 ad
370 1006 460 1039 ﬁdem,
485 1012 512 1035 et
538 1008 595 1043 ipse
611 1011 780 1044 postmodum
797 1013 830 1040 iis

57 1058 114 1083 quos
136 1051 227 1078 docuit
249 1051 377 1086 princeps
401 1057 428 1079 et
449 1054 594 1088 episcopus
621 1055 665 1082 ﬁt:
693 1056 729 1084 ita
746 1058 828 1085 etiam

57 1097 131 1123 sancti
149 1097 237 1132 angeli
256 1097 313 1133 (20)
331 1105 423 1128 eorum
439 1107 508 1134 quos
533 1109 549 1128 e
566 1101 684 1130 diversis
703 1104 831 1139 gentibus

58 1144 278 1177 congregaverint,
288 1149 315 1172 et
326 1145 420 1173 labore
432 1154 483 1174 suo
492 1154 524 1175 ac
536 1147 687 1176 ministerio
696 1149 830 1184 proﬁcere

58 1185 165 1222 fecerint,
177 1189 228 1223 ipsi
246 1196 340 1217 eorum
354 1191 434 1218 etiam
453 1193 479 1220 in
489 1192 725 1230 I'uturoprincipes
744 1195 827 1222 ﬁant:

57 1237 80 1260 ut
92 1233 207 1263 Christus
226 1243 280 1263 non
297 1240 350 1264 tam
367 1245 414 1265 rex
433 1238 540 1266 dicatur
558 1247 639 1274 quam
658 1248 705 1268 rex
723 1249 827 1276 regum,

55 1283 77 1306 et
89 1288 136 1307 non
150 1285 202 1308 tam
220 1281 362 1315 Dominus,
375 1291 454 1318 quam
475 1285 604 1313 Dominus
618 1285 826 1315 dominantium.

56 1323 144 1360 Quippe
159 1327 180 1354 si
204 1327 248 1354 isti
278 1335 354 1363 reges
378 1330 445 1356 littnt
462 1337 556 1357 eorum
576 1339 644 1365 quos
661 1338 768 1367 regunt,
801 1339 828 1361 et

57 1369 172 1401 proﬁcere
189 1371 305 1406 faciunt,
327 1373 378 1408 ipsi
390 1381 454 1409 ergo
470 1374 587 1403 oIIerunt
614 1378 748 1411 quosdam
765 1379 827 1413 qui-

56 1414 105 1443 dem
116 1418 244 1452 pontifici,
260 1420 390 1454 quosdam
405 1427 470 1448 vero
491 1421 552 1450 ﬁliis
566 1423 715 1458 pontiﬁcis,
730 1424 755 1451 id
774 1429 826 1457 est,

56 1462 225 1495 superioribus
256 1464 414 1499 virtutibus,
435 1467 665 1502 ctarchangelis,
692 1470 824 1504 quosdam

55 1507 122 1534 etiam
142 1508 253 1542 Levitis,
277 1510 303 1537 id
330 1515 371 1538 est
393 1512 472 1544 paulo
491 1512 676 1548 inferioribus,
690 1515 712 1542 si
738 1521 825 1544 tamen
840 1526 862 1556 α

55 1560 206 1589 consequens
216 1556 340 1584 videatur
357 1557 401 1584 tali
415 1558 530 1592 quadam
544 1560 634 1595 specie
644 1561 726 1588 etiam
739 1569 823 1598 ange-

56 1598 110 1627 licos
126 1602 244 1636 ordineS,
272 1607 301 1630 ut
323 1602 462 1632 Israelitici
491 1611 564 1638 sunt,
588 1614 648 1635 esse
672 1608 823 1643 distinctos,

55 1646 255 1681 quandoquidem
283 1648 414 1677 Israelita;
435 1650 492 1685 (21)
515 1652 617 1679 umbra:
631 1657 659 1680 et
673 1655 824 1689 exemplari

54 1689 161 1719 dicantur
175 1694 316 1722 deservire
327 1695 488 1723 cualestium.
502 1697 651 1726 Possumus
666 1706 731 1734 ergo
748 1700 824 1728 dice-

57 1741 86 1766 τε,
96 1737 151 1771 quia
168 1738 238 1767 forte
257 1740 282 1767 in
302 1740 392 1768 l‘uturo
403 1749 464 1769 curn
479 1751 574 1771 omnes
590 1743 695 1772 fructus
711 1752 824 1781 congre-

55 1781 168 1813 gabantur
183 1786 215 1812 ad
239 1793 342 1817 aream.
357 1793 435 1816 erunt
447 1789 555 1824 quidam
576 1791 662 1824 portio
676 1792 821 1826 pontiﬁcis,

56 1827 92 1853 sed
105 1827 168 1857 illius
184 1831 238 1858 veri
256 1832 391 1865 pontiﬁcis
402 1833 514 1862 Christi.
531 1835 615 1863 Erunt
630 1841 658 1863 et
676 1837 720 1863 alii
735 1838 823 1871 portio

56 1870 200 1909 Levitarum,
222 1877 293 1904 sicut
318 1878 374 1912 jam
391 1887 472 1914 supra
494 1880 622 1914 diximus,
647 1883 688 1910 vel
709 1883 821 1918 angelis,

55 1920 86 1944 vel
97 1920 150 1948 aliis
161 1923 321 1952 ctelestibus
336 1925 481 1954 virtutibus
496 1932 675 1962 sequestrata.
692 1927 760 1956 Puto
773 1937 822 1956 au-

54 1969 94 1991 tem
108 1967 172 2001 quod
190 1974 273 1996 erunt
288 1970 396 2004 quidam
416 1973 503 2006 portio
516 1973 599 2000 etiatn
621 1973 760 2001 hominum
774 1982 820 2002 e0-

54 2017 98 2038 rum
121 2014 248 2043 duntaxat
267 2017 312 2051 qui
336 2017 361 2044 in
381 2017 430 2045 hac
444 2018 497 2045 vita
517 2019 663 2053 prudentes
676 2027 708 2047 ac
727 2020 819 2048 ﬁdeles

53 2056 227 2092 dispensatores
249 2063 324 2089 verbi
341 2063 385 2090 Dei
405 2064 523 2091 fuerunt.
541 2064 596 2092 Hoc
611 2066 685 2093 enim
700 2067 819 2094 arbitror

53 2101 72 2127 in
86 2103 228 2141 Evangeliis
244 2108 380 2143 designari
397 2117 411 2136 a
431 2110 552 2143 Domino,
575 2111 619 2137 llbI
639 2112 676 2138 ait
693 2111 725 2138 ad
744 2119 817 2145 eum,

52 2147 84 2174 cui
100 2152 243 2180 crediderat
264 2154 383 2188 quinque
403 2162 491 2187 tttnas,
510 2159 537 2182 ct
557 2155 659 2183 fecerat
671 2164 701 2183 cx
714 2157 754 2184 eis
768 2158 816 2184 de-

52 2200 96 2221 cem
108 2196 128 2212 "
144 2207 150 2224 :
166 2207 175 2224 ι
194 2199 258 2227 Esto
273 2204 431 2234 potestatem
451 2201 554 2229 habens
570 2209 650 2236 supra
672 2203 765 2230 decem
776 2203 817 2230 ci-
835 2193 857 2220 Β

52 2240 139 2269 ιὶιιιιεε.
157 2253 166 2270 ι
185 2245 232 2272 Cui
248 2254 314 2273 vero
329 2248 481 2276 crediderat
498 2257 589 2280 unam,
606 2253 633 2276 et
655 2248 755 2276 fecerat
781 2256 815 2276 ex

52 2292 75 2310 (³³
91 2289 199 2324 quinque
224 2292 266 2318 "z
291 2302 300 2318 ι
326 2293 391 2320 Esto
417 2299 580 2328 potestatem
605 2295 711 2322 habens
734 2303 815 2330 supra

52 2332 148 2367 ‘ltlimtue
162 2337 294 2364 civitates.
309 2348 318 2364 ι
333 2339 397 2372 anc
406 2340 476 2366 enim
491 2341 534 2367 hic
547 2345 665 2376 potestas
676 2340 815 2367 civitatum

53 2374 199 2413 intelligenda
222 2387 275 2415 est,
296 2383 346 2410 nisi
369 2384 529 2418 gubernatio
553 2385 722 2412 animarum?
739 2384 816 2412 Unde

52 2427 71 2448 et
90 2425 183 2454 videtur
204 2429 268 2456 mihi
284 2431 354 2464 quod
376 2430 435 2457 sine
450 2438 530 2458 causa
544 2431 626 2458 etiam
642 2431 715 2458 inter
741 2431 814 2466 ipsos

53 2472 140 2505 angelos
152 2474 194 2501 alii
210 2481 370 2510 potestatem
391 2481 418 2503 et
440 2476 622 2511 principatum
642 2483 724 2510 super
745 2476 814 2503 alios

52 2519 135 2547 gerant,
151 2518 192 2545 alii
209 2524 299 2546 autem
314 2520 481 2555 subjaceant,
495 2525 521 2548 et
537 2521 723 2554 obtemperent
735 2525 812 2556 pote-

52 2559 108 2586 stati.
120 2561 191 2590 Sicut
207 2572 240 2591 ne
255 2566 304 2593 iste
318 2566 424 2600 quidem
440 2566 482 2593 cui
499 2570 617 2600 potestas
635 2566 727 2593 decem
748 2566 814 2593 civi-

52 2606 128 2639 tatum,
147 2609 186 2636 vel
212 2610 257 2637 ille
282 2610 324 2637 cui
343 2611 462 2646 quinque
482 2610 621 2638 civitatum
636 2611 728 2643 datur,
754 2611 813 2639 sine

894 228 977 260 niam,
1004 233 1128 264 pervenit
1143 232 1175 258 ad
1204 232 1357 267 hujnsmodi
1386 241 1559 271 potestatem.
1582 239 1678 266 Omnia

891 274 962 301 enim
987 277 1056 310 apud
1077 277 1159 305 Deum
1185 280 1288 308 ratione
1303 287 1330 309 et
1347 282 1453 317 judicio
1466 285 1543 318 liunt,
1569 293 1618 313 nec
1644 287 1678 313 ad

891 321 1017 355 gratiam,
1033 323 1080 350 sed
1096 332 1145 358 pro
1164 327 1260 354 merito
1276 327 1344 354 alius
1365 330 1489 364 princeps
1504 338 1564 358 esse
1579 332 1677 360 multo-

891 374 949 394 rum
964 368 1084 401 ponitur,
1103 370 1172 398 alins
1188 372 1325 406 subjectus
1344 381 1404 402 esse
1416 376 1589 410 principatui.
1608 377 1678 404 Eva-

889 413 943 447 gati
961 412 1074 442 forsitan
1097 416 1245 451 prolixiore
1270 420 1411 447 videamur
1428 428 1552 454 excessu,
1566 423 1613 450 sed
1642 423 1677 451 de

888 458 1015 492 primitiis
1036 463 1233 496 exponentibus
1253 466 1434 493 necessarium
1460 467 1607 495 fuitetiam
1622 468 1674 496 ista

887 503 1033 538 discutere,
1048 507 1265 542 quandoquidem
1284 510 1352 537 tanti
1367 511 1478 539 honoris
1492 519 1589 540 nomen
1603 513 1674 541 istud

888 548 914 576 in
931 549 1079 586 Scripturis
1096 553 1195 582 divinis
1211 555 1326 583 habetur
1337 561 1366 583 ut
1382 556 1466 584 etiam
1483 557 1540 592 ipse
1550 559 1675 587 Christus

887 596 1014 631 primitiae
1029 599 1182 627 nominatus
1197 601 1244 633 sit,
1261 601 1427 636 et‘primitiat
1440 603 1630 631 dormientium
1640 605 1673 632 ".

886 641 920 669 Et
934 643 1006 670 sicut
1026 652 1073 671 rex
1089 652 1194 681 regum,
1219 651 1246 674 et
1266 647 1395 676 Dominus
1410 649 1618 683 dominantium,
1647 656 1674 678 ct

886 692 979 722 pastor
993 694 1144 724 pastorutu,
1165 693 1356 727 etpoutiﬁcum
1373 695 1508 729 pontifex,
1525 696 1561 723 ita
1579 704 1674 725 conse-

885 739 1001 768 quenter
1015 739 1042 762 et
1059 736 1240 770 primitiarum
1257 739 1386 773 primitiae
1405 741 1520 768 dicetur.
1537 741 1602 774 Qua:
1617 743 1674 777 pri-

886 778 968 806 mitiae
985 787 1037 807 non
1053 780 1110 815 jam
1128 782 1259 816 pontiﬁci,
1274 784 1320 812 sed
1341 784 1395 812 Deo
1409 785 1507 814 oblatze
1529 792 1604 820 sunt,
1629 795 1673 816 se-

885 824 1001 852 cundum
1016 826 1067 854 hoc
1088 828 1158 861 quod
1173 829 1292 863 seipsum
1311 831 1428 858 hostium
1449 832 1546 860 obtulit
1563 833 1629 866 Deo,
1644 839 1672 862 et

886 878 999 907 surgens
1015 879 1030 899 a
1052 874 1167 901 mortuis
1190 875 1260 902 sedit
1281 876 1307 904 in
1333 877 1456 905 dextram
1485 878 1541 906 Dei.
1567 880 1672 908 Dicitur

883 922 973 945 autem
991 918 1014 934 ’⁸
1035 918 1092 954 ipse
1110 925 1138 947 et
1160 921 1295 955 primitiae,
1320 927 1344 950 el
1368 923 1562 959 primogenitus
1590 926 1673 954 totius

883 969 1028 996 creatura),
1044 965 1115 999 quati
1129 971 1218 993 utrum
1235 967 1280 994 tali
1299 968 1376 995 modo
1395 975 1442 1003 per
1457 970 1576 1005 singulas
1589 979 1672 1006 quas--

883 1015 936 1042 que
953 1014 1093 1037 creaturas
1116 1010 1228 1045 intelligi
1247 1013 1353 1045 debeat,
1369 1014 1442 1048 qttali
1460 1015 1533 1042 inter
1547 1017 1670 1045 homines

883 1053 1010 1085 primitia:
1037 1055 1229 1083 dormientium
1254 1057 1362 1091 dicitur,
1388 1063 1414 1085 et
1443 1059 1611 1094 intelligitur,
1633 1069 1667 1088 an

882 1098 971 1134 aliqua
999 1100 1112 1128 celsiore
1133 1106 1160 1128 et
1180 1102 1314 1130 diviniore
1337 1104 1524 1139 intelligentia,
1553 1115 1605 1134 ιιοιι
1626 1113 1669 1135 est

882 1145 1022 1178 prasentis
1032 1147 1161 1181 temporis
1176 1148 1313 1183 persequi.

916 1189 941 1216 5.
956 1190 1109 1219 Redeamus
1123 1199 1188 1227 ergo
1200 1193 1236 1221 ad
1250 1193 1429 1228 primitiarum
1451 1196 1582 1224 rationem
1597 1206 1666 1233 quas

881 1237 999 1265 diximus
1027 1237 1117 1266 oii'erri
1143 1246 1191 1274 per
1217 1241 1337 1275 angelos,
1365 1250 1425 1277 quae
1449 1244 1613 1279 colliguntur
1632 1255 1666 1274 ex

881 1282 955 1318 agris
984 1283 1062 1318 hujus
1082 1285 1183 1312 mundi.
1201 1285 1265 1320 Agri
1286 1292 1376 1314 autem
1389 1288 1556 1322 angelorum,
1581 1292 1664 1318 corda

880 1333 972 1356 nostra
983 1333 1054 1356 sunt.
1069 1329 1259 1365 Unusquisque
1269 1339 1334 1368 ergo
1347 1341 1440 1361 eorum
1454 1342 1486 1361 ex
1502 1342 1567 1371 agro
1581 1344 1662 1371 quem

880 1373 956 1407 colit,
974 1374 1054 1402 ollcrt
1071 1375 1205 1409 primitias
1224 1376 1288 1404 Deo.
1313 1377 1369 1405 Etsi
1385 1386 1504 1406 mererer
1517 1387 1567 1414 ego
1584 1381 1664 1408 hodie

880 1427 1007 1454 magnum
1029 1420 1156 1454 aliquem,
1173 1426 1201 1449 et
1216 1429 1322 1450 summo
1336 1426 1464 1458 pontiﬁce
1477 1427 1587 1460 dignum
1602 1434 1664 1454 sen-

879 1472 938 1493 sum
961 1466 1095 1500 prol‘erre,
1118 1467 1154 1494 ita
1173 1471 1203 1494 ut
1227 1475 1259 1495 ex
1272 1468 1305 1496 iis
1320 1471 1446 1499 omnibus
1457 1480 1516 1507 quae
1528 1473 1663 1508 loquimur

880 1515 908 1538 et
930 1511 1069 1544 docemus,
1095 1516 1168 1540 esset
1182 1512 1284 1548 aliquid
1305 1516 1541 1552 egregium,un
1558 1525 1664 1545 summo

878 1557 1013 1585 sacerdoti
1029 1558 1135 1592 placere
1151 1559 1272 1593 deberet,
1293 1565 1399 1595 poterat
1416 1562 1531 1590 fortasse
1548 1563 1616 1596 ﬁeri,
1634 1569 1664 1591 ut

878 1603 990 1638 angelus
1003 1605 1047 1638 qui
1067 1609 1163 1639 praeest
1173 1605 1310 1639 Ecclesiae,
1326 1614 1358 1634 ex
1376 1609 1503 1636 omnibus
1519 1609 1598 1637 dictis
1611 1617 1662 1637 no-

877 1651 943 1678 stris
966 1650 1080 1685 eligeret
1103 1650 1214 1686 aliquid,
1229 1656 1256 1680 et
1277 1652 1337 1680 loco
1349 1654 1529 1688 priuiitiarum
1549 1655 1663 1682 Dotnino

878 1696 911 1723 de
927 1696 1016 1732 agello
1029 1696 1080 1723 mci
1096 1697 1188 1725 cordis
1201 1697 1320 1726 ollcrret.
1339 1699 1391 1726 Sed
1406 1707 1456 1734 ego
1471 1707 1514 1728 me
1531 1701 1588 1728 scio
1610 1709 1662 1728 non

879 1741 987 1774 mereri,
1005 1748 1053 1769 nec
1078 1743 1204 1770 conscius
1229 1751 1288 1770 sum
1310 1745 1386 1777 mihi,
1401 1745 1471 1780 quod
1488 1746 1549 1774 talis
1564 1747 1662 1781 aliquis

875 1794 971 1815 sensus
984 1787 1138 1816 inveniatur
1155 1790 1181 1816 in
1202 1797 1254 1821 me,
1272 1797 1352 1824 quem
1370 1791 1478 1826 dignum
1493 1793 1598 1827 judicet
1612 1801 1660 1820 an-

874 1834 949 1870 gelus
965 1836 1010 1869 qui
1030 1843 1078 1863 nos
1097 1835 1208 1869 excolit,
1224 1836 1322 1864 oﬁ‘erre
1333 1845 1381 1872 pro
1402 1838 1539 1872 primitiis,
1551 1839 1593 1866 vel
1609 1847 1659 1873 pro

873 1879 1063 1914 primogenitis
1077 1880 1200 1908 Domino.
1218 1882 1306 1917 Atque
1332 1884 1432 1909 utinam
1449 1884 1501 1911 tale
1526 1885 1562 1911 sit
1588 1886 1660 1919 quod

875 1925 1012 1959 loquimur
1037 1930 1065 1952 et
1090 1926 1230 1958 docemus,
1259 1930 1287 1952 ut
1303 1934 1355 1954 non
1383 1935 1432 1962 pro
1446 1929 1537 1956 verbis
1560 1930 1660 1957 nostris

874 1970 1049 1998 condemnari
1065 1978 1230 2004 mereantur,
1243 1967 1378 2000 suliiccret
1395 1973 1472 2000 nobis
1485 1973 1543 2000 lucc
1560 1975 1658 2009 gratia.

871 2016 1065 2049 Oﬁ‘eruntergo
1075 2017 1162 2051 angeli
1172 2024 1204 2044 ex
1215 2017 1294 2046 nobis
1306 2019 1450 2053 primitias,
1461 2023 1487 2046 et
1495 2019 1658 2056 cxcoliti‘lﬁ)

872 2063 1056 2097 unusquisque
1075 2070 1123 2090 eos
1139 2070 1207 2098 quos
1225 2064 1316 2091 studio
1332 2069 1359 2091 et
1378 2064 1515 2099 diligentia
1544 2073 1593 2093 sua
1623 2067 1658 2093 ab

870 2109 1011 2136 erroribus
1024 2108 1143 2143 gentiutn
1158 2110 1292 2136 convertit
1310 2109 1342 2136 ad
1357 2109 1458 2137 Deum:
1474 2116 1500 2138 et
1519 2117 1559 2139 est
1575 2120 1658 2139 unus-

871 2154 986 2188 quisque
999 2153 1025 2179 in
1045 2153 1170 2187 portione
1185 2153 1228 2181 vel
1247 2162 1311 2182 cura
1326 2154 1399 2182 illius
1415 2156 1503 2190 angeli
1522 2165 1528 2183 :
1544 2161 1571 2184 et
1586 2158 1657 2185 sicut

872 2206 903 2224 ex
921 2198 998 2225 initio
1016 2198 1106 2226 sa-culi
1135 2198 1214 2232 hujus
1238 2207 1299 2226 cum
1314 2200 1481 2236 dispergeret
1504 2202 1572 2230 Deus
1586 2203 1657 2230 ﬁlios

868 2244 954 2271 Adam
965 2244 998 2275 π,
1017 2244 1112 2271 statuit
1127 2244 1196 2272 ﬁnes
1211 2246 1331 2280 gentium
1345 2248 1494 2275 secundum
1512 2256 1654 2276 numerum

868 2290 1024 2325 angelorum
1039 2289 1098 2322 Dei,
1111 2295 1139 2317 et
1154 2299 1324 2326 unaquaeque
1338 2299 1405 2326 gens
1422 2293 1473 2320 sub
1497 2294 1541 2321 illo
1560 2295 1655 2330 angelo

868 2335 940 2362 facta
957 2340 997 2362 est
1012 2343 1019 2362 :
1035 2343 1086 2362 una
1102 2339 1190 2363 autem
1202 2336 1250 2363 fuit
1265 2343 1291 2364 et
1305 2337 1390 2365 electa
1404 2345 1470 2373 gens
1483 2339 1578 2373 Israel,
1595 2347 1655 2374 qua:

868 2381 957 2415 portio
975 2381 1080 2408 Domini
1097 2381 1159 2414 fuit,
1181 2386 1208 2409 et
1234 2382 1370 2410 funiculus
1388 2384 1557 2412 hazreditalis
1571 2385 1629 2418 ejus
1646 2393 1653 2411 :

868 2427 905 2453 ita
918 2426 1000 2454 credo
1020 2427 1085 2454 etin
1104 2427 1158 2455 ﬁne
1176 2427 1254 2462 hujus
1267 2429 1457 2463 mundi'alque
1472 2430 1497 2456 in
1514 2430 1590 2457 initio
1602 2437 1654 2457 sat-

866 2473 918 2500 cttli
933 2473 1046 2500 alterius
1062 2473 1180 2500 futurum
1193 2472 1261 2508 (9.5),
1282 2479 1312 2500 ut
1328 2473 1424 2500 iterum
1445 2473 1547 2501 dividat
1559 2474 1653 2501 Excel-

866 2528 912 2548 sns
928 2519 997 2547 ﬁlios
1007 2519 1092 2546 Adam
1105 2529 1110 2545 :
1123 2523 1150 2546 et
1162 2520 1208 2552 qni
1223 2527 1274 2546 non
1287 2519 1467 2553 potuerintita
1485 2519 1577 2546 mundi
1592 2527 1653 2547 esse

865 2566 950 2594 corde
977 2569 1005 2591 ut
1031 2564 1117 2598 ipsum
1133 2563 1244 2590 videant
1265 2563 1418 2595 Dominum,
1436 2568 1463 2591 ct
1481 2571 1541 2592 esse
1562 2564 1652 2599 portio

868 2610 986 2642 Domini,
1001 2610 1109 2637 videant
1125 2613 1234 2636 sanctos
1247 2609 1369 2643 angelos,
1387 2614 1414 2637 et
1429 2610 1484 2637 sint
1500 2610 1650 2638 secundum

76 2653 95 2669 “
107 2655 182 2690 Apoc.
199 2666 228 2686 ιι.
266 2659 290 2674 ’⁵
302 2659 366 2686 an.
388 2667 445 2692 xIx,
468 2659 511 2687 I7.
550 2658 573 2675 ‘°
584 2658 648 2685 ibid.
672 2659 717 2686 I9.
755 2659 921 2691 "ICor.x\',
934 2659 980 2686 20.
1019 2658 1041 2673 ’⁸
1058 2657 1162 2684 Coloss.
1180 2665 1199 2688 ι,
1213 2657 1256 2683 I5.
1295 2657 1318 2672 “
1333 2656 1411 2684 Deut.
1424 2665 1507 2684 xxxtt.

77 2700 122 2737 (ἳο)
137 2702 176 2730 Ita
192 2706 271 2732 etiam
295 2707 378 2733 sancti
400 2706 496 2740 angeli,
522 2710 575 2732 etc.
599 2705 667 2732 Vide
683 2705 809 2733 Iluetiunt

51 2733 304 2780 Oflgfitiﬂnorunnlib.
322 2749 351 2780 _t_t,
368 2733 503 2780 quatasuttﬁ',
521 2748 595 2780 tittnt.
610 2740 655 2780 2b.

75 2770 123 2806 (ﬂ)
136 2773 207 2806 Mss,
219 2784 229 2800 ι
249 2770 384 2803 Ιετιιιδιίιειξί
401 2785 410 2801 ι
421 2770 582 2806 Ιλὶὶιὺίθιιίιί,
602 2784 611 2800 ι
626 2774 807 2802 Israeliticae.»

57 2804 209 2849 ,.(32)__Lihh.
228 2810 304 2843 editi,
317 2820 331 2849 _«
353 2811 519 2849 excelling)
536 2804 582 2849 sed
600 2817 678 2849 mss,
699 2818 708 2834 ι
729 2817 809 2849 exco-

50 2837 82 2865 Iil.‘
96 2850 103 2866 ι
116 2837 193 2870 I’attlo
207 2837 356 2878 postcddex
368 2846 396 2872 S.
411 2837 584 2877 ’1ῚιεοίΙοι-ἰοί,
599 2853 608 2870 ι
625 2845 658 2871 ab
671 2837 809 2871 erroribus

183 2891 318 2922 ΡΑτιιιιιη
336 2893 392 2922 Gn.
413 2892 482 2922 XII.

864 2706 994 2742 gentium.
1013 2714 1022 2730 ι
1042 2703 1119 2742 Libb.
1133 2703 1239 2742 editi._t
1256 2703 1541 2742 abc_rroribus__etiam.
1563 2713 1577 2742 -ι

901 2739 956 2776 (25)
974 2739 1016 2776 Itin
1030 2738 1109 2776 credo
1128 2737 1189 2776 el‘iu
1205 2738 1256 2770 ﬁne
1268 2738 1347 2772 hujus
1365 2738 1548 2776 utttttdiﬂtque
1560 2739 1586 2766 in

864 2771 1002 2802 lio'stc'culi
1015 2772 1124 2799 alterius
1149 2771 1277 2806 futurum.
1296 2778 1349 2799 etc.
1367 2773 1432 2799 Vide
1450 2771 1575 2801 IIue‘tiutn
1588 2773 1649 2802 Ori-

865 2811 1033 2845 gruiauorum
1047 2807 1091 2834 lib.
1110 2814 1139 2838 ll,
1153 2811 1247 2840 quaest.
1264 2807 1306 2838 ll,
1322 2815 1396 2835 num.
1416 2808 1459 2835 I0.

1453 2885 1489 2913 21
