1886 3051
207 102 257 129 ΐῖῦι

941 101 1100 132 ORIGENIS
1776 107 1814 136 652

209 166 353 188 uttmerum
369 158 525 194 angelorum
536 157 592 185 Dei.
609 157 661 185 Sed
678 158 774 186 beatus
786 163 824 186 est
843 161 887 194 qui
901 161 998 196 dignus
1014 164 1035 191 A
1050 162 1120 189 enim
1143 162 1221 198 panis
1243 162 1301 196 qui,
1328 169 1390 189 cum
1411 169 1518 197 semper
1542 163 1712 196 comedatur,
1733 171 1815 200 semper

210 205 292 233 fuerit
319 205 345 232 itt
367 205 412 231 illa
429 205 483 232 vita
500 204 670 239 esse'portio
698 205 815 239 Domini,
837 212 863 233 et
886 207 1000 242 populus

209 254 268 289 ejus
278 252 372 285 Iacob,
385 260 415 280 ac
427 252 562 280 funiculus
575 253 739 280 hatreditatis
748 260 804 280 sure
818 253 910 280 Israel.
921 253 1001 288 Opta-

212 301 265 329 bile
283 305 324 329 est
341 307 416 335 ergo,
431 299 598 332 utdiximus,
613 299 650 326 ita
666 299 801 334 proﬁcere
818 308 999 335 unumquem-

211 355 275 381 que,
294 351 323 374 ut
334 346 404 373 inter
417 345 562 379 primitias,
574 345 615 372 vel
627 345 807 380 primogenita
822 345 886 381 eligi
896 353 1000 373 merea-

210 397 265 424 tur,
275 391 398 419 etoﬂ‘erri
410 391 475 423 Deo,
485 396 581 418 etesse
589 398 652 425 pars
663 391 780 424 Domini,
789 391 859 419 sicut
872 397 999 419 econtra-

209 439 249 466 rio
264 437 339 465 valde
348 437 495 464 timendum
510 441 551 464 est
561 444 595 464 ne
608 437 779 464 inveniamur
793 437 862 465 inter
875 437 945 473 illos,
963 438 997 466 de

208 483 306 518 quibus
315 482 447 516 scriptum
456 481 540 509 est”:
554 492 562 507 ι
574 482 726 510 lntroibunt
734 482 760 509 in
768 481 897 510 inferiora
907 487 998 516 terrae,

209 526 350 554 tradentur
360 526 386 553 in
398 527 590 562 manusgladii,
601 531 692 561 partes
701 526 821 561 vulpium
829 531 919 554 erunt.
933 536 942 553 ι
954 527 1000 555 Vi-

208 572 255 599 des
263 572 345 608 309
358 579 423 607 ergo
440 573 651 601 resurrectionis
668 577 793 608 tempore
804 581 866 600 ettm
879 573 1000 601 dividere

206 619 327 653 coeperit
342 619 473 646 Excelsus
489 623 592 654 gentes,
607 624 634 647 et
654 627 703 654 pro
725 621 828 648 meritis
845 620 999 655 dispergere

210 665 280 692 filios
305 665 403 698 Adam,
423 665 529 693 futuros
552 673 614 693 esse
635 666 767 700 quosdam
791 667 837 701 qui
856 667 957 694 intrent
972 667 998 694 in

208 709 336 737 inferiora
360 713 451 742 terrm,
473 714 501 737 et
516 714 610 744 partes
629 710 763 745 vulpium,
791 711 816 738 id
841 715 884 738 est
908 716 999 745 partes

208 756 359 782 daemonum
385 755 461 782 ﬁant.
480 755 545 790 Ipsm
561 756 633 783 enim
658 761 724 783 sunt
751 756 844 792 vulpes
866 757 998 784 extermi-

208 806 304 829 nantes
318 801 413 828 vineas
427 801 462 833 ³¹,
474 808 507 828 ex
525 801 624 835 quibus
639 806 699 828 erat
713 806 741 829 et
755 801 884 835 Herodes,
899 803 932 830 de
944 811 997 838 qtto

208 848 306 876 dicitur
320 847 342 864 “
359 857 366 874 :
386 857 395 873 ι
424 848 472 879 lte,
489 847 572 875 dicite
599 847 671 882 vulpi
697 847 770 875 ltuic.
793 858 802 874 ι
819 835 997 884 Refugianius
1013 835 1033 863 Β

207 901 271 929 ergo
289 899 412 921 terrenos
428 897 505 921 actus
518 898 545 921 et
571 893 779 929 intelligentiam
798 898 949 926 terrenam.
966 902 998 922 ne

209 940 347 976 aggravati
363 940 481 967 terrenis
496 939 630 971 sensibus,
647 939 762 968 introire
775 941 899 968 dicamur
913 941 939 968 in
955 941 995 968 in-

209 986 308 1014 feriora
324 990 412 1018 terrm,
433 991 461 1013 et
480 990 573 1020 partes
587 985 706 1020 vulpium
721 985 791 1014 fieri.
806 986 911 1014 lntrant
924 987 996 1014 enim

207 1035 235 1059 et
248 1031 286 1058 illi
302 1031 329 1058 in
344 1030 472 1059 inferiora
487 1035 577 1063 terrm,
589 1032 635 1065 qui
651 1031 736 1067 legem
749 1032 796 1058 Dei
809 1037 837 1059 et
848 1033 997 1067 repromis-

208 1076 314 1103 sionum
326 1075 407 1108 bona,
420 1074 599 1110 intelligentia
616 1080 732 1102 terrente
746 1075 920 1110 cogitationis
947 1082 996 1102 ex-

207 1121 319 1157 cipiunt,
331 1125 359 1148 et
371 1127 424 1148 non
433 1120 556 1148 excitant
568 1121 676 1148 animas
689 1120 841 1147 auditorum
854 1120 888 1147 ad
900 1127 995 1155 exspe-

207 1169 354 1195 ctationem
383 1166 547 1199 caelestium,
580 1171 608 1193 et
633 1166 761 1193 intuitum
791 1173 994 1200 supernorum:

207 1222 268 1242 cum
287 1213 427 1241 evidenter
447 1212 593 1247 Apostolus
611 1212 683 1239 dicat
702 1212 724 1227 "
741 1221 747 1239 :
768 1221 777 1237 ‹
803 1211 831 1239 Si
852 1219 997 1239 consurre-

207 1261 285 1288 xistis
304 1267 366 1287 eum
391 1259 503 1286 Christo
518 1266 578 1293 qua:
596 1266 705 1286 sursum
728 1263 793 1286 sunt
812 1260 935 1293 quaerite,
951 1259 995 1286 ubi

206 1306 331 1334 Christus
352 1310 394 1333 est
412 1306 439 1332 in
463 1305 575 1333 dextera
598 1303 646 1332 Dei
661 1304 769 1336 sedens,
784 1311 838 1332 non
861 1312 921 1339 qua;
934 1309 997 1332 sunt

207 1360 289 1388 super
302 1357 401 1379 terram
418 1361 425 1378 :
446 1361 456 1378 ι
479 1351 552 1386 quod
567 1351 662 1386 utique
682 1350 735 1378 illis
751 1351 862 1378 dicebat
878 1351 995 1386 Aposto-

207 1398 247 1425 lus
270 1398 302 1431 ”,
314 1398 361 1432 qui
375 1402 486 1425 terrena
502 1397 706 1430 observatione,
730 1396 846 1424 terrenis
863 1404 872 1421 ι
890 1403 923 1424 ne
936 1396 995 1423 teti-

207 1443 303 1478 geritis
317 1452 326 1469 ›
347 1442 468 1476 aiebant,
487 1451 496 1468 ι
517 1449 551 1470 ne
565 1442 749 1478 gustaveritis,
767 1450 801 1470 ne
815 1442 994 1470 attam'tnave-

207 1489 276 1522 ritis,
292 1498 300 1514 ι
315 1489 416 1524 quibus
428 1488 501 1516 addit
519 1495 527 1515 :
550 1497 559 1514 I
582 1488 647 1522 Quae
666 1493 730 1516 sunt
743 1489 834 1516 omnia
858 1489 884 1516 in
898 1495 994 1516 corru-
1008 1505 1029 1534 ο

206 1535 327 1569 ptionem
346 1535 404 1570 ipso
419 1543 481 1568 usu,
497 1534 647 1563 secundum
665 1535 795 1563 mandata
811 1539 839 1562 et
855 1534 994 1564 doctrinas

207 1581 357 1609 hominum.
378 1591 388 1608 ι

240 1629 268 1656 6.
283 1629 364 1656 Addit
386 1634 446 1664 post
462 1630 519 1657 haec
532 1629 552 1645 "
570 1636 577 1655 :
596 1637 606 1654 ι
625 1629 658 1656 Ει
672 1630 778 1657 locutus
799 1636 841 1658 est
865 1631 994 1658 Dominus

205 1675 238 1702 ad
257 1675 346 1702 Aaron
364 1675 455 1702 dicens
473 1684 479 1702 :
494 1674 564 1703 Ecce
588 1683 638 1711 ego
653 1675 715 1703 dedi
731 1675 809 1703 vobis
831 1675 864 1703 ad
885 1683 993 1704 conser-

204 1721 321 1748 vandum
338 1721 482 1756 primitias.
501 1730 511 1747 ι
526 1721 654 1755 Quamvis
668 1722 694 1749 in
709 1721 846 1750 nonnullis
857 1721 994 1756 exempla-

205 1765 280 1794 ribus
305 1765 474 1798 Latinorum,
500 1775 509 1792 ι
538 1767 571 1794 ad
595 1767 811 1800 observandum,
835 1776 844 1792 ι
862 1767 992 1801 scriptum

203 1811 249 1846 sit,
261 1812 353 1840 verius
366 1816 454 1840 tamen
469 1818 511 1840 est
525 1822 535 1839 ι
555 1814 588 1840 ad
606 1817 836 1842 conservandum.
855 1823 864 1840 ›
881 1813 934 1841 Sed
949 1821 992 1841 re-

203 1859 366 1892 quirendum
381 1863 423 1887 est
437 1859 572 1894 quomodo
596 1860 743 1887 secundum
765 1859 851 1895 legem
867 1859 993 1894 primitia:

202 1908 408 1931 conserventur.
426 1904 482 1933 Non
498 1905 569 1933 enim
588 1910 618 1932 ut
633 1909 755 1938 servent,
774 1906 930 1934 sacerdotes
947 1913 991 1933 ac-

203 1949 307 1984 cipiunt
322 1951 466 1985 primitias,
479 1952 526 1980 sed
547 1957 576 1980 ut
600 1953 747 1980 insumant.
769 1952 908 1985 Quomodo
927 1960 991 1987 ergo

202 1995 267 2023 dicit
282 2005 288 2022 :
303 2005 312 2021 ί
331 1996 400 2024 Ecce
423 1997 484 2024 dedi
509 1998 585 2025 vobis
608 1998 742 2032 primitias
767 1998 800 2025 ad
824 2005 992 2025 conservan-

203 2041 285 2068 dum?
302 2051 311 2066 ι
326 2041 403 2069 Unde
420 2047 528 2070 constat
542 2051 594 2070 non
612 2051 691 2078 posse
713 2044 764 2071 hoc
791 2044 824 2070 ad
845 2043 930 2078 legem
947 2044 991 2070 lit-

204 2091 278 2118 terae,
302 2087 348 2114 sed
373 2088 406 2114 ad
429 2087 515 2123 legem
541 2089 653 2123 spiritus
679 2090 819 2125 applicari.
837 2089 896 2117 Istae
919 2090 990 2116 enim

202 2132 328 2166 primitias
348 2141 417 2168 quas
441 2141 522 2168 supra
546 2135 702 2169 spiritaliter
717 2137 903 2171 exposuimus,
923 2143 990 2163 con-

1051 212 1201 242 permanct,
1215 208 1268 234 imo
1279 214 1386 242 semper
1397 213 1520 243 augetur.
1536 209 1584 236 Est
1598 217 1673 244 ergo,
1686 210 1814 244 siculApo-

1051 253 1136 280 stolus
1152 252 1216 279 dicit
1234 253 1266 285 ³⁷,
1288 252 1419 287 spiritalis
1442 260 1522 287 esca,
1550 262 1610 290 quae
1634 261 1732 290 qttanto
1750 256 1814 292 magis

1052 298 1208 330 insumitur,
1224 303 1298 325 tanto
1312 297 1427 332 amplius
1444 300 1552 327 crescit.
1574 301 1681 334 Quanto
1692 302 1756 328 enim
1769 310 1813 329 am~

1051 344 1120 378 plius
1136 345 1246 372 verbum
1269 344 1315 372 Dei
1333 346 1492 379 sumpseris,
1517 351 1619 381 quanto
1636 347 1770 374 instantius
1786 348 1815 375 ei.

1052 391 1113 417 butn
1130 390 1210 418 istum
1232 390 1394 424 comederis,
1410 395 1484 418 tanto
1501 391 1526 419 itt
1542 399 1568 420 te
1592 392 1740 421 afﬂuentius
1750 394 1815 421 abun-

1052 437 1135 464 dabit.
1163 436 1225 464 llaec
1241 437 1314 464 dicta
1335 442 1399 464 sunt
1417 445 1469 472 pro
1484 445 1515 466 eo
1536 440 1609 473 quod
1636 439 1758 474 scriptum
1775 445 1816 473 est,

1053 492 1063 509 ε
1082 484 1115 510 ad
1132 483 1345 511 conservandum
1363 483 1508 516 primitias.
1531 494 1540 510 ι

1086 527 1111 554 7.
1135 527 1265 562 Sequitur
1291 532 1382 555 autem
1403 528 1425 544 ³⁸
1445 537 1451 555 :
1469 537 1478 554 ‹
1497 529 1535 556 Ex
1550 530 1677 558 omnibus
1701 537 1753 565 quae
1768 538 1815 558 san-

1051 573 1206 600 ctiﬁcantur
1221 573 1287 600 mihi
1304 580 1319 600 a
1343 572 1406 600 ﬁliis
1424 573 1518 601 Israel.
1534 584 1542 600 ι
1560 574 1614 603 Nec
1638 575 1690 603 hoc
1715 576 1766 604 sine
1783 583 1816 604 δια

1050 623 1189 646 cramento
1206 619 1324 653 dieitur;
1340 627 1393 647 non
1409 621 1467 647 vult
1482 621 1555 647 enim
1574 620 1643 648 Deus
1666 621 1765 649 aliunde
1782 629 1815 648 ao

1050 666 1140 700 cipere
1156 667 1302 700 primitias,
1319 667 1370 694 nisi
1384 674 1398 694 a
1414 667 1591 694 sanetiﬁcatis
1612 666 1706 695 Israel.
1725 667 1815 696 Poterat

1049 713 1121 738 enim
1147 712 1204 739 ﬁeri
1225 717 1253 739 ut
1272 717 1299 740 et
1316 714 1386 748 apttd
1410 713 1525 748 gentiles
1543 713 1727 742 invenirentur
1743 715 1814 749 aliqua

1049 758 1225 793 opera.digna
1240 757 1305 787 Deo.
1328 759 1513 788 Excoluerunt
1537 760 1608 787 enim
1633 765 1660 787 et
1685 760 1750 788 inter
1769 761 1816 788 illos

1050 803 1131 838 aliqui
1159 804 1273 832 virtutes
1292 805 1387 838 animi,
1412 809 1440 833 et
1461 805 1629 840 philosophia
1654 806 1680 833 in
1704 806 1816 833 nonnullis

1049 849 1104 884 egit
1117 849 1326 884 aliquantulum,
1342 852 1389 878 sed
1410 858 1463 878 non
1483 851 1540 878 vult
1563 851 1613 879 ista
1636 851 1727 879 offerri
1741 852 1763 879 in
1774 852 1818 886 pri-

1050 893 1143 920 tnitiis.
1159 893 1198 921 Ex
1216 893 1269 922 illis
1291 895 1346 922 vult
1358 895 1427 923 Deus
1448 895 1589 924 benefacta
1605 896 1749 930 suscipere,
1763 903 1816 931 quo-

1050 946 1108 965 rum
1123 946 1199 967 mens
1213 940 1286 968 videt
1297 940 1392 974 Deutn,
1409 945 1438 968 et
1452 941 1498 976 qui
1515 941 1680 969 sanctiﬁcati
1701 948 1759 970 sunt
1775 943 1818 969 Deo

1049 991 1096 1017 per
1110 985 1200 1013 ﬁdem.
1213 985 1328 1014 Gentilis
1343 991 1432 1015 autem
1446 987 1554 1015 etiamsi
1575 987 1678 1023 aliquid
1695 988 1816 1016 honestum

1048 1035 1075 1058 et
1094 1031 1233 1066 probabile
1253 1032 1355 1060 habere
1372 1033 1495 1061 videatur
1516 1033 1543 1060 in
1564 1035 1699 1068 moribus,
1713 1035 1759 1062 hoc
1773 1034 1820 1069 ipso

1048 1079 1119 1113 quod
1134 1085 1186 1106 non
1200 1079 1255 1106 Deo
1276 1079 1390 1107 ascribit
1405 1079 1488 1107 animi
1511 1080 1648 1113 virtutem,
1664 1081 1711 1109 sed
1727 1081 1818 1116 jactan-

1049 1124 1093 1150 tia:
1114 1130 1170 1151 sua:
1192 1123 1322 1159 deputat,
1345 1132 1398 1152 non
1426 1130 1469 1153 est
1490 1125 1660 1154 sanctiﬁcata
1683 1125 1819 1162 huiusmodi

1048 1168 1185 1202 probitas,
1214 1175 1241 1197 et
1270 1170 1330 1198 ideo
1361 1177 1412 1198 non
1440 1171 1572 1206 recipitur
1599 1172 1671 1199 inter
1695 1173 1819 1207 primitias.

1047 1213 1183 1248 Quantum
1198 1219 1288 1242 autem
1304 1215 1337 1242 ad
1351 1215 1536 1244 definitionem
1556 1217 1653 1245 littera:
1673 1218 1748 1253 legis,
1760 1217 1821 1244 vide-

1049 1263 1091 1286 tur
1105 1260 1187 1287 etiam
1204 1260 1357 1295 proselytos
1370 1261 1514 1290 excludere
1531 1262 1565 1290 ab
1584 1262 1766 1296 hujuscemodi
1779 1269 1823 1289 mu-

1048 1312 1122 1332 nere.
1144 1305 1223 1333 Solos
1244 1307 1315 1334 enitn
1339 1307 1524 1336 sanctiﬁcatos
1543 1315 1577 1335 ex
1597 1308 1661 1336 ﬁliis
1678 1308 1759 1337 lsrael
1776 1308 1823 1335 vult

1047 1351 1145 1379 offerre
1158 1352 1302 1387 primitias.
1319 1351 1390 1380 Puto
1401 1358 1490 1381 autem
1505 1353 1654 1382 lsraelitem
1681 1354 1733 1382 dici
1747 1361 1823 1388 posse.

1046 1405 1079 1426 ex
1091 1405 1145 1432 quo
1162 1398 1227 1425 licet
1241 1398 1264 1425 ei
1282 1398 1385 1434 ingredi
1404 1399 1431 1426 in
1450 1399 1600 1427 Ecclesiam
1622 1399 1692 1427 Dei:
1707 1400 1823 1436 scriptum

1046 1447 1088 1470 est
1109 1442 1180 1470 enim
1204 1442 1247 1470 "z
1267 1452 1277 1468 ε
1293 1442 1351 1469 Non
1375 1444 1575 1471 abominaberis
1594 1443 1754 1478 ldumaeum,
1773 1443 1825 1478 quia

1047 1488 1132 1516 frater
1158 1493 1218 1516 tuus
1247 1493 1307 1522 est,
1332 1496 1382 1517 nec
1400 1489 1570 1525 Egyptium,
1597 1491 1727 1525 quoniam
1751 1489 1824 1518 incola

1047 1534 1121 1562 fuisti
1138 1534 1163 1562 in
1179 1539 1250 1561 terra
1268 1533 1389 1569 Egypti.
1407 1534 1468 1562 Filii
1491 1535 1512 1562 si
1529 1535 1584 1562 nati
1605 1535 1711 1563 fuerint
1729 1536 1777 1567 eis,
1789 1542 1827 1570 ge-

1046 1581 1186 1609 neratione
1207 1579 1285 1607 tertia
1306 1579 1457 1608 introibunt
1474 1580 1502 1607 itt
1515 1580 1666 1608 Ecelesiam
1682 1581 1739 1608 Dei.
1756 1590 1766 1607 ι
1782 1580 1827 1607 Do-

1045 1634 1095 1654 nec
1105 1634 1169 1661 ergo
1179 1625 1297 1654 fructum
1310 1633 1363 1653 non
1379 1625 1458 1652 affert
1468 1624 1623 1661 Egyptius,
1636 1625 1682 1654 vel
1695 1625 1826 1654 Idumaeos.

1045 1680 1095 1700 nec
1109 1672 1204 1700 fecerit
1221 1671 1289 1700 ﬁlios
1303 1672 1396 1706 primm
1409 1675 1436 1698 ct
1448 1672 1572 1698 secunda:
1583 1676 1609 1699 et
1621 1672 1712 1699 tertia:
1726 1677 1826 1706 genera-

1045 1719 1136 1751 tionis,
1154 1727 1206 1747 non
1223 1723 1311 1753 potest
1325 1719 1439 1746 introire
1453 1718 1479 1745 in
1494 1717 1643 1745 Ecclesiam
1662 1717 1777 1748 Domini,
1788 1715 1827 1743 sed

1044 1765 1161 1793 ﬁliorum
1180 1766 1320 1801 generatio
1342 1765 1407 1792 facit
1432 1772 1479 1792 eos
1500 1765 1614 1797 introire
1634 1764 1665 1792 in
1686 1763 1825 1791 Ecclesium

1046 1812 1161 1840 Domini.
1177 1811 1310 1839 Observet
1326 1811 1481 1846 diligentius
1497 1811 1542 1846 qui
1564 1810 1628 1846 legit
1650 1811 1758 1838 litteras
1769 1808 1830 1836 divi-

1044 1867 1103 1892 nas,
1122 1863 1150 1886 et
1167 1866 1219 1887 non
1238 1863 1266 1885 ut
1285 1858 1349 1885 libet
1376 1858 1524 1902 scriptura:
1541 1857 1624 1885 verba
1644 1858 1827 1902 pertranseat:

1043 1904 1090 1931 sed
1107 1904 1220 1938 aspiciat
1234 1903 1267 1930 ad
1284 1900 1504 1938 unumquemque
1519 1909 1691 1936 sermonem,
1705 1900 1828 1937 quomodo

1043 1957 1096 1977 non
1111 1949 1192 1980 dixit,
1202 1950 1223 1976 si
1245 1949 1300 1976 nati
1323 1948 1424 1976 fuerittt
1440 1948 1480 1976 eis
1493 1947 1540 1975 ﬁlii
1554 1948 1595 1976 vel
1612 1947 1690 1981 ﬁliae,
1706 1947 1753 1975 sed
1766 1956 1774 1973 t
1787 1945 1828 1972 ﬁlii

1042 1995 1064 2022 si
1083 1995 1138 2022 nati
1153 1995 1254 2022 fuerint
1273 1994 1323 2026 eis,
1337 1994 1417 2021 tertia
1439 1993 1615 2028 generatione
1641 1993 1792 2021 introibunt
1807 1991 1830 2018 in

1043 2039 1191 2068 Ecclesiam
1203 2039 1319 2067 Domini.
1327 2048 1335 2064 ι
1351 2038 1384 2066 Ει
1394 2039 1548 2071 considera,
1559 2039 1579 2066 si
1589 2044 1682 2074 potes,
1692 2037 1828 2066 secundum

1042 2086 1185 2121 mysticum
1201 2092 1321 2117 sensum,
1338 2092 1387 2112 cur
1411 2084 1462 2112 soli
1486 2085 1532 2112 ﬁlii
1549 2085 1614 2118 sint,
1633 2093 1691 2113 non
1709 2084 1788 2112 etiam
1803 2082 1829 2109 ﬁ-

1042 2132 1093 2164 liae,
1106 2132 1152 2166 qui
1166 2131 1267 2159 faciunt
1281 2131 1394 2158 introire
1408 2135 1500 2166 patres
1511 2131 1537 2158 in
1547 2131 1703 2160 Ecclesium
1721 2130 1829 2158 Domini.

201 2177 306 2204 servari
320 2183 441 2212 possunt,
457 2179 508 2206 illae
522 2187 573 2207 non
588 2185 710 2214 possunt.
723 2181 776 2208 Sed
789 2185 816 2208 et
827 2181 850 2208 si
864 2181 990 2209 Christus
1005 2177 1027 2204 Ι)
1043 2178 1166 2212 Denique
1184 2177 1306 2205 invenies
1319 2177 1402 2204 eliam
1425 2181 1532 2204 SilnClOS
1553 2177 1656 2212 quibus
1672 2177 1799 2206 eximium
1815 2181 1827 2201 ³

201 2227 244 2250 est
257 2223 405 2251 secundum
420 2225 576 2260 Apostolum
588 2226 724 2260 primitim,
738 2235 801 2255 vere
823 2228 880 2255 ista:
895 2229 989 2263 primi-

203 2269 245 2297 tiae
260 2269 293 2297 ad
309 2271 524 2298 conservandum
543 2272 612 2299 data:
633 2278 697 2300 sunt
721 2273 807 2300 nobis.
824 2273 892 2306 Quid
916 2274 988 2301 enim

203 2319 256 2342 tant
272 2315 391 2348 beatum,
401 2323 478 2350 quam
496 2321 524 2344 ut
537 2317 627 2345 anitna
637 2325 696 2353 quae
709 2319 827 2353 suscepit
840 2319 988 2352 Christum,

200 2368 307 2396 semper
320 2369 380 2389 eum
397 2368 551 2397 conservet,
569 2368 596 2391 et.
609 2371 717 2399 semper
730 2364 828 2392 habeat
847 2365 873 2392 in
888 2372 916 2392 se
932 2373 988 2392 ma-

199 2409 328 2435 nentem?
343 2409 375 2436 Et
390 2409 451 2437 talis
470 2407 561 2438 anima
584 2418 647 2438 vere
671 2411 804 2445 primitias
827 2411 941 2446 suscipit
955 2412 988 2439 ad

199 2455 428 2482 conservandum.
443 2455 511 2483 Nam
526 2455 578 2483 illa:
592 2456 718 2491 primitiae
732 2464 791 2491 qua:
803 2456 988 2484 offerebantur

199 2499 224 2526 in
241 2499 307 2534 lege,
327 2502 560 2530 consumebantur
582 2509 630 2538 per
653 2503 740 2536 cibos,
755 2507 782 2531 et
807 2503 937 2538 ingressa:
960 2503 986 2530 in

198 2549 329 2579 ventrem,
351 2547 546 2582 dirigebantur,
565 2553 594 2575 ut
617 2547 793 2583 Evangelium
814 2548 881 2575 dicit
898 2548 931 2580 ³³,
960 2548 986 2575 in

197 2596 346 2618 secessum.
362 2592 429 2620 Istas
450 2598 539 2621 autem
560 2594 696 2629 primitias
711 2593 755 2629 qui
771 2594 985 2626 manducaverit,

197 2640 224 2662 ct
238 2639 386 2671 gustaverit
410 2647 507 2673 panetn
535 2641 580 2675 qui
604 2641 637 2667 de
669 2640 738 2668 coelo
764 2640 914 2672 descendit,
933 2647 985 2667 non

197 2683 339 2717 morietur,
355 2686 401 2712 sed
416 2691 556 2719 permanet
568 2687 595 2713 in
618 2687 698 2714 vitam
717 2691 858 2714 aeternam.
875 2686 925 2714 Iste
944 2691 986 2714 est

232 2773 254 2787 '°
267 2772 335 2800 Psal.
354 2781 420 2804 thl,
433 2775 475 2806 l0,
490 2775 530 2801 fl.
571 2776 591 2790 ³¹
609 2776 686 2803 Cant.
702 2784 730 2803 ll.

199 2815 273 2839 unt,
291 2808 316 2834 8.
356 2808 378 2824 η
390 2809 486 2835 Matth.
503 2817 545 2843 xv,
568 2810 607 2837 l7.
647 2811 667 2825 ³⁷
685 2811 693 2837 l
710 2812 772 2838 (lor.
801 2820 826 2840 κ.

784 2777 805 2792 ³¹
819 2777 883 2804 Luc.
901 2786 960 2809 χιιι,
973 2777 1018 2804 52.
1057 2777 1079 2792 ³³
1091 2777 1197 2804 Coloss.
1214 2785 1254 2809 ιιι,
1274 2777 1297 2809 Ι,
1311 2775 1338 2802 ‘2.

865 2813 886 2828 ³³
903 2812 981 2839 Nutu.
999 2818 1077 2845 .\‘\'llt,
1097 2813 1124 2840 8.

1044 2226 1099 2252 Deo
1125 2224 1309 2252 testimonium
1341 2222 1432 2254 datur,
1462 2222 1571 2250 difﬁcile
1594 2222 1681 2257 ﬁlias,
1698 2223 1746 2251 sed
1767 2222 1827 2248 ﬁlios

1042 2271 1178 2306 genuisse.
1193 2270 1329 2297 Abraham
1346 2276 1398 2296 non
1411 2268 1504 2303 genuit
1520 2268 1599 2301 filias,
1620 2268 1701 2297 Isaac
1718 2275 1766 2296 nec
1779 2267 1828 2302 ipse

1042 2317 1162 2351 quidem,
1178 2315 1252 2343 solus
1263 2315 1349 2342 Jacob
1363 2322 1444 2342 unam
1456 2314 1559 2348 genuit,
1572 2319 1598 2342 et
1607 2314 1699 2349 ipsam
1708 2314 1828 2341 fratribus

1042 2370 1074 2390 ac
1087 2362 1245 2397 parentibus
1260 2369 1383 2397 gravem.
1403 2360 1593 2388 Contaminata
1616 2361 1696 2388 enim
1708 2361 1741 2389 ab
1755 2359 1828 2387 Emor

1042 2408 1099 2436 ﬁlio
1111 2408 1232 2441 Sicltem,
1241 2407 1416 2442 opprobrium
1433 2406 1525 2442 generi
1537 2410 1563 2434 et
1571 2406 1707 2435 vindictae
1717 2406 1828 2434 furorem

1039 2454 1172 2482 fratribus
1181 2455 1321 2482 excitavit.
1336 2454 1426 2482 Sedet
1442 2458 1483 2480 ter
1500 2454 1527 2480 in
1544 2459 1616 2480 anno
1629 2459 1767 2489 apparere
1781 2451 1828 2478 Do-

1040 2501 1113 2528 mino
1126 2500 1236 2534 jubetur
1249 2507 1330 2528 omne
1348 2499 1537 2527 masculinum.
1560 2499 1679 2526 Femina
1699 2500 1733 2526 ad
1751 2505 1829 2532 appa-

1038 2548 1152 2575 rendttm
1166 2547 1279 2574 Dontino
1296 2554 1349 2574 non
1364 2550 1488 2574 vocatur.
1503 2545 1550 2573 Sic
1563 2553 1631 2580 ergo
1645 2546 1670 2573 si
1684 2546 1747 2581 quis
1761 2543 1829 2571 Scri-

1038 2594 1125 2629 pturis
1139 2593 1238 2620 divinis
1253 2593 1396 2628 diligenter
1413 2591 1546 2623 intendat,
1561 2592 1690 2620 inveniet
1702 2599 1757 2620 nou
1771 2591 1832 2618 otio-

1037 2647 1095 2667 sum
1110 2639 1183 2673 quod
1203 2638 1266 2666 alibi
1285 2638 1396 2673 quidem
1423 2638 1548 2664 notninat
1570 2644 1636 2664 cum
1664 2637 1730 2665 ﬁliis
1753 2637 1830 2664 etiam

1037 2685 1118 2719 ﬁlias,
1133 2685 1198 2713 alibi
1221 2689 1311 2712 autem
1335 2683 1452 2711 ﬁliarum
1479 2691 1533 2712 tton
1559 2683 1627 2711 facit
1654 2685 1830 2712 mentionem.

1378 2776 1400 2791 "
1412 2775 1514 2803 Coloss.
1528 2783 1557 2809 ιι,
1569 2775 1598 2801 2|
1608 2796 1616 2808 ,
1631 2775 1681 2804 9.2.
1723 2775 1745 2790 ³⁵
1756 2775 1830 2802 Num.

1167 2813 1188 2827 δν
1210 2813 1286 2839 Dent.
1306 2819 1384 2844 xxttt,
1401 2811 1425 2844 7,
1439 2811 1466 2838 8.
