1903 3052
72 118 125 145 655

687 111 719 137 IN
739 110 904 138 NUMEHUS
924 109 1065 136 HOMILIA
1084 108 1130 138 XI.

1657 109 1708 136 ὓίἰι

75 177 107 205 Ει
122 178 167 205 hic
180 183 245 211 ergo
267 174 393 210 primitias
411 179 471 205 quae
489 171 650 202 offeruntur,
663 178 676 197 a
691 170 868 197 sanctiﬁcatis
883 170 904 197 Α
919 172 979 195 ctus
1006 168 1057 194 dici
1084 172 1190 206 potest:
1206 174 1269 194 vere
1292 171 1381 194 autem
1407 172 1434 194 ct
1457 174 1563 202 semper
1597 173 1708 196 sanctus

76 223 139 251 ﬁliis
156 221 251 254 Israel,
266 228 320 247 non
338 219 419 246 etiam
442 225 457 244 a
483 217 589 244 ﬁliabus
607 216 736 250 jubentur
752 215 841 242 oﬁcrri
859 225 865 241 :

74 276 134 303 quae
151 273 242 295 tamen
268 265 416 294 secundum
441 262 591 299 spiritalem
614 261 792 294 intellectum,
813 269 864 288 non

74 313 107 340 ad
133 319 239 343 sexus,
264 310 312 338 sed
336 310 487 337 animarqu
510 307 703 335 discretionem
726 306 866 334 referenda

74 363 149 385 sunt.
169 367 179 383 ι
196 356 256 384 Tibi
272 357 356 389 enim,
379 355 466 391 iuqttit
479 353 517 386 ⁸ο.
531 353 591 380 dedi
619 361 650 380 ea
677 353 702 380 iu
725 353 866 383 honorem.

73 409 102 431 et
116 403 179 430 ﬁliis
194 403 247 430 tuis
263 407 323 437 post
339 407 364 429 te
381 401 532 436 legitimum
549 405 690 428 ateruum.
714 409 723 424 ι
739 398 810 431 Tibi,
824 399 867 425 iu-

73 450 143 484 quit.
156 449 204 477 Cui
214 449 226 476 ?
236 449 398 483 Aaron,siue
410 448 492 475 dubio
506 446 691 482 respondebis.
708 445 760 473 Sed
777 453 867 474 sermo

73 496 119 531 qui
145 497 280 530 sequitur,
295 495 381 529 magis
405 494 438 521 de
466 501 530 520 vero
552 492 680 528 pontiﬁce
705 492 824 524 Christo,
841 497 868 519 et

73 543 138 570 ﬁliis
149 542 234 578 310
248 542 306 576 ejus
319 540 460 576 apostolis,
473 545 500 567 et
513 539 670 567 doctoribtts
683 538 866 566 Ecclesiarum

72 589 175 615 suadet
188 587 314 622 intelligi.
330 586 374 614 Ait
386 585 458 614 enim
476 594 483 612 :
497 594 506 610 ι
522 585 684 621 Legitimum
696 589 839 612 internum.
855 593 864 609 ι

73 633 218 667 Quomodo
241 639 305 667 ergo
320 635 453 659 aeternum
471 635 559 665 potest
582 638 644 658 esse
667 630 737 664 quod
761 629 867 657 visibile

72 679 133 706 est?
149 686 212 705 cum
228 677 373 712 Apostolus
394 676 466 703 dicat
481 676 501 691 "
518 685 525 703 :
543 685 551 701 ι
569 675 634 709 Quae
647 675 719 703 enirn
729 672 864 704 videntur,

73 723 236 760 temporalia
253 728 336 756 sunt;
354 729 413 757 quas
430 726 520 749 autem
533 729 586 749 non
613 721 748 752 videntur,
764 724 865 748 (eterna

72 777 147 800 sunt.
169 781 180 797 ι
199 770 228 797 Si
252 777 316 805 ergo
334 768 454 797 visibiles
480 773 544 796 sunt
567 768 693 804 primitiae
715 775 775 803 quae
800 767 867 795 offe-

73 823 174 845 runtur
188 819 289 849 Aaron,
306 823 366 850 qua:
391 815 506 842 visibilia
526 820 600 848 sunt,
620 815 671 842 dici
695 819 795 841 atterua
814 822 866 840 non

72 869 200 899 possunt.
216 863 349 891 Similiter
364 866 392 890 et
407 862 580 890 circumcisio
595 861 719 893 visibilis,
733 865 759 888 et
770 868 865 896 azyma

74 911 197 943 visibile,
218 914 245 938 et
269 909 371 944 pascha
396 907 502 936 visibile
531 915 641 936 necesse
665 913 707 935 est
733 912 864 935 :cternum

75 965 128 984 non
143 963 216 990 esse,
228 956 274 984 sed
292 955 448 990 temporale,
462 954 525 990 quia
539 962 600 989 quae
614 954 748 986 videntur,
764 958 866 987 tempo-

76 1004 142 1031 ralia
168 1008 243 1031 sunt.
273 1002 306 1030 Et
332 1009 427 1029 rursus
450 1001 473 1016 "
489 1010 495 1027 :
512 1001 535 1028 si
564 1007 624 1034 qua:
649 1007 702 1027 non
728 999 866 1031 videntur,

74 1055 177 1077 aterna
204 1054 279 1081 sum,
297 1056 362 1084 ergo
385 1053 411 1076 ct
437 1048 580 1076 invisibilis
602 1048 785 1080 circumcisio,
807 1055 867 1082 quae

75 1100 116 1122 est
133 1097 161 1123 in
176 1095 292 1127 occulto,
309 1101 410 1122 mterua
428 1099 480 1127 est,
499 1099 525 1121 et
541 1101 638 1129 azyma
656 1093 820 1121 sinceritatis
840 1097 867 1120 et

77 1140 214 1172 veritatis,
224 1144 251 1167 et
266 1140 354 1174 ipsum
372 1139 434 1175 quia
446 1146 478 1167 cx
490 1139 523 1167 iis
537 1143 647 1173 estquae
663 1145 716 1165 non
731 1138 866 1170 videntur,

76 1191 210 1213 aziemum
230 1190 283 1216 est.
304 1185 391 1214 Simili
414 1192 479 1221 ergo
502 1185 581 1212 modo
595 1189 622 1212 et
643 1184 701 1212 haec
717 1191 769 1211 non
784 1184 809 1212 ei
822 1184 867 1218 qui

77 1233 103 1259 in
118 1232 279 1264 manifesto,
296 1232 345 1260 sed
361 1232 398 1260 illi
420 1233 466 1266 qui
482 1233 508 1260 iu
524 1231 630 1260 occulto
645 1231 752 1259 Judaeus
773 1234 826 1264 est,
840 1235 868 1258 et

75 1278 122 1312 qui
147 1277 260 1312 spiritu,
287 1285 341 1305 non
359 1278 449 1306 littera
471 1277 558 1313 legem
582 1277 700 1305 custodit
720 1276 867 1305 secundum

77 1324 237 1352 interiorem
253 1323 402 1356 hominem,
417 1323 537 1358 legitima
564 1327 591 1350 et
609 1325 709 1351 azterna
729 1322 866 1351 dicuntur.

79 1379 88 1396 (
107 1370 141 1397 Et
161 1370 214 1398 hoc
233 1370 270 1398 sit
291 1369 369 1398 vobis
390 1377 423 1398 ex
448 1369 482 1397 iis
504 1377 564 1404 qute
585 1368 788 1397 sanctiﬁcantur
807 1376 869 1397 sau-

77 1417 130 1444 ctis
147 1416 181 1442 “.
201 1425 211 1442 ι

113 1462 140 1490 8.
156 1461 196 1489 De
210 1461 351 1489 sacriﬁciis
364 1461 508 1496 aliquoties
530 1461 600 1496 apud
614 1461 803 1496 memetipsum
819 1461 869 1488 ista

78 1515 244 1544 percurrens
267 1507 396 1542 requisivi
416 1516 423 1534 :
440 1514 561 1542 quaenam
584 1511 678 1535 essent
700 1506 868 1534 sanctiﬁcata

79 1559 186 1586 sancta,
199 1558 227 1581 et
240 1553 347 1581 videtur
366 1553 433 1581 mihi
451 1554 529 1588 quasi
553 1553 588 1581 ad
610 1552 811 1581 distinctionem
826 1560 872 1581 en-

80 1608 139 1627 rum
154 1607 216 1634 qua:
235 1606 288 1626 non
303 1599 473 1627 sanctiﬁcata
490 1604 586 1628 sancta
606 1604 679 1631 sunt,
693 1598 737 1627 hic
753 1599 873 1627 sanctiﬁ-

79 1650 140 1674 cata
159 1651 255 1673 sancta
274 1645 386 1672 dixisse.
404 1645 472 1672 Puto
488 1652 551 1680 ergo
566 1645 637 1681 quod
656 1649 766 1673 sanctus
783 1645 871 1679 Spiri-

81 1698 124 1720 tus
140 1692 178 1719 ita
203 1696 315 1719 sanctus
339 1691 384 1723 sit,
407 1696 436 1718 ut
456 1698 508 1719 non
533 1691 570 1719 sit
591 1691 787 1719 sanctiﬁcatus.
814 1690 872 1719 Non

79 1738 153 1765 enim
168 1737 193 1764 ei
207 1736 379 1764 extrinsecus
390 1740 418 1762 et
431 1735 540 1764 aliunde
552 1737 669 1764 accessit
681 1736 871 1769 sanctiﬁcatio,

80 1790 140 1817 quae
158 1787 224 1810 ante
246 1789 299 1810 non
313 1779 412 1813 fuerat,
431 1782 477 1810 sed
497 1789 604 1817 semper
625 1781 676 1809 fuit
692 1785 811 1815 sanctus,
824 1789 874 1810 nec

82 1827 190 1855 initium
211 1829 342 1856 sanctitas
363 1829 421 1864 ejus
441 1828 555 1863 accepit.
580 1827 720 1862 Similique
738 1827 819 1855 modo
839 1829 873 1856 de

81 1873 163 1901 Patre
178 1879 205 1901 ct
218 1873 288 1902 Filio
301 1875 504 1911 intelligendum
521 1879 571 1902 est.
589 1873 653 1902 Sola
667 1874 739 1902 enim
755 1873 873 1903 Trinita-

83 1920 117 1947 tis
132 1920 288 1948 substantia
313 1926 366 1953 est,
387 1929 447 1956 qua:
475 1928 528 1948 non
570 1921 739 1949 extrinsecus
763 1927 872 1956 accepta

82 1965 312 1999 sanctiﬁcatione.
332 1967 379 1994 sed
404 1967 445 1995 sui
468 1972 564 1995 natura
589 1968 625 1995 sit
652 1973 758 1995 sancta.
779 1967 874 1995 Omnis

82 2019 147 2038 κει-ο
160 2017 287 2039 creatura
301 2012 342 2040 vel
355 2013 511 2047 dignatione
521 2013 606 2040 sancti
623 2013 751 2048 Spiritus.
765 2015 806 2042 vel
819 2022 875 2042 tue-

83 2057 199 2084 ritorum
234 2057 342 2085 ratione
376 2058 544 2085 sanctiﬁcata
569 2065 661 2086 sancta
688 2060 803 2088 dicetur.
828 2060 875 2088 Sic

83 2110 148 2138 ergo
163 2107 193 2130 et
207 2104 339 2138 scriptum
363 2104 476 2139 legimus
490 2104 532 2130 “2
548 2114 557 2130 ι
575 2105 667 2132 Sancti
688 2110 786 2139 estote,
808 2113 875 2140 quo-

85 2149 157 2176 niam
169 2156 219 2184 ego
233 2154 344 2177 sanctus
365 2157 435 2184 sum,
455 2160 464 2177 ι
482 2150 547 2178 dicit
562 2150 693 2179 Dominus
716 2151 796 2180 Deus.
815 2152 873 2180 Non

918 214 991 241 solus
1006 219 1047 241 est
1059 213 1140 241 Deus.
1156 214 1202 241 Vis
1227 218 1317 240 autem
1336 213 1382 240 tibi
1405 218 1432 240 et
1449 215 1482 241 de
1503 214 1654 248 Scripturis
1667 215 1708 242 di-

919 260 989 287 vinis
1006 260 1087 295 hujus
1108 259 1193 295 apicis
1215 259 1272 295 (24)
1289 259 1411 294 aperiam
1425 259 1625 287 diﬁ‘ereutiam?
1641 261 1708 287 Audi

919 306 1055 340 quomodo
1078 306 1176 334 Paulus
1205 308 1238 334 ad
1271 307 1398 335 llebrzcos
1426 307 1550 334 scribens
1576 306 1641 334 dicit
1659 306 1707 334 ωε

922 360 930 376 ι
949 351 999 384 Qui
1017 352 1088 378 enim
1101 352 1264 385 sanctiﬁcat,
1275 357 1304 380 et
1315 353 1360 386 qui
1378 352 1592 384 sauctiﬁcautur,
1606 361 1638 379 ex
1655 361 1709 380 uno

918 404 1023 424 omnes.
1041 406 1050 423 ι
1068 397 1133 431 Quis
1146 405 1210 432 ergo
1224 398 1391 425 sanctiﬁcat?
1402 397 1527 425 Christus
1539 398 1598 425 sine
1608 398 1708 426 dubio:

919 446 946 469 ct
967 443 1011 477 qui
1036 442 1259 470 sanctiﬁcautur?
1280 444 1421 470 credentes
1437 443 1462 470 iu
1478 443 1597 471 Christo.
1621 440 1710 471 Mani-

920 487 1018 515 festum
1035 495 1100 524 ergo
1120 494 1162 516 est
1179 489 1251 523 quod
1270 489 1314 522 qui
1331 488 1494 520 sanctiﬁcat,
1522 495 1633 516 sanctus
1657 494 1709 520 est,

919 535 981 568 quia
997 542 1103 569 semper
1117 539 1230 562 sanctus
1241 539 1293 562 est.
1309 535 1359 567 Qui
1385 539 1474 562 autem
1492 536 1708 569 sanctiﬁcantnr,

919 588 972 607 non
991 580 1151 615 simpliciter
1174 581 1274 613 sancti,
1299 582 1344 608 sed
1367 581 1527 608 sauctiﬁcati
1553 582 1639 609 sancti
1665 582 1708 608 di-

919 627 996 654 cendi
1014 631 1084 654 sunt.
1100 627 1154 654 Nec
1167 632 1246 661 putes
1267 628 1330 655 huic
1346 628 1438 656 sensui
1461 635 1521 656 esse
1541 629 1708 655 contrarium

919 672 983 699 illud
996 673 1066 707 quod
1084 673 1116 700 de
1128 672 1236 700 Christo
1258 674 1390 708 scriptum
1405 674 1519 708 legimus
1533 675 1556 690 “
1571 682 1578 700 :
1597 684 1607 700 ‹
1625 677 1710 708 Quem

919 720 999 747 Pater
1013 721 1193 750 sanctiﬁcavit
1207 727 1234 749 et
1250 723 1322 750 misit
1337 723 1364 750 in
1381 724 1452 751 hunc
1470 725 1611 751 mundum.
1632 734 1641 751 ι
1659 725 1710 752 Hic

919 769 991 796 cnim
1005 769 1050 804 qui
1065 768 1263 801 sanctiﬁcatur,
1289 771 1437 797 secttndum
1452 778 1563 798 carnem
1584 771 1711 799 Christus

919 819 971 847 cst,
989 822 1043 841 non
1059 814 1208 842 secundum
1222 814 1358 848 spiritum.
1374 814 1440 842 Nam
1465 817 1614 843 secundum
1630 816 1712 851 spiri-
1728 812 1736 820 “

921 864 977 886 tum
993 860 1096 894 pariter
1110 865 1135 887 et
1156 861 1305 887 secundum
1323 868 1433 888 carnem
1449 860 1573 888 Christus
1587 861 1655 888 dixit
1668 861 1710 889 ":

922 916 931 933 ε
950 906 1007 941 Ego
1024 907 1168 935 sanctiﬁco
1186 908 1318 942 meipsum
1338 914 1387 942 pro
1400 907 1440 935 eis
1457 916 1464 934 :
1482 917 1492 933 ι
1505 912 1534 935 ιιι
1550 908 1595 942 qui
1610 909 1711 936 sancti.

921 953 998 985 ﬁcat,
1024 953 1170 980 secundum
1190 954 1315 988 spiritum
1342 954 1532 990 intelligatur:
1553 954 1598 989 qui
1621 959 1712 982 autem

920 999 1103 1026 sauctiﬁcatur
1117 1006 1166 1033 pro
1180 999 1329 1034 discipulis,
1342 1000 1493 1027 secundum
1508 1008 1629 1034 carnem,
1642 1008 1712 1028 unus

922 1049 1010 1072 tamen
1024 1049 1104 1079 atque
1116 1044 1186 1071 idem
1207 1044 1332 1072 Christus
1344 1046 1390 1078 sit,
1402 1046 1448 1080 qui
1473 1054 1544 1073 nunc
1567 1046 1593 1072 iu
1612 1047 1710 1081 spiritu

920 1090 1082 1124 sanctiﬁcat,
1099 1098 1170 1117 nunc
1191 1091 1380 1119 sanctiﬁcatur
1398 1092 1424 1119 iu
1444 1099 1537 1119 carne.
1560 1092 1600 1118 Ab
1621 1092 1712 1119 omni-

921 1136 971 1164 bus
979 1144 1044 1171 ergo
1054 1136 1184 1165 fructibus
1195 1138 1370 1165 sanctiﬁcata:
1378 1143 1478 1165 sancta:
1490 1142 1553 1165 sunt
1566 1137 1711 1165 ollerendaa

921 1183 1057 1217 primitiae,
1072 1184 1119 1211 sed
1130 1184 1249 1218 spiritali
1263 1184 1396 1219 pontiﬁci.
1412 1184 1450 1211 Ex
1466 1184 1563 1219 quibus
1574 1191 1639 1218 ergo
1652 1184 1710 1211 fru-

921 1229 1010 1257 ctibus
1037 1230 1172 1265 spiritales
1195 1231 1330 1265 primitias
1361 1230 1526 1258 oﬁeretuus?
1550 1231 1620 1258 Audi
1644 1236 1711 1265 quot

922 1274 1027 1302 fructus
1053 1280 1196 1303 enunieret
1225 1276 1404 1310 Apostolus“
1429 1285 1460 1302 ει
1478 1275 1596 1303 Fructus
1620 1281 1711 1303 autem

922 1321 1033 1356 spiritus
1047 1327 1098 1352 est.
1116 1322 1245 1353 cbaritas,
1257 1323 1395 1357 gaudium,
1417 1330 1479 1357 pax,
1500 1322 1642 1357 patientia,
1659 1331 1668 1348 ι
1684 1327 1713 1350 et

922 1371 1033 1395 cmtera.
1054 1368 1127 1400 Quas
1152 1368 1232 1402 igitur
1247 1368 1380 1401 primitias
1401 1375 1433 1395 ex
1453 1368 1597 1395 charitatis
1612 1367 1711 1400 fructu,

923 1414 968 1449 qui
981 1414 1084 1448 primus
1096 1419 1138 1441 est
1158 1414 1262 1441 fructus
1275 1414 1395 1449 spiritus,
1408 1414 1552 1441 offeramus
1566 1421 1630 1441 vero
1645 1421 1713 1449 pon-

925 1460 1008 1488 tiﬁci?
1034 1460 1095 1488 Illas
1116 1467 1167 1496 ego
1191 1465 1256 1495 puto
1278 1468 1338 1488 csse
1361 1460 1495 1495 primitias
1517 1460 1669 1493 charitatis,
1683 1465 1713 1488 ut

923 1507 1034 1542 diligant
1051 1506 1194 1535 Dominum
1210 1508 1293 1535 Deum
1313 1515 1402 1535 meum
1417 1515 1448 1535 ex
1467 1511 1525 1535 toto
1542 1507 1625 1535 corde
1640 1515 1711 1540 meo,

923 1558 949 1581 et
962 1561 994 1581 ex
1006 1557 1060 1580 tota
1069 1554 1160 1580 anima
1169 1561 1239 1587 mea,
1250 1558 1277 1581 et
1288 1561 1320 1582 ex
1334 1559 1386 1581 tota
1399 1559 1488 1581 mente
1500 1561 1568 1581 mea.
1576 1553 1636 1581 [stat
1649 1558 1714 1581 sunt

923 1602 1059 1636 primitiae.
1073 1603 1141 1635 Quid
1156 1607 1244 1629 autem
1259 1605 1300 1628 est
1311 1600 1382 1635 quod
1394 1608 1427 1628 ex
1439 1600 1490 1629 isto
1503 1600 1648 1627 charitatis
1659 1599 1723 1627 fru-

923 1653 967 1675 ctu
979 1649 1098 1676 secundo
1112 1648 1173 1676 loco
1184 1649 1285 1675 habere
1301 1646 1434 1674 debeam?
1447 1646 1480 1674 Ut
1493 1646 1604 1680 diligant
1619 1646 1712 1680 proxi-

924 1701 997 1721 mum
1011 1701 1100 1721 meum
1118 1695 1188 1721 sicut
1204 1694 1347 1727 meipsum.
1362 1691 1415 1719 Illa
1426 1699 1490 1726 ergo
1509 1691 1634 1726 primitiis
1648 1691 1714 1718 cha-

924 1739 1012 1766 ritatis
1024 1739 1078 1766 Deo
1088 1739 1240 1767 oﬁ‘eruntur
1259 1746 1307 1774 per
1322 1738 1487 1774 pontiﬁcem,
1505 1738 1562 1765 haec
1578 1745 1642 1764 vero
1653 1745 1714 1772 quae

924 1785 951 1812 in
972 1785 1092 1813 secando
1111 1789 1175 1812 sunt
1197 1784 1268 1816 loco,
1300 1784 1366 1812 meis
1396 1783 1488 1811 usibus
1512 1783 1713 1818 relinquuntur.

923 1830 992 1857 Puto
1018 1837 1078 1857 esse
1100 1829 1201 1864 aliquid
1218 1837 1251 1857 ex
1275 1829 1327 1856 hoc
1348 1829 1436 1855 fructu
1464 1829 1534 1862 quod
1557 1828 1636 1856 tcrtio
1655 1828 1715 1856 loco

925 1877 1079 1904 habendum
1098 1877 1151 1907 sit,
1178 1881 1208 1902 ut
1235 1875 1345 1909 diligam
1365 1875 1448 1902 etiam
1475 1874 1602 1902 initnicos
1627 1881 1714 1903 meos.

925 1923 993 1950 Vide
1008 1926 1109 1955 autem,
1129 1922 1151 1949 si
1175 1926 1263 1956 potes,
1277 1920 1403 1948 similiter
1419 1919 1488 1947 etde
1499 1920 1605 1947 cretei-is
1621 1919 1716 1947 fructi-

925 1970 975 1996 bus
1006 1969 1118 2003 spiritus
1142 1967 1244 1995 similes
1270 1966 1393 1994 invenirc
1414 1965 1555 2000 primitias.
1579 1965 1714 1992 Caudium

925 2015 1044 2042 secundo
1071 2014 1130 2042 loco
1159 2013 1264 2041 fructus
1288 2012 1399 2048 spiritus
1426 2011 1564 2039 scribitur.
1594 2011 1622 2039 Si
1651 2019 1716 2046 ergo

926 2061 952 2088 iu
977 2061 1090 2088 Domino
1115 2061 1265 2096 gaudeam,
1289 2064 1317 2087 et
1341 2066 1389 2094 spe
1409 2059 1550 2094 gaudeam,
1564 2062 1592 2086 et
1612 2058 1634 2086 si
1649 2066 1716 2092 gau-

926 2103 1004 2134 deam
1029 2114 1078 2141 pro
1099 2106 1208 2134 nomine
1228 2105 1332 2133 Domini
1353 2112 1449 2140 passus
1468 2104 1605 2138 injuriam,
1628 2105 1654 2132 iu
1674 2105 1716 2133 his

926 2154 1051 2181 omnibus
1067 2153 1181 2188 aliisque
1201 2153 1296 2180 horum
1314 2152 1459 2186 similibus,
1475 2152 1610 2186 primitias
1625 2153 1717 2187 gaudii

85 2195 216 2222 continuo
226 2195 375 2223 sitnilitudo
385 2195 539 2223 sanctitatis
553 2196 579 2223 in
595 2196 649 2223 Deo
662 2201 743 2230 atque
757 2197 873 2224 homiui-
892 2200 914 2229 Ι)
928 2207 976 2235 per
988 2200 1142 2235 pontiﬁcem
1156 2207 1250 2227 verum
1266 2199 1321 2227 Dco
1334 2199 1429 2228 obtuli.
1448 2199 1499 2227 Sed
1516 2204 1543 2227 et
1560 2199 1581 2226 si
1596 2201 1718 2235 rapinam

85 2242 136 2268 bus
151 2241 288 2275 ponenda.
305 2241 341 2269 De
357 2241 411 2268 Deo
423 2241 495 2268 enim
506 2241 606 2270 dicitur
620 2243 682 2278 quia
700 2247 809 2271 sanctus
823 2249 874 2277 est,

87 2287 212 2316 homines
225 2291 316 2315 autem
333 2288 411 2322 quasi
432 2289 479 2323 qui
501 2296 555 2316 non
579 2296 686 2324 semper
708 2289 818 2322 fuerint,
833 2289 874 2324 ju-

87 2334 188 2360 beutur
198 2337 228 2360 ut
246 2333 312 2360 ﬁant
327 2334 423 2362 sancti.
438 2335 558 2369 Denique
573 2342 664 2362 sermo
676 2336 720 2362 hic
730 2335 756 2362 in
769 2335 875 2369 Graeco,

88 2379 133 2405 ubi
154 2386 204 2406 nos
220 2379 362 2412 habemus,
381 2389 390 2405 ‹
409 2381 494 2408 sancti
509 2384 607 2412 estote,
627 2389 636 2405 ι
655 2381 706 2407 hoc
727 2381 810 2416 magis
834 2388 878 2408 ξος

89 2428 147 2455 nat,
168 2433 178 2449 ι
197 2425 285 2452 sancti
304 2424 452 2453 eﬁicimiui.
472 2435 482 2451 ι
497 2425 551 2453 Sed
566 2426 650 2453 nostri
666 2427 827 2461 interpretes
840 2427 880 2454 iu-

88 2468 259 2502 diﬂ'erenter,
282 2480 292 2497 ι
310 2477 395 2500 estote
413 2482 421 2498 ι
439 2480 488 2506 pro
510 2481 519 2498 ι
540 2472 678 2500 eﬁlcimini
697 2482 707 2498 ι
723 2479 878 2507 posuerunt.

93 2514 288 2551 Unusquisque
299 2525 363 2552 ergo
377 2524 498 2546 nostrqu
513 2526 545 2545 cx
563 2525 616 2552 quo
633 2518 740 2546 accedit
755 2519 788 2546 ad
804 2519 881 2547 timo-

91 2567 149 2587 rem
169 2561 227 2594 Dei,
240 2567 267 2588 et
281 2561 399 2589 divinam
415 2564 509 2598 recipit
521 2564 548 2590 iu
561 2570 591 2590 se
604 2563 767 2594 doctrinam.
783 2571 815 2590 ex
827 2572 881 2598 quo

91 2613 122 2633 se
135 2607 302 2642 mancipavit
320 2608 386 2639 Deo,
404 2609 426 2636 si
439 2614 528 2637 tamen
544 2617 576 2636 ex
589 2612 687 2646 _animo
706 2611 880 2645 maucipavit,

91 2660 125 2680 ex
142 2659 175 2680 eo
188 2658 300 2681 sanctus
316 2653 442 2684 cﬂicitur.
461 2657 513 2684 Sed
539 2657 581 2684 hic
607 2657 793 2685 sanctiﬁcatus
817 2665 881 2684 san-

128 2732 151 2749 “
165 2731 245 2760 Num.
258 2741 337 2765 xvttt,
349 2732 376 2760 8.

100 2766 314 2802 “llebr.u,ll.
344 2769 542 2803 “,Joan.x,5ﬁ.

128 2823 184 2859 (ξεί)
199 2824 282 2859 Loco,
300 2835 308 2851 ι
331 2826 425 2859 apicis,
446 2836 455 2852 ι
476 2825 502 2853 in
527 2833 590 2853 mss.
615 2826 722 2860 legitur.
741 2836 750 2852 ‹
769 2827 850 2854 modi.
871 2837 880 2854 ι

612 2770 634 2786 ⁵⁷
647 2769 725 2797 Joau.
748 2778 814 2800 xvu.
838 2772 879 2799 19.

416 2733 437 2750 δ’
452 2733 472 2761 ll
489 2735 552 2762 Cor.
569 2742 606 2766 IV,
621 2735 664 2762 18.
702 2734 744 2762 ἰἸ
760 2735 822 2762 Cor.
837 2743 853 2762 ν
869 2741 895 2765 et
915 2737 993 2765 Rern.
1011 2745 1040 2764 ιι.

930 2247 1061 2274 b0norum
1078 2252 1201 2272 meorum
1216 2252 1276 2273 cum
1291 2245 1389 2280 gaudio
1411 2245 1559 2272 sustineam
1574 2245 1607 2278 η,
1623 2249 1650 2272 et
1669 2245 1718 2272 tri-

930 2292 1094 2325 bulatioues,
1108 2292 1128 2319 si
1144 2297 1343 2327 paupertatem,
1358 2292 1380 2320 si
1396 2291 1611 2326 qualemcunque
1622 2296 1719 2319 contu-

931 2337 1038 2365 meliam
1056 2339 1175 2373 gaudens
1198 2338 1320 2371 tolerem,
1337 2342 1381 2365 est
1402 2337 1467 2364 mihi
1485 2341 1511 2364 ct
1527 2337 1578 2364 istc
1599 2337 1718 2364 secundo

931 2384 957 2411 in
976 2384 1036 2412 loco
1053 2392 1086 2411 ex
1104 2384 1236 2412 fructibus
1262 2384 1384 2419 spiritus,
1403 2383 1506 2410 fructus
1530 2383 1634 2417 gaudii.
1649 2382 1716 2409 Nam

929 2431 950 2458 si
966 2429 1097 2465 gaudeam
1113 2430 1147 2457 de
1164 2429 1243 2457 rebus
1259 2430 1359 2460 saeculi,
1375 2429 1408 2456 de
1425 2428 1584 2461 honoribus,
1601 2429 1633 2454 de
1650 2427 1719 2455 divi-

931 2477 985 2508 tiis,
1003 2476 1069 2504 falsa
1094 2480 1156 2504 stmt
1179 2476 1285 2510 gaudia,
1310 2483 1344 2503 ex
1366 2475 1530 2502 vanitatibus
1559 2474 1719 2503 vanitatum.

934 2523 962 2549 Si
980 2530 1044 2550 vero
1061 2523 1087 2549 in
1105 2522 1182 2550 malis
1197 2523 1339 2556 gaudeam,
1353 2527 1381 2550 et
1400 2522 1532 2549 exsultem
1553 2521 1587 2548 de
1605 2520 1719 2548 aliorum

935 2569 1031 2599 ruinis.
1049 2569 1098 2596 ista
1114 2569 1169 2604 jam
1190 2576 1242 2596 uou
1265 2568 1351 2596 solum
1378 2576 1457 2601 vana,
1482 2569 1527 2596 sed
1544 2574 1572 2596 et
1587 2567 1720 2595 diabolica

935 2615 1042 2649 gaudia,
1057 2614 1110 2641 imo
1125 2622 1173 2642 nec
1188 2616 1285 2650 gaudia
1306 2615 1469 2644 nominanda
1487 2620 1559 2643 sunt.
1576 2624 1586 2641 ι
1607 2615 1664 2642 Νοιι
1680 2620 1722 2641 est

935 2660 1053 2695 gaudere
1068 2660 1168 2694 impiis,
1184 2660 1252 2688 dicit
1274 2660 1404 2689 Dominus
1419 2661 1452 2688 '°.
1472 2671 1481 2688 ι
1501 2661 1566 2689 Volo
1590 2662 1678 2689 adhuc
1695 2667 1723 2690 et

1079 2738 1101 2753 ⁵³
1114 2737 1192 2764 Num.
1208 2738 1323 2769 xvm.9.
1389 2738 1410 2754 ’⁸⁵
1426 2737 1510 2765 Levit.
1531 2745 1578 2771 xx,
1596 2738 1611 2764 7
1630 2741 1657 2764 et
1675 2737 1720 2764 26.

920 2772 1041 2800 "‘Galat.
1071 2780 1095 2806 v,
1116 2772 1160 2799 22.
1199 2773 1220 2788 λθ
1240 2773 1319 2802 llebr.
1344 2781 1371 2805 κ,
1389 2773 1433 2800 54.
1472 2774 1494 2790 ⁵ο
1513 2774 1563 2801 lsa.
1593 2783 1657 2808 nu,
1676 2775 1722 2802 2|.
