1886 3051
174 122 228 149 655

174 180 257 207 alium
273 178 391 206 fructum
408 178 499 214 gaudii
525 178 674 213 requirere,
692 177 744 204 iuro
766 181 794 204 et
819 171 886 204 alias
908 178 964 212 pri-
979 181 1002 208 Α

174 226 264 252 mitias
281 225 450 260 gaudiorum.
465 224 493 251 Si
513 225 644 259 gaudeam
666 223 692 251 ir,
709 223 791 251 verbo
806 223 923 256 Domini,
940 223 962 250 si

174 271 305 306 gaudeam
323 271 356 298 de
375 271 487 298 scientia
509 270 700 305 mysteriorum
717 269 775 302 Dei,
794 269 815 296 si
829 268 962 304 gaudeam

173 317 246 352 quod
259 317 356 351 dignus
376 316 485 343 habitus
503 323 562 343 sutn
589 315 729 350 sapientia
750 314 797 342 Dei
818 318 923 342 secreta
937 318 964 341 et

174 370 271 390 arcana
289 369 460 397 cognoscere,
481 361 504 388 si
518 361 650 396 gaudeam
665 361 738 395 quod
757 360 861 387 relictis
873 359 962 387 omni-

174 408 224 435 bus
239 415 297 442 quae
315 411 378 434 sttnt
394 407 421 433 in
437 407 486 434 ltoc
502 407 613 439 mundo,
632 414 686 434 non
701 406 789 433 solum
808 405 962 437 inutilibus,

175 455 222 479 sed
235 455 264 479 et
276 451 397 484 utilibus,
414 459 466 478 non
483 451 570 478 solum
585 451 672 483 vanis,
685 451 732 478 sed
746 455 774 478 et
788 450 961 484 necessariis,

173 497 223 525 soli
237 505 278 525 me
290 497 372 524 verbo
386 498 430 525 Dei
447 501 527 531 atque
540 497 600 532 ejus
616 496 755 531 sapientia:
767 496 960 532 manciparim;

174 543 200 569 in
221 543 253 569 iis
266 542 392 569 omnibus
415 543 491 574 satis,
513 541 592 576 311
619 545 648 567 ut
671 543 745 574 puto,
768 544 885 574 acceptae
907 539 962 566 Deo

174 588 300 622 primitiae
317 587 406 622 gaudii
420 586 577 614 olTerentur.
594 585 649 612 Sed
662 589 689 612 et
702 585 736 612 de
750 585 856 613 caeteris
870 583 963 611 l‘ructi-

174 635 224 662 bus
239 634 350 669 spiritus
365 641 399 661 ex
413 633 471 660 otio
487 632 633 666 unicuique
645 638 705 666 quae
727 635 882 666 competunt
897 630 961 657 lice—

174 681 214 707 bit
227 685 331 715 aptare,
352 687 385 707 ne
402 686 450 707 nos
468 686 618 707 sermonem
637 678 712 713 justo
730 677 835 712 longius
854 681 961 711 protra-

175 726 280 754 hamus.

208 785 236 812 9.
252 793 261 810 t
275 783 307 811 Et
322 783 356 811 ab
369 783 504 817 omnibus,
523 783 651 818 inquit",
664 781 821 810 muneribus
836 787 957 809 eorum.»

174 830 270 857 Munus
283 829 345 864 quis
358 828 457 856 obtulit
470 828 537 861 Deo,
551 832 579 855 et
592 835 686 855 rursus
709 834 743 854 ex
756 833 870 854 munere
895 825 960 853 olfe.

175 877 264 904 reudae
279 875 482 910 suutprimitia:
498 874 629 909 pontilici.
660 873 717 901 Hoc
741 873 769 900 in
789 872 959 908 expositione

174 921 322 955 allegorica
342 920 378 947 ita
401 920 520 948 arbitror
535 926 614 955 posse
625 924 763 947 constare.
781 918 809 946 Si
827 919 887 953 quis
915 918 957 946 vel

174 967 314 1003 egentibus
330 966 483 999 distribuat,
496 966 537 994 vel
557 965 638 993 faciat
654 965 755 1000 aliqttid
770 965 832 992 boni
855 965 957 1000 operis,

174 1021 221 1048 pro
242 1013 370 1041 mandato
384 1019 483 1040 munus
499 1011 596 1039 obtulit
620 1011 686 1039 Deo.
711 1010 763 1038 Sed
784 1018 878 1038 rursus
902 1009 957 1046 (25)

175 1059 297 1087 muneris
314 1059 393 1087 oll‘ert
410 1058 560 1094 primitias,
574 1059 596 1085 si
614 1065 668 1085 non
685 1056 771 1085 solum
784 1057 870 1091 cibos,
883 1057 957 1084 verbi

172 1105 271 1141 gratia,
287 1106 330 1132 vel
343 1104 486 1140 pecuniam
499 1103 640 1139 largiatur,
656 1103 703 1131 sed
720 1107 748 1131 et
768 1102 894 1131 alTectum
907 1102 958 1129 mi-

173 1151 280 1179 screudi
298 1151 408 1183 habeat,
423 1154 451 1178 et
462 1149 656 1184 eompatiendi.
673 1149 729 1177 lloc
744 1149 815 1176 enim
832 1153 873 1176 est
887 1148 958 1183 quod

173 1197 287 1232 requirit
299 1197 334 1225 ab
355 1197 464 1224 homine
478 1195 560 1228 Deus,
571 1199 601 1222 ut
615 1202 692 1222 mens
712 1195 771 1230 ipsa
788 1195 841 1230 piis
863 1199 890 1222 et
908 1195 959 1222 mi-

172 1241 356 1271 sericordibus
373 1240 510 1276 repleatur
524 1245 551 1267 ct
567 1240 699 1267 formetur
724 1239 875 1268 affectibus.
895 1248 906 1265 ί
925 1240 958 1267 Et

173 1287 352 1316 aboumibus
373 1285 606 1315 immolationibus
636 1292 741 1313 eorum.
764 1295 773 1311 ι
805 1285 958 1314 immolatio

173 1333 303 1369 spiritalis
313 1340 355 1360 est
376 1332 423 1359 illa
443 1338 525 1367 quam
540 1330 655 1364 legimus
664 1330 688 1347 ⁵³
707 1339 714 1357 :
733 1340 743 1356 ι
762 1330 873 1358 lmmola
904 1330 957 1359 Deo

176 1380 344 1408 sacriﬁcium
359 1379 457 1413 laudis,
468 1383 500 1406 et
523 1378 606 1406 redde
623 1377 764 1405 Altissimo
777 1382 840 1405 vota
869 1381 924 1404 tua.
946 1386 955 1403 ι

175 1427 296 1455 Laudare
309 1433 376 1461 ergo
393 1425 489 1456 Deum,
507 1429 535 1452 et
547 1429 608 1452 vota
621 1423 754 1452 orationis
766 1422 874 1456 oﬂ'erre,
904 1423 957 1451 im-

175 1473 277 1502 tnularc
286 1477 328 1500 est
342 1472 407 1500 Deo.
419 1470 472 1499 Sed
485 1470 565 1504 tutius
580 1469 776 1498 immolationis
786 1470 910 1506 primitia:
919 1469 957 1497 ita

901 120 1061 149 OﬂlGENIS
1750 126 1792 154 ὕει

1297 178 1436 206 [IOMILIA
1460 178 1513 206 XII.

1205 224 1242 252 De
1267 229 1344 259 puteo
1366 230 1391 252 et
1417 226 1520 253 cantico
1543 225 1610 260 ejus.

1050 281 1075 308 Ι.
1096 280 1188 308 Lectio
1204 280 1281 308 nobis
1295 281 1379 314 putei,
1395 286 1422 308 et
1437 282 1536 310 cantici
1553 283 1625 318 quod
1655 283 1727 318 apud
1754 291 1795 319 pu-

1016 324 1305 357 tcumcecinitlsrael,
1322 333 1355 352 ex
1381 325 1561 354 Numerorum
1585 327 1654 355 libro
1684 328 1793 357 recitata

1014 375 1065 403 est,
1079 377 1158 404 quam
1172 370 1268 401 solitis,
1285 369 1338 396 imo
1353 369 1423 398 forte
1439 375 1466 397 et
1481 371 1596 406 amplius
1622 372 1703 400 solito
1728 373 1795 401 vide-

1013 427 1073 447 mus
1089 419 1239 448 redundare
1256 417 1407 456 mysteriis.
1428 420 1475 447 Ait
1489 420 1561 447 enim
1574 420 1598 436 ”
1615 429 1621 447 :
1646 430 1656 446 ‹
1673 420 1706 448 Et
1733 421 1794 449 bibit

1013 465 1046 492 de
1062 469 1141 500 puteo
1155 465 1280 500 populus.
1299 466 1348 494 llic
1364 471 1406 494 est
1417 471 1525 501 puteus,
1548 473 1628 500 quem
1653 466 1724 494 dixit
1748 466 1794 494 Do-

1013 510 1102 538 minus
1117 511 1150 538 ad
1164 511 1273 546 Moysen
1290 520 1296 538 :
1310 511 1450 547 Congrcga
1469 511 1609 546 populum,
1624 516 1649 540 et
1673 513 1746 540 dabo
1759 513 1793 541 eis

1013 563 1111 591 aquam
1123 556 1229 584 bibere.
1250 566 1260 584 ι
1294 557 1348 585 Sed
1375 558 1402 585 in
1427 556 1469 584 bis
1493 557 1573 585 dictis
1602 566 1654 585 non
1686 558 1792 585 multum

1012 601 1079 629 mihi
1092 602 1162 637 juris
1175 602 1281 630 videtur
1295 603 1425 631 historica
1452 604 1542 631 littera
1561 604 1713 638 possidere.
1730 604 1792 637 Quid

1011 652 1053 675 est
1064 648 1138 675 enim
1157 648 1229 683 quod
1242 655 1408 684 magnopere
1427 649 1556 684 pnecepit
1571 649 1702 676 Dominus
1714 649 1791 685 Moysi

1011 693 1139 728 populum
1154 700 1330 729 congregare,
1349 698 1378 722 ut
1394 694 1440 721 det
1468 694 1509 722 eis
1531 701 1629 729 aquam
1653 694 1689 722 de
1717 699 1791 728 puteo

1011 739 1125 767 bibere?
1138 738 1215 774 quasi
1227 746 1292 766 vero
1302 746 1356 766 non
1369 739 1450 766 etiam
1463 743 1560 774 sponte
1572 738 1687 773 populus
1701 738 1792 766 biben-

1011 783 1038 811 di
1051 783 1137 819 gratia
1152 784 1310 812 convenerit
1324 784 1357 811 ad
1380 788 1502 818 puteum.
1526 783 1596 817 Quid
1613 790 1681 818 ergo
1707 787 1791 810 tanto-

1013 837 1076 865 pere
1090 830 1227 865 prophette
1240 830 1407 864 praecipitur,
1421 834 1450 858 ut
1464 829 1574 864 proprio
1602 828 1694 856 studio
1709 832 1738 856 et
1758 827 1791 854 la-

1012 875 1077 903 bore
1102 880 1249 911 congreget
1280 876 1410 911 populum
1447 876 1481 903 ad
1511 874 1691 903 hauriendam
1725 874 1791 909 putei

1012 921 1133 956 aquam?
1147 920 1225 949 Unde
1241 921 1333 948 vilitas
1349 920 1406 956 (26)
1430 920 1530 948 littera;
1543 921 1576 948 ad
1598 919 1790 954 pretiositatem

1012 975 1062 995 nos
1077 967 1209 1001 spiritalis
1221 967 1333 994 remittit
1349 966 1550 1002 intelligentiae.
1574 966 1608 994 Et
1623 965 1683 993 ideo
1696 973 1792 993 convc-

1012 1012 1089 1040 niens
1097 1016 1162 1048 puto
1177 1012 1259 1039 etiam
1275 1012 1309 1039 de
1326 1012 1388 1039 aliis
1405 1011 1556 1046 Scriptura:
1568 1011 1637 1038 locis
1650 1015 1790 1046 puteorum

1011 1064 1178 1093 congregare
1196 1058 1336 1093 mysteria,
1352 1061 1379 1085 ut
1393 1064 1425 1085 ex
1445 1057 1649 1092 comparatione
1660 1056 1791 1091 plurimo-

1012 1111 1082 1137 rum,
1095 1104 1117 1131 si
1132 1104 1196 1139 quid
1216 1110 1336 1139 praesens
1350 1110 1441 1132 sermo
1458 1102 1634 1131 obscuritatis
1659 1103 1790 1133 continet.

1011 1150 1156 1178 elucescat.
1174 1150 1220 1177 Ait
1237 1156 1302 1185 ergo
1314 1149 1426 1185 spiritus
1441 1149 1487 1177 Dei
1510 1156 1559 1184 per
1581 1147 1755 1175 Salomonem
1769 1147 1793 1173 in

1012 1196 1167 1224 Proverbiis
1186 1196 1209 1212 "
1222 1203 1228 1221 :
1248 1205 1257 1221 ι
1272 1195 1338 1224 Bibe
1351 1203 1438 1231 aquas
1451 1196 1484 1223 de
1499 1196 1552 1222 tuis
1567 1194 1639 1222 vasis
1654 1199 1681 1221 et
1698 1195 1733 1221 de
1752 1200 1793 1228 pu-

1012 1247 1116 1271 teorum
1129 1246 1238 1270 tuorum
1253 1241 1338 1274 l‘onte,
1352 1246 1379 1269 et
1399 1249 1450 1269 nou
1467 1240 1728 1276 supereﬂ'undantur
1742 1239 1794 1273 (27)

1013 1289 1059 1316 tibi
1081 1295 1157 1323 aquae
1170 1292 1248 1316 extra
1262 1291 1339 1315 tuum
1355 1286 1470 1315 fontem.
1487 1296 1497 1313 ›
1524 1285 1654 1319 Quamvis
1678 1285 1708 1312 iu
1739 1285 1795 1312 aliis

1011 1334 1212 1370 exemplaribus
1223 1334 1390 1370 legerimus:
1407 1332 1639 1361 tEtelIundautur
1655 1331 1706 1359 tibi
1722 1337 1796 1366 aqua:

1010 1386 1088 1410 extra
1100 1386 1175 1408 tuum
1189 1380 1301 1408 fontem.
1321 1389 1331 1407 ι
1352 1380 1435 1414 Aquae
1461 1383 1513 1406 tua:
1537 1378 1591 1406 siut
1612 1377 1658 1405 tibi
1687 1377 1751 1409 soli,
1772 1383 1797 1404 et

1012 1433 1092 1455 nemo
1102 1426 1207 1454 alienus
1219 1425 1363 1461 participet
1377 1433 1411 1453 ex
1429 1425 1479 1452 eis.
1492 1423 1580 1451 liabet
1591 1430 1656 1457 ergo
1668 1422 1714 1458 (ut
1728 1422 1754 1449 in
1767 1422 1798 1449 iis

1011 1472 1182 1508 designatur)
1197 1471 1385 1506 unusquisque
1395 1462 1517 1498 nostrum
1533 1469 1561 1496 in
1573 1468 1725 1503 semetipso
1751 1475 1798 1502 pu-

174 1526 221 1554 pcr
228 1517 383 1554 pontiﬁcem
393 1515 552 1548 olleremur,
561 1516 583 1543 si
593 1522 645 1543 non
652 1514 737 1542 solum
744 1514 834 1543 verbis
840 1519 870 1542 et
881 1521 957 1548 voce,
967 1524 995 1556 α
1013 1524 1097 1547 team.
1112 1518 1168 1546 [mo
1180 1521 1207 1545 et
1218 1517 1320 1552 aliquid
1330 1515 1445 1551 amplius
1457 1515 1588 1547 dicemus,
1610 1514 1799 1550 unusquisque

173 1564 220 1593 sed
232 1569 259 1592 ct
274 1567 367 1591 mente
377 1567 487 1590 oremus
501 1564 529 1588 et
541 1561 634 1593 corde,
647 1559 796 1588 secundum
804 1560 876 1594 quod
885 1564 913 1587 et
921 1559 958 1586 A-

175 1610 296 1646 postolus
308 1608 425 1637 monet"
440 1617 447 1635 :
461 1605 566 1635 «Orabo
579 1606 689 1641 spiritu,
702 1605 786 1633 orabo
799 1609 827 1633 et
845 1609 936 1632 mente
949 1613 955 1631 :

176 1657 308 1692 psalmum
327 1655 415 1684 dicant
426 1653 534 1690 spiritu,
556 1652 689 1688 psalmum
702 1651 792 1679 dicam
805 1653 953 1678 etmente.»

173 1702 312 1730 Assistqu
323 1701 395 1729 enim
412 1704 439 1727 ct
455 1705 527 1727 nunc
543 1697 632 1732 angeli
649 1696 696 1724 Dei
711 1695 829 1724 cultores
843 1699 871 1724 et
887 1695 959 1730 agri-

174 1750 239 1777 cola:
266 1748 357 1776 cordis
374 1747 470 1780 nostri,
485 1750 512 1774 et
523 1744 666 1780 requirunt
677 1743 698 1770 si
711 1747 754 1771 est
769 1743 796 1770 in
808 1741 898 1777 aliquo
910 1749 959 1769 no-

174 1800 261 1822 strum
278 1791 465 1828 hujuscemodi
476 1798 553 1819 mens
563 1795 616 1818 tam
624 1788 751 1820 sollicita,
771 1792 825 1815 tam
842 1787 957 1819 intenta,

175 1846 233 1875 quce
243 1839 354 1867 verbum
364 1837 410 1866 Dei
421 1842 548 1872 tanquam
564 1842 655 1864 semen
670 1834 790 1862 divinum
806 1837 861 1860 tota
874 1832 960 1860 avidi-

175 1892 230 1913 tate
253 1884 403 1919 susceperit
417 1904 425 1914 .
441 1883 463 1911 si
480 1883 598 1910 lruclum
611 1882 701 1909 statim
717 1884 746 1908 ttt
761 1880 794 1907 ad
807 1879 959 1907 orationem

174 1932 310 1967 surgimus
325 1929 488 1962 ostenderit,
500 1929 526 1956 id
540 1933 591 1960 est,
601 1927 623 1956 si
633 1926 754 1956 collectis
763 1930 791 1954 et
807 1932 958 1961 congrega-

176 1979 210 2005 tis
222 1978 292 2005 intra
314 1982 343 2004 se
353 1975 479 2004 sensibus
494 1978 554 2002 oret
579 1973 673 2006 Deum;
704 1972 726 2000 si
750 1978 804 1999 non
831 1974 961 2005 evagetur

176 2028 276 2053 mente.
289 2027 318 2050 et
334 2019 545 2056 cogitationibus
558 2018 656 2051 evolet,
678 2018 716 2045 ita
730 2021 759 2044 ut
775 2023 890 2051 corpore
902 2016 960 2050 qui-

176 2070 236 2096 dem
253 2068 279 2094 in
295 2067 418 2094 oratione
430 2069 568 2095 curvetur,
585 2063 711 2091 sensibus
726 2066 817 2090 autem
846 2068 895 2096 per
918 2061 960 2089 di-

177 2119 254 2140 versa
275 2112 419 2139 discurrat.
434 2109 461 2137 Si
477 2109 546 2144 quis,
572 2109 700 2143 inquam,
715 2107 849 2135 intentam
873 2110 901 2133 et
921 2105 960 2133 di-

177 2163 281 2186 rectam
300 2156 417 2185 scnscrit
429 2154 646 2183 obsecrationem
659 2161 748 2186 suam,
762 2157 790 2180 et
817 2151 883 2186 ipsis
910 2150 958 2178 Dei

1010 1569 1130 1593 nostrum
1149 1564 1232 1592 habet
1247 1571 1300 1591 non
1313 1567 1425 1598 puteum
1440 1569 1536 1594 unum,
1550 1561 1597 1588 sed
1610 1565 1710 1596 puteos
1732 1559 1799 1587 mul-

1009 1616 1062 1644 tos,
1076 1615 1170 1638 etnon
1184 1616 1265 1637 unum
1277 1615 1326 1636 vas
1338 1615 1426 1643 aquaa,
1450 1606 1496 1634 sed
1524 1613 1589 1633 vasa
1614 1605 1714 1633 multa.
1741 1605 1798 1632 Non

1009 1656 1081 1685 enim
1094 1655 1174 1688 dixit,
1191 1664 1201 1681 ι
1217 1654 1279 1682 bibe
1291 1660 1377 1688 aquas
1391 1661 1401 1678 ›
1415 1652 1448 1679 de
1465 1656 1510 1679 tuo
1521 1657 1595 1684 vase,
1609 1650 1656 1678 sed
1671 1659 1682 1676 ι
1700 1651 1735 1678 de
1750 1650 1800 1676 tuis

1010 1701 1098 1729 vasis:
1114 1710 1124 1727 ι
1138 1704 1166 1728 et
1182 1706 1235 1726 non
1248 1698 1326 1731 dixit,
1342 1696 1414 1725 etde
1425 1696 1497 1731 putei
1508 1696 1546 1723 tui
1562 1695 1648 1727 fonte,
1663 1695 1716 1723 sed
1735 1704 1745 1721 ι
1769 1694 1800 1721 de

1009 1751 1152 1783 puteorum
1166 1749 1272 1773 tuorum
1293 1743 1378 1772 fonte.
1398 1752 1408 1769 ι
1431 1742 1556 1778 Legimus
1569 1742 1593 1757 "
1619 1741 1755 1769 habuisse
1775 1744 1801 1768 et

1009 1794 1178 1830 patriarchas
1203 1796 1322 1828 puteos;
1349 1789 1444 1818 habuit
1472 1789 1625 1820 Abraham.
1648 1789 1748 1816 habuit
1776 1791 1801 1813 et

1009 1841 1094 1869 Isaac.
1108 1839 1178 1867 Puto
1193 1843 1284 1865 autem
1298 1836 1424 1864 habuisse
1435 1840 1462 1863 et
1473 1834 1567 1863 Iacob.
1579 1835 1612 1862 Et
1623 1834 1657 1862 ab
1681 1835 1745 1863 istis
1759 1842 1803 1869 pu-

1011 1886 1062 1914 teis
1069 1888 1178 1920 sumpto
1189 1883 1277 1916 initio,
1288 1888 1418 1916 percurre
1429 1887 1536 1908 omnem
1550 1880 1658 1915 Scriptu
1664 1887 1738 1912 ram,
1756 1887 1802 1914 pu-

1011 1937 1070 1960 teos
1082 1931 1237 1966 requirens,
1252 1932 1279 1956 et
1298 1926 1410 1962 perveni
1427 1933 1513 1960 usque
1529 1926 1563 1954 ad
1587 1924 1749 1961 Evangelia,
1777 1929 1803 1951 et

1011 1978 1046 2006 ibi
1061 1976 1183 2005 invenies
1203 1979 1315 2010 puteum
1339 1979 1421 2007 supra
1445 1979 1526 2007 quem
1553 1971 1683 1999 Salvator
1710 1974 1802 1998 noster

1010 2023 1121 2052 sedebat
1133 2021 1306 2057 requiescens
1320 2023 1379 2054 post
1391 2019 1495 2046 itineris
1506 2017 1637 2050 laborem,
1654 2022 1725 2045 tunc
1743 2025 1801 2044 cum

1010 2070 1136 2097 veniente
1156 2067 1272 2094 muliere
1292 2065 1475 2095 Samaritana.
1492 2068 1519 2090 et
1544 2063 1653 2090 volente
1682 2062 1793 2090 haurire

1011 2123 1110 2151 aquam
1125 2115 1159 2143 de
1173 2118 1265 2149 puteo,
1278 2120 1338 2148 quae
1350 2115 1422 2139 esset
1443 2112 1469 2138 in
1489 2109 1638 2144 Scripturis
1658 2109 1738 2144 putei
1763 2106 1803 2134 vel

1011 2167 1155 2198 puteorum
1166 2160 1253 2188 virtus
1266 2160 1420 2195 exponitur,
1435 2161 1462 2185 et
1482 2156 1651 2190 comparatio
1670 2156 1704 2183 lit
1721 2162 1803 2189 aqua-

177 2202 376 2237 :ouspectibus,
392 2206 471 2235 atque
485 2199 613 2227 iucll‘abili
631 2198 725 2226 lumini
741 2205 771 2226 se
792 2196 959 2225 intellexerit
974 2207 996 2235 ι)
1012 2196 1083 2240 Eum,
1098 2206 1144 2234 ubi
1158 2210 1186 2233 ει
1198 2205 1281 2233 divini
1293 2203 1416 2240 mysterii
1430 2201 1584 2237 pandum,"
1597 2208 1717 2228 arcana.
1732 2200 1804 2227 Dici.

176 2248 360 2282 assistentcm,
385 2246 475 2280 ibique
505 2244 660 2277 orationes,
690 2247 718 2271 et
744 2242 957 2275 obsecrationes,

176 2292 424 2330 postulationesque
437 2295 464 2319 ct
477 2290 626 2326 gratiarum
658 2288 780 2316 actiones
800 2295 866 2315 suas
893 2294 960 2322 pro-

176 2339 288 2372 fuderit,
303 2338 401 2366 nullius
418 2336 589 2365 extrinsecus
623 2334 769 2370 phantasia:
795 2333 958 2361 sollicitatus

176 2386 293 2421 imagine
309 2384 373 2412 :hic
390 2390 420 2411 sc
442 2383 549 2411 noverit
567 2388 614 2417 per
636 2380 761 2415 angelum
784 2380 831 2415 qui
856 2378 960 2407 assistit

176 2431 270 2465 altari,
291 2429 424 2459 obtulisse
447 2426 642 2456 immolationis
663 2433 718 2454 sum
739 2424 874 2460 primitias
895 2431 963 2458 pon-

175 2478 241 2506 tilici
262 2484 359 2512 magno
377 2481 404 2504 ct
419 2482 495 2507 vero.
513 2473 623 2501 Christo
636 2471 699 2499 Jcsu
723 2470 836 2498 Domino
854 2475 959 2502 nostro,

175 2524 266 2551 cuiest
282 2522 366 2558 gloria
387 2526 414 2549 et
438 2520 582 2555 imperium
607 2518 634 2545 in
659 2516 758 2545 sarcula
787 2515 958 2544 saeculorum.

175 2571 270 2597 Amen.

210 2672 231 2688 ⁶¹
244 2671 322 2697 Num.
336 2677 412 2703 xvttt,
428 2668 459 2703 9.7
494 2668 517 2684 ⁶¹
531 2667 606 2703 Psal.
620 2665 750 2703 ξιιμ-μ.

175 2714 225 2734 :m
242 2710 269 2733 et
292 2712 366 2733 xxvi.
405 2699 437 2719 ’⁸⁷
450 2702 526 2731 Joau.
545 2710 583 2735 tv,
595 2702 640 2728 14.
692 2700 715 2717 ⁸³
729 2700 808 2727 Joan.
823 2706 870 2730 vu.
889 2699 935 2727 58.

211 2751 268 2787 (25)
283 2751 374 2779 Codex
390 2749 573 2781 Belvaccusis,
589 2757 598 2774 ι
614 2755 717 2775 rursus.
734 2756 743 2773 ι
765 2746 842 2774 Libb.
868 2746 935 2773 editi
949 2766 956 2777 ,

177 2788 374 2857 fwggshbdd.
403 2818 596 2857 Ebroicensis__,
621 2816 796 2857 Carpotensis
821 2820 846 2843 et
872 2815 959 2843 sancti

178 2851 349 2886 Thcodorici,
366 2863 374 2879 ι
391 2853 490 2880 vilitas.
515 2862 524 2878 ι
545 2852 628 2885 Alias,
647 2861 656 2877 ι
674 2851 821 2878 humilitas.
846 2859 855 2876 ι

791 2664 813 2680 ⁸³
827 2663 835 2691 l
850 2663 919 2700 C0r.
939 2674 996 2700 xiv,
1013 2666 1056 2694 t5.

1013 2258 1058 2280 tur
1076 2252 1148 2280 enim
1163 2251 1225 2286 quia
1241 2251 1264 2278 si
1288 2250 1349 2285 quis
1363 2249 1437 2276 bibat
1452 2255 1485 2275 ex
1497 2248 1531 2275 iis
1545 2247 1634 2282 aquis.
1653 2254 1729 2282 quas
1739 2253 1804 2273 cou-

1015 2298 1118 2327 tinebat
1132 2301 1228 2333 putetts
1242 2296 1288 2324 ille
1304 2300 1440 2326 terrenus,
1459 2293 1534 2321 sitiet
1548 2300 1678 2325 rursum;
1700 2293 1749 2328 qui
1761 2300 1808 2318 au-

1013 2349 1067 2373 tem
1078 2352 1112 2372 ex
1126 2343 1179 2371 illis
1193 2342 1302 2375 biberit,
1314 2348 1382 2376 quas
1400 2339 1545 2372 datJesus,
1563 2349 1572 2366 l
1589 2339 1634 2366 liet
1644 2339 1675 2366 in
1697 2347 1732 2367 eo
1748 2339 1806 2366 fons

1015 2397 1091 2425 aquae
1102 2388 1223 2416 salientis
1237 2388 1262 2414 in
1278 2388 1361 2414 vitam
1376 2385 1547 2414 aeternam“.
1572 2395 1581 2411 ι
1599 2384 1627 2412 ln
1641 2386 1702 2412 alio
1716 2389 1806 2412 autem

1012 2434 1152 2470 Evangelii
1166 2433 1224 2461 loco
1235 2433 1290 2467 jam
1305 2439 1358 2460 non
1376 2431 1447 2464 fons,
1460 2438 1547 2465 neque
1560 2435 1673 2466 puteus,
1690 2430 1740 2458 sed
1753 2436 1808 2456 am-

1011 2482 1082 2517 plius
1092 2480 1193 2515 aliquid
1205 2479 1314 2507 dicitur.
1334 2488 1343 2504 ι
1358 2477 1408 2511 Qui
1424 2476 1521 2510 credit,
1534 2476 1666 2511 inquit”,
1686 2476 1715 2503 in
1733 2482 1808 2506 eum,

1012 2528 1085 2555 sicut
1100 2526 1242 2560 Scriptura
1255 2525 1333 2556 dicit,
1349 2523 1462 2551 ﬂumina
1482 2523 1516 2550 de
1529 2527 1623 2550 ventre
1636 2522 1703 2557 ejus
1725 2522 1809 2549 ﬂuent

1012 2580 1089 2607 aquae
1104 2572 1181 2599 vivae.
1205 2581 1214 2598 ι
1233 2570 1312 2598 Vides
1325 2577 1390 2605 ergo
1405 2569 1467 2604 quia
1491 2569 1539 2604 qui
1570 2568 1659 2595 credit
1683 2568 1713 2595 in
1734 2575 1809 2599 eum,

1014 2626 1066 2646 non
1079 2617 1165 2646 solum
1182 2620 1305 2651 puteum,
1319 2616 1365 2643 sed
1373 2620 1400 2643 et
1414 2619 1520 2650 puteos,
1535 2619 1563 2641 et
1573 2621 1626 2641 nou
1640 2613 1738 2640 solum
1752 2613 1810 2640 lori-

1107 2665 1131 2681 "
1151 2663 1229 2691 Num.
1244 2671 1302 2697 χιιι,
1322 2663 1367 2690 16.
1393 2691 1395 2693 ,
1420 2662 1443 2678 ⁸⁵
1457 2661 1537 2689 Prov.
1557 2660 1641 2694 v,15.
1701 2660 1727 2677 ⁸⁸
1739 2659 1810 2689 Gen.

1047 2743 1104 2779 (E7)
1124 2743 1215 2779 Codex
1226 2741 1414 2779 Carnotetlsis,
1428 2750 1442 2779 I_
1457 2739 1662 2779 supercllluaut.
1684 2749 1694 2766 ι
1725 2741 1811 2779 Paulo

1012 2775 1073 2814 post
1088 2775 1115 2805 in
1129 2778 1222 2805 codice
1234 2777 1325 2814 sancti
1349 2775 1518 2814 Theudorici
1534 2775 1739 2814 desiderantur
1755 2778 1811 2803 haec

1012 2809 1095 2841 verba
1113 2821 1120 2838 :
1136 2821 1145 2838 ι
1160 2812 1285 2846 quamvis
1298 2812 1323 2838 in
1339 2811 1399 2838 aliis
1414 2810 1614 2846 exemplaribus
1631 2809 1792 2844 legerimus
1804 2821 1810 2828 -

1011 2854 1038 2877 et
1048 2845 1221 2876 eil‘uudantur
1230 2846 1276 2874 tibi
1285 2853 1363 2880 aqua:
1377 2849 1453 2875 extra
1465 2850 1539 2872 tuum
1556 2845 1673 2872 fontem.
1682 2855 1693 2871 ι
