1903 3052
101 147 150 175 657

685 145 718 173 ΙΝ
738 145 904 174 NUMEROS
921 145 1065 174 ΙΙΟΜΙΗΛ
1086 142 1140 171 Xll.

1670 140 1720 167 (558

100 211 153 238 tes,
169 205 217 232 sed
227 209 256 232 et
276 204 388 232 ﬂumina
401 206 481 233 habet
495 205 566 233 intra
581 212 623 234 se.
638 205 738 235 Fontes
758 212 847 234 autem
862 211 889 234 et
903 208 927 236 Α
942 205 1139 237 nerationibus,
1158 209 1231 232 recte
1244 204 1340 232 horum
1355 202 1470 232 scientia
1490 202 1561 236 putei
1593 202 1720 236 appellati

98 251 221 283 ﬂumina,
238 258 291 278 non
307 258 366 286 quae
379 251 434 286 (28)
448 251 527 279 istam
540 251 681 279 mortalem
698 253 778 288 312
802 253 884 280 vitam

97 295 231 328 solemur,
246 296 293 323 sed
305 303 366 330 quae
378 302 509 324 aeternam
523 297 672 325 conferant.
690 297 774 333 Igitur
788 306 886 326 secun-

97 342 162 368 dum
173 348 204 368 ea
222 349 283 376 qua:
297 342 323 369 in
337 341 492 371 Proverbiis
508 343 609 377 scripta
623 343 825 378 proposuimus,
839 343 885 370 ubi

98 385 174 420 putei
192 386 274 414 simul
301 393 362 414 cum
389 387 465 415 fonte
493 389 676 421 nominantur,
698 388 884 423 accipiendum

96 437 139 459 est
152 433 266 462 verbum
282 433 340 460 Dei.
355 432 455 460 Puteus
476 433 587 468 quidem
600 433 622 460 si
643 433 770 468 profundi
785 433 885 468 aliquid

97 478 222 513 mysterii
235 479 311 513 tegit,
325 477 385 505 fons
402 483 492 506 autem
504 479 526 506 si
541 479 575 506 ad
591 479 706 514 populos
721 480 840 507 abundat
857 485 885 507 et

94 523 193 551 etiluit.
208 524 261 551 Sed
277 532 329 551 non
351 524 442 552 otiose
462 525 654 559 requirendum
680 529 722 553 est
749 525 884 560 quomodo

95 571 236 605 possimus
247 570 378 605 pluralem
393 577 536 597 numerum
553 570 585 597 de
599 571 688 605 puteis
698 579 845 606 exponere,
856 577 884 599 et

94 616 264 650 singularem
285 615 418 648 defonte,
430 616 493 650 quia
517 615 544 642 in
566 614 722 643 Proverbiis
747 616 811 644 dicit
834 616 884 644 Sa-

94 662 200 697 pientia
226 662 248 678 "
276 673 282 689 :
315 671 324 688 t
349 662 414 689 Bibe
443 669 530 696 aquas
558 661 590 688 de
611 665 754 696 puteorum
776 667 882 691 tuoran

94 708 183 735 fonte.
204 717 214 733 ι
235 707 380 736 Videamus
399 715 465 742 ergo
488 715 603 742 quorum
629 712 770 741 puteorum
799 716 882 736 unum

92 753 195 780 dixerit
208 752 321 780 fontem.
339 752 394 788 Ego
408 757 472 787 puto
488 752 559 787 quod
570 751 682 778 scientia
701 751 810 787 ingeniti
832 752 882 779 Pa-

93 799 155 831 tris.
171 806 243 826 unus
254 799 342 833 possit.
355 798 466 833 intelligi
490 803 607 833 puteus,
627 798 674 826 sed
696 802 723 825 et
750 798 881 832 unigeniti

91 842 155 870 Filii
167 842 227 877 ejus
237 842 349 877 agnitio,
362 842 433 870 alius
443 847 540 877 puteus
552 842 664 877 intelligi
680 841 786 869 debeat.
804 843 880 871 Alius

90 888 166 915 enim
180 895 194 914 a
207 887 288 915 Patre
300 887 393 920 Filius,
405 892 432 915 et
443 895 495 915 non
509 888 579 915 idem
594 887 679 915 Filius
691 886 735 920 qui
748 891 775 915 et
789 887 879 920 Pater,

90 930 164 956 sicut
176 931 234 965 ipse
253 930 279 957 in
292 930 445 965 Evangeliis
462 931 578 959 dicit“:
603 941 612 957 ι
639 931 716 959 Alius
733 936 774 959 est
786 932 830 966 qui
853 937 880 960 et

91 975 279 1003 testimonium
299 976 333 1003 de
349 984 391 1004 me
405 977 471 1004 dicit
483 976 573 1005 Pater.
595 986 604 1004 ι
619 977 651 1004 Et
663 985 759 1005 rursus
770 978 877 1005 tertium

89 1025 156 1055 puto
181 1021 268 1048 videri
298 1026 408 1056 puteum
434 1029 530 1056 posse,
554 1023 737 1058 cognitionem
761 1022 878 1058 Spiritus

89 1065 189 1092 sancti.
204 1065 281 1093 Alius
292 1066 364 1094 enim
379 1070 407 1094 et
421 1067 477 1101 ipse
489 1071 531 1095 est
547 1074 561 1094 a
573 1067 664 1098 Patre.
681 1072 708 1095 et
721 1067 798 1100 Filio,
809 1068 879 1095 sicut

89 1116 116 1138 et
130 1111 164 1138 de
178 1111 238 1145 ipso
251 1111 429 1140 nihilominus
439 1112 467 1139 in
479 1111 625 1147 Evangelio
635 1113 763 1141 dicitur“
777 1121 785 1139 :
801 1112 877 1140 «Mit-

89 1161 128 1184 tet
139 1157 220 1184 vobis
230 1156 314 1185 Pater
329 1158 410 1185 alium
429 1158 601 1186 Paracletum
624 1159 750 1195 spiritum
777 1159 877 1187 verita-

89 1203 135 1230 tis.
159 1212 170 1228 »
187 1203 233 1230 Est
247 1210 312 1238 ergo
326 1204 384 1231 haec
400 1204 482 1232 trium
498 1205 637 1233 distinctio
649 1206 831 1241 personarum
849 1205 876 1233 in

88 1248 171 1276 Patre
189 1253 215 1276 et
227 1248 296 1277 Filio
308 1255 335 1277 et
348 1250 451 1284 Spiritu
478 1255 585 1283 sancto,
599 1258 659 1285 quae
687 1251 721 1278 ad
743 1250 876 1286 pluralem

86 1299 232 1329 puteorum
253 1303 395 1323 numerum
411 1301 564 1324 revocatur.
592 1297 646 1325 Sed
665 1297 762 1325 horum
778 1302 874 1333 puteo-

87 1348 147 1368 rum
164 1349 234 1369 unus
246 1341 370 1370 estfons.
385 1342 443 1370 Una
457 1343 530 1370 enim
547 1342 698 1371 substantia
714 1347 764 1378 est,
781 1347 808 1371 et
827 1350 875 1371 na-

87 1392 150 1413 tura
164 1385 318 1415 Trinitatis.
333 1387 368 1416 Et
383 1388 434 1416 hoc
451 1388 530 1416 modo
547 1396 600 1416 non
617 1389 706 1416 otiosa
722 1389 874 1418 invenietur

87 1431 241 1467 Scriptum
255 1437 357 1460 sancta:
372 1433 518 1466 distinctio,
534 1442 593 1469 qua:
606 1435 681 1470 dicit,
699 1444 708 1461 ε
728 1434 762 1462 de
778 1440 872 1470 puteo-

86 1485 145 1504 rum
167 1482 277 1505 tuorum
292 1479 378 1506 fonte.
395 1489 405 1506 ι
429 1479 482 1507 Sed
505 1480 685 1508 observanter
698 1481 812 1517 mystica
828 1481 872 1515 si-

83 1523 179 1571 gnavit
193 1522 350 1571 eloqttia,_ut
362 1524 433 1571 quod
443 1524 582 1571 pluraliter
590 1525 691 1571 dictum
709 1526 797 1571 estde
808 1534 872 1561 per-
886 1542 908 1571 α

84 1567 174 1599 sonis,
189 1567 362 1602 singulariter
377 1568 535 1596 substantiae
561 1570 729 1597 conveniret.
758 1570 873 1599 Possunt

84 1615 176 1637 autem
188 1616 216 1638 et
231 1611 268 1638 illi
286 1611 359 1646 putei
373 1612 475 1649 videri,
485 1613 518 1640 de
535 1621 650 1648 quorum
669 1614 783 1642 scientia
799 1615 873 1644 dice-

88 1655 136 1682 bat
148 1655 205 1688 illc,
220 1655 266 1690 qui
283 1656 403 1690 repletus
417 1663 459 1684 est
473 1658 605 1691 sapientia
622 1658 669 1686 Dei
700 1660 723 1676 θ’
744 1669 750 1687 :
775 1669 785 1686 t
814 1660 873 1696 Ipse

83 1700 157 1727 cnim
170 1700 236 1728 mihi
249 1701 323 1729 dedit
334 1709 426 1730 corum
446 1710 506 1737 quae
522 1707 585 1731 sunt
609 1704 752 1733 scientiam
767 1713 871 1741 veram,

84 1751 113 1774 ut
124 1747 227 1774 scirem
242 1747 423 1775 substantiam
437 1749 540 1784 mundi,
555 1754 582 1777 et
599 1750 795 1779 elementorum
815 1752 872 1780 vir-

84 1796 180 1825 tutem,
195 1793 302 1820 initium
315 1798 342 1821 et
356 1793 435 1821 finem
457 1798 484 1822 et
508 1795 695 1829 medietatem,
717 1800 868 1831 temporum

81 1837 300 1865 vicissitudinem
315 1858 322 1871 ,
353 1839 566 1873 permutationes
590 1845 618 1868 et
642 1843 871 1871 commutationes

82 1886 249 1916 tctnporum,
265 1883 328 1911 anni
346 1884 462 1912 circulos
486 1890 514 1912 et
542 1890 678 1913 astrorum
702 1887 868 1922 positiones,

81 1931 195 1955 naturas
222 1929 390 1962 animalium,
419 1934 446 1957 et
465 1930 519 1958 iras
546 1931 706 1965 bestiarum,
723 1933 868 1967 spirituum

80 1971 237 2005 violentias,
250 1977 277 2000 et
300 1973 481 2008 cogitationes
511 1975 649 2003 hominum
665 1997 672 2008 ,
702 1977 869 2007 differentias

79 2016 273 2051 virgultorum,
287 2023 314 2045 et
327 2019 441 2047 virtutes
459 2020 591 2048 radicum.
618 2031 629 2047 ι
662 2021 742 2050 Vides
772 2025 867 2059 quanti

79 2068 142 2090 sunt
156 2064 232 2098 putei
259 2064 284 2091 itt
314 2072 404 2092 rerum
425 2066 559 2093 scientia?
580 2066 681 2095 Puteus
702 2074 761 2102 est,
790 2071 867 2099 verbi

79 2110 177 2144 gratia,
192 2109 307 2137 scientia
321 2111 511 2146 virgultorum,
528 2118 555 2141 et
573 2114 642 2142 forte
656 2115 868 2152 uniuscujusque

78 2155 190 2190 virgulti
204 2160 304 2183 natura
316 2156 398 2185 habet
415 2159 555 2193 proprium
572 2165 693 2195 puteum.
720 2161 754 2188 Et
768 2161 865 2190 iterum

938 256 1001 278 sunt
1018 258 1025 277 :
1041 258 1101 278 cum
1115 255 1205 277 autem
1216 250 1286 277 sicut
1302 248 1404 276 Paulus
1415 248 1480 275 dicit
1492 248 1525 281 ⁸⁸,
1547 247 1719 275 credentibus

940 306 949 323 t
969 295 1150 324 manifestavit
1165 295 1236 323 Deus
1259 303 1308 331 per
1318 294 1449 329 Spiritum
1464 301 1553 326 suum,
1573 303 1582 319 ι
1604 292 1720 320 efﬁcien-

937 349 981 370 tur
992 343 1048 370 haec
1061 342 1150 369 omnia
1165 342 1262 372 fontes,
1275 346 1303 369 et
1318 341 1428 368 flumina
1442 349 1449 368 :
1466 345 1496 367 ut
1516 340 1572 374 jam
1599 347 1652 366 non
1681 339 1716 365 ita

937 387 1070 415 habeatur
1085 388 1111 415 in
1126 387 1233 415 occulto
1247 387 1345 415 ltorum
1363 386 1488 419 scientia,
1503 385 1550 413 sed
1564 385 1720 420 proferatur

936 433 970 460 ad
982 433 1090 465 multos,
1110 437 1138 460 et
1157 433 1226 469 riget
1256 432 1398 460 credentes
1425 440 1455 460 ac
1484 432 1575 459 satiet.
1600 430 1634 458 Et
1658 431 1720 457 ideo

937 479 1033 512 credo,
1046 478 1171 507 Salvator
1187 478 1292 506 diccbat
1307 478 1340 505 ad
1353 477 1496 512 discipulos
1505 485 1579 509 suos,
1595 476 1656 511 quia
1673 477 1717 511 qui

935 524 1021 552 credit
1042 525 1068 551 in
1083 531 1156 557 eum,
1168 527 1195 551 et
1206 530 1305 558 aquam
1318 522 1449 550 doctrina:
1467 522 1525 556 ejus
1537 521 1646 553 biberit,
1662 529 1716 549 non

932 569 987 604 jam
1003 574 1111 604 puteus.
1126 576 1176 596 nec
1187 568 1257 600 fons,
1273 569 1320 596 sed
1335 568 1399 595 fient
1416 567 1443 594 in
1461 575 1493 595 eo
1507 568 1615 594 ﬂumina
1642 574 1718 601 aqum

934 615 1002 642 vivae
1015 614 1048 644 “.
1065 615 1140 642 Sicut
1155 614 1228 642 enim
1243 622 1312 641 untts
1326 613 1378 641 istc
1391 617 1497 647 puteus,
1511 613 1556 647 qtti
1570 617 1612 640 est
1626 619 1715 640 sermo

933 661 991 692 Dei,
1003 660 1119 688 efﬁcitur
1131 660 1214 695 putei,
1230 664 1257 687 et
1271 659 1369 691 fontes,
1390 661 1416 686 et
1432 657 1541 685 ﬂumina
1558 658 1714 685 innumera-

933 709 998 737 bilia
1015 717 1022 736 :
1038 708 1074 735 ita
1085 712 1112 736 et
1123 708 1212 735 anima
1227 707 1356 738 hominis,
1368 714 1428 741 qua:
1440 707 1473 733 ad
1495 705 1639 740 imaginem
1667 705 1714 732 Dei

934 754 989 791 (‘29)
1003 754 1073 782 facta
1091 759 1144 787 est,
1158 757 1247 789 potest
1261 753 1287 780 in
1299 760 1328 780 se
1345 753 1455 786 habere,
1468 756 1495 780 et
1511 751 1663 786 producere
1679 758 1712 778 ex

932 806 972 831 se,
988 804 1014 826 et
1029 804 1134 833 puteos,
1151 803 1178 826 et
1192 797 1291 830 fontes,
1310 801 1338 825 et
1358 796 1478 823 fiumina.
1498 795 1551 823 Sed
1577 800 1604 823 et
1620 801 1713 822 revera

933 846 1005 879 putei
1019 845 1063 879 qui
1079 844 1181 872 suntin
1206 844 1295 871 anima
1310 847 1401 870 nostra
1423 842 1546 876 indigent
1571 840 1691 868 fodiente
1706 848 1713 867 :

931 890 1029 917 debent
1042 889 1115 917 enim
1129 887 1265 921 mundari,
1277 893 1305 915 et
1319 895 1400 915 omne
1415 887 1487 922 qttod
1509 891 1646 914 terrenum
1673 889 1717 912 est

929 936 964 963 ab
975 935 1014 963 eis
1039 935 1119 963 debet
1134 935 1251 967 auferri,
1280 938 1310 961 ut
1334 941 1411 961 venae
1431 933 1483 961 illa:
1510 931 1713 960 rationabilium

930 988 1069 1014 sensuum,
1081 988 1149 1015 quas
1170 980 1195 1008 ei
1217 979 1331 1007 inseruit
1358 979 1439 1012 Deus,
1460 985 1528 1013 pura
1551 985 1582 1005 ac
1607 976 1713 1004 sincera

928 1026 1028 1054 fluenta
1040 1025 1200 1060 producant.
1217 1024 1305 1051 Donec
1318 1023 1389 1051 enim
1406 1027 1479 1051 terra
1496 1021 1614 1057 contegit
1629 1028 1710 1055 aqua-

929 1081 988 1101 rum
1004 1080 1097 1105 venas,
1111 1077 1139 1099 et
1154 1072 1265 1100 obturat
1279 1070 1413 1098 occultum
1429 1068 1540 1100 ﬂuenti,
1559 1075 1610 1095 non
1625 1070 1713 1102 potest

928 1119 989 1154 puri
1017 1118 1107 1147 laticis
1136 1117 1206 1145 unda
1227 1115 1374 1152 profluere.
1412 1115 1535 1149 Denique
1566 1118 1709 1148 propterea

927 1163 1058 1198 scriptum
1071 1167 1113 1191 est
1125 1162 1158 1196 °",
1175 1162 1239 1197 quia
1258 1161 1333 1197 pueri
1345 1159 1483 1188 Abraham
1501 1158 1638 1186 fodiebant
1653 1160 1711 1191 ‘pu-

928 1213 997 1240 teos.
1011 1208 1058 1236 scd
1072 1208 1212 1243 replebant
1228 1212 1308 1243 atque
1320 1206 1482 1241 operiebant
1493 1212 1540 1234 eos
1561 1208 1634 1231 terra
1650 1203 1710 1230 Phi-

926 1253 1030 1281 listiim.
1047 1253 1100 1281 Sed
1116 1257 1143 1281 et
1163 1252 1249 1286 Isaac,
1267 1253 1313 1288 qui
1339 1252 1524 1280 haereditatem
1551 1253 1710 1284 susceperat

925 1301 1023 1334 patris,
1034 1306 1143 1328 rursum
1157 1299 1225 1327 fodit
1242 1303 1350 1334 puteos,
1361 1303 1388 1326 et
1402 1302 1505 1325 terram
1520 1295 1636 1324 removit
1648 1294 1709 1321 Phi-

925 1345 1089 1379 listinorum,
1117 1353 1199 1381 quam
1223 1352 1272 1380 per
1297 1344 1426 1373 invidiam
1454 1342 1605 1377 iniecerant
1620 1340 1707 1375 aquis.

925 1390 978 1419 Sed
992 1395 1019 1420 et
1033 1391 1098 1419 illud
1111 1391 1318 1419 observavimus
1330 1390 1356 1417 in
1370 1389 1480 1422 Genesi,
1495 1388 1566 1415 ttnde
1581 1391 1608 1414 et
1621 1386 1708 1414 histo-

924 1438 964 1466 ria
977 1438 1036 1465 haac
1048 1437 1156 1465 videtur
1167 1441 1317 1472 assumpta,
1329 1436 1400 1472 quod
1412 1435 1499 1463 donec
1510 1434 1612 1461 viveret
1622 1431 1710 1459 Abra-

925 1482 998 1516 ham,
1024 1489 1077 1510 non
1095 1481 1204 1509 fuerunt
1229 1481 1287 1509 ausi
1306 1480 1451 1508 Philistiim
1473 1478 1577 1513 replere
1601 1480 1709 1511 puteos.

925 1533 973 1556 aut
989 1528 1102 1564 injicere
1114 1528 1154 1556 eis
1169 1532 1279 1555 terram.
1303 1527 1357 1554 Sed
1378 1535 1439 1555 cum
1464 1525 1584 1554 excessit
1604 1532 1637 1552 ex
1659 1523 1709 1550 hac

923 1575 989 1608 vita,
1005 1579 1069 1602 tunc
1085 1573 1255 1601 invaluerunt
1277 1573 1421 1601 Philistiim
1445 1577 1473 1600 et
1494 1570 1616 1599 insidiati
1643 1573 1707 1596 sunt

923 1621 1013 1655 puteis
1025 1619 1095 1654 ejus.
1108 1619 1161 1648 Sed
1174 1623 1337 1654 reparantur
1347 1618 1518 1654 postmodum
1543 1623 1593 1651 per
1619 1615 1706 1647 Isaac,

923 1670 950 1693 et
964 1665 1113 1693 redeuntia
1125 1669 1226 1693 statum
1241 1673 1329 1693 suutn.
1345 1665 1478 1693 Praeterea
1498 1667 1525 1691 et
1536 1669 1603 1697 puer
1621 1661 1708 1688 Abra-

922 1710 985 1738 ham
1000 1717 1060 1738 eum
1077 1711 1164 1746 pergit
1193 1717 1306 1738 uxorem
1334 1710 1477 1745 spondere,
1503 1708 1545 1736 vel
1575 1708 1708 1736 deducere

922 1757 1010 1790 Isaac,
1024 1757 1093 1792 apud
1122 1761 1233 1792 puteum
1251 1757 1351 1784 invenit
1379 1757 1530 1784 Rcheccam
1549 1774 1558 1788 ,
1581 1761 1641 1789 quae
1665 1754 1706 1781 in-

923 1806 1088 1837 terpretatur
1122 1803 1248 1836 patientia
1284 1802 1340 1837 (50)
1368 1810 1376 1828 :
1404 1802 1462 1829 haec
1492 1801 1607 1828 efﬁcitur
1636 1807 1704 1827 uxor

920 1848 1004 1880 Isaac,
1018 1855 1071 1876 non
1083 1847 1149 1876 alibi
1165 1848 1216 1875 nisi
1232 1847 1302 1883 apud
1327 1852 1432 1881 puteos.
1451 1846 1584 1873 Sitniliter
1610 1850 1637 1873 et
1660 1845 1704 1871 Ja-

920 1894 981 1926 cob,
1001 1901 1062 1921 eum
1088 1893 1114 1921 in
1147 1893 1369 1928 Mesopotamiam
1395 1893 1480 1924 venit,
1509 1891 1612 1919 ltabens
1638 1898 1706 1925 prm-

920 1943 1025 1974 ceptttm
1044 1939 1138 1973 patris,
1155 1945 1188 1965 ne
1202 1938 1284 1966 alieni
1311 1938 1420 1973 generis
1435 1937 1480 1965 vel
1493 1937 1616 1965 extranei
1639 1943 1704 1964 san-

920 1983 1009 2019 guinis
1023 1982 1163 2018 coniugem
1186 1986 1315 2014 sumeret,
1337 1981 1407 2016 apud
1425 1984 1521 2016 puteos
1537 1980 1618 2008 etiam
1642 1980 1701 2014 ipse

920 2030 1022 2058 invenit
1037 2029 1149 2057 Rachel.
1171 2029 1204 2057 Et
1218 2028 1324 2064 Moyses
1339 2027 1490 2063 Sephoram
1513 2027 1583 2062 apud
1606 2031 1702 2061 puteos

919 2076 1062 2111 reperit“.
1079 2075 1107 2103 Si
1121 2083 1185 2111 ergo
1206 2074 1363 2103 intellexisti
1393 2081 1452 2109 qua!
1470 2073 1618 2109 qualesque
1645 2072 1701 2100 sint

919 2129 1019 2150 uxores
1030 2126 1197 2154 sanctorum,
1210 2121 1292 2149 etiam
1316 2126 1343 2149 tu
1375 2121 1398 2148 si
1424 2121 1463 2148 vis
1491 2119 1650 2155 patientiam
1675 2119 1701 2146 in

919 2165 1074 2201 conjugium
1091 2165 1139 2193 tibi
1153 2166 1306 2194 adsciscere
1316 2187 1324 2199 ,
1335 2166 1356 2193 si
1371 2165 1543 2201 sapientiam,
1559 2168 1588 2192 et
1603 2165 1626 2192 si
1644 2172 1704 2200 qua:

78 2206 177 2234 puteus
194 2205 236 2228 est
249 2201 282 2230 de
296 2202 456 2231 animalium
468 2205 593 2239 scientia,
607 2210 633 2233 et
654 2205 722 2234 forte
737 2214 866 2242 unaquae-
882 2207 904 2235 D
918 2210 978 2238 alite
994 2215 1058 2238 sunt
1071 2210 1170 2238 animte
1182 2210 1306 2243 virtutes,
1320 2216 1347 2238 et
1364 2211 1455 2239 dicere
1469 2210 1540 2246 quod
1558 2211 1590 2238 de
1601 2209 1704 2244 sapien-

78 2254 130 2281 que
146 2247 256 2281 species
267 2248 422 2276 animalium
442 2250 580 2284 proprium
596 2251 679 2279 habet
691 2256 812 2286 puteum.
833 2253 867 2282 Et

78 2293 176 2320 iterum
191 2298 291 2329 puteus
303 2299 344 2323 est
359 2295 393 2322 de
410 2296 513 2323 ratione
528 2301 690 2331 temporum,
707 2301 735 2326 et
757 2298 866 2327 vicissi-

78 2339 181 2371 tudine,
198 2347 231 2367 ac
245 2341 454 2374 pertnutatione.
471 2342 504 2369 Et
524 2343 582 2370 htec
601 2343 707 2379 singula
735 2345 864 2379 quoniam

76 2385 159 2412 altam
186 2386 402 2422 profundamque
431 2388 530 2416 habent
546 2388 701 2422 scientiam,
719 2390 817 2418 merito
834 2392 865 2417 ti-

76 2434 207 2467 gulariter
221 2435 295 2469 putei
314 2436 492 2471 appellantur.
508 2437 541 2465 Et
567 2437 653 2466 donec
677 2438 785 2473 quidem
799 2439 862 2466 abs-

75 2480 217 2508 conditum
235 2480 285 2509 fuit
305 2483 462 2518 mysterium
476 2484 576 2512 Christi
593 2492 609 2512 a
627 2485 732 2513 seculis
761 2490 789 2512 ct
819 2492 863 2520 ge-

115 2548 138 2584 f'
151 2547 329 2584 Proverbav,
348 2549 391 2576 15.
449 2551 471 2567 ⁸⁰
483 2550 560 2580 Joan.
574 2552 633 2584 vtti.
648 2553 691 2580 18.

76 2582 98 2598 “
109 2581 189 2611 Joan.
206 2591 255 2616 vn,
271 2581 326 2612 38.7
354 2585 377 2601 ⁵⁸
390 2585 460 2613 Gen.
475 2594 550 2614 xxw.
587 2587 610 2603 °°
625 2581 714 2615 Exod.
729 2596 760 2615 tt.

108 2663 167 2702 (28)
187 2663 278 2702 Codex
295 2664 570 2702 Sanctir'l‘hcodorici
584 2676 591 2696 :
607 2677 616 2694 t
637 2676 689 2695 non
708 2676 767 2702 qua:
782 2668 859 2697 istam

73 2698 315 2737 mortalentsoicnt
332 2701 436 2737 nutrire
452 2702 545 2734 vitam,
566 2704 612 2730 sed
624 2710 694 2737 quae,
713 2698 789 2731 ietc.

106 2733 266 2774 (.29)nAlias,
283 2735 383 2774 _t‘quia
412 2737 445 2774 ad_
470 2737 613 2774 imaginem
634 2733 763 2771 'est‘Dci,
781 2748 790 2765 ι
813 2739 860 2766 sed

73 2769 153 2795 codex
170 2768 265 2795 Sancti
283 2770 458 2802 Theodorici,
473 2776 502 2799 ut
521 2768 546 2799 in
562 2778 654 2799 nostro
669 2777 753 2800 textu.

105 2801 161 2840 (50)
188 2802 256 2835 Qute
281 2801 468 2838 interpretatur
492 2807 628 2840 patientia.
654 2808 676 2834 A
704 2809 779 2836 verb.
803 2814 861 2837 n21

73 2839 110 2867 vel
129 2844 191 2869 δτι-ι
211 2847 221 2863 ί
242 2840 359 2868 Inuitum
377 2848 448 2876 esse,
467 2841 649 2877 multiplicari,
664 2847 766 2876 »ειπερ
788 2852 797 2869 t
812 2851 860 2871 cx-

751 2553 772 2569 “
786 2553 864 2582 Joan.
884 2561 939 2586 xtv,
959 2553 1004 2582 16.

798 2588 819 2604 ⁸⁷
837 2588 901 2624 Sap.
918 2597 965 2624 vtt,
980 2590 1024 2617 10.

919 2257 953 2284 tia
968 2256 1069 2284 dictum
1079 2260 1120 2284 est
1131 2256 1153 2272 ⁶⁷
1165 2264 1173 2283 :
1188 2256 1277 2284 tHanc
1289 2256 1390 2289 amavi,
1408 2256 1479 2284 hanc
1492 2255 1602 2290 quaesivi
1616 2255 1703 2284 addu-

917 2309 980 2329 cere
994 2301 1059 2329 mihi
1072 2309 1183 2330 uxorem
1202 2311 1209 2330 :
1228 2312 1237 2329 ›
1253 2307 1312 2330 esto
1325 2302 1464 2337 frequens,
1493 2307 1553 2330 esto
1576 2302 1702 2330 assiduus

916 2346 990 2374 circa
1006 2352 1103 2382 puteos
1119 2348 1196 2381 istos,
1210 2351 1238 2375 et
1252 2347 1290 2375 ibi
1308 2347 1428 2382 reperies
1441 2347 1596 2383 huiusmodi
1611 2346 1704 2381 conju-

917 2399 988 2426 gem.
1001 2393 1079 2428 Apud
1092 2400 1176 2428 aquas
1186 2393 1259 2421 enim
1275 2394 1360 2426 vivas,
1376 2393 1402 2420 id
1418 2398 1470 2426 est,
1487 2394 1558 2428 apud
1585 2393 1701 2420 viventis

916 2438 991 2466 verbi
1006 2437 1122 2472 ﬂuenta,
1143 2444 1248 2467 certum
1265 2443 1306 2467 est
1337 2447 1433 2468 omnes
1461 2439 1544 2467 animi
1578 2439 1702 2466 habitare

916 2484 1043 2513 virtutes.
1068 2484 1139 2513 Sunt
1167 2492 1232 2521 ergo
1263 2486 1342 2513 multi
1366 2485 1552 2522 putei,jquos
1580 2484 1700 2512 diximus

1054 2555 1076 2571 ⁸⁸
1096 2554 1160 2590 Sap.
1177 2562 1222 2589 vtt,
1241 2555 1274 2583 l7
1285 2560 1314 2583 et
1335 2563 1413 2590 seqq.
1464 2554 1582 2584 "lCor.
1604 2563 1634 2590 tt,
1656 2555 1699 2584 lo.

914 2671 1046 2705 spectavit
1064 2681 1073 2698 ι
1095 2673 1209 2701 deducta
1233 2673 1341 2700 videtur
1374 2672 1431 2700 haec
1452 2671 1625 2706 etymologia.
1646 2671 1699 2699 Alii

914 2705 1065 2735 Rebeccam
1081 2708 1181 2735 dictam
1206 2708 1299 2735 volunt
1322 2714 1338 2734 a
1361 2708 1446 2735 verbo
1473 2705 1619 2735 Chaldaico
1639 2711 1700 2738 βπ

915 2738 1162 2777 εδεξεῐηθνὶιηίιυίίι
1178 2741 1275 2769 similis
1290 2742 1341 2770 fuit
1364 2742 1455 2770 vitula;
1483 2742 1625 2777 saginatae;
1652 2741 1698 2777 alii

915 2775 1065 2803 Rcbeccam
1080 2775 1292 2810 interpretantur
1307 2786 1317 2802 ε
1334 2775 1537 2807 contentionem
1556 2787 1566 2804 ι
1580 2785 1595 2805 a
1616 2776 1698 2804 verbo

915 2814 965 2840 :‘n
992 2819 1001 2837 t
1019 2810 1143 2846 litigavit,
1160 2811 1310 2839 contendit.
1329 2820 1339 2838 ι
