1886 3051
190 141 242 169 659

929 132 1090 162 ORIGENIS

1763 140 1810 168 660

192 207 252 228 esse
263 199 333 226 intra
352 199 480 225 animam.
511 197 580 225 Sunt
606 201 633 224 et
661 195 705 223 alii
730 195 850 231 plurimi,
879 194 925 229 qui
951 194 976 220 in
993 196 1015 223 A
1030 197 1118 227 poleSl
1138 193 1240 221 habere
1263 195 1428 228 ρεοοιιιυιιιτ
1451 193 1504 222 sed
1523 199 1551 222 οι
1576 195 1693 231 amplius
1713 197 1809 232 aliquid

192 245 305 281 singulis
340 245 492 280 quibusque
514 244 714 278 Scripturarum
741 241 912 269 sermonibus
936 241 976 267 in-

195 292 356 326 telliguntur
384 295 411 318 ct
437 290 572 318 sensibus.
602 289 649 317 Est
684 294 774 315 tamen
815 287 977 315 eminentior

190 336 271 371 313
292 336 396 364 etcleris
423 336 472 362 iste
497 340 603 369 puteus,
625 338 651 361 et
678 333 803 365 eximius,
823 333 855 359 de
871 338 923 366 quo
949 331 975 358 in

191 382 315 416 praesenti
343 382 402 409 loco
420 381 559 416 Scriptura
588 380 664 414 dicit,
693 380 754 414 quia
776 378 892 406 foderint
913 385 974 404 cum

190 435 242 455 non
260 428 415 463 quicunque
439 434 600 455 communes
620 426 755 458 homines,
775 426 821 452 sed
840 424 975 459 principes

188 478 212 500 el
224 474 313 501 adhuc
327 475 424 501 horum
442 473 625 504 sublimiores,
643 479 709 506 quos
723 479 800 506 reges
819 470 973 506 appellavit.

188 518 303 553 Propter
317 519 387 553 quod
405 524 431 546 et
462 519 578 554 hymnus
594 518 703 546 canitur
728 518 783 544 Deo
808 517 878 551 apud
903 517 974 543 hunc

188 566 312 592 eumdem
341 570 461 599 puteum.
477 565 508 592 Et
531 564 590 592 ideo
605 565 734 599 scriptum
753 568 808 591 est:
828 573 837 588 ι
858 562 942 593 Vade,
961 571 971 587 ›

190 613 287 647 inquit,
303 622 311 638 ι
331 613 364 640 ad
378 617 498 646 puteum.
512 622 520 637 ι
541 611 590 638 Hic
607 616 651 639 est
676 615 770 645 puteus
798 617 876 644 quem
903 609 972 636 dixit.

191 659 320 686 Dominus
343 659 375 685 ad
402 657 512 692 Moysen
525 658 547 674 ⁸⁸
564 667 570 684 :
587 667 596 683 ι
615 657 753 692 Congrega
779 656 917 691 populum,
946 661 972 683 et

189 704 258 731 dabo
271 704 311 731 eis
330 711 428 738 aquant
445 704 478 731 de
491 707 581 738 puteo,
605 713 614 728 ι
634 703 701 730 dixit
717 702 855 729 Dominus.
869 702 973 736 Moyses

189 757 355 784 congregare
375 749 487 783 jubetur
515 750 654 784 populum,
674 754 702 776 ιιι
719 749 863 776 conveniat
878 749 909 775 ad
926 757 974 783 pn-

189 801 274 828 teum,
289 801 316 822 et
339 797 414 823 bibat
431 803 540 831 aquam.
556 795 664 831 Moysen
679 799 767 822 autem
783 795 870 828 legent
887 795 972 828 accipi

188 841 289 868 debere
313 848 382 875 sazpe
396 841 575 868 ostendimus.
598 841 653 868 Lex
668 848 732 874 ergo
751 840 796 867 Dei
814 845 855 867 est
871 847 930 874 qua}
948 845 973 868 te

187 891 331 918 convocat,
346 892 375 914 ut
396 887 428 914 ad
446 892 556 922 puteum
570 887 726 913 convenias.
749 885 835 919 Quem
849 892 972 921 puteum,

188 932 239 960 nisi
256 932 330 960 illtun
351 933 384 960 de
397 940 451 967 quo
471 940 554 967 supra
578 932 697 960 diximus
720 931 811 960 Jesnm
833 931 971 959 Christum

187 977 285 1005 Filium
302 977 472 1014 Dei,propria
483 978 591 1014 quidem
606 978 757 1005 substantia
767 977 972 1010 subsistentem,

186 1031 242 1051 uno
260 1029 349 1051 tamen
369 1033 429 1052 cum
455 1024 536 1052 Patre
563 1029 590 1052 et
618 1024 721 1059 Spiritu
745 1028 839 1050 sancto
858 1023 972 1050 Deitatis

186 1068 261 1097 fonte
290 1071 480 1097 nominatum?
503 1071 543 1097 Ad
568 1070 639 1097 hunc
668 1077 733 1104 ergo
750 1075 873 1104 puteum,
891 1069 916 1096 id
931 1073 971 1096 est

186 1114 218 1141 ad
236 1115 314 1142 lidetn
331 1116 431 1143 Christi
450 1124 498 1143 nos
518 1120 650 1143 convocat
668 1116 722 1142 lex.
740 1116 797 1150 Ipse
806 1115 879 1142 enim
890 1114 969 1146 dixit,

187 1168 198 1184 ι
209 1160 272 1194 quia
287 1160 392 1195 Moyses
399 1162 431 1189 de
440 1169 481 1189 me
490 1162 608 1196 scripsit.
617 1171 625 1187 ι
639 1161 743 1196 thuid
759 1170 807 1189 nos
819 1162 971 1189 convocat?

185 1204 220 1232 Ut
237 1206 362 1234 bibamus
378 1215 488 1241 aquam,
509 1212 536 1235 et
553 1213 697 1234 cantemus
710 1207 735 1234 ei
748 1208 884 1235 canticum
899 1217 906 1234 :
920 1208 970 1234 hoe

182 1256 224 1278 est
238 1252 321 1279 corde
331 1252 477 1281 credamus
492 1253 525 1281 ad
537 1254 680 1288 justitiam,
693 1258 776 1280 etore
791 1253 971 1281 confiteantur

184 1296 217 1322 ad
228 1296 354 1324 salutem.

217 1341 245 1368 2.
260 1351 270 1367 ι
285 1341 405 1374 lnitiate,
424 1352 433 1368 ι
450 1342 537 1377 inquit
550 1343 582 1377 α’,
602 1353 610 1368 ι
629 1343 666 1370 illi
685 1349 805 1379 puteum.
827 1354 837 1371 ι
854 1344 902 1372 Hic
928 1348 970 1373 est

183 1395 290 1416 sensus.
306 1388 428 1422 Initium,
440 1389 488 1422 ait,
508 1390 627 1417 omnium
642 1395 753 1425 puteum
771 1391 873 1425 ponite,
897 1391 968 1418 sicut

182 1439 211 1462 et
229 1435 375 1469 Apostolus
403 1435 517 1469 dicit",
539 1436 601 1470 quia
630 1436 686 1470 ipsc
707 1441 749 1464 est
771 1447 780 1463 ι
802 1436 966 1472 principium

181 1484 209 1507 et
231 1480 426 1515 primogenitus
447 1482 535 1508 omnis
551 1486 694 1514 creaturtc,
710 1488 737 1510 et
750 1484 775 1510 in
801 1484 860 1518 ipso
875 1489 965 1512 creata

181 1530 245 1552 sunt
271 1527 373 1553 ontnia.
402 1535 412 1552 ι
439 1526 548 1554 lnitiate
573 1535 640 1562 ergo
666 1529 690 1555 ei
709 1533 828 1563 puteum,
848 1530 898 1556 ltoc
913 1535 966 1562 est,

181 1570 288 1598 initium
314 1572 434 1599 omnium
451 1573 618 1600 conlitemini
647 1581 707 1602 esse
727 1580 847 1609 puteum.
873 1574 966 1602 Potest

180 1622 271 1644 autem
285 1617 370 1645 ethoc
384 1619 462 1646 modo
478 1619 602 1654 intelligi,
621 1625 649 1646 ut
662 1621 742 1647 verba
758 1621 837 1656 dirigi
857 1621 967 1648 videan-

181 1667 226 1689 tur
245 1670 279 1690 ex
303 1671 418 1698 persona
448 1664 532 1699 Moysi
561 1666 594 1692 ad
615 1666 767 1700 populum,
794 1666 964 1694 cohortantis

179 1714 208 1737 ct
221 1710 337 1738 dicentis
352 1721 358 1738 :
375 1712 440 1739 Date
461 1712 568 1739 initittm
590 1713 665 1741 cordi
683 1719 785 1746 vestro,
804 1719 834 1741 ιιι
852 1715 965 1749 incipiat

180 1756 331 1793 intelligere
344 1759 404 1792 quis
431 1759 467 1786 sit
485 1764 582 1792 puteus
596 1761 629 1788 de
652 1769 706 1795 quo
726 1769 804 1796 aqua:
827 1761 964 1795 spiritales

179 1803 337 1832 haurienda:
350 1809 423 1838 sunt,
438 1809 465 1832 et
481 1805 644 1835 reficiendas
659 1812 701 1835 est
724 1808 893 1835 credentium
914 1815 961 1842 po-

178 1849 269 1884 pulus.
294 1850 402 1878 lnitiate
417 1859 482 1884 ergo
496 1852 532 1883 ei,
559 1853 610 1880 hoc
639 1858 682 1881 est
701 1854 890 1885 lsracli,hunc
911 1863 961 1889 pu-

178 1899 248 1922 teum
265 1904 272 1924 :
289 1901 318 1923 ut
329 1903 437 1925 sensum
459 1898 604 1933 mysticum
620 1899 641 1925 si
656 1900 718 1933 quis
731 1901 862 1927 estcorde
878 1900 960 1927 Deum

178 1943 284 1975 videns,
303 1943 337 1970 de
354 1944 495 1977 profundis
509 1945 595 1977 possit
611 1945 731 1973 haurire.
746 1946 785 1973 Ad
805 1947 885 1974 istum
897 1955 961 1983 ergo

177 1993 287 2023 puteum
308 1993 337 2016 ut
349 1988 469 2023 Moyses,
484 1990 510 2016 id
534 1994 576 2017 est
600 1990 654 2024 lex,
666 1999 716 2019 nos
735 1998 893 2028 congreget,
908 2001 959 2021 non

176 2033 279 2062 frustra
295 2035 398 2062 dictum
411 2035 530 2062 videtur.
543 2036 636 2065 Potest
651 2038 723 2065 enim
737 2039 807 2073 fieri,
820 2045 849 2067 ut
862 2040 959 2075 aliquis

173 2079 270 2107 venire
292 2080 325 2106 ad
355 2080 435 2106 istum
454 2084 566 2114 puteum
591 2082 725 2116 videatur,
755 2084 804 2111 sed
833 2085 883 2112 nisi
913 2093 960 2119 per

174 2124 285 2160 Moysen
299 2130 488 2160 congregetur,
504 2134 556 2154 non
570 2132 746 2163 estacceptus
760 2129 826 2158 Deo.
840 2130 957 2159 Marcion

174 2171 281 2198 venisse
292 2172 343 2199 sibi
358 2172 465 2199 videtur
483 2173 515 2200 ad
532 2174 613 2201 istum
629 2179 753 2209 puteum,
769 2180 797 2202 et
812 2175 958 2210 Basilides,

172 2215 384 2251 etValenlinus,
399 2221 446 2246 sed
463 2220 526 2254 quia
551 2228 603 2248 non
622 2226 754 2248 venerunt
769 2230 819 2257 per
839 2223 958 2259 Moysen,

173 2269 224 2290 nec
246 2269 408 2298 receperunt
429 2265 516 2301 legem
539 2272 565 2294 et
590 2267 749 2302 Prophetas,
769 2277 821 2296 non
847 2276 960 2304 possunt

172 2308 284 2337 laudare
308 2310 451 2339 Dominnru
475 2313 560 2340 Deum
582 2314 616 2341 de
641 2314 763 2343 fontibtts
782 2315 874 2344 Israel.
900 2316 957 2344 Non

171 2362 238 2390 ergo
251 2357 361 2385 veniunt
377 2359 422 2393 qui
439 2358 593 2393 huiusmodi
606 2365 682 2394 sunt,
703 2361 735 2388 ad
754 2367 864 2397 puteum
878 2370 957 2397 qttcm

171 2401 300 2430 foderunt
315 2403 462 2439 principes,
476 2411 502 2434 et
518 2407 689 2434 excuderunt
704 2415 791 2442 reges.
807 2408 861 2435 Sed
875 2409 958 2437 vultis

169 2450 312 2476 ostendam
336 2450 414 2478 vobis
435 2451 469 2478 de
491 2451 656 2487 Scripturis,
671 2453 782 2487 adquos
795 2453 840 2481 isti
862 2459 958 2489 puteos

170 2496 304 2523 veniunt?
318 2495 366 2524 Est
381 2496 459 2524 vallis
469 2498 593 2532 quaedam
605 2498 687 2531 salsa,
705 2499 731 2526 in
744 2507 797 2534 qua
810 2500 878 2528 valle
895 2506 959 2528 sunt

170 2541 242 2574 putei
267 2541 417 2570 bituminis.
430 2541 526 2570 Omnis
538 2550 602 2577 ergo
619 2544 743 2576 haeresis,
758 2549 785 2572 et
800 2552 880 2574 omne
894 2554 957 2581 pec-

169 2591 260 2613 catum
274 2587 299 2613 in
313 2588 383 2614 valle
395 2592 447 2620 est,
461 2594 486 2615 et
502 2589 528 2615 in
543 2589 614 2616 valle
628 2589 711 2617 salsa.
721 2589 866 2623 Peccatum
882 2593 953 2620 enim

167 2635 197 2658 et
214 2632 346 2666 iniquitas
368 2641 421 2660 non
439 2634 565 2661 ascendit
586 2643 707 2668 sursum,
730 2637 777 2664 sed
797 2645 907 2673 semper
920 2640 953 2666 ad

1029 239 1124 265 habet.
1143 238 1172 266 Si
1186 239 1258 266 enim
1277 240 1385 267 veneris
1397 240 1430 266 ad
1454 241 1610 268 hatreticam
1637 243 1808 276 sententiam,

1027 284 1048 311 si
1072 285 1181 312 veneris
1211 286 1244 312 ad
1269 285 1477 313 amaritudinem
1512 288 1625 321 peccati,
1658 289 1758 316 venisti
1781 290 1810 317 ad

1029 336 1125 365 puteos
1156 331 1311 359 bituminis.
1334 331 1473 366 Bitumen,
1497 341 1559 362 esca
1573 339 1600 361 et
1615 336 1808 363 nutrimentum

1027 377 1098 411 ignis
1114 382 1167 407 est.
1186 379 1213 405 Si
1231 386 1296 414 ergo
1322 384 1349 406 et
1366 385 1392 407 tu
1410 382 1563 414 gustaveris
1576 389 1676 416 aquam
1702 382 1738 409 de
1754 383 1809 410 istis

1028 427 1130 459 puteis,
1149 426 1170 453 si
1189 427 1341 460 sumpseris
1353 425 1513 454 hmreticum
1537 435 1660 460 sensum,
1673 428 1695 455 si
1705 429 1808 463 peccati

1026 472 1235 500 amaritudinem
1257 473 1372 508 ceperis,
1392 472 1511 500 fomenta
1526 473 1554 500 in
1575 479 1601 501 te
1625 474 1695 509 ignis
1724 479 1751 502 et
1766 482 1809 510 ge-

1028 519 1123 546 henna:
1143 517 1267 545 incendia
1293 519 1467 552 prteparabis.
1494 518 1528 546 Et
1544 524 1689 554 propterea
1712 520 1746 547 ad
1767 528 1809 548 eos

1027 565 1072 600 qui
1093 565 1189 592 nolunt
1203 565 1236 592 de
1248 565 1292 592 illo
1305 571 1386 600 puteo
1401 571 1501 600 aquam
1518 566 1624 599 bibere,
1640 573 1721 600 quem
1735 568 1808 600 prin-

1027 612 1100 646 cipes
1118 611 1246 638 foderttnt
1272 616 1299 638 et
1324 618 1412 646 reges,
1431 611 1478 639 sed
1496 618 1530 639 ex
1552 612 1612 639 istis
1633 613 1680 647 qui
1700 613 1727 640 in
1743 614 1809 642 valle

1026 657 1130 691 peccati
1161 660 1236 689 sunt,
1260 661 1287 683 et
1313 656 1384 690 ignis
1407 657 1537 684 materias
1565 657 1656 690 alunt,
1685 659 1807 686 dicitur:

1029 712 1038 728 ι
1063 702 1184 729 lncedite
1199 702 1226 729 iu
1241 702 1343 729 lumine
1357 701 1428 736 ignis
1449 703 1533 729 vestri
1553 707 1580 730 et
1599 702 1717 730 ﬂamma:
1730 712 1808 738 quam

1025 750 1101 777 vobis
1125 750 1300 777 accendistis.
1328 759 1337 775 ι
1353 749 1422 782 Quid
1449 756 1515 784 ergo
1528 751 1637 777 canitur
1651 751 1722 785 apud
1741 752 1808 780 hunc

1026 795 1159 829 puteum?
1176 804 1185 821 ι
1201 795 1307 822 lnitiate
1322 795 1358 829 ei,
1379 805 1388 821 ι
1405 795 1534 830 inquit",
1555 805 1565 822 ε
1585 802 1706 831 puteum.
1725 797 1811 826 Fode-

1027 846 1089 868 rnnt
1111 841 1186 868 illum
1205 841 1349 875 principes,
1368 841 1536 869 excuderunt
1563 849 1650 876 reges.
1669 852 1679 868 ι
1692 842 1810 870 Possunt

1024 888 1130 922 quidem
1162 886 1298 921 principes
1311 890 1338 913 et
1360 893 1436 920 rcges
1455 886 1535 914 iidem
1557 887 1641 914 videri
1659 896 1666 915 :
1696 888 1719 915 si
1747 895 1810 916 vero

1024 933 1151 967 distingui
1166 939 1276 960 necesse
1296 936 1349 964 est,
1360 931 1497 966 principes
1508 931 1656 967 Prophetas
1671 933 1809 968 intelliga-

1024 986 1093 1005 mus.
1119 978 1171 1012 lpsi
1187 978 1257 1004 enim
1275 984 1386 1005 sensum
1411 983 1437 1005 et
1457 978 1626 1012 prophetiam
1649 979 1683 1007 de
1698 979 1810 1008 Christo

1023 1023 1156 1051 defossam
1176 1029 1201 1051 et
1218 1023 1368 1051 demersam
1386 1024 1412 1050 in
1427 1023 1560 1058 profundo
1579 1024 1676 1052 litterae
1692 1026 1810 1054 colloca-

1023 1074 1096 1101 runt,
1115 1075 1141 1096 et
1165 1070 1225 1096 ideo
1250 1070 1359 1104 quidam
1387 1076 1418 1096 ex
1449 1068 1514 1103 ipsis
1530 1070 1636 1098 dicebat
1652 1071 1675 1086 ⁷³
1692 1080 1699 1098 :
1716 1081 1725 1098 ι
1754 1072 1810 1100 Nisi

1022 1115 1131 1142 occulte
1148 1115 1300 1146 audieritis,
1315 1114 1433 1149 plorabit
1449 1115 1538 1142 anima
1553 1121 1652 1145 vestra.
1673 1126 1682 1142 ι
1697 1116 1731 1144 Ει
1745 1118 1809 1145 item

1023 1161 1092 1187 alius
1107 1160 1240 1195 Propheta
1269 1160 1333 1187 dicit
1346 1160 1379 1187 ad
1394 1159 1536 1187 Dominum
1552 1161 1576 1176 7‘
1593 1170 1600 1188 :
1619 1170 1629 1187 ι
1649 1161 1737 1194 Quam
1754 1171 1812 1190 ma-

1021 1215 1073 1243 gna
1096 1206 1239 1234 multitudo
1258 1205 1406 1234 dulcedinis
1426 1210 1489 1239 tum,
1502 1207 1624 1240 Domine,
1641 1215 1725 1242 quam
1746 1209 1811 1237 abs-

1020 1253 1135 1282 condisti
1172 1253 1330 1280 timentibus
1349 1253 1389 1280 te!
1409 1262 1417 1278 ι
1437 1253 1480 1280 Isti
1498 1260 1564 1287 ergo
1583 1258 1647 1280 sunt
1660 1254 1811 1289 principes,

1021 1300 1066 1334 qui
1083 1299 1212 1326 foderunt
1231 1299 1302 1326 hunc
1317 1302 1439 1333 puteum,
1459 1306 1535 1334 rcges
1552 1303 1643 1326 autem
1659 1300 1705 1333 qtti
1727 1308 1813 1327 excu-

1020 1346 1118 1373 derunt
1134 1351 1207 1371 eum.
1224 1344 1300 1376 Quod
1322 1344 1399 1375 dixit,
1419 1353 1429 1370 ι
1453 1344 1630 1376 excuderunt,
1655 1353 1664 1370 ι
1682 1345 1718 1372 ab
1732 1353 1813 1372 excu-

1020 1391 1118 1424 dendo,
1134 1398 1187 1417 tton
1204 1390 1238 1417 ab
1253 1389 1402 1417 excidendo
1419 1389 1521 1417 dictum
1543 1393 1596 1417 est.
1612 1389 1717 1417 Excndi
1738 1392 1811 1418 enim

1019 1437 1129 1470 dicitur,
1149 1437 1219 1471 quod
1245 1436 1271 1463 in
1293 1443 1361 1464 saxo
1389 1435 1432 1463 vel
1458 1436 1578 1469 caeditur,
1601 1436 1643 1463 vel
1662 1436 1811 1465 formatur.

1019 1483 1159 1517 Principes
1170 1490 1235 1517 ergo
1256 1487 1384 1517 tanquam
1398 1482 1567 1517 aliquantulo
1581 1482 1741 1516 inferiores,
1770 1483 1811 1511 fo-

980 1525 1002 1554 C
1021 1530 1084 1556 dere
1100 1528 1228 1557 dicuntur
1241 1534 1361 1564 puteum,
1376 1530 1428 1557 hoc
1453 1534 1495 1557 est
1512 1529 1589 1564 quasi
1605 1529 1631 1556 in
1647 1534 1729 1557 terra!
1745 1530 1812 1557 mol-

1021 1575 1077 1603 litie
1105 1575 1276 1603 altitudinem
1304 1576 1449 1611 quamdam
1465 1576 1633 1610 demergere.
1662 1575 1710 1603 Isti
1746 1584 1813 1604 vero

1019 1629 1088 1657 qttos
1105 1629 1183 1656 reges
1198 1621 1326 1656 appellat,
1353 1622 1428 1656 quasi
1443 1621 1638 1649 eminentiores
1664 1629 1698 1650 ac
1709 1622 1809 1650 fortio-

1020 1675 1072 1701 res,
1090 1675 1142 1694 nou
1157 1667 1243 1694 solum
1261 1672 1341 1695 terrae
1355 1666 1529 1702 profundum,
1554 1668 1601 1695 sed
1618 1672 1645 1696 et
1658 1669 1718 1696 saxi
1736 1669 1813 1696 duri-

1020 1714 1083 1741 tiam
1100 1717 1254 1748 penclrant,
1271 1717 1300 1740 ut
1322 1713 1465 1746 pervenire
1478 1713 1582 1748 possint
1597 1713 1631 1740 ad
1645 1713 1814 1748 profundio-

1019 1767 1062 1787 res
1078 1766 1174 1793 aquas,
1187 1764 1214 1786 et
1229 1759 1304 1793 ipsas
1315 1758 1348 1793 (si
1361 1758 1414 1786 dici
1423 1757 1523 1794 potest)
1537 1758 1562 1785 in
1576 1765 1608 1786 eo
1624 1766 1707 1786 venas
1716 1761 1813 1795 abyssi

1017 1808 1241 1838 perscrutentur,
1258 1803 1376 1831 scientes
1397 1803 1500 1839 judicia
1518 1804 1564 1831 Dei
1589 1811 1651 1831 esse
1675 1804 1812 1839 abyssum

1017 1850 1142 1877 inultam.
1160 1850 1227 1876 Istos
1252 1855 1316 1884 ergo
1335 1857 1423 1884 reges,
1439 1849 1485 1884 qui
1505 1855 1560 1876 tant
1587 1849 1725 1884 profunda
1744 1859 1812 1886 pos-

1016 1902 1078 1924 sunt
1104 1901 1132 1923 et
1158 1901 1212 1923 tant
1240 1895 1398 1923 abscondita
1414 1896 1488 1930 putei
1505 1897 1686 1931 perscrutari,
1705 1898 1810 1924 merito

1016 1943 1155 1977 apostolos
1178 1942 1338 1974 dixerimus,
1355 1950 1387 1969 ex
1405 1942 1504 1977 quibus
1523 1942 1622 1977 aliquis
1635 1943 1745 1971 dicebat
1754 1943 1781 1959 τ’
1801 1953 1808 1971 ;

1017 1997 1026 2014 ι
1058 1988 1141 2016 Nobis
1159 1993 1248 2014 autent
1273 1987 1402 2015 revelavit
1423 1989 1493 2016 Deus
1510 1996 1558 2023 per
1578 1988 1714 2024 Spiritum
1739 1998 1808 2016 san-

1014 2038 1098 2061 ctttm.
1116 2034 1233 2068 Spiritus
1259 2033 1330 2060 enim
1347 2034 1437 2061 omnia
1464 2040 1613 2067 scrutatur,
1631 2035 1714 2062 etiam
1747 2036 1804 2062 alta

1014 2077 1073 2104 Dei.
1095 2087 1105 2103 ι
1125 2078 1192 2111 Quia
1211 2085 1276 2113 ergo
1293 2085 1341 2112 per
1358 2077 1488 2112 Spiritum
1510 2085 1626 2115 possunt
1650 2082 1735 2109 etiam
1751 2082 1805 2117 ipsi

1013 2125 1180 2159 perscrutari
1198 2124 1251 2151 alta
1264 2124 1322 2157 Dei,
1339 2124 1429 2151 etalta
1450 2133 1481 2153 ac
1496 2126 1629 2161 profunda
1658 2130 1734 2163 putei
1759 2137 1806 2164 pe-

1014 2174 1123 2197 netrare
1140 2170 1279 2205 mysteria,
1299 2170 1403 2198 idcirco
1419 2180 1498 2207 rcges
1513 2180 1573 2201 esse
1588 2174 1730 2207 dicuntur,
1756 2177 1803 2210 qui

1015 2221 1125 2250 puteum
1141 2217 1222 2243 etiam
1239 2216 1320 2244 istum
1342 2216 1369 2243 in
1395 2223 1474 2251 petra
1491 2219 1663 2253 excuderint,
1681 2227 1715 2247 ac
1733 2220 1804 2247 dura

1011 2266 1038 2288 et
1054 2262 1174 2290 difﬁcilia
1202 2268 1307 2291 secreta
1332 2266 1453 2293 scientiae
1480 2267 1694 2301 penetraverint.
1723 2268 1803 2302 Quod

1010 2315 1100 2335 autent
1122 2317 1198 2345 reges
1210 2310 1261 2338 dici
1275 2312 1380 2346 possint
1395 2313 1477 2341 etiam
1493 2313 1616 2348 apostoli,
1634 2319 1703 2348 pulo
1720 2320 1748 2342 et
1768 2323 1804 2342 ex

1010 2362 1042 2382 eo
1053 2355 1134 2382 facile
1151 2355 1260 2390 probari
1274 2364 1365 2392 posse,
1387 2360 1457 2393 quod
1473 2360 1506 2387 de
1522 2359 1649 2387 omnibus
1663 2361 1803 2388 credenti-

1009 2402 1058 2429 bus
1083 2403 1236 2430 dicilnr”:
1259 2412 1268 2429 ‹
1291 2403 1346 2432 Vos
1359 2411 1449 2432 autem
1471 2414 1558 2441 genus
1583 2407 1686 2441 regale,
1706 2415 1802 2435 sarcr-

1011 2449 1112 2476 dotium
1130 2459 1269 2486 magnum,
1289 2461 1355 2489 gens
1382 2458 1483 2481 sancta.
1505 2463 1515 2480 ι
1536 2453 1565 2480 Si
1582 2460 1648 2488 ergo
1665 2453 1730 2481 illos
1756 2454 1799 2480 di-

1009 2503 1075 2525 cunt
1095 2506 1184 2534 reges,
1209 2501 1254 2535 qtti
1272 2507 1319 2534 per
1336 2499 1448 2526 verbum
1465 2499 1585 2533 ipsorum
1608 2499 1800 2531 crediderunt,

1010 2549 1111 2579 quanto
1126 2546 1211 2580 magis
1228 2546 1280 2581 ipsi
1294 2552 1371 2580 reges
1386 2545 1502 2572 habendi
1532 2550 1606 2577 sunt,
1625 2545 1672 2579 qui
1690 2545 1802 2572 faciunt

1010 2591 1109 2625 reges?
1125 2591 1176 2618 Sed
1203 2596 1230 2618 ct
1245 2592 1306 2619 inde
1318 2590 1397 2618 facile
1411 2592 1559 2627 colligitur.
1577 2592 1604 2618 Si
1619 2591 1694 2618 enim
1719 2598 1799 2626 reges

1009 2644 1022 2662 a
1053 2637 1168 2671 regendo
1194 2637 1331 2671 dicuntur,
1348 2646 1443 2666 ontnes
1470 2638 1564 2672 utique
1591 2637 1640 2672 qui
1655 2636 1800 2664 Eeclesias

167 2677 222 2705 ima
237 2683 265 2705 et
288 2679 395 2706 inferna
412 2680 565 2708 descendit.
581 2681 629 2709 Est
644 2689 709 2718 ergo
723 2682 750 2709 in
765 2683 835 2711 valle
850 2685 991 2731 posituse
1008 2685 1054 2712 Dei
1074 2690 1180 2719 regunt.
1196 2692 1273 2720 reges
1287 2686 1386 2713 merito
1401 2685 1617 2720 appellabuntur,
1638 2686 1727 2713 tnnlto
1748 2693 1799 2711 au-

167 2728 193 2749 et
208 2723 294 2750 salsus
310 2728 393 2758 atque
409 2733 518 2753 amarus
534 2728 622 2755 omnis
646 2727 790 2757 haereticus
807 2739 917 2764 sensus,
926 2736 953 2759 et

165 2768 258 2795 omnis
277 2773 355 2795 actus
369 2771 484 2804 peccati.
502 2771 573 2803 Quid
593 2773 666 2800 enint
683 2774 772 2807 dulce,
789 2777 854 2810 quid
869 2785 951 2805 suave

202 2814 226 2830 ⁸⁸
236 2815 317 2856 ψυηὲ
327 2823 383 2856 xxi,
396 2817 436 2842 l6.
475 2818 631 2856 e’Aibidzl'l.
671 2822 693 2837 ’°
704 2821 808 2850 Coloss.
825 2832 844 2856 ι,
857 2824 900 2854 15.
913 2827 953 2854 16.

166 2847 210 2875 17.
248 2848 272 2864 τ’
298 2849 368 2876 Psal.
396 2858 471 2882 χχιιι,
491 2851 535 2878 20.
574 2853 621 2880 "'l
641 2855 704 2882 Cer.
724 2847 844 2888 ιιζ-ῙόίΙ
857 2847 901 2886 iii

992 2829 1014 2843 ⁷¹
1027 2827 1088 2854 lsai.
1107 2835 1132 2860 L,
1152 2827 1196 2854 ll.

987 2870 1016 2894 ll,
1029 2863 1056 2890 9.

1005 2737 1059 2760 tem
1079 2733 1181 2760 rectius
1198 2732 1247 2766 illi,
1260 2733 1306 2766 qui
1322 2737 1349 2760 et
1361 2733 1421 2760 illos
1437 2734 1509 2768 ipsos
1528 2734 1607 2760 dictis
1622 2738 1708 2766 atque
1727 2734 1799 2761 scri-

1006 2780 1059 2814 ptis
1087 2779 1145 2806 suis
1163 2784 1269 2813 regunt,
1285 2787 1299 2807 a
1315 2781 1413 2814 quibus
1435 2785 1564 2816 reguntur
1591 2779 1734 2809 Ecelesia.
1760 2780 1797 2808 Et

1233 2827 1343 2855 "Num.
1364 2836 1420 2861 ur,
1434 2829 1476 2861 l7,
1492 2828 1534 2856 18.
1573 2829 1596 2844 ⁷³
1610 2828 1715 2857 Jerem.
1732 2837 1795 2863 xm,
