1903 3052
80 140 126 167 (ιιι

670 136 702 163 ΙΝ
721 135 889 164 NUMEROS
906 135 1048 164 liOMlLM
1068 135 1124 163 XII.

1651 134 1703 162 661

79 201 190 232 propter
201 195 255 224 hoc
267 195 350 231 315
370 195 467 222 merito
482 193 612 221 Dominus
629 193 683 220 Rex
699 201 791 228 regum
805 194 871 221 dici-
885 196 907 224 Α
923 194 1002 228 spicit
1025 194 1057 220 ad
1074 194 1169 221 facient
1184 193 1294 220 deserti.
1311 202 1320 217 ι
1339 191 1451 219 Nomina
1466 192 1521 218 Itmc
1533 198 1593 225 qure
1609 191 1703 217 viden-

81 247 125 270 tur
135 241 172 268 ⁷⁷.
186 241 244 270 Nisi
259 242 332 269 enim
347 241 403 272 isti,
437 245 463 268 et
475 239 567 267 caeteri
590 240 635 275 qui
649 247 696 267 eos
717 240 869 271 imitantur,

80 295 162 323 reges
182 287 303 319 fuerint,
319 287 364 314 ille
387 294 441 313 non
469 286 604 313 videbitur
621 292 666 312 rex
689 292 791 320 regum.
819 285 870 313 Sed

79 340 108 362 et
130 335 189 368 ipse
212 333 350 367 apostolus
372 333 470 360 Paulus
494 332 642 360 Corinthiis
672 331 812 363 scribens,
845 337 871 359 et

80 380 156 408 velut
184 387 234 415 per
274 381 420 415 quamdam
461 379 576 406 ironiam
611 377 761 413 corripiens
801 385 869 411 eos,

81 427 155 454 ait"
174 436 181 454 :
200 436 210 453 ι
233 426 298 454 Sine
311 426 390 453 nobis
404 426 536 461 regnatis.
561 429 589 452 et
616 425 718 452 utinam
742 425 869 460 regnetis,

80 476 111 499 ut
125 476 152 498 et
168 478 218 499 nos
232 471 372 509 vobiscum
387 477 541 505 regnemus.
559 479 567 495 ι
582 469 609 496 In
626 476 679 504 quo
693 469 785 503 utique
795 476 870 504 rcges

80 517 191 552 quidem
205 524 265 544 esse
277 516 379 543 debere
393 515 562 547 Corinthios,
578 520 606 543 et
619 515 792 550 semetipsum
807 522 869 542 cum

79 563 114 590 iis
130 569 245 597 regnare
257 562 325 589 velle
344 561 513 597 pronuntiat,
533 560 578 588 sed
592 560 737 588 elationem
751 560 868 587 ttondqu

79 617 130 644 pro
142 609 241 636 merito
258 608 390 642 asstnnpti
408 607 520 635 honoris
537 608 654 634 incusat.
672 606 789 633 Fodiunt
804 614 869 640 ergo

79 655 96 681 ii
111 661 210 681 omnes
225 659 335 688 puteum
353 654 433 680 istum
450 653 587 688 principes
602 657 647 680 :ct
658 652 796 680 excudunt
808 660 868 680 etim

78 708 159 735 reges
176 700 309 735 gentium.
332 699 453 734 Apostoli
469 699 540 726 enim
567 699 702 734 pracipuc
718 705 795 733 reges
807 702 870 725 sunt

79 746 216 782 gentium,
236 746 282 781 qui
299 750 394 781 gentes
411 746 444 772 ad
471 745 652 773 obedientiam
672 745 732 772 fidei
753 751 868 778 congre-

78 796 190 827 garunt,
203 791 339 819 etChristi
354 791 496 819 scientiam
524 790 651 818 omnibus
664 789 867 825 patefecerunt:

82 847 91 863 ι
123 838 152 865 1η
178 845 233 872 quo
249 842 313 864 sunt
330 837 449 864 thesauri
474 835 616 871 sapientia
633 836 689 868 Dei,
709 840 735 863 et
749 835 869 862 scientia:

78 884 233 912 absconditi
249 884 295 910 τέ
321 893 330 909 ι
355 883 505 910 secundum
530 887 694 917 praeceptum
726 881 830 909 Domini
845 881 867 896 °°

78 928 283 956 circumeuntes
313 928 406 954 orbem
437 931 515 953 terra!
532 946 539 959 ,
567 931 594 954 et
623 926 767 961 impleutes
796 926 867 960 quod

79 974 238 1001 mandatum
256 978 308 1005 est,
327 978 356 1000 ut
373 974 488 1001 doceant
500 979 593 1000 omnes
607 976 712 1008 gentes,
725 972 868 1007 baptizan-

79 1026 120 1048 tes
133 1027 183 1047 eas
193 1019 220 1046 in
233 1019 341 1046 nomine
356 1019 454 1051 Patris,
468 1024 496 1046 et
511 1018 583 1051 Filii,
595 1022 622 1045 et
633 1017 752 1053 Spiritus
762 1018 848 1045 sancti
861 1027 866 1045 :

79 1068 106 1089 et
135 1070 185 1097 per
211 1063 269 1090 haec
295 1063 477 1096 excuderunt,
507 1063 559 1090 hoc
589 1066 653 1093 est.
683 1062 869 1097 patefecerunt

79 1108 224 1136 scientiam
247 1109 332 1143 putei,
348 1113 375 1135 et
401 1109 427 1135 in
452 1108 577 1136 notitiam
594 1108 728 1136 universis
742 1109 869 1143 gentibus

79 1155 266 1182 adduxerunt.
282 1154 335 1182 Sed
347 1159 373 1182 et
388 1161 447 1189 qum
461 1161 531 1182 nunc
546 1154 680 1182 habemus
692 1154 718 1182 in
734 1156 867 1187 manibus,

81 1208 142 1235 qua
159 1200 275 1228 recitata
291 1205 355 1228 sunt
367 1200 457 1232 nobis,
470 1204 567 1233 puteus
578 1204 631 1232 est,
646 1205 674 1227 et
687 1201 775 1228 omnis
788 1201 868 1228 simul

79 1244 224 1278 Scriptura
246 1243 313 1278 legis
333 1247 361 1270 et
386 1243 578 1278 prophetarum
595 1250 602 1269 :
618 1243 779 1278 Evangelica
800 1250 867 1277 quo-

78 1296 131 1323 que
146 1294 230 1323 atque
244 1289 398 1323 Apostoiica
417 1289 521 1323 scripta
535 1288 616 1316 simul
632 1289 723 1315 omnia
740 1295 810 1315 unus
828 1292 869 1315 est

79 1339 188 1369 puteus,
207 1341 290 1368 quem
318 1341 372 1361 non
402 1339 515 1368 possunt
539 1333 643 1366 fodere,
658 1334 700 1361 vel
721 1333 867 1367 excudere,

79 1380 132 1407 nisi
158 1380 331 1407 inveniantur
343 1388 421 1415 reges
451 1384 475 1408 et
495 1379 645 1414 principes.
660 1379 731 1407 Vere
742 1379 813 1407 enim
827 1387 869 1407 re-

81 1434 139 1461 ges,
158 1431 186 1453 et
209 1433 274 1454 vere
290 1427 429 1462 principes
449 1427 566 1454 habendi
583 1431 656 1459 sunt,
682 1427 728 1462 qui
756 1432 870 1462 possunt

79 1472 192 1500 auferre
207 1477 308 1499 terram
325 1473 357 1500 de
382 1477 478 1507 puteo,
496 1472 547 1500 hoc
564 1476 618 1506 est,
634 1479 761 1500 amovere
775 1481 869 1507 super-

924 245 966 267 tur
991 241 1111 268 iocorum
1135 247 1196 267 csse
1221 239 1360 271 vocabula,
1385 246 1416 265 cx
1442 238 1629 272 signiticantiis
1649 238 1704 265 suis

923 295 989 320 quas
1001 287 1026 314 iu
1044 287 1133 322 lingua
1150 285 1257 320 propria
1270 285 1421 318 designant,
1435 292 1524 312 rerum
1545 284 1630 320 magis
1647 293 1704 319 my-

922 333 1051 360 sticarum
1067 331 1296 364 consequentiam,
1309 337 1389 364 quam
1405 329 1596 357 vocabulorum
1612 330 1702 365 appel-

923 379 1048 406 lationem
1065 378 1187 406 videntur
1206 377 1359 405 ostendere.
1379 387 1388 403 ι
1411 376 1528 405 Profecti
1540 377 1622 410 enim,
1639 388 1647 403 ι
1663 378 1704 404 in-

921 425 991 459 quit,
1007 433 1016 450 ι
1036 431 1051 450 a
1067 428 1159 458 puteo,
1198 423 1309 451 veniunt
1342 424 1367 450 in
1391 423 1564 451 Mathanaim.
1590 433 1599 449 ι
1617 423 1703 451 Inter-

922 475 1043 506 pretatur
1065 470 1136 497 enim
1164 469 1327 496 Mathauaim
1355 477 1463 496 munera
1487 470 1604 504 ipsorum
1633 470 1700 505 (51).

923 517 1004 544 Vides
1020 523 1084 551 ergo
1095 515 1157 550 quia
1174 515 1195 543 si
1211 515 1272 550 quis
1285 515 1317 542 de
1335 519 1417 550 puteo
1429 515 1481 542 hoc
1495 515 1604 547 biberit,
1623 521 1703 550 quem

921 563 1049 590 foderunt
1069 569 1145 596 reges
1159 566 1185 588 et
1207 561 1354 595 principes,
1371 560 1463 588 statim
1480 560 1587 595 proficit
1600 561 1633 588 ad
1653 561 1704 589 hoc

922 615 951 635 ιιι
962 608 1060 636 habent
1073 615 1184 634 munera
1206 614 1265 641 quas
1280 606 1376 634 offerat
1388 605 1452 633 Deo.
1470 606 1539 639 Quid
1554 610 1645 633 autem
1662 611 1705 633 est

920 655 992 689 quod
1017 655 1097 681 homo
1116 652 1212 681 offerat
1236 652 1314 680 Deo?
1337 652 1393 680 Hoc
1405 652 1491 686 ipsum
1505 652 1578 686 quod
1604 651 1630 678 in
1647 651 1705 686 lege

921 700 1051 734 scriptum
1070 704 1111 727 est
1125 699 1161 724 6‘:
1172 698 1299 725 «Munera
1315 705 1385 730 mea,
1403 707 1411 724 I
1432 698 1483 726 hoc
1493 702 1542 729 est,
1558 697 1620 725 data
1635 705 1703 724 mea.

921 746 958 774 Ex
980 746 1013 773 iis
1033 754 1097 781 ergo
1113 753 1172 780 qua:
1187 745 1258 772 Deus
1281 744 1366 774 dedit.
1392 744 1507 772 oti'erunt
1529 744 1705 772 nihilominus

921 791 1044 818 homines
1061 789 1125 817 Deo.
1153 789 1221 823 Quid
1249 789 1322 816 dedit
1339 788 1409 815 Deus
1433 787 1561 815 homini?
1582 787 1705 822 Agnitio-

920 843 981 863 nem
1006 835 1060 862 sui.
1080 834 1151 868 Quid
1179 841 1245 869 ergo
1265 833 1344 861 offert
1363 833 1439 860 Deo?
1466 832 1559 860 Fidem
1586 840 1662 860 suam
1678 838 1706 861 et

921 882 1055 910 affectum.
1073 881 1128 909 Hoc
1155 886 1197 909 est
1218 881 1288 915 quod
1312 880 1414 915 expetit
1441 881 1476 907 ab
1495 879 1605 907 homine
1623 881 1704 908 Deus.

920 929 1039 964 Denique
1050 929 1087 956 ita
1101 928 1228 963 scriptum
1242 932 1284 955 est
1297 927 1320 943 ⁸⁸
1334 937 1340 954 :
1357 937 1365 952 ι
1384 927 1417 955 Ει
1433 933 1514 959 nunc,
1535 926 1628 960 lsrael,
1642 927 1706 961 quid

920 982 960 1004 est
982 976 1054 1010 quod
1068 975 1198 1002 Dominus
1217 974 1287 1001 Deus
1305 978 1365 1001 tuus
1378 974 1465 1008 poscit
1479 972 1528 1000 abs
1553 978 1589 1006 te,
1603 973 1654 1000 nisi
1677 977 1706 999 ιιι

921 1024 1017 1049 timeas
1039 1022 1181 1049 Dominum
1203 1021 1286 1047 Deum
1314 1024 1401 1048 tuum.
1417 1024 1445 1047 et
1473 1019 1585 1047 incedas
1611 1019 1637 1046 in
1655 1018 1705 1047 viis

919 1068 989 1102 ejus,
1013 1071 1040 1094 et
1054 1066 1152 1101 diligas
1171 1073 1246 1098 eum,
1272 1070 1301 1092 et
1314 1065 1453 1093 custodias
1465 1065 1556 1092 omnia
1577 1064 1704 1091 mandata

920 1113 986 1147 ejus,
996 1117 1023 1141 et
1036 1112 1138 1140 servias
1156 1111 1271 1138 Domino
1289 1111 1343 1138 Deo
1357 1114 1402 1138 tuo
1416 1117 1449 1138 ex
1473 1115 1530 1138 toto
1546 1112 1629 1139 corde
1646 1117 1702 1145 tuo,

920 1165 990 1186 etes
1007 1163 1061 1186 tota
1077 1158 1168 1185 anima
1182 1157 1250 1184 tua?
1270 1167 1280 1183 ι
1295 1157 1347 1184 Ista
1362 1161 1426 1184 sunt
1437 1164 1559 1190 munera,
1572 1157 1623 1184 ista
1634 1157 1704 1185 dona

920 1213 979 1240 qua:
1000 1209 1108 1240 oportet
1133 1204 1247 1232 Domino
1268 1203 1337 1231 dari.
1354 1204 1455 1232 Damus
1473 1208 1563 1231 autent
1579 1203 1638 1231 haec
1649 1203 1704 1231 Do-

921 1252 994 1279 mino
1011 1252 1102 1279 cordis
1127 1250 1213 1279 nostri
1231 1257 1345 1277 munera
1365 1253 1542 1284 posteaquam
1562 1249 1705 1284 agnoveri-

920 1305 980 1325 mus
996 1304 1068 1329 eum,
1082 1300 1109 1324 et
1120 1295 1259 1331 agnitione
1273 1295 1404 1323 bonitatis
1416 1296 1475 1329 ejus
1488 1294 1522 1322 dc
1547 1294 1622 1330 putei
1646 1293 1704 1328 ejus

920 1343 1063 1371 altitudine
1080 1341 1240 1370 biberimus.
1261 1341 1382 1369 Observa
1399 1344 1489 1367 tamen
1508 1340 1645 1374 quomodo
1662 1339 1704 1366 di-

922 1389 992 1416 xerit
1007 1387 1164 1422 Propheta:
1184 1394 1193 1412 t
1224 1385 1256 1413 Et
1279 1392 1351 1413 nunc
1376 1383 1459 1412 Israel
1485 1385 1550 1419 quid
1573 1384 1705 1413 Dominus

922 1436 992 1463 Deus
1008 1440 1069 1461 tuus
1089 1433 1176 1468 poscit
1189 1432 1239 1460 abs
1255 1431 1303 1460 te?
1317 1441 1325 1457 I
1338 1430 1508 1459 Erubescant
1520 1430 1561 1457 illi
1576 1430 1633 1457 haec
1644 1437 1705 1457 ver.

921 1482 965 1513 ba,
985 1481 1031 1516 qui
1056 1483 1155 1515 negant
1182 1478 1209 1506 in
1227 1478 1346 1505 hominis
1373 1477 1487 1506 arbitrio
1503 1483 1563 1504 esse
1582 1475 1650 1510 (52),
1674 1479 1704 1502 ut

80 1519 169 1546 ficiem
195 1518 304 1550 litterae,
322 1522 349 1545 et
372 1519 404 1546 de
431 1518 562 1546 interiore
581 1524 658 1553 petra
681 1519 725 1547 ubi
741 1519 903 1557 Christus-(3
922 1527 1049 1554 salvetur,
1064 1525 1205 1558 Quomodo
1219 1527 1347 1560 posceret
1365 1523 1399 1550 ab
1417 1522 1527 1550 homine
1543 1521 1627 1553 Deus,
1651 1520 1702 1548 nisi

79 1570 131 1598 est,
149 1565 288 1599 spiritales
305 1572 403 1592 sensus
420 1565 493 1592 velut
508 1572 606 1599 aquam
622 1565 709 1593 vivam
731 1567 865 1600 proferre.

79 1610 142 1639 Haec
156 1617 223 1645 ergo
234 1610 323 1638 facere
341 1611 416 1638 decet
431 1617 480 1638 eos
491 1611 574 1642 solos,
590 1611 635 1645 qui
645 1612 687 1639 vel
702 1619 779 1648 reges
790 1618 865 1646 sunt,

79 1657 121 1684 vel
143 1656 292 1692 principes.
321 1655 406 1691 Reges
430 1663 463 1683 ex
482 1663 514 1684 eo
534 1656 600 1684 dicti
618 1658 690 1691 quod
702 1659 807 1692 peccati
823 1666 865 1687 re-

79 1708 162 1735 gnum
175 1703 208 1726 ex
221 1707 335 1734 corpore
350 1707 399 1728 suo
412 1700 577 1735 depulerint,
594 1705 621 1729 et
632 1701 744 1735 iustitia:
755 1711 866 1739 regnum

80 1747 237 1780 paraverint
250 1747 276 1774 in
292 1746 420 1774 membris
431 1747 497 1774 suis.
513 1747 593 1775 Decet
609 1748 681 1776 enim
697 1756 758 1777 eum
770 1749 869 1778 docere

80 1796 204 1823 caeteros,
223 1793 268 1826 qui
287 1792 362 1827 prius
375 1792 472 1820 fecerit
485 1792 542 1827 ipsa
554 1801 613 1828 quae
627 1794 716 1822 docet.
732 1794 778 1823 Sic
794 1797 867 1824 enim

79 1838 211 1873 scriptum
224 1838 310 1869 est“,
326 1838 392 1873 quia
407 1847 416 1864 ι
429 1838 475 1873 qui
487 1838 583 1866 fecerit
598 1840 754 1868 etdocuerit
767 1843 806 1870 sic
819 1842 868 1870 ho-

81 1883 180 1915 mines,
209 1884 252 1911 hic
268 1891 382 1919 magnus
395 1884 536 1912 vocabitur
551 1885 578 1912 in
597 1893 680 1921 regno
697 1887 838 1915 caelorum.
856 1898 865 1915 ι

79 1927 208 1964 Magnum
222 1935 312 1956 autem
328 1936 388 1957 esse
401 1930 427 1957 in
440 1937 532 1964 regno,
547 1930 602 1959 hoc
624 1936 666 1959 est
690 1939 780 1967 regem
797 1941 868 1962 esse.

82 1985 90 2000 σ
108 1975 287 2003 Excuderunt
302 1982 374 2008 eum,
399 1985 407 2001 ι
426 1975 513 2010 inquit
525 1975 558 2008 ⁸⁷,
581 1986 590 2002 ι
610 1984 687 2012 reges
698 1979 818 2013 gentium
836 1981 863 2007 in

80 2030 164 2058 regno
182 2030 241 2054 suo,
258 2022 322 2050 dum
339 2023 547 2052 dominarentur
558 2025 608 2052 eis.
626 2034 636 2051 ι
652 2024 692 2053 Re
716 2026 788 2053 enim
806 2033 868 2053 vera

79 2075 131 2095 ιιοιι
146 2073 263 2102 possunt
278 2068 370 2096 fodere
381 2075 490 2104 puteum
504 2070 597 2103 istum,
609 2077 659 2097 nec
669 2070 783 2098 latentes
793 2079 869 2106 aqua:

79 2114 147 2141 vit-az
163 2122 248 2142 venas
264 2115 379 2149 aperire,
393 2117 443 2143 nisi
459 2117 536 2152 prius
548 2117 716 2144 dominatum
733 2118 869 2145 tenuerint

79 2160 199 2194 gentium
223 2160 412 2190 barbararum.
433 2161 519 2190 Omne
535 2163 608 2190 enim
631 2162 762 2198 quidquid
779 2163 805 2190 in
829 2163 868 2191 eis

79 2206 166 2232 ferum
183 2205 234 2232 fuit
247 2207 272 2233 in
293 2206 412 2239 actibus,
437 2207 566 2242 quidquid
584 2207 610 2235 in
634 2208 753 2236 moribus
767 2208 867 2236 barba-
884 2200 905 2227 Ῑ)

79 2258 150 2285 rum,
160 2251 183 2279 si
192 2252 363 2279 edomuerint
375 2256 402 2279 et
416 2252 580 2287 subiecerint
588 2253 662 2288 regio
674 2255 777 2287 sensui,
788 2255 869 2282 etde-

80 2297 176 2324 minati
188 2296 291 2324 fuerint
301 2298 350 2330 eis,
364 2298 399 2325 ita
412 2304 441 2326 ut
452 2299 484 2326 de
492 2303 591 2327 caetero
600 2307 651 2327 non
667 2300 813 2335 gentiliter,
821 2301 867 2329 sed

80 2342 199 2374 legitime
215 2348 305 2378 agant,
313 2343 357 2371 isti
371 2349 433 2372 sunt
443 2351 507 2372 vere
515 2352 593 2379 reges
607 2345 740 2379 profunda
748 2346 820 2380 putei
831 2347 867 2373 ri-

80 2393 196 2421 mantes,
207 2394 235 2416 et
245 2388 318 2416 verbi
328 2388 373 2417 Dei
384 2397 483 2417 arcana
493 2398 525 2418 ac
534 2391 647 2427 mystica
656 2395 869 2425 perscrutantes.

112 2436 138 2463 5.
156 2435 222 2462 Post
237 2435 304 2468 hinc,
323 2444 332 2461 α
348 2440 375 2463 et
390 2443 405 2463 τι
419 2441 511 2471 puteo,
531 2446 540 2463 ι
570 2437 655 2471 inquit
671 2437 704 2470 ⁸³,
723 2447 732 2463 ι
756 2438 869 2472 profecti

80 2486 141 2509 sunt
161 2480 343 2513 Mathanaim,
360 2486 388 2509 et
401 2489 415 2508 a
433 2481 596 2509 Mathanaim
618 2482 644 2509 iu
662 2482 795 2516 Nahaliel,
812 2488 840 2511 et
853 2492 867 2511 a

81 2527 203 2555 Nahaliel
217 2528 244 2554 in
261 2527 388 2560 Bamoth,
403 2532 452 2555 eta
465 2527 578 2555 Bamoth
591 2528 617 2555 in
634 2536 728 2557 nemus
741 2530 812 2564 quod
824 2535 866 2558 est

80 2573 105 2600 in
121 2581 221 2608 campo
237 2572 327 2606 Moab,
346 2581 360 2600 a
378 2573 479 2601 vertice
505 2575 604 2602 montis
625 2575 725 2602 excelsi
753 2576 798 2610 qui
820 2583 864 2602 re-

122 2631 145 2648 ἸῚ
161 2631 221 2664 APO

81 2673 135 2700 ut,
160 2665 204 2693 18.

222 2638 320 2660 c.xtx,
344 2630 388 2656 16.

260 2666 283 2681 ”
313 2666 387 2698 ibid.,
402 2666 444 2697 18,
462 2666 503 2697 l9,
519 2667 565 2694 εις).

114 2725 169 2761 (3|)
185 2725 383 2761 Interpretatur
402 2725 470 2761 enini
493 2725 659 2752 Mat/tanaim
679 2731 860 2753 uuasaatrso-

85 2768 145 2789 non.
160 2759 182 2788 Α
201 2760 296 2788 radice
311 2764 357 2803 τῇ]
375 2768 384 2784 ι
402 2759 484 2792 dedit,
504 2771 512 2786 ι
528 2763 556 2789 lit
570 2765 628 2802 in:
642 2761 784 2788 «donum»

113 2808 168 2842 (32)
184 2807 231 2834 Sic
248 2813 346 2842 omnes
361 2805 515 2842 mss.l.ibb.
531 2811 621 2834 autem
639 2807 703 2835 cditi
724 2816 730 2834 :
751 2817 760 2833 ι
777 2807 803 2835 itt
819 2808 868 2836 lio-

81 2842 149 2870 mine
162 2850 224 2870 esse
240 2841 359 2869 liberum
374 2841 526 2869 arbitrium.
542 2851 551 2867 ι

614 2667 636 2682 ⁸³
655 2667 732 2694 Νυιιι.
757 2676 801 2696 xv.

426 2631 448 2645 ⁷⁸
465 2631 473 2657 l
494 2630 557 2658 Cor.
576 2639 612 2663 Iv,
630 2632 656 2659 8.
696 2633 831 2662 7"Coloss.
853 2635 920 2664 ".5.
957 2633 980 2650 ⁸ο
996 2632 1090 2660 Matth.
1104 2640 1198 2664 xxvm,
1219 2634 1262 2661 19.

426 2667 444 2696 ς,
462 2666 503 2696 l9.
519 2667 565 2694 εις).
614 2667 636 2682 ⁸³
655 2667 732 2694 Νυιιι.
757 2676 801 2696 xv.
853 2670 875 2686 ⁸⁵
891 2669 966 2696 Deut.
991 2676 1019 2696 x.
1045 2668 1088 2695 12.
1136 2668 1158 2683 ⁸⁸
1180 2668 1262 2696 Matth

912 2676 966 2697 eut.
991 2676 1019 2701 x,
1045 2676 1088 2695 :2.

919 1572 1031 1600 haberet
1055 1571 1138 1598 homo
1158 1571 1185 1597 in
1205 1577 1253 1597 sua
1269 1572 1414 1605 potestate,
1427 1569 1496 1603 quod
1509 1567 1631 1603 poscenti
1646 1567 1701 1595 Deo

918 1617 1030 1644 deberet
1045 1615 1166 1643 offerre?
1192 1614 1262 1642 Sunt
1284 1620 1351 1649 ergo
1363 1621 1423 1649 quae
1439 1614 1538 1641 dantur
1555 1620 1568 1639 a
1587 1612 1652 1644 Deo,
1677 1616 1704 1640 et

918 1663 982 1686 sunt
998 1666 1058 1694 quae
1073 1660 1231 1693 praebentur
1256 1658 1291 1686 ab
1315 1659 1434 1687 homine.
1461 1657 1542 1686 Verbi
1560 1657 1659 1693 gratia,
1677 1657 1704 1684 in

919 1705 1029 1733 homine
1047 1704 1098 1731 fuit
1113 1709 1143 1732 ut
1168 1711 1221 1731 una
1239 1711 1301 1731 mna
1321 1704 1424 1732 faceret
1439 1704 1533 1731 decem
1550 1709 1639 1736 mnas,
1659 1707 1706 1730 aut

919 1759 971 1778 una
994 1758 1056 1778 mna
1075 1750 1179 1778 faceret
1203 1750 1326 1784 quinque
1343 1757 1422 1777 muas
1437 1749 1470 1776 “.
1490 1749 1530 1777 Ex
1546 1749 1599 1777 Deo
1613 1753 1704 1777 autem

919 1797 979 1829 fuit,
993 1797 1145 1824 uthaberet
1159 1797 1241 1823 homo
1267 1803 1370 1829 mnam,
1386 1802 1417 1823 ex
1440 1802 1492 1829 qua
1515 1795 1603 1822 facere
1615 1799 1706 1829 posset

921 1844 1013 1871 decem
1047 1849 1137 1870 mnas.
1163 1841 1231 1869 Cum
1258 1847 1348 1868 autem
1373 1841 1472 1868 obtulit
1497 1847 1529 1868 ex
1559 1847 1588 1868 se
1612 1840 1704 1868 decem

919 1896 1010 1921 mnas.
1027 1889 1132 1923 accepit
1146 1895 1240 1915 rursus
1259 1895 1272 1914 a
1290 1887 1344 1914 Deo
1355 1894 1409 1914 non
1422 1886 1477 1920 jam
1490 1886 1644 1921 pecuniam,
1658 1886 1704 1914 sed

920 1938 1081 1970 potestatem
1109 1939 1137 1962 et
1155 1941 1266 1969 regnum
1292 1933 1385 1961 decem
1404 1932 1555 1960 civitatum.
1574 1930 1644 1958 Petit
1656 1932 1705 1958 ite-

920 1989 980 2008 rum
995 1981 1064 2008 Deus
1087 1980 1121 2008 ab
1142 1980 1290 2011 Abraham,
1310 1983 1340 2006 ut
1355 1977 1464 2006 oﬂ’erret
1480 1978 1505 2005 ei
1530 1977 1606 2005 Isaac
1621 1977 1704 2004 lilium

920 2033 997 2054 suum
1028 2026 1055 2052 in
1093 2029 1212 2052 montem
1249 2030 1451 2059 quemcumque
1479 2021 1643 2050 ostendisset
1667 2022 1704 2048 ei.

919 2070 1173 2098 ObtulitAbraham
1194 2069 1344 2103 intrepidus
1373 2068 1543 2103 unigenitum
1558 2068 1593 2100 ⁸⁷,
1621 2067 1706 2102 impo-

920 2116 975 2143 suit
986 2123 1067 2150 super
1080 2122 1167 2147 aram,
1185 2115 1303 2142 cultrum
1317 2113 1412 2141 eduxit
1427 2118 1457 2140 ut
1477 2114 1625 2149 jugularet,
1639 2114 1707 2141 inhi-

920 2162 1000 2189 betur
1011 2161 1152 2193 continuo,
1165 2165 1193 2188 et
1208 2161 1280 2188 aries
1297 2161 1322 2187 ei
1340 2168 1388 2195 pro
1404 2160 1460 2187 lilio
1473 2160 1553 2188 datur
1578 2159 1611 2187 ad
1626 2159 1704 2187 victi-

921 2215 1003 2235 mam.
1039 2207 1118 2234 Vides
1131 2214 1196 2242 ergo
1223 2206 1286 2241 quia
1321 2214 1380 2241 qum
1406 2207 1460 2234 Deo
1480 2205 1629 2240 offerimus,
1654 2212 1706 2233 no-

919 2255 961 2282 bis
985 2258 1097 2281 manent
1121 2261 1128 2280 ε
1153 2254 1200 2281 sed
1228 2254 1260 2280 ad
1290 2254 1340 2281 hoc
1377 2253 1544 2289 expetimur,
1572 2257 1601 2280 ut
1624 2253 1650 2280 in
1673 2253 1706 2280 iis

919 2299 1032 2328 affectus
1065 2304 1156 2327 noster
1184 2306 1247 2334 erga
1282 2299 1366 2327 Deum
1405 2299 1535 2334 probetur
1566 2303 1594 2326 et
1628 2299 1705 2326 fides.

922 2345 986 2373 Hinc
1012 2352 1060 2380 pro
1092 2353 1124 2373 eo
1149 2345 1222 2380 quod
1247 2345 1366 2373 diximus
1392 2347 1528 2380 profectos
1551 2352 1612 2373 esse
1635 2345 1706 2372 ﬁlios

920 2389 1000 2418 Israel
1022 2399 1036 2418 a
1057 2395 1146 2426 puteo,
1162 2395 1189 2418 et
1203 2391 1309 2419 venisse
1330 2392 1355 2419 in
1377 2390 1553 2424 Mathanaim,
1569 2391 1639 2426 quod
1663 2391 1706 2418 in-

920 2441 1083 2472 terprelatur
1111 2445 1219 2465 munera
1236 2445 1336 2464 eorum.
1369 2439 1389 2465 A
1420 2437 1585 2465 Mathanaitn
1615 2440 1704 2463 autem

918 2483 1039 2510 venimus
1074 2483 1100 2510 in
1135 2482 1258 2510 Nahaliel
1284 2484 1360 2518 (55),
1399 2484 1472 2519 quod
1513 2484 1705 2518 interpretatur

916 2528 997 2564 315
1018 2536 1050 2556 ea:
1067 2528 1131 2556 Deo.
1153 2528 1222 2562 Quid
1235 2536 1266 2556 ex
1290 2529 1365 2556 Deo?
1380 2529 1558 2563 Posteaquam
1573 2527 1704 2555 obtuleri-

916 2583 975 2602 tnus
992 2581 1042 2602 nos
1066 2581 1126 2610 qua:
1157 2582 1189 2602 ex
1212 2574 1289 2602 nobis
1315 2578 1390 2606 sunt,
1407 2574 1530 2601 venimus
1553 2573 1586 2601 ad
1608 2572 1660 2600 hoc
1674 2576 1705 2601 ut

1310 2633 1331 2649 ⁸¹
1349 2632 1533 2663 Matth.v,19.
1581 2631 1604 2648 θ’
1625 2631 1703 2659 Nunt.

1136 2668 1158 2683 ⁸⁸
1180 2668 1274 2696 Matth.
1302 2677 1363 2696 xxv.
1432 2667 1454 2683 ⁸⁷
1468 2667 1568 2695 Genes.
1583 2675 1650 2695 nn.

958 2726 1013 2760 (55)
1041 2726 1118 2759 Quod
1133 2726 1321 2762 interpretatur
1341 2735 1374 2753 ea:
1392 2726 1454 2754 Deo.
1475 2726 1584 2762 Aliquid
1598 2726 1706 2754 videtur

922 2762 1037 2797 deiicere
1062 2767 1176 2797 :Vneque
1200 2761 1272 2797 enim
1292 2761 1415 2789 Nahaliel
1442 2762 1509 2790 verti
1530 2761 1623 2797 potest
1642 2769 1704 2797 gex

923 2796 989 2829 Deo,
1011 2805 1019 2821 ι
1042 2796 1088 2824 sed
1106 2804 1115 2821 ι
1131 2789 1271 2830 possessio
1288 2803 1347 2822 mea
1359 2804 1390 2823 ex
1409 2796 1463 2825 Deo
1481 2806 1489 2823 ι
1506 2805 1521 2824 a
1536 2789 1634 2825 'radice
1654 2789 1706 2827 ΒΓΗ

921 2841 1049 2878 possedit.
1070 2847 1096 2869 ct
1111 2841 1219 2869 nomine
1236 2832 1273 2871 ΒΝ
1290 2840 1374 2869 Deus.
