1903 3052
205 140 258 166 665

945 129 1109 159 OIlICENIS

1779 120 1825 149 6M

205 200 402 229 consequamur
415 199 445 220 ea
459 198 518 227 qua:
533 199 564 218 ex
581 191 637 218 Deo
655 194 726 218 sunt.
746 189 812 216 Cum
825 189 897 215 enim
914 188 992 215 fidem
1006 191 1030 218 Α
1045 186 1233 214 Transibimus
1247 190 1295 220 per
1309 187 1409 210 terram
1431 186 1515 215 tuam,
1539 188 1589 216 per
1604 180 1676 207 viam
1699 179 1825 207 transibi-

206 245 328 269 nostram
341 243 370 266 et
395 238 519 265 affectum
544 236 722 264 obtulerimus
739 235 775 266 ei,
795 239 860 262 tunc
882 239 910 261 et
936 234 992 268 ipse

205 287 322 322 largitur
334 286 412 313 nobis
426 285 532 312 diversa
551 283 621 310 dona
635 282 753 317 Spiritus
766 281 865 313 sancti,
881 282 914 308 de
929 281 991 314 qui-

205 333 257 360 bus
267 332 332 359 dicit
345 330 490 365 Apostolus
501 329 523 345 ³⁸
540 337 563 355 :c
579 328 675 356 Omnia
682 331 772 354 autem
783 333 816 353 ex
832 326 886 353 Deo
898 330 989 353 sunt.)

206 379 240 406 Et
255 386 269 406 a
289 376 410 405 Nahaliel
425 376 549 404 venimus
563 375 590 402 in
606 373 732 405 Bamoth,
742 372 814 408 quod
830 372 992 406 interpreta-

205 430 248 452 tur
267 424 396 450 adventus
411 422 502 448 mortis
519 420 588 455 (3A).
608 417 692 452 Cujus
707 417 804 444 mortis
829 417 873 444 lric
894 415 993 443 intelli-

204 470 295 502 girnus
312 469 473 497 adventum.
489 466 539 494 nisi
560 465 644 497 illius,
655 471 710 498 qua
720 463 830 491 Christo
843 461 992 490 commori-

203 523 266 542 mur
278 515 311 547 ",
328 519 358 541 ut
369 519 396 542 et
408 513 583 541 convivamus
596 511 632 543 ei,
648 515 674 537 et
682 517 735 545 qua
750 509 879 536 debemus
900 506 993 534 morti-

205 561 287 588 ﬁcare
304 559 426 587 membra
450 562 553 588 nostra,
569 563 630 591 qua:
645 560 708 584 sunt
729 561 810 589 super
835 558 935 581 terram
950 551 993 579 ὀἳ

203 607 238 634 Ει
250 608 348 633 iterum
362 605 385 621 "
406 611 411 628 :
435 613 444 629 ι
459 602 615 637 COnsepulti
630 601 703 628 enim
719 601 757 628 illi
774 606 867 628 sumus
885 606 933 633 per
945 599 993 626 ba-

206 652 336 685 ptismum
353 651 379 677 in
401 654 498 676 morte.
515 658 525 674 ι
543 648 572 675 Si
600 647 662 682 quis
680 654 744 681 ergo
763 645 891 673 salutaris
913 644 992 677 hujus

203 699 254 726 via:
267 698 389 726 ordinem
411 702 494 728 tenet,
513 702 561 728 per
579 695 637 722 haec
652 693 756 728 singula
773 699 834 727 quae
856 698 992 718 memora-

205 745 295 772 vimus
315 744 366 770 iter
383 749 464 777 agere
482 741 571 772 debet,
595 744 624 767 ct
648 740 742 767 venire
761 742 823 773 post
850 737 934 764 multa
959 735 992 764 ad

206 791 279 818 hunc
295 789 397 820 locum,
414 794 494 822 quem
522 785 641 813 diximus
662 784 817 818 signiﬁcare
832 783 928 810 mortis
945 782 993 809 ad-

204 840 330 864 ventum.
344 834 378 862 Ut
393 837 480 861 autem
496 840 529 860 ex
545 830 695 865 Scripturis
709 829 850 860 docemur,
868 832 909 855 est
920 835 990 862 quae-

1044 240 1116 266 rnus,
1128 239 1181 259 non
1199 230 1396 258 decliuabimus
1411 235 1498 262 neque
1513 227 1540 254 in
1561 233 1668 262 agrum,
1693 232 1781 259 neque
1802 225 1825 250 in

1043 279 1160 306 vineam.
1182 277 1239 304 Non
1255 277 1377 303 bibemus
1393 281 1490 309 aquam
1506 273 1538 300 de
1553 273 1610 301 lacu
1625 276 1683 304 tuo,
1698 271 1741 298 via
1760 271 1827 305 regia

1043 324 1212 356 iucedcmus,
1226 327 1366 356 usquequo
1382 325 1551 347 transeamus
1561 318 1627 345 lines
1643 322 1715 344 tuos.
1732 316 1767 343 Et
1779 323 1827 343 non

1042 368 1177 397 concessit
1193 367 1264 394 Seou
1278 370 1307 393 ut
1322 364 1403 393 Israel
1420 363 1548 391 transiret
1565 369 1613 397 per
1622 362 1691 389 ﬁnes
1705 367 1782 388 suos.
1799 359 1829 386 Et

1043 414 1154 450 collegit
1168 413 1241 441 Seou
1260 418 1368 440 omnenr
1389 409 1521 445 populum
1537 415 1629 441 suum,
1647 412 1675 434 et
1691 406 1761 434 exiit
1774 405 1829 432 bel-

1043 462 1160 496 ligerare
1186 459 1328 486 adversum
1356 456 1440 484 Israel
1462 456 1488 482 in
1509 455 1629 486 deserto,
1658 457 1688 480 et
1711 452 1788 479 venit
1805 452 1828 477 iu

1043 508 1156 538 Assaar,
1173 510 1201 533 et
1215 510 1379 539 congressus
1395 507 1437 530 est
1457 509 1518 529 cum
1540 499 1634 533 Israel,
1650 504 1678 526 et
1698 497 1831 533 percussit

1043 562 1104 582 eum
1117 552 1200 581 Israel
1210 558 1277 578 nece
1288 549 1381 585 gladii,
1393 553 1421 577 et
1434 547 1565 576 dominati
1574 551 1639 575 sunt
1652 550 1734 573 terrae
1746 544 1828 579 ejus.-

1043 598 1161 627 IIistoria
1175 597 1285 632 quidem
1303 593 1444 622 manifesta
1461 592 1568 626 est,sed
1581 592 1765 626 deprecemur
1782 590 1831 617 Do-

1043 644 1160 675 minum,
1178 647 1207 669 ut
1230 640 1330 675 aliquid
1356 639 1468 674 dignum
1496 637 1634 672 possimus
1654 635 1831 663 interioribus

1043 689 1103 723 ejus
1114 687 1240 716 sensibus
1253 685 1405 721 pervidere.
1419 683 1490 710 Seon
1502 681 1636 717 duplicem
1654 681 1741 708 habet
1753 681 1831 707 inter-

1043 734 1233 768 pretationem,
1261 732 1319 758 sive
1344 731 1424 756 arbor
1450 727 1630 762 infructuosa,
1654 727 1714 754 sive
1738 726 1831 753 elatus.

1043 779 1124 806 Mittit
1138 779 1223 814 igitur
1238 776 1321 804 Israel
1335 776 1437 811 legatos
1455 774 1489 802 ad
1501 774 1584 807 Seou,
1599 772 1683 800 mittit
1701 772 1737 799 ad
1756 772 1833 799 arbo-

1044 831 1101 851 rem
1114 823 1324 854 infructuosam,
1339 821 1422 848 mittit
1438 819 1472 846 ad
1490 818 1604 852 elatum,
1624 823 1654 845 et
1673 817 1832 852 superbum.

206 881 269 908 dam
287 887 360 907 mors
378 879 488 906 inimica
506 862 618 909 Christi,
634 881 662 904 et
679 876 802 910 quaedam
822 875 908 902 amica
923 874 990 909 ejus.
1007 865 1028 892 Β
1045 870 1093 897 Hic
1106 873 1195 896 aulem
1209 867 1291 900 Seou.
1304 873 1351 894 rex
1368 870 1409 893 est
1421 864 1655 895 Amorrhalorum,
1666 863 1716 897 qui
1739 867 1768 890 et
1786 862 1833 897 ipsi

204 926 263 953 Non
279 932 346 959 ergo
362 924 434 951 illius
447 922 542 950 mortis
554 921 619 949 dicit
631 920 748 948 inimicae
766 920 878 952 Christi,
895 920 927 947 de
940 926 992 954 qua

207 971 308 998 dicitur
322 970 357 1002 ”,
376 978 385 995 ι
402 968 572 996 Novissimns
585 967 710 994 inimicus
719 966 877 994 destruetur
890 972 989 996 mors,»

205 1017 251 1051 qni
267 1020 310 1043 est
327 1014 475 1043 diabolus:
493 1013 540 1041 sed
556 1012 636 1047 hujus
655 1011 754 1038 mortis
778 1018 830 1046 qua
848 1009 993 1051 commori-

205 1069 266 1088 mur
276 1060 302 1088 ei
315 1064 343 1086 ut
357 1064 385 1086 ct
395 1058 572 1086 convivamus
584 1057 609 1084 ei
628 1064 634 1083 :
649 1056 805 1096 _secundum
822 1062 902 1090 quam
914 1049 993 1082 'mor-

206 1111 260 1133 tem
277 1105 343 1133 dicit
362 1104 432 1132 Deus
447 1104 470 1120 ”
487 1111 494 1129 :
515 1111 524 1129 r
549 1101 606 1137 Ego
630 1101 764 1133 occidam,
789 1105 817 1127 et
836 1099 928 1127 vivere
950 1099 993 1126 fa-

205 1149 287 1177 ciam.
309 1158 319 1175 r
335 1148 442 1177 Occidit
457 1147 528 1175 enim
552 1151 583 1174 ut
599 1145 811 1174 commoriamur
828 1143 948 1177 Christo,
966 1147 994 1171 et

205 1194 298 1222 vivere
315 1193 382 1221 facit
395 1197 424 1220 ut
442 1193 620 1220 convivamus
633 1191 671 1217 ei.
693 1189 847 1225 Optandqu
861 1197 927 1224 ergo
941 1196 992 1215 no-

205 1240 248 1268 bis
259 1243 312 1271 est,
333 1243 363 1267 ut
377 1238 518 1266 veniamus
546 1237 573 1264 in
596 1236 720 1268 Bamotb,
741 1239 769 1262 et
791 1234 993 1270 promptissime

205 1285 385 1319 suscipiamus
397 1284 483 1311 beata:
496 1282 576 1316 hujus
592 1281 687 1308 mortis
698 1280 855 1311 adventum,
870 1283 898 1306 ut
912 1283 939 1306 et
953 1278 993 1305 vi-

205 1330 309 1357 vificari
336 1337 397 1356 cum
419 1327 527 1356 Christo
544 1332 707 1354 mereamur.
737 1334 746 1350 r
766 1324 800 1352 Et
815 1333 848 1352 ex
868 1323 991 1356 Bamoth.

206 1375 304 1410 inquit,
323 1374 350 1401 iu
367 1381 472 1405 nemus,
489 1372 561 1408 quod
576 1376 618 1399 est
637 1371 663 1398 in
678 1377 774 1405 campo
787 1369 876 1402 Moab,
896 1377 911 1396 a
932 1375 993 1396 ver-

204 1422 260 1450 tice
271 1421 371 1449 montis
387 1419 500 1451 excelsi,
519 1418 565 1452 qui
587 1417 699 1453 respicit
713 1417 746 1444 ad
762 1417 913 1444 desertum.
930 1425 939 1442 »
962 1415 991 1443 Si

209 1469 261 1495 hoc
276 1467 374 1494 itinere
389 1465 547 1493 inccdamus
563 1463 634 1499 quod
647 1470 700 1490 uon
721 1467 774 1490 tam
792 1461 914 1490 Iocorurn
942 1469 990 1488 vo-

205 1514 321 1547 cabulis,
344 1521 426 1548 quam
454 1513 550 1540 anima:
579 1509 746 1546 profectibus
769 1513 895 1537 constare
920 1508 990 1535 ratio

206 1560 407 1595 explanationis
421 1559 549 1592 asseruit,
561 1562 622 1593 post
636 1556 727 1584 omnia
749 1556 800 1583 ista
824 1555 947 1582 vertimus
962 1555 989 1581 in

207 1614 314 1638 nemus,
327 1606 384 1634 sive
399 1604 441 1640 (ut
461 1604 488 1632 in
513 1604 575 1631 aliis
598 1602 713 1630 habetur
738 1600 947 1636 exemplaribus)
963 1599 989 1627 in

205 1651 314 1684 .lanam,
341 1651 412 1686 quod
441 1650 633 1683 interpretatur
657 1655 792 1678 ascensus,
820 1646 878 1674 sive
902 1650 990 1672 vertex

207 1696 303 1724 montis
319 1695 384 1732 (35).
400 1695 451 1723 Per
467 1695 523 1723 haec
536 1701 602 1729 ergo
617 1693 724 1721 venitur
735 1692 769 1720 ad
780 1691 846 1719 illud
866 1691 990 1718 famosis-

207 1743 305 1770 simum
321 1741 403 1768 divini
427 1740 546 1776 paradisi
572 1745 679 1771 nemus,
694 1742 722 1765 et
741 1743 862 1765 ammnas
878 1736 990 1764 delicias

207 1787 383 1815 habitationis
396 1786 524 1820 antiquae,
542 1784 584 1812 vel
604 1788 678 1812 certe
700 1784 734 1811 ad
752 1783 883 1810 verticem
899 1782 990 1817 perfe-

205 1833 304 1860 ctionis
329 1837 358 1859 et
383 1831 557 1860 beatitudinis
584 1830 766 1858 summitatem
783 1829 840 1856 :ita
861 1833 890 1855 ut
905 1828 991 1863 possit

204 1877 286 1904 etiam
300 1877 358 1911 ipse
372 1877 475 1909 dicere,
489 1875 552 1910 quia
572 1884 581 1900 r
595 1873 766 1902 resuscitavit
783 1881 832 1901 nos
845 1880 906 1900 curn
921 1873 988 1907 ipso,

204 1927 233 1950 et
248 1922 344 1950 sedere
363 1921 428 1950 fecit
446 1921 473 1949 in
495 1919 651 1949 cmlestibus
664 1920 690 1946 iu
704 1918 813 1946 Christo
829 1919 862 1944 ³⁷⁵.
880 1927 890 1945 ›
909 1918 990 1945 Vides

203 1974 345 2003 quousque
356 1966 514 2002 pervenitur
526 1973 541 1992 a
554 1965 653 2000 puteo?
670 1964 751 1991 Vides
761 1964 859 1999 quibus
871 1963 990 1990 mansio-

205 2014 297 2046 nibus,
313 2014 368 2040 imo
387 2013 485 2047 quibus
496 2010 675 2046 profectibus,
691 2010 743 2036 iter
761 2009 859 2036 animat
877 2013 989 2043 paratur

207 2058 239 2085 ad
251 2057 370 2085 coelum?
384 2057 449 2090 Quae
474 2057 497 2084 si
516 2055 659 2090 diligenter
680 2054 820 2090 inspicias,
842 2053 898 2088 ipse
919 2053 990 2087 apud

205 2103 379 2138 temetipsum
403 2102 577 2137 quotidianos
598 2100 737 2136 profectus
753 2105 814 2126 tuos
831 2099 986 2132 discutiens,

205 2149 305 2184 quibus
318 2150 344 2176 in
356 2148 423 2176 locis
436 2149 485 2181 sis,
498 2152 526 2175 et
536 2154 617 2183 quam
633 2147 772 2181 proximus
783 2145 816 2173 ad
833 2152 915 2180 regna
933 2152 989 2172 cce-

1045 916 1261 949 iuterpretantur
1278 914 1305 940 in
1319 911 1521 940 amaritudinem
1543 910 1715 940 adducentes.
1737 908 1781 935 vel
1797 907 1834 934 to-

1043 965 1149 996 quentes
1167 959 1234 995 (56).
1249 958 1331 986 Mittit
1344 964 1409 992 ergo
1421 956 1455 983 ad
1470 955 1541 983 Seou
1553 961 1645 989 regem
1659 954 1834 981 Arnorrhmo-

1044 1014 1102 1034 rum
1116 1005 1221 1040 Moyses
1236 1004 1328 1032 verbis
1347 1001 1468 1038 paciﬁcis
1481 1002 1575 1029 dicens
1589 1009 1596 1027 :
1612 1009 1621 1026 r
1643 999 1835 1026 Transibimus

1043 1061 1091 1089 per
1106 1058 1204 1081 terram
1221 1056 1305 1079 tuam.
1322 1060 1331 1076 ι
1348 1050 1376 1078 Si
1398 1048 1546 1077 secundum
1564 1046 1718 1082 spiritalem
1735 1045 1835 1072 intelli-

1043 1099 1162 1134 gentiam
1177 1097 1327 1125 dixerimus
1342 1095 1413 1123 Seon
1426 1101 1517 1129 regem
1532 1093 1646 1127 figuram
1665 1097 1762 1119 tenere
1779 1090 1835 1117 dia-

1043 1144 1107 1176 boli,
1122 1144 1185 1179 quia
1207 1143 1265 1178 ipse
1291 1147 1333 1170 est
1361 1140 1449 1168 elatus
1479 1144 1507 1167 et
1531 1139 1720 1166 infructuosus
1747 1140 1834 1171 :puto

1042 1189 1113 1223 quod
1128 1195 1180 1216 non
1193 1187 1292 1215 debeas
1312 1185 1418 1217 mirari,
1431 1185 1505 1220 quod
1517 1190 1579 1211 eum
1591 1182 1709 1210 dixerim
1730 1189 1833 1215 regem,

1043 1242 1106 1262 cum
1125 1233 1220 1261 audias
1239 1233 1322 1260 etiam
1347 1232 1435 1266 ipsum
1453 1230 1595 1257 Dominum
1612 1233 1640 1255 et
1658 1227 1833 1254 Salvatorem

1043 1284 1165 1308 nostrum
1183 1279 1209 1306 in
1225 1277 1378 1312 Evangeliis
1406 1276 1439 1304 de
1461 1283 1493 1303 eo
1515 1275 1649 1303 dicentem
1662 1273 1684 1289 ⁷’¹
1704 1282 1711 1300 :
1728 1282 1738 1298 σ
1766 1272 1834 1299 Ecce

1042 1334 1114 1354 nunc
1126 1325 1200 1353 venit
1217 1324 1342 1360 princeps
1356 1321 1436 1356 hujus
1451 1321 1556 1354 mundi,
1576 1325 1604 1347 et
1623 1320 1649 1346 in
1667 1326 1712 1346 me
1724 1326 1779 1345 non
1792 1318 1833 1345 irr-

1041 1373 1115 1400 venit
1131 1371 1290 1406 quidquam.
1310 1379 1319 1395 r
1334 1369 1368 1396 Et
1382 1369 1481 1396 iterum
1497 1367 1539 1393 ’°:
1558 1375 1568 1392 ί
1584 1365 1654 1393 Ecce
1667 1372 1741 1392 nunc
1759 1364 1833 1399 prin-

1041 1425 1107 1453 ceps
1124 1417 1204 1453 hujus
1229 1415 1323 1443 mundi
1343 1414 1466 1442 mittetur
1485 1413 1568 1440 foras.
1587 1420 1596 1437 ι
1621 1410 1649 1438 Si
1664 1417 1732 1446 ergo
1750 1410 1833 1437 totius

1041 1463 1133 1491 mundi
1149 1463 1277 1497 princeps
1293 1467 1353 1489 esse
1372 1460 1399 1487 in
1420 1457 1574 1492 Evangeliis
1585 1456 1696 1490 dicitur,
1712 1463 1767 1483 non
1784 1454 1832 1482 de-

1041 1509 1087 1537 bet
1103 1509 1250 1536 absurdum
1275 1506 1360 1534 videri
1383 1505 1405 1532 si
1429 1504 1500 1531 Scon
1524 1502 1578 1538 regi
1595 1502 1832 1532 Amorrhaaorum,

1042 1555 1086 1583 vel
1102 1555 1184 1582 etiam
1199 1553 1260 1581 aliis
1272 1551 1438 1588 quibuslibet
1457 1549 1578 1585 gentium
1596 1549 1706 1583 regibus
1722 1555 1831 1581 compa-

1041 1605 1129 1629 retur.
1155 1600 1285 1634 Princeps
1313 1603 1405 1626 autem
1432 1597 1531 1624 dicitur
1558 1595 1663 1629 mundi,
1680 1602 1743 1628 _non
1768 1594 1831 1628 quia

1041 1646 1176 1675 creaverit
1203 1645 1344 1676 mundum,
1368 1643 1414 1670 sed
1439 1643 1503 1678 quia
1529 1641 1603 1669 rnulti
1627 1645 1692 1668 sunt
1722 1640 1749 1666 in
1781 1639 1832 1666 hoc

1041 1692 1141 1720 mundo
1155 1696 1326 1727 peccatores.
1352 1690 1458 1718 Peccati
1476 1693 1565 1716 autem
1588 1687 1651 1722 quia
1676 1686 1735 1720 ipse
1755 1685 1833 1719 priu-

1040 1745 1105 1773 ceps
1115 1743 1168 1769 est,
1181 1737 1242 1764 ideo
1253 1736 1336 1764 etiam
1353 1736 1446 1763 mundi
1463 1735 1592 1770 princeps
1607 1731 1757 1766 appellatus
1768 1734 1810 1757 est
1822 1738 1830 1756 :

1041 1783 1069 1811 in
1091 1783 1124 1810 iis
1145 1782 1283 1815 videlicet,
1299 1782 1345 1817 qui
1362 1781 1481 1809 nondum
1501 1780 1684 1815 relinquentes
1700 1778 1831 1805 mundum

1041 1834 1235 1857 convertuntur
1247 1829 1280 1856 ad
1296 1834 1413 1864 patrem.
1430 1827 1585 1855 Secundum
1598 1826 1649 1853 hoc
1663 1825 1734 1852 enim
1750 1824 1834 1851 etiam

1042 1873 1106 1901 illud
1118 1873 1220 1902 dicitur
1235 1871 1276 1904 ",
1304 1874 1368 1908 quia
1387 1882 1397 1900 ι
1419 1872 1509 1900 omnis
1521 1871 1638 1899 mundus
1657 1871 1683 1897 in
1710 1869 1831 1904 maligno

1040 1919 1146 1954 positus
1161 1918 1308 1953 est.rQuid
1324 1919 1397 1946 enim
1423 1918 1501 1946 nobis
1525 1916 1637 1952 prodest
1654 1916 1747 1943 dicere
1766 1914 1830 1948 quia

1041 1965 1170 2000 princeps
1195 1969 1287 1992 noster
1304 1964 1430 1992 Christus
1446 1968 1500 1996 est,
1516 1963 1538 1990 si
1562 1961 1644 1990 rebus
1659 1967 1685 1989 et
1700 1958 1831 1995 operibus

1041 2018 1197 2046 arguamur,
1213 2010 1276 2046 quia
1295 2010 1418 2038 diabolus
1439 2008 1622 2044 principatum
1637 2011 1711 2034 tenet
1728 2006 1755 2033 in
1782 2012 1831 2033 no-

1040 2055 1103 2083 bis?
1115 2055 1169 2082 Aut
1185 2063 1238 2082 non
1252 2055 1340 2089 palam
1355 2059 1396 2082 est
1416 2055 1465 2082 sub
1488 2061 1541 2089 quo
1565 2052 1686 2088 principe
1700 2056 1763 2086 agat
1778 2052 1831 2077 irn~

1040 2100 1163 2135 pudicus,
1176 2101 1292 2128 incestus
1305 2104 1332 2128 et
1343 2099 1475 2135 injustus?
1492 2098 1618 2133 Nunquid
1632 2101 1721 2132 potest
1734 2095 1831 2130 hujus-

1041 2145 1113 2173 modi
1144 2146 1225 2173 homo
1242 2145 1341 2178 dicere,
1359 2145 1422 2180 quia
1437 2144 1489 2172 sub
1513 2143 1622 2171 Christo
1642 2142 1749 2177 positus
1774 2143 1831 2168 lucc

207 2195 295 2222 lorum
312 2194 439 2222 habearis
455 2193 580 2221 advertes
595 2201 603 2220 :
617 2193 688 2220 sicut
705 2196 733 2219 et
749 2191 803 2224 ille,
822 2191 854 2218 de
866 2198 920 2225 quo
936 2190 988 2218 Do-
1003 2199 1025 2227 ι)
1040 2198 1102 2227 ago,
1121 2191 1226 2218 etiamsi
1248 2192 1299 2218 sub
1314 2190 1415 2219 Christi
1432 2189 1541 2217 nomine
1555 2189 1660 2216 censeri
1684 2187 1829 2216 videatur?

205 2240 297 2267 minus
308 2239 377 2267 dixit
389 2240 423 2272 ",
441 2239 504 2273 quia
525 2247 534 2264 ι
551 2245 605 2265 non
618 2238 696 2272 longe
715 2243 745 2264 es
759 2244 773 2262 a
791 2242 878 2270 regno
895 2235 953 2262 Dei.
972 2244 983 2261 ι

240 2287 267 2312 s.
288 2285 471 2320 Subsequitur
494 2288 556 2319 post
578 2284 637 2310 haec
662 2287 690 2310 et
714 2281 766 2309 alia
788 2281 914 2308 historia.
941 2281 987 2308 Ait

204 2333 277 2360 enim
288 2333 311 2348 ⁸³
327 2339 334 2357 :
349 2340 359 2358 ι
389 2331 422 2358 Et
447 2330 520 2358 mislt
536 2329 653 2364 Moyses,
669 2337 679 2354 ι
703 2332 749 2355 aut
765 2328 806 2362 (ut
828 2326 942 2354 habetur
959 2327 985 2354 in

204 2376 341 2404 nonnullis
356 2374 589 2410 exemplaribus),r
605 2377 633 2401 et
648 2372 721 2400 misit
734 2371 816 2399 Israel
834 2371 934 2406 legatos
953 2371 987 2398 ad

204 2423 276 2452 Seou
293 2430 382 2457 regem
396 2421 616 2450 Amorrhazorum
627 2419 716 2447 verbis
725 2417 856 2453 paciﬁcis,
869 2418 963 2446 dicens
977 2427 983 2445 :

238 2482 261 2498 ⁸⁸
275 2481 284 2509 I
299 2481 364 2510 Cor.
380 2488 438 2512 vrtt,
453 2479 479 2507 6.
518 2479 540 2495 ⁸⁸
560 2477 701 2505 I’I'hessal.
719 2477 807 2512 “7170.
845 2476 869 2492 ’⁸
885 2476 987 2504 Coloas.
1005 2485 1046 2507 ιιι,
1061 2478 1088 2506 5.

720 2512 745 2528 ’⁸
758 2511 841 2539 Marc.
862 2520 909 2544 ιιι,
928 2511 972 2539 54.
1011 2513 1034 2528 θ’
1052 2512 1133 2540 Num.
1160 2521 1218 2546 xxr,
1245 2513 1291 2546 21,
1321 2513 1367 2546 22,
1393 2513 1439 2545 23,
1456 2511 1502 2538 24.

409 2515 432 2532 ⁸⁵
455 2514 560 2549 ΕριιιξιιΖ
582 2521 611 2546 ιι,
637 2513 664 2540 6.

203 2525 289 2548 xxxrr,
312 2516 357 2544 59.
409 2516 432 2532 "'
455 2516 555 2549 Ephes.
582 2521 611 2546 ιι,
637 2516 664 2540 b'.
720 2516 730 2528 ν

203 2552 226 2568 ’⁸
241 2552 320 2580 Joan.
333 2559 383 2581 ιιι,
401 2551 446 2577 5i.
484 2550 506 2565 "
522 2549 531 2576 I
546 2547 623 2576 Joau.
645 2556 671 2581 ν,
689 2547 733 2574 I9.

203 2552 226 2568 "
241 2552 320 2580 Joan.
333 2559 383 2584 xrr,
401 2551 446 2577 5i.

239 2618 295 2654 (δέ)
312 2617 345 2645 In
358 2617 483 2650 Bamoth,
497 2617 567 2654 quod
582 2617 768 2654 interpretatur
776 2620 914 2654 anum-rus
924 2621 988 2642 tron-

204 2650 398 2693 nsﬁimirum
423 2660 438 2680 a
467 2653 558 2680 radice
578 2650 671 2684 813,}
691 2650 776 2683 venit,
793 2650 915 2692 ‘a‘dvenit,
935 2659 945 2676 ι
961 2654 989 2678 et

204 2687 314 2715 nomine
331 2692 389 2717 n11:
408 2697 417 2713 ι
432 2694 531 2714 mors.r
793 2684 824 2692 “

241 2722 297 2754 (55)
315 2722 348 2748 In
364 2721 474 2752 lanam,
487 2721 556 2755 quod
572 2722 760 2754 interpretatur
777 2724 916 2755 ascensus,
931 2719 990 2755 sive

206 2753 310 2783 vam-nx
323 2762 430 2782 uoxrrs.
448 2756 476 2782 lrr
493 2753 643 2782 'lrodicrnis'
655 2755 709 2781 τῶν
734 2755 761 2781 0¹
790 2753 990 2786 exemplaribus

206 2791 284 2817 Num.
301 2790 412 2822 ωλι),
426 2790 522 2822 legitur
537 2790 584 2816 καὶ
592 2789 644 2816 ἀπὸ
654 2788 752 2824 Βαμὼθ
765 2790 805 2819 εὶς
819 2787 989 2824 νάπην,υΙίιιι

206 2825 265 2853 ιουο
285 2825 325 2854 εἷς
353 2824 442 2854 νάπην
465 2825 543 2854 modo
563 2822 702 2854 Icttcbatur
724 2825 764 2852 εἰς
792 2823 888 2851 Ὶόιννττ,
910 2822 990 2849 modo

1040 2236 1068 2264 Iu
1083 2245 1136 2272 quo
1146 2237 1272 2265 Christus
1284 2237 1463 2272 principatum
1478 2236 1558 2271 gerit,
1570 2235 1645 2262 nulla
1660 2235 1696 2263 ibi
1709 2235 1829 2261 immun-

1041 2282 1118 2314 ditia,
1131 2282 1203 2309 nulla
1220 2283 1349 2317 iniquitas
1360 2281 1521 2314 admittitur,
1529 2288 1578 2309 nec
1591 2281 1694 2310 habere
1709 2280 1828 2314 aliquem

1042 2328 1129 2356 locum
1147 2332 1236 2362 potest
1249 2328 1346 2362 injusta
1364 2327 1507 2362 cupiditas.
1519 2326 1673 2354 Secundum
1686 2325 1761 2353 hunc
1777 2325 1829 2352 ita-

1041 2381 1094 2408 que
1117 2375 1226 2402 modum
1252 2378 1326 2402 recte
1343 2378 1370 2401 et
1388 2374 1513 2401 Christus
1532 2373 1663 2400 virtutum
1688 2372 1828 2407 princeps,

1041 2424 1068 2446 ct
1093 2419 1218 2447 diabolus
1239 2419 1350 2447 malitiae
1377 2427 1410 2447 ac
1437 2419 1518 2447 totius
1542 2418 1695 2453 iniquitatis
1713 2418 1827 2446 dicetur.

1399 2478 1421 2493 "
1436 2476 1445 2503 l
1463 2476 1527 2504 Cor.
1552 2484 1597 2508 xv,
1611 2475 1658 2504 26.
1711 2476 1735 2491 ”
1750 2475 1828 2502 Deut.

1151 2478 1159 2493 ί

1138 2478 1159 2495 ν¹
1172 2479 1252 2505 Rem.
1265 2486 1302 2511 vr,
1318 2478 1346 2505 ι.
1399 2478 1421 2493 ⁹¹
1436 2478 1445 2503 I
1463 2478 1527 2504 Cor.
1552 2484 1597 2508 xv,
1611 2478 1658 2504 26.
1711 2478 1735 2491 "
1750 2478 1827 2502 Detrt.

1160 2521 1218 2543 xxr.
1245 2513 1291 2543 21,
1321 2513 1367 2543 22,
1393 2513 1439 2543 23,
1456 2511 1502 2538 24.
1557 2511 1579 2527 ’⁷
1595 2511 1675 2538 Joan.
1700 2518 1757 2543 xtv,
1782 2510 1827 2537 '50.

1039 2618 1078 2648 εἰς
1090 2617 1183 2658 ,Ἰάννη
1197 2617 1294 2658 γάπην.
1312 2617 1338 2644 In
1356 2616 1469 2658 Ilebrao
1484 2621 1572 2658 autem
1591 2617 1678 2658 fonte.
1689 2616 1757 2657 nillil

1039 2652 1144 2686 peritur
1158 2650 1228 2679 unde
1243 2650 1339 2679 nomen
1362 2652 1448 2687 Ίάννη
1465 2652 1523 2679 erui
1541 2652 1636 2686 possit,
1652 2651 1705 2678 nisi
1721 2652 1749 2678 in
1774 2650 1825 2677 IIc~

1039 2688 1110 2713 braca
1125 2695 1189 2713 voce
1203 2691 1268 2717 sum
1284 2693 1332 2720 pro
1347 2686 1442 2720 glrimel
1460 2687 1572 2721 legerint
1585 2695 1649 2713 nun.

1075 2721 1129 2755 (36)
1143 2721 1366 2749 Aman/tutorum.
1387 2721 1470 2754 quiet
1493 2721 1543 2753 ipsi
1562 2721 1774 2752 interpretantur
1799 2728 1822 2748 IN

1041 2764 1241 2783 Atuttttrruumnar
1262 2764 1433 2785 .tnutcns'res
1470 2756 1507 2783 t-cl
1542 2755 1742 2788 Loouux‘rns.A
1760 2759 1826 2784 ’ΠΕ

1043 2798 1052 2815 ι
1068 2797 1188 2817 ιιιιιιιιιιιιι
1204 2797 1272 2818 esse.
1290 2799 1300 2816 ι
