1886 3051
75 98 132 125 (765

676 93 709 121 IN
727 93 894 122 NUMEROS
904 93 1046 122 IIOMIIJA
1057 94 1125 123 XIII.

1651 99 1702 126 666

74 155 161 182 Mittit
176 154 259 196 igitur
271 153 353 181 Israel
370 154 471 188 legatos
483 154 515 180 ad
534 161 622 189 regem
633 154 864 187 Amorrlneornm,
879 157 902 185 Α
917 155 960 183 da.
978 165 987 182 ι
1006 156 1053 183 Via
1061 164 1125 192 ergo
1139 157 1222 191 regali
1241 157 1418 184 incedendum
1432 161 1483 188 est,
1501 164 1551 183 nee
1564 156 1698 183 declinan-

75 206 169 234 rcgem
191 199 219 226 in
234 198 420 226 amaritudine
438 199 653 233 provocantimn,
669 207 759 234 regem
781 199 865 227 inl'ru-

73 250 212 277 ctuosum,
233 252 324 279 regem
339 244 425 279 316
440 244 597 280 superbum.
620 245 760 278 Quomodo
773 254 866 281 super-

73 290 135 324 bus,
155 290 294 326 quomodo
308 291 396 318 elatus
420 289 562 318 docebitur
583 291 724 318 diabolus?
745 292 805 327 Ipse
823 297 864 320 est

73 336 120 370 qui
140 335 208 363 dixit
223 335 232 352 ¹
254 345 261 363 :
280 344 288 362 I
307 335 412 363 Virtute
427 342 486 362 mea
501 335 609 369 faciam,
624 341 652 364 et
672 337 805 372 sapientia
823 339 864 365 in-

75 383 201 411 tellectus
218 382 272 410 mei
295 382 419 410 auferam
435 383 504 410 ﬁnes
525 384 658 418 gentium,
673 388 701 411 et
722 384 862 412 fortitudi-

74 436 137 456 nem
153 436 250 457 eorum
271 430 459 464 deprmdabor,
486 434 514 457 ct
538 431 715 458 commovebo
737 431 862 459 civitates

72 482 135 509 quae
152 475 353 509 inhabitantur,
370 479 397 503 et
418 475 574 503 universum
601 476 694 503 orbem
721 479 799 504 terrae
815 484 860 504 ca-

71 520 144 554 piam
160 528 242 548 manu
259 529 315 548 mea
331 520 402 548 sicut
413 521 517 548 nidum.
535 531 544 548 ›
563 521 594 548 Ει
609 521 706 549 iterum
726 522 791 549 dicit
804 522 861 549 ela-

72 571 115 593 tus
127 566 173 593 hic
187 570 215 593 et
232 566 365 600 superbus
381 567 392 583 ³
412 575 419 593 ς
436 576 445 592 ι
464 566 617 594 Ascendam
637 567 662 594 in
680 566 789 600 coelum,
814 574 861 594 su-

70 619 120 646 pra
135 611 227 639 sidera
239 612 302 639 cmli
319 619 415 645 ponam
431 612 557 639 thronum
574 619 673 640 meum.
699 612 803 640 Sedebo
832 612 859 639 in

70 661 163 685 monte
177 657 294 689 excelso,
309 665 390 692 supra
402 662 506 685 montes
521 657 591 685 altos
602 657 648 692 qui
660 661 724 685 sunt
735 657 768 685 ad
784 657 860 691 aqui-

69 702 173 736 lonem,
187 704 331 730 ascendam
349 710 431 737 supra
447 703 545 736 nubes,
561 708 589 730 et
601 711 650 731 ero
667 697 764 731 similis
776 704 858 731 Altis-

67 748 150 776 simo.
173 758 183 775 ι
199 748 294 776 Adhuc
309 749 424 784 requiris
440 749 462 776 si
482 749 540 783 ipse
553 749 591 777 sit
602 749 689 777 elatus
716 755 744 778 et
762 758 858 785 super-

66 795 138 823 bus?
152 794 210 822 Imo
224 795 314 830 potius
328 799 356 822 et
380 795 436 830 ipse
453 795 588 830 superbus
602 801 643 823 est
665 801 692 823 et
711 796 811 829 elatus,
830 802 857 824 et

66 842 113 869 ille
131 842 178 876 qui
194 843 269 877 quasi
291 843 447 877 unigenitus
461 843 520 877 ejus
540 847 590 876 est,
605 843 639 871 de
659 851 712 878 quo
727 844 856 878 scriptum

64 893 108 915 est
129 887 151 921 ³,
168 888 231 923 quia
248 897 258 914 ‹
283 887 423 915 extollitur
446 895 528 923 super
552 895 633 916 omne
658 889 730 923 quod
757 889 857 916 dicitur

67 933 150 966 Deus,
167 938 214 960 aut
225 935 296 969 quod
310 935 409 961 colitur
422 944 428 962 :
441 935 476 962 ita
491 939 519 962 ut
535 935 560 961 in
576 934 675 969 templo
688 935 734 962 Dei
752 936 854 968 sedeat,

65 984 211 1007 ostentans
235 987 264 1007 se
288 983 416 1014 tanquam
431 980 467 1007 sit
486 979 566 1007 Deus.
589 989 598 1006 ι
616 980 713 1008 Omnis
729 987 795 1016 ergo
809 982 854 1016 qui

66 1026 156 1054 elatus
170 1030 252 1054 estet
268 1026 410 1061 Superbus,
425 1026 467 1054 vel
488 1026 558 1054 ﬁlius
575 1031 616 1054 est
629 1027 691 1055 elati
707 1027 796 1061 hujus,
813 1028 854 1056 vel

66 1072 218 1107 discipulus
229 1076 257 1099 ct
275 1072 406 1099 imitator.
420 1072 452 1099 Et
471 1077 613 1107 propterea
624 1073 691 1101 dicit
707 1073 854 1107 Apostolus

65 1118 97 1145 de
111 1118 230 1152 quodam
250 1118 261 1134 ⁸
278 1126 284 1144 :
300 1127 310 1143 ι
327 1118 366 1145 Ne
381 1118 450 1145 forte
463 1117 553 1145 elatus
568 1119 669 1147 incidat
681 1120 706 1147 in
721 1119 853 1154 judicium

65 1163 184 1198 diaboli;
205 1173 214 1190 ι
232 1166 380 1192 ostendens
391 1172 439 1199 per
453 1165 514 1198 hoc,
531 1167 593 1201 quia
609 1167 698 1194 omnis
712 1167 800 1194 elatus
816 1166 854 1193 si-

66 1210 120 1237 mili
141 1214 171 1236 ut
187 1210 310 1238 diabolus
329 1211 431 1245 judicio
448 1212 686 1240 condemnabitur.
716 1212 769 1240 Nos
787 1220 852 1248 ergo

65 1262 159 1284 sumus
172 1256 218 1290 qui
237 1256 354 1284 transire
370 1257 494 1285 volumus
511 1266 559 1293 per
572 1259 642 1286 hunc
663 1261 802 1292 mundum,
824 1263 851 1286 ut

64 1301 208 1336 pervenire
220 1301 355 1336 possimus
371 1302 404 1329 ad
421 1307 521 1330 terram
534 1308 667 1336 sanctam,
682 1311 742 1339 quae
759 1311 851 1339 repro-

63 1346 145 1374 missa
160 1352 202 1374 est
217 1348 318 1375 sanctis
341 1358 347 1375 :
370 1353 397 1375 et
414 1350 546 1377 mittimus
563 1350 655 1377 verbis
674 1350 793 1385 paciﬁcis
817 1353 850 1378 ad

62 1393 148 1427 Seon,
173 1394 362 1429 promittentes
387 1403 439 1423 non
465 1404 514 1424 nos
535 1396 703 1425 habitatnros
729 1398 754 1425 in
776 1402 848 1426 terra

60 1440 129 1475 ejus,
152 1449 204 1469 nec
219 1446 372 1470 moraturos
387 1449 448 1469 cum
465 1449 508 1475 eo,
533 1443 578 1470 scd
603 1443 767 1471 transituros
789 1448 850 1470 lan-

916 201 980 228 dum
993 209 1106 236 usquam
1122 209 1209 236 neque
1222 202 1248 229 in
1259 210 1351 237 agrum
1367 201 1436 236 ejus,
1453 210 1540 236 neque
1555 202 1580 228 in
1596 201 1701 228 vineam

915 247 974 281 ejus
988 256 994 274 :
1009 247 1036 274 id
1052 251 1094 274 est
1113 255 1199 282 neque
1214 247 1248 274 ad
1263 255 1357 281 opera,
1376 255 1464 282 neque
1480 248 1514 274 ad
1532 255 1627 274 sensus
1645 247 1688 273 dia

915 293 1020 321 holicos
1032 294 1170 322 declinare
1195 294 1266 321 ultra
1287 302 1365 322 niens
1385 294 1501 322 ﬁdelium
1522 294 1610 321 debet.
1628 293 1702 327 Quo-

915 339 995 366 modo
1013 346 1078 373 ergo
1095 339 1218 366 volunms
1233 339 1299 366 ﬁnes
1313 339 1534 366 Amorrhmorum
1550 346 1612 366 cum
1634 345 1701 373 pace

914 386 1053 413 transire?
1081 385 1246 417 Amorrhmi,
1269 385 1417 412 inﬁdelium
1444 386 1489 420 qui
1511 389 1574 412 sunt
1597 385 1622 412 iu
1650 385 1700 411 hoc

913 431 1015 458 mundo
1037 438 1090 465 pax
1113 431 1196 466 accipi
1216 431 1385 465 potest:scd
1405 431 1447 458 isti
1475 431 1698 466 interpretantur,

913 481 943 504 ut
955 484 1037 512 supra
1056 476 1184 510 diximus,
1200 477 1239 504 vel
1262 477 1288 504 in
1303 477 1509 504 amaritudinem
1527 478 1698 508 adducentes,

912 520 953 548 vel
971 521 1117 556 loquentes.
1130 521 1162 548 Et
1173 521 1308 556 quomodo
1322 521 1429 555 quidem
1443 522 1469 548 in
1488 522 1696 549 amaritudinem

911 566 1047 594 adducant
1063 567 1145 594 Deum
1162 567 1286 595 inﬁdeles
1311 572 1337 595 et
1359 567 1506 600 increduli,
1527 567 1698 602 expositione

911 622 964 642 non
988 614 1090 649 indiget
1109 622 1116 640 :
1132 615 1203 648 quod
1232 618 1321 640 autem
1348 615 1386 641 ait
1408 614 1554 650 laqueum,
1573 615 1605 642 ad
1624 615 1696 642 illam

910 665 1014 695 partem
1030 661 1101 688 trahi
1115 660 1395 696 potestquainﬁdeles
1407 661 1506 695 quique
1520 665 1547 688 et
1560 661 1611 688 sub
1624 661 1698 695 prin-

909 708 968 741 cipe
983 707 1093 734 diabolo
1107 711 1220 742 agentes
1231 706 1303 740 loqui
1319 712 1420 733 nornut
1433 707 1632 739 tantummodo,
1648 707 1695 734 sccl

909 753 1056 788 loquuntur
1069 753 1171 780 inania.
1185 752 1266 780 Verbi
1282 761 1375 785 causa,
1393 757 1422 779 ut
1438 757 1523 787 poetae
1543 760 1649 785 eorum,
1668 757 1697 780 ui.

908 798 1051 834 astrologi,
1063 803 1092 825 at
1103 797 1223 825 nonnulli
1238 799 1320 826 etiam
1337 799 1566 833 philosophorum.
1580 799 1625 833 qui
1639 798 1693 825 ina-
1730 812 1733 814 ν

909 845 954 872 nia
984 845 1130 879 loquuntur
1150 849 1177 873 et
1196 852 1274 872 vana.
1305 843 1438 872 Fidelinm
1466 848 1556 870 autem
1583 851 1695 878 regnum

908 891 979 926 quod
995 899 1008 917 a
1024 891 1079 918 Deo
1091 896 1142 923 est,
1157 898 1209 918 non
1226 890 1251 916 in
1269 897 1395 917 sermone
1409 893 1460 922 est,
1473 889 1520 916 sed
1538 889 1565 915 iu
1582 889 1695 916 virtute.

908 937 1039 965 Volumus
1053 944 1118 972 ergo
1138 943 1188 963 nos
1211 934 1325 970 paciﬁce
1344 935 1461 961 transire
1485 941 1534 968 per
1555 935 1694 965 mundum,

907 984 953 1011 sed
969 983 1020 1011 hoc
1032 983 1120 1017 ipsum
1134 982 1221 1017 magis
1235 980 1489 1015 iucitatprincipem
1504 981 1607 1012 mundi,
1621 980 1694 1014 quod

906 1030 1021 1057 dicimus
1033 1036 1082 1056 nos
1097 1027 1169 1055 nolle
1182 1033 1341 1062 permanere
1357 1033 1418 1053 cum
1435 1026 1503 1060 ipso,
1513 1033 1563 1053 nec
1581 1025 1693 1059 morari,

907 1083 955 1103 nec
967 1074 1068 1109 aliquid
1085 1073 1143 1108 ejus
1156 1073 1223 1100 \clle
1234 1073 1392 1107 contingere
1408 1081 1414 1098 :
1433 1071 1495 1098 inde
1516 1071 1602 1106 magis
1627 1078 1693 1098 exa-

906 1122 1040 1154 cerbatur,
1058 1120 1119 1148 inde
1130 1119 1279 1152 extollitur,
1300 1123 1328 1146 et
1343 1119 1480 1150 irascitur,
1497 1123 1522 1144 et
1536 1123 1689 1144 commovet

905 1167 983 1195 nobis
994 1167 1205 1202 persecutiones,
1225 1163 1345 1201 pericula
1359 1163 1482 1197 suscitat,
1497 1163 1635 1190 cruciatus
1649 1162 1692 1189 in-

906 1217 1001 1241 tentat.
1018 1213 1050 1240 Et
1075 1213 1134 1240 ideo
1161 1211 1238 1240 dicit:
1250 1222 1258 1236 ι
1270 1211 1462 1245 Congregavit,
1477 1209 1565 1245 inquit
1581 1209 1603 1243 ⁷,
1618 1209 1690 1236 Scon

902 1248 1012 1287 omnem
1024 1258 1151 1293 populum
1167 1265 1259 1290 suum,
1278 1262 1305 1284 et
1317 1256 1384 1284 exiit
1397 1255 1542 1289 conﬂigere
1559 1255 1691 1282 adversus

903 1305 995 1333 Israel.
1018 1316 1027 1331 ι
1047 1304 1112 1337 Quis
1128 1309 1169 1331 est
1188 1303 1277 1330 omnis
1296 1301 1410 1336 populus
1430 1301 1513 1334 Seon,
1531 1307 1610 1335 quem
1626 1307 1689 1327 cou-

901 1353 970 1379 eitat
990 1355 1087 1378 contra
1112 1349 1213 1377 Israel?
1242 1348 1383 1383 Principes
1406 1355 1438 1375 ac
1459 1347 1565 1382 judices
1585 1348 1689 1380 mundi,

901 1396 1048 1431 cunctique
1061 1395 1190 1430 nequitia:
1202 1394 1330 1426 ministri,
1342 1394 1387 1427 qui
1401 1394 1557 1429 impugnant
1571 1401 1688 1428 semper,

901 1447 928 1470 et
941 1447 1142 1477 persequuntur
1156 1441 1282 1475 populum
1292 1439 1349 1467 Dei.
1359 1439 1412 1466 Sed
1424 1440 1488 1474 quid
1505 1439 1573 1466 facit
1588 1439 1689 1467 Israel?

60 1487 212 1521 tummodo,
225 1493 254 1515 et
266 1488 423 1517 incessuros
435 1490 476 1516 via
489 1489 583 1524 regali,
602 1497 652 1516 nec
664 1489 847 1516 declinaturos
862 1497 882 1525 ο
903 1497 913 1514 ‹
935 1487 1023 1519 Venit,
1042 1487 1128 1521 inquit
1151 1487 1179 1518 ⁸,
1209 1486 1235 1512 iu
1252 1485 1349 1513 Issaar.
1366 1494 1376 1511 ι
1394 1484 1484 1511 lssaar
1495 1485 1689 1519 interpretatur

58 1541 185 1568 usquam,
200 1541 288 1568 neque
298 1534 324 1561 in
339 1542 444 1570 agrum,
455 1542 540 1568 neque
558 1534 584 1561 iu
601 1534 717 1566 vineam,
731 1534 777 1561 sed
798 1541 847 1561 uec

58 1580 89 1607 de
102 1579 166 1607 lacu
181 1579 240 1614 ejus
251 1587 348 1614 aquam
362 1580 655 1608 bibituros.Videamus
663 1587 728 1615 ergo
740 1580 848 1615 quando

59 1632 105 1653 nos
121 1625 173 1652 ista
189 1625 374 1659 promisimus,
388 1626 495 1660 quando
513 1626 569 1653 h:ce
583 1625 664 1654 verba
682 1626 792 1653 diabolo
804 1625 848 1652 de-

58 1671 252 1699 nuntiavimus.
268 1671 435 1699 Recordetur
447 1672 632 1706 unusquisque
642 1671 770 1704 ﬁdelium,
784 1679 845 1699 cum

58 1717 175 1751 primum
191 1717 265 1745 venit
279 1717 312 1745 ad
325 1725 408 1752 aquas
420 1717 561 1752 baptismi,
575 1725 636 1745 cum
658 1718 797 1752 signacula
815 1718 846 1745 ii-

56 1762 96 1790 dci
113 1763 204 1797 prima
222 1764 353 1798 suscepit,
370 1768 396 1792 et
411 1764 443 1791 ad
458 1764 560 1792 fontem
576 1764 704 1792 salutaris
717 1764 844 1798 accessit,

56 1808 153 1843 quibus
171 1809 207 1836 ibi
226 1813 288 1837 tunc
304 1817 368 1837 usus
384 1810 420 1837 sit
436 1810 535 1843 verbis,
548 1814 574 1837 el
588 1810 651 1845 quid
667 1811 845 1838 renuntiave-

55 1855 89 1882 rit
115 1854 248 1882 diabolo:
270 1863 323 1882 non
345 1863 375 1883 se
399 1863 512 1883 usurqu
537 1857 642 1890 pompis
665 1856 733 1890 ejus,
756 1864 844 1891 neque

55 1903 183 1937 operibus
198 1903 269 1939 ejus,
284 1911 372 1938 neque
393 1903 456 1931 ullis
474 1905 587 1932 omnino
598 1904 720 1932 servitiis
735 1904 794 1940 ejus
812 1912 844 1932 ac

55 1949 241 1984 voluptatibus
256 1951 421 1985 parituram.
436 1950 469 1979 Et
484 1951 536 1979 hoc
550 1957 591 1979 est
612 1951 682 1985 quod
708 1951 749 1978 his
777 1951 843 1986 legis

54 1995 226 2023 sermonibus
248 1996 436 2029 admnbratur,
451 1997 514 2031 quia
538 2004 590 2024 non
611 1997 728 2024 declinet
749 1997 840 2029 Israel,

54 2050 140 2076 neque
159 2041 187 2069 in
204 2048 300 2075 agrum
319 2041 389 2076 ejus,
411 2049 499 2077 neque
524 2042 550 2069 in
568 2042 674 2070 vincam
696 2042 762 2076 ejus.
787 2043 841 2071 Sed

54 2095 139 2123 neque
154 2095 256 2122 aquam
277 2087 310 2115 de
327 2087 387 2116 lacu
403 2088 462 2122 ejus
480 2088 626 2123 pollicetur
639 2096 668 2117 se
685 2096 746 2116 esse
767 2094 841 2124 pota-

54 2137 152 2159 turum.
170 2132 228 2160 Non
246 2133 318 2160 cnim
346 2133 416 2160 ultra
440 2133 589 2168 disciplina:
613 2133 764 2169 diabolicae,
787 2142 839 2162 non

52 2178 214 2213 astrologiae,
235 2185 287 2205 non
303 2178 424 2213 magicae,
440 2186 491 2205 non
507 2178 587 2206 ullius
602 2179 714 2206 omnino
736 2180 838 2207 doctri-

52 2231 99 2257 me,
112 2230 176 2258 qua:
196 2228 290 2251 contra
307 2223 352 2251 Dei
373 2223 500 2258 pietatem
521 2224 623 2259 aliquid
636 2225 742 2258 doceat,
756 2233 839 2261 pocu-

53 2270 101 2296 lum
121 2274 213 2297 sumet
228 2269 323 2297 ﬁdelis.
338 2269 426 2297 Ilahet
438 2271 508 2297 enim
527 2278 591 2299 suos
608 2271 708 2303 fontes,
721 2278 748 2299 et
770 2273 838 2301 bibit

51 2315 81 2341 de
92 2314 215 2342 fontibus
232 2315 324 2348 Israel,
345 2315 412 2342 bibit
430 2315 463 2342 de
479 2317 598 2344 fontibus
618 2317 765 2345 salutaris:
783 2327 835 2346 non

51 2360 112 2387 bibit
126 2368 227 2396 aquam
255 2362 289 2389 de
314 2361 373 2389 lacu
396 2362 482 2396 Scou,
498 2370 547 2390 nec
564 2362 718 2397 relinquens
733 2363 833 2392 fontem

50 2414 121 2440 aqua!
136 2407 207 2433 vivat
223 2412 371 2442 congregat
384 2409 435 2436 sibi
453 2409 528 2436 lacus
541 2408 703 2436 c0ulractos.
731 2409 784 2437 Sed
806 2415 833 2438 et

49 2450 88 2476 via
108 2450 192 2485 regali
207 2450 376 2480 incessurum
387 2460 416 2480 se
432 2453 584 2488 proﬁtetur.
601 2453 666 2487 Quzc
677 2459 718 2481 est
736 2454 777 2481 via
792 2463 835 2482 re-

49 2497 132 2531 galis?
157 2497 205 2525 Illa
221 2499 281 2526 sine
306 2499 388 2526 dubio
406 2507 464 2534 qme
484 2499 549 2527 dicit
568 2501 589 2533 ³,
607 2510 615 2526 α
630 2499 686 2537 Ego
703 2509 760 2528 smn
777 2503 832 2535 via,

49 2543 158 2576 Veritas,
173 2547 201 2570 et
212 2543 277 2571 vita.
302 2553 311 2570 ι
329 2544 361 2571 Ει
379 2545 475 2572 merito
492 2545 589 2579 regalis
606 2553 613 2572 :
628 2547 684 2581 ipse
698 2552 740 2574 est
751 2548 834 2579 enim,

49 2586 77 2614 de
94 2594 148 2622 quo
170 2587 306 2623 Propheta
324 2589 361 2617 ait
372 2590 382 2605 ⁶
398 2597 406 2617 :
422 2599 431 2615 ί
448 2589 668 2625 Deus,judicimn
686 2596 759 2619 tmun
779 2593 833 2627 regi

79 2685 91 2722 ‘_
103 2684 155 2712 Isa.
174 2693 202 2717 ι,
219 2686 320 2722 53,14.
351 2687 361 2701 ¹
374 2687 424 2715 lsa.
440 2688 617 2722 “£13,”.

46 2719 55 2733 '
70 2719 150 2748 Num.
169 2728 228 2753 ul,
242 2721 288 2749 25.
327 2722 337 2737 ⁸
353 2722 417 2749 ibid.
456 2724 466 2738 ν
482 2719 560 2750 lion).
576 2732 632 2757 xvr,
647 2724 691 2751 ‘20.

656 2688 697 2715 ³11
715 2688 811 2717 Thess.
823 2698 851 2722 tt,
867 2690 894 2717 4.
934 2691 937 2705 έ

656 2724 691 2751 It).
733 2725 752 2740 ‘°
765 2724 831 2752 Luc.
849 2734 875 2758 κ,
898 2726 937 2753 I9.

900 1534 1019 1561 mandati
1036 1532 1188 1567 adimpletio
1204 1532 1271 1568 (57).
1297 1532 1326 1559 Si
1349 1538 1414 1565 ergo
1436 1531 1576 1559 veniamus
1596 1535 1623 1558 et
1639 1538 1689 1558 nos

900 1581 931 1607 ad
948 1581 1035 1607 locum
1059 1579 1152 1611 istum,
1186 1579 1210 1606 id
1238 1584 1279 1606 est
1302 1578 1335 1605 ad
1352 1578 1532 1613 expletioncm
1550 1578 1688 1605 mandato-

899 1634 970 1658 rum,
986 1625 1094 1653 ctiamsi
1113 1632 1174 1653 cum
1191 1625 1264 1652 omni
1283 1625 1405 1652 exercitu
1428 1624 1521 1651 veniat
1544 1624 1686 1651 adversum

898 1679 947 1699 nos
967 1671 1037 1699 Seon
1056 1672 1107 1698 iste
1121 1672 1218 1703 elatus,
1235 1675 1263 1697 et
1283 1671 1417 1704 superbus
1429 1670 1560 1702 diabolus,
1580 1674 1686 1697 etcou-

897 1718 971 1753 lligat
981 1718 1125 1745 adversum
1140 1724 1199 1749 nos,
1222 1717 1245 1744 si
1263 1723 1359 1744 omnes
1374 1723 1439 1743 suos
1452 1719 1547 1743 contra
1563 1723 1612 1744 nos
1628 1716 1684 1743 da:-

897 1771 990 1791 moncs
1014 1763 1144 1795 concitet,
1170 1769 1328 1797 superamus
1351 1768 1412 1789 eum
1439 1761 1461 1789 si
1488 1761 1535 1789 Dei
1560 1762 1683 1789 mandata

896 1809 1073 1844 complemus.
1086 1807 1226 1842 Complere
1238 1806 1309 1834 enim
1323 1807 1459 1838 mandata,
1472 1806 1523 1833 hoc
1537 1810 1579 1832 cst
1591 1806 1684 1832 diabm

896 1855 950 1881 lum
966 1860 993 1882 et
1006 1861 1114 1882 omnem
1138 1853 1198 1887 eius
1218 1851 1369 1880 exercitum
1397 1858 1538 1885 superare.
1564 1851 1597 1878 Et
1622 1856 1684 1878 tunc

895 1899 1078 1934 complcbitnr
1103 1899 1129 1926 in
1150 1898 1228 1926 nobis
1246 1897 1397 1933 apostolica
1416 1897 1504 1924 oratio
1519 1904 1571 1931 qua
1593 1896 1631 1923 ait
1644 1896 1656 1912 ν
1673 1904 1681 1923 :

897 1955 906 1972 ι
927 1946 996 1973 Deus
1007 1950 1096 1973 autem
1110 1949 1232 1973 conteret
1257 1945 1386 1972 Satanam
1406 1943 1457 1971 sub
1474 1943 1556 1978 pedes
1574 1947 1683 1970 nostros

895 1991 1031 2019 velociter.
1051 2001 1060 2018 ι
1079 1991 1112 2018 Et
1134 1991 1198 2018 illud
1227 1991 1300 2026 quod
1316 1990 1445 2018 Dominus
1466 1990 1505 2016 ait
1519 1989 1561 2016 ":
1580 1998 1589 2014 ε
1612 1988 1683 2016 Ecce

893 2036 953 2064 dedi
972 2037 1051 2065 vobis
1074 2041 1237 2072 potestatem
1263 2037 1384 2064 calcandi
1401 2043 1484 2071 super
1501 2039 1642 2070 serpentes
1655 2040 1682 2062 ct

893 2084 1060 2118 scorpiones,
1081 2089 1109 2112 et
1132 2091 1215 2119 super
1230 2091 1339 2111 omnem
1357 2084 1484 2112 virtutem
1511 2083 1626 2115 inimici,
1654 2087 1682 2110 ct

894 2130 963 2157 nihil
974 2130 1050 2158 vobis
1064 2131 1181 2158 nocebit.
1197 2139 1207 2156 ι
1225 2130 1297 2158 Nihil
1315 2131 1387 2158 enim
1400 2138 1499 2158 nocere
1514 2130 1591 2158 vobis
1603 2134 1681 2164 pote—

896 2181 957 2203 runt
975 2176 1024 2203 ista
1040 2177 1131 2204 omnia
1156 2177 1179 2204 si
1201 2177 1342 2204 veniamus
1367 2177 1394 2204 in
1420 2177 1519 2209 Issaar,
1535 2177 1561 2204 id
1578 2181 1630 2208 est,
1655 2176 1678 2203 si

893 2222 1020 2248 mandata
1037 2227 1064 2248 et
1086 2227 1219 2257 praecepta
1245 2223 1351 2250 Domini
1378 2224 1462 2251 nostri
1487 2221 1676 2252 Jcsu'Christi

891 2274 1042 2300 servemus,
1056 2268 1098 2295 cui
1118 2273 1160 2296 est
1177 2268 1261 2304 gloria
1276 2273 1303 2297 ct
1316 2269 1457 2305 imperium
1473 2270 1499 2298 in
1516 2270 1614 2298 sarcula
1627 2277 1678 2297 sre-

891 2313 1024 2341 culorum.
1045 2314 1143 2343 Amen.

1172 2361 1313 2390 IIOMILIA
1334 2362 1402 2390 XIII.

890 2403 928 2431 De
948 2405 980 2432 iis
1000 2413 1059 2439 qua:
1073 2407 1259 2440 superfuerunt
1279 2409 1362 2442 priori
1378 2409 1514 2441 tractatui,
1533 2413 1557 2436 et
1576 2408 1608 2435 de
1622 2407 1675 2435 Ba-

1117 2442 1187 2468 laam
1216 2449 1292 2477 atque
1303 2445 1378 2470 asina
1397 2444 1466 2478 ejus.

927 2499 953 2526 1.
971 2499 1101 2528 Ilcstcrna
1130 2501 1174 2528 die
1200 2502 1356 2529 dixeramus
1380 2502 1514 2536 quomodo
1536 2501 1607 2528 Seon
1628 2509 1674 2529 rex

889 2546 1122 2580 Amotrhmormu,
1140 2548 1186 2583 qui
1205 2553 1247 2575 est
1270 2548 1369 2580 elatus,
1388 2553 1415 2575 et
1436 2548 1518 2583 317
1534 2548 1616 2575 arbor
1634 2549 1675 2576 in-

891 2592 1041 2626 fructuosa,
1056 2601 1220 2629 congressus
1237 2602 1297 2621 cum
1325 2593 1405 2622 Israel
1429 2595 1516 2622 victus
1534 2594 1624 2628 fuerit,
1640 2595 1674 2623 de

934 2691 942 2707 ⁵
965 2691 972 2718 Ι
988 2691 1058 2718 Tim.
1074 2699 1114 2723 ιιι,
1130 2692 1155 2719 ti.
1194 2690 1290 2719 ηοω».
1308 2699 1362 2725 nv,
1378 2691 1405 2719 6.
1443 2693 1454 2708 ⁶
1468 2692 1626 2728 Psal.t.im,
1649 2699 1669 2722 t.

79 2802 133 2837 (57)
149 2801 242 2829 Israar
265 2803 451 2837 interpretatur
477 2805 593 2832 utmidati
619 2806 778 2839 adimplctio.
796 2806 815 2833 Α
835 2810 884 2835 Γιπὲ
909 2815 918 2833 ‹
932 2806 1081 2840 mandavit,
1101 2817 1110 2833 ι
1123 2812 1148 2835 ct
1161 2816 1174 2834 a
1194 2813 1252 2837 .‘T‘N
1277 2817 1284 2834 ι
1301 2808 1410 2844 carpsit,
1428 2810 1508 2845 cepit,
1525 2810 1638 2846 accepit.
1653 2821 1662 2833 ι
