1886 3051
223 124 275 152 667

948 120 1110 148 ORIGENIS
1796 121 1834 147 608

225 191 280 220 quo
294 188 321 211 et
345 185 522 212 ObLCI'VanICI'
533 182 673 217 Scriptura
701 181 856 216 dicit,quia
878 181 978 208 cecidit
990 181 1016 207 in
1035 184 1054 211 Λ
1072 181 1146 215 quia,
1165 190 1173 205 ‹
1195 180 1227 208 de
1243 179 1325 206 corde
1340 180 1489 213 procedunt
1510 179 1688 214 cogitationes
1707 179 1787 210 make.
1799 181 1835 208 ho-

225 237 293 257 neee
310 228 402 264 gladii,
417 228 469 261 vel,
484 233 511 255 ιιι
524 227 588 254 alibi
612 227 738 262 legimus,
752 228 779 254 in
798 235 844 254 ore
858 227 949 261 gladii.
963 226 1016 254 Sed

226 275 248 303 si
271 275 312 301 vis
333 273 490 307 diligentius
514 273 605 305 seire,
630 281 686 307 quo
709 272 797 308 gladio
827 272 1015 300 infructuosus

227 320 290 354 iste,
305 325 332 346 et
344 320 430 347 elatus
441 319 510 346 sicut
531 319 631 346 cedrus
652 318 748 346 Libani
767 319 907 352 ceciderit,
925 319 1015 345 disea-

228 373 288 392 mus
297 365 332 392 ab
349 364 472 398 apostolo
487 364 570 391 Paulo
581 365 691 392 dicente
704 365 743 390 “:
763 373 772 390 ‹
792 363 874 391 Vivus
889 363 961 390 enim
975 367 1017 390 est

227 419 318 438 sermo
336 411 392 444 Dei,
406 416 433 437 et
445 410 553 442 eIIicax.
564 415 591 438 et
609 409 886 445 penetrabilioromni
897 409 1013 444 gladio.»

225 457 260 485 Et
276 458 341 484 item
357 457 383 484 itt
403 457 485 484 aliis:
506 465 515 481 t
535 456 566 483 Et
590 456 722 492 gladium,
740 455 874 491 inquit“,
895 455 1016 490 spiritus.

225 503 298 538 qttod
309 508 351 531 est
365 504 477 530 verbum
489 503 546 530 Dei.
563 512 571 528 ι
587 501 614 528 In
628 502 707 536 hujus
721 509 787 535 ergo
799 501 879 536 gladii
894 508 960 528 nece
971 509 1016 528 ce-

227 549 294 576 cidit
306 549 440 584 spiritalis
453 547 536 580 Scon,
552 549 599 582 qui
617 552 659 575 est
671 547 807 574 diabolus.
829 546 944 574 Additur
957 551 1018 581 post.

228 594 286 621 haec
299 594 321 609 “
338 603 344 620 :
360 602 368 618 ι
389 594 420 620 Et
439 594 570 620 dominati
587 598 660 625 sunt,
672 593 769 628 inquit,
788 592 833 618 lilii
848 591 930 618 Israel
943 591 1015 618 otnni

227 644 308 667 terra:
333 638 401 672 ejus.
430 649 439 664 ι
460 639 555 666 Omnis
573 639 683 672 quidem
715 639 788 672 regio
818 637 875 664 haec
898 641 1016 668 terrena,

229 689 302 712 terra
321 685 421 711 dicitur
449 684 519 712 Scon
535 693 542 710 ς
558 684 605 711 sed
619 683 746 711 Christus
770 688 797 710 et
822 682 942 710 Ecclesia
959 681 1017 716 ejus

227 731 383 757 dominatur
397 731 422 757 in
435 731 508 757 otnni
539 735 611 756 terra
631 729 713 756 Seon.
733 738 742 754 ι
758 729 791 756 Ει
806 728 935 756 dominati
955 732 1019 755 sttnt

227 775 362 802 altArnon
382 783 466 810 usque
482 775 605 802 Jaboc“.
622 785 631 801 ι
646 775 738 801 Διηοιι
755 779 781 801 et
793 773 879 802 Jaboc
894 774 1018 801 civitates

228 826 308 850 erant
329 823 401 857 regis
427 822 498 849 Scon
511 822 579 856 (38),
595 822 641 849 sed
659 821 766 848 initium
787 821 862 854 regni
880 820 939 855 ejus
959 824 1018 847 erat

1071 226 1189 256 micidia,
1206 226 1349 256 adulteria,
1365 225 1448 257 furta,
1462 224 1529 252 falsa
1542 225 1709 255 testimonia.
1728 225 1834 260 blasphe-

1071 271 1142 303 miae,
1154 275 1181 297 et
1195 271 1244 297 ista
1265 275 1327 297 sunt
1351 278 1411 304 qua:
1436 270 1613 304 coinquinant
1630 270 1772 298 hominem.
1787 280 1795 296 ι
1812 271 1835 297 Et

1071 317 1132 344 ideo
1164 317 1320 343 necessario
1353 316 1507 343 incenditur
1534 315 1583 343 ista
1614 316 1721 348 civitas,
1745 320 1771 343 et
1788 316 1836 351 ign:

1070 362 1205 390 exuritur.
1220 361 1279 394 Quo
1299 362 1380 395 igne?
1398 361 1444 388 Illo
1459 361 1583 396 profecto
1597 361 1631 388 de
1649 368 1703 395 quo
1715 361 1775 388 dicit
1788 362 1835 387 Sal-

1070 410 1147 432 τοιοι
1161 405 1184 420 ²⁰
1198 415 1205 432 :
1222 414 1231 430 ι
1251 405 1341 439 Ignem
1359 405 1418 432 veni
1436 405 1544 432 mittere
1567 405 1593 432 in
1610 410 1721 438 terram,
1733 411 1758 433 et
1772 414 1835 440 quam

1071 450 1132 478 volo
1143 455 1172 477 ut
1187 451 1361 478 accendatur.
1383 460 1392 476 ι

1104 496 1132 522 2.
1149 495 1214 523 Post
1239 503 1324 530 pauca
1342 501 1432 523 autern
1461 496 1579 523 refertur
1594 496 1627 524 de
1655 497 1711 531 ipsa
1734 497 1834 525 civitate.

1072 551 1080 567 ι
1095 541 1209 576 Propter
1222 543 1283 574 hoc,
1299 541 1387 576 inquit
1401 542 1436 574 “,
1461 541 1554 569 dicent
1575 543 1758 577 aenigmatista!
1772 551 1778 569 2
1796 542 1835 570 Ve-

1071 589 1127 615 nite
1143 589 1168 615 in
1186 588 1302 619 Esubon,
1321 593 1350 614 ut
1361 588 1510 614 mdificelur
1525 591 1552 614 et
1574 592 1746 615 construatur
1758 588 1836 615 civitas

1070 634 1141 661 Scon
1160 641 1168 660 :
1185 634 1312 668 quoniam
1343 634 1414 668 ignis
1443 633 1576 667 processit
1612 633 1645 660 de
1681 633 1790 664 Esebon.
1815 640 1835 661 et

1071 679 1179 706 ﬂamma
1195 679 1228 709 de
1245 679 1356 706 civitate
1373 678 1445 706 Scon
1473 679 1614 706 devoravit
1630 686 1715 713 usqtte
1738 679 1812 705 Moab.
1826 688 1833 704 ι

1072 723 1154 756 Scon,
1167 728 1195 750 ut
1207 723 1335 755 diximus,
1349 728 1408 750 erat
1428 731 1488 755 rex,
1504 723 1580 757 cujus
1600 729 1658 750 erat
1679 724 1771 751 civitas
1784 724 1835 751 Esc-

1072 769 1135 796 bon.
1161 767 1206 794 Sic
1233 775 1299 802 ergo
1322 767 1513 802 intelligendus
1536 773 1577 796 est
1606 769 1675 796 ordo
1702 769 1835 799 verborum.

1072 814 1148 848 quasi
1163 813 1255 842 dicant
1272 812 1316 840 isti
1338 813 1527 848 aenigmatista;
1542 823 1548 841 :
1568 814 1661 841 Venite
1675 819 1703 841 ut
1716 819 1836 842 construa-

227 870 333 901 Arnon,
347 874 374 896 et
393 868 454 896 linis
463 868 561 900 Jaboc,
576 873 604 894 et
622 867 681 895 ideo
698 867 798 894 dicitur
810 867 874 901 quia
889 866 1019 894 dominati

1076 865 1116 886 tur
1130 865 1157 887 et
1178 859 1329 886 aedificetur
1359 859 1478 891 Escbon,
1502 867 1561 895 qua:
1586 859 1637 887 fuit
1655 860 1749 887 civitas
1769 859 1835 886 Scon.

229 921 291 943 sunt
309 916 343 943 ab
370 916 462 941 Aruon
490 922 574 949 usque
589 913 683 940 Jaboc.
707 913 903 948 Interpretatur
928 918 1018 940 autent

228 963 322 990 Ληιοη
336 961 533 988 maledictiones
544 968 634 987 eorum
648 959 716 995 (59).
730 959 838 986 Initiunt
856 959 928 988 enim
945 960 1019 995 regni

230 1008 302 1034 Scon
319 1007 399 1042 hujus
416 1006 479 1034 elati
494 1011 521 1034 et
537 1006 710 1039 infructuosi,
732 1005 934 1033 maledictiones
943 1010 1018 1033 sunt.

229 1053 306 1081 Finis
326 1061 391 1080 vero
429 1057 470 1080 est
495 1051 592 1084 Jaboc,
617 1053 689 1086 quod
711 1053 906 1086 interpretatur
932 1051 1020 1078 lucta-

229 1106 289 1125 men
304 1098 370 1133 (40).
387 1097 501 1125 Necesse
519 1101 560 1123 est
579 1097 651 1123 enim
666 1102 694 1124 ut
706 1097 794 1123 omnis
805 1097 850 1131 qui
874 1096 930 1123 vult
945 1097 1020 1124 exire

229 1144 263 1170 de
291 1151 375 1179 regno
401 1143 502 1170 diaboli
530 1148 558 1170 et
576 1143 644 1170 fines
666 1142 724 1176 ejus
739 1143 866 1174 evadere,
883 1143 1019 1170 luctamen

230 1189 362 1222 inveniat,
377 1194 403 1216 et
420 1189 570 1216 certamina
583 1189 607 1215 oi
623 1196 637 1215 a
652 1188 785 1215 ministris
804 1188 865 1222 ejus
886 1193 915 1214 et
937 1187 1020 1214 satel-

230 1235 324 1263 litibus
337 1235 513 1263 suscitentur.
534 1235 586 1262 Sed
603 1235 626 1261 si
640 1234 757 1260 Iuctatus
771 1234 854 1261 fuerit
866 1238 894 1260 et
912 1233 1020 1266 vicerit,

228 1281 284 1316 jam
308 1289 361 1309 non
381 1281 433 1308 crit
449 1281 533 1308 .Iabor.
554 1281 649 1307 civitas
669 1279 751 1311 Scott,
777 1280 825 1306 Sed
848 1280 901 1306 erit
926 1279 1022 1306 civitas

231 1326 326 1353 Israel.
344 1326 400 1353 IIoe
420 1326 544 1352 esteniut
567 1326 707 1358 nimirum,
728 1325 799 1359 quod
818 1324 934 1360 legimus
951 1326 1023 1352 etde

231 1371 388 1406 patriarcha
404 1371 488 1398 Jacob
507 1373 539 1404 “5,
553 1372 681 1406 quoniam
708 1379 768 1399 cum
793 1371 914 1399 venisset
935 1371 967 1398 ad
982 1372 1023 1399 Io-

233 1424 296 1443 cum
313 1417 468 1451 quemdam,
492 1417 629 1445 Iuctantcn
656 1417 681 1444 ci
712 1420 893 1452 prteparatum
920 1422 961 1444 est
976 1426 982 1444 :
997 1422 1023 1444 et

233 1463 271 1490 ibi
289 1466 343 1490 tota
360 1467 440 1494 nocte
452 1463 571 1491 luctatus
588 1471 649 1490 cum
667 1463 833 1490 obtinuisset
847 1468 875 1490 et
895 1463 1024 1491 invaluis-

234 1512 276 1536 sct
291 1509 325 1535 ad
349 1508 444 1541 Deum,
472 1509 619 1535 vocitatum
652 1512 697 1535 est
721 1515 819 1535 nomen
843 1508 901 1542 ejus
931 1508 1021 1536 Israel.

237 1564 246 1580 ε
263 1555 296 1582 Ει
305 1555 421 1589 accepit,
437 1555 525 1589 inquit
543 1555 574 1587 ‘°,
592 1554 675 1582 Israel
685 1562 782 1582 ontnes
802 1555 926 1582 civitates
943 1556 1021 1586 istas,

234 1604 262 1627 et
277 1600 411 1627 habitavit
426 1600 451 1626 in
463 1601 589 1628 omnibus
600 1601 755 1629 civitatibus
771 1601 1019 1628 Amorrhzcoruma

236 1645 287 1674 llic
312 1646 407 1678 Israel,
433 1647 479 1681 qui
507 1646 533 1673 itt
557 1646 667 1674 Christo
684 1647 767 1674 Israel
792 1652 843 1679 est,
858 1647 904 1681 qui
928 1654 979 1673 non
996 1647 1022 1672 in

237 1699 319 1720 carne
331 1691 426 1725 Israel,
443 1699 492 1719 nec
510 1692 536 1719 in
553 1693 697 1720 manifesto
718 1692 826 1720 .Iudzeus
836 1697 887 1726 est,
905 1693 961 1727 ipse
976 1692 1024 1719 ha-

237 1737 307 1764 bitat
320 1738 347 1764 in
360 1738 486 1765 omnibus
499 1737 658 1765 civitatibus
675 1738 908 1771 Amorrlueorum,
921 1746 981 1765 cum
997 1737 1024 1764 in

237 1784 310 1810 omni
325 1784 391 1811 orbe
409 1788 540 1811 terrarmn
557 1784 658 1812 Christi
681 1783 807 1811 Ecclesia:
828 1789 1022 1818 propagantur.

238 1827 291 1854 Sed
306 1831 332 1854 et
350 1828 535 1862 unusquisque
552 1831 674 1854 nostrum
698 1827 771 1861 prius
797 1825 892 1854 civitas
910 1826 960 1853 fuit
981 1834 1025 1854 re-

237 1874 277 1907 gis
291 1873 353 1900 elati
371 1882 378 1899 :
392 1874 522 1908 regnabat
537 1873 610 1900 enim
623 1873 649 1899 in
661 1872 737 1898 nobis
748 1872 871 1904 stultitia,
886 1872 1024 1906 superbia,

238 1918 372 1953 impietas,
385 1924 412 1945 et
427 1919 516 1945 omnia
531 1926 590 1952 qua)
607 1923 670 1945 sunt
689 1926 723 1944 ex
743 1923 820 1953 parte
841 1917 940 1944 diaboli
956 1929 962 1945 :
978 1918 1025 1945 sed

237 1964 283 1990 ubi
296 1969 467 1998 expugnatus
486 1968 512 1990 et
537 1964 659 1990 devictus
675 1967 717 1990 est
739 1963 826 1996 fortis,
843 1968 869 1990 ct
888 1971 951 1990 vasa
968 1964 1026 1998 ejus

237 2009 341 2044 direpta
357 2014 429 2042 sunt,
446 2009 533 2036 cili-cli
566 2017 659 2036 smnus
685 2009 781 2036 civitas
794 2009 875 2036 Israel
896 2015 922 2036 et
941 2011 1025 2037 luere-

240 2055 310 2081 ditas
321 2059 495 2088 sanctorum;
511 2055 534 2081 si
549 2059 638 2081 tatuen
656 2055 762 2089 penitus
779 2056 869 2082 cxeisa
883 2061 923 2082 est
938 2056 963 2082 in
979 2064 1027 2084 no-

240 2100 282 2126 bis
293 2105 414 2133 potestas
436 2100 493 2132 illa,
510 2107 569 2134 qua:
593 2100 666 2135 prius
681 2101 870 2128 dominabatur
897 2101 985 2135 nobis,
1001 2108 1028 2130 et

239 2146 329 2173 excisa
350 2150 392 2173 est
407 2146 489 2172 arbor
518 2145 697 2178 infructuosa,
724 2151 750 2173 et
781 2147 900 2180 dejectus
916 2153 957 2174 est
980 2156 1027 2175 rex

240 2191 338 2223 elatus,
351 2197 480 2218 etsumus
491 2191 540 2218 sub
552 2199 584 2218 co
597 2198 668 2225 rege,
684 2192 730 2226 qui
745 2191 811 2218 dicit
823 2192 843 2208 ¹⁷
858 2204 863 2220 ;
880 2202 888 2218 t
903 2193 1002 2221 Discite
1012 2202 1026 2220 a

240 2245 283 2264 me
296 2238 358 2272 qu'a
389 2237 462 2264 tnilis
488 2245 557 2270 sum,
583 2241 609 2264 et
631 2237 741 2265 httnzilis
761 2239 852 2266 corde.
871 2249 879 2264 ι
895 2239 959 2267 Post
972 2240 1028 2268 hazc

239 2282 376 2317 sigillatim
390 2282 445 2317 jam
461 2282 587 2310 civitates
607 2282 716 2316 superbi
731 2289 758 2310 ct
779 2283 940 2312 infructuosi
958 2285 1029 2320 regis

239 2333 392 2361 enumerat,
414 2334 441 2356 ct
466 2329 531 2356 dicit
546 2328 567 2344 ¹⁸
586 2337 593 2355 :
610 2338 619 2354 ι
638 2329 666 2355 ιιι
689 2329 794 2356 Esebon
813 2335 840 2357 et
859 2330 886 2357 in
903 2331 1028 2359 omnibus

239 2375 339 2403 ﬁnibus
354 2375 422 2409 ejus.
442 2385 451 2401 ι
473 2376 542 2409 Quid
564 2381 606 2404 est
625 2377 687 2410 hoc,
707 2377 780 2411 quod
801 2377 964 2412 prmcipuam
982 2386 1028 2404 ur-

241 2422 301 2448 bcnt
319 2421 352 2449 de
370 2429 451 2457 regno
464 2421 533 2449 Scon
548 2422 698 2449 nominavit
717 2422 844 2450 Esebon?
858 2423 962 2449 Escbon
985 2423 1026 2450 in-

241 2473 407 2503 terpretatur
418 2469 588 2503 cogitationes
609 2467 676 2503 (Il).
697 2468 792 2496 Merito
810 2476 876 2503 ergo
889 2476 953 2503 pars
969 2477 1026 2496 ma—

241 2513 314 2541 xima
332 2514 408 2549 regni
437 2514 576 2547 diabolici,
605 2519 632 2542 et
653 2519 771 2549 po'cstas
792 2515 851 2550 ejus
865 2514 980 2549 plurima
1000 2516 1026 2542 in

241 2560 450 2595 cogitationibus
467 2565 569 2595 regnat.
588 2560 634 2588 Sic
648 2561 720 2588 enim
732 2561 833 2587 tlixitet
846 2561 977 2588 Dominus
996 2561 1028 2593 ‘°,

278 2608 298 2623 “
316 2608 397 2644 Hebr.
413 2616 448 2640 Iv,
464 2608 507 2634 I2.
546 2608 675 2644 ‘prltcs.
687 2617 723 2640 vt.
739 2609 781 2636 I7.

241 2643 287 2672 29.
326 2644 348 2659 “
367 2642 446 2670 Num.
469 2651 522 2675 xxt,
547 2643 592 2670 25.

242 2685 338 2709 ιιιιιιι,
353 2678 381 2704 2.
418 2678 441 2693 "
456 2677 518 2707 Isai.
539 2687 614 2711 uix,
641 2680 684 2711 ll,
701 2679 744 2708 l2.

279 2722 336 2756 (38)
351 2722 442 2750 Codex
460 2722 488 2749 S.
501 2723 620 2755 Thcod.,
636 2732 645 2748 ι
669 2723 788 2756 regionis
803 2723 884 2750 Scon.
903 2732 911 2747 δ

280 2746 335 2791 ἶὸῦῇ
354 2746 654 2789 Ῑηιρι-μνεία(ιιι-ν’ξιίιιῖνηι
669 2746 760 2785 ιδ’γιᾶιι
768 2746 1028 2785 ιιλῖιῖὖιοτιοεῑειῖο-

251 2798 313 2817 ιιωι.
329 2791 349 2818 Α
363 2792 452 2818 radice
464 2796 524 2822 Tm
540 2803 548 2818 ι
568 2794 716 2820 maledixit.
733 2803 742 2818 ι

281 2828 338 2861 (I0)
354 2825 449 2858 Jaboc,
468 2824 540 2860 'tjuod
567 2829 753 2861 intcrprrlulttl‘
769 2836 918 2855 Lucranm.
933 2829 952 2855 A
972 2833 1030 2870 pp:

821 2608 841 2624 ³³
852 2607 932 2635 Nutn.
944 2617 999 2640 xxt,
1014 2609 1058 2636 2i.

641 2644 661 2659 "
680 2644 765 2672 Marc.
783 2651 831 2676 vn,
845 2644 892 2677 2|,
911 2644 946 2671 22
963 2645 1046 2672 et25.

1070 906 1122 933 Sed
1147 906 1318 940 requiramus
1347 913 1417 932 nunc
1442 906 1487 940 qui
1516 906 1571 932 sint
1593 906 1636 933 isti
1660 906 1836 940 amigmatistaz.

1070 952 1195 986 Ettigma
1214 952 1312 979 dicitur
1322 959 1411 979 sermo
1425 950 1567 986 figuratus.
1581 951 1778 986 Enigmatista:
1787 960 1838 986 ergo

1069 998 1215 1029 dicuntur,
1238 997 1283 1031 qui
1316 997 1469 1032 figuraliter
1500 998 1660 1032 quuttntur.
1694 997 1724 1024 Et
1738 998 1791 1032 quis
1807 1002 1839 1024 est

1070 1044 1149 1075 alius,
1175 1043 1220 1077 qui
1250 1043 1276 1069 in
1296 1043 1389 1078 figuris
1415 1043 1521 1070 locutus
1541 1044 1586 1075 sit,
1602 1044 1652 1070 ttisi
1680 1043 1721 1071 Iex
1745 1049 1770 1071 et
1790 1051 1839 1078 pro-

1071 1088 1177 1124 pltclan?
1189 1088 1257 1115 Audi
1272 1088 1343 1115 enim
1356 1088 1491 1123 quomodo
1514 1089 1597 1116 David
1624 1089 1689 1117 dicit
1702 1090 1723 1105 ¹¹
1737 1098 1743 1116 :
1758 1098 1766 1114 ι
1785 1090 1839 1123 Ape-

1072 1135 1139 1162 riam
1153 1135 1180 1162 in
1205 1135 1344 1171 parabolis
1368 1143 1398 1162 os
1424 1144 1524 1169 meum,
1548 1137 1642 1171 loqttar
1663 1137 1839 1172 propositiones

1072 1183 1106 1210 ab
1136 1183 1213 1210 initio
1236 1181 1338 1210 steculi.
1357 1191 1365 1207 ι
1383 1181 1436 1210 Sed
1464 1189 1492 1210 et
1514 1183 1610 1215 Isaias,
1632 1183 1696 1218 quia
1717 1183 1838 1216 :cuigtnata

1072 1231 1127 1257 sint
1144 1237 1203 1264 qua:
1231 1230 1350 1264 scripsit,
1366 1231 1417 1257 huc
1438 1230 1517 1257 modo
1531 1229 1652 1257 decIarat
1672 1238 1679 1256 :
1697 1238 1706 1254 ι
1726 1229 1754 1256 ΕΙ
1766 1233 1839 1256 erunt.

1074 1276 1161 1311 inquit
1176 1277 1210 1310 ’³,
1223 1275 1305 1303 verba
1321 1275 1382 1303 libri
1400 1275 1480 1309 hujus
1495 1276 1564 1303 sicut
1575 1275 1656 1302 verba
1667 1275 1728 1302 Iihri
1744 1274 1840 1310 signati;

1073 1330 1154 1357 quem
1171 1323 1192 1350 si
1209 1321 1338 1350 dederint
1357 1322 1382 1348 in
1410 1330 1506 1349 tnanus
1524 1321 1644 1349 hominis
1655 1321 1795 1349 nescientis
1809 1320 1842 1347 lit-

1075 1375 1156 1403 teras,
1171 1375 1197 1398 et
1215 1371 1334 1398 dixerint
1351 1372 1375 1398 ei
1395 1379 1401 1398 :
1421 1370 1502 1404 Lege,
1526 1369 1597 1396 dicet
1624 1377 1631 1395 :
1659 1367 1719 1397 Non
1739 1369 1793 1396 novi
1808 1367 1842 1394 Iit‘

1076 1423 1159 1445 teras.
1182 1417 1210 1445 Si
1233 1423 1324 1446 autem
1354 1418 1478 1446 dederint
1496 1417 1594 1445 scienti
1621 1417 1739 1448 litteras,
1765 1417 1840 1444 dicet:

1074 1463 1132 1490 Non
1151 1471 1259 1498 possunt
1287 1464 1388 1499 legere,
1404 1463 1529 1498 signatus
1546 1468 1587 1490 est
1602 1463 1688 1490 enim.
1706 1472 1714 1488 I
1733 1462 1842 1497 Signatus

1076 1514 1168 1536 autem
1181 1509 1281 1536 dicitur
1299 1510 1367 1537 liber
1383 1517 1432 1544 pro
1448 1516 1492 1540 eo,
1511 1508 1581 1542 quod
1603 1508 1699 1543 figuris
1717 1508 1841 1543 perplctus

1069 1556 1128 1586 ’est,
1141 1559 1168 1580 et
1180 1555 1370 1590 aanigmatibus
1386 1555 1533 1582 involutus.
1548 1554 1646 1581 Dicttnt
1658 1562 1727 1589 ergo
1739 1554 1779 1582 isti
1792 1553 1844 1580 aeni-

1075 1600 1210 1636 gmatistae
1230 1609 1236 1627 ί
1256 1613 1265 1626 ι
1278 1599 1376 1628 Venite
1391 1601 1416 1628 in
1433 1600 1550 1629 Esebon.
1564 1604 1593 1626 ιιι
1605 1599 1764 1627 aedificetur.
1783 1609 1792 1625 ι

1075 1645 1140 1674 cidit
1158 1646 1202 1673 illa
1217 1647 1303 1681 prima
1324 1646 1429 1674 Esebon
1442 1666 1449 1679 ,
1475 1645 1529 1672 imo
1553 1647 1685 1674 subversa
1712 1651 1752 1673 est
1776 1650 1799 1673 et
1814 1645 1844 1670 in-

1075 1699 1170 1725 censa,
1197 1691 1387 1719 resediiicauda
1420 1698 1461 1719 est
1483 1693 1544 1720 alia.
1573 1693 1627 1720 Sed
1654 1692 1785 1727 quomodo
1805 1691 1844 1717 hoc

1077 1738 1135 1770 fiat,
1154 1743 1294 1772 assumpto
1314 1739 1490 1766 ostendamus
1501 1738 1635 1773 exemplo.
1657 1738 1687 1766 Si
1701 1739 1788 1765 videas
1797 1745 1845 1772 geu-

1076 1784 1149 1811 tilem
1177 1784 1204 1810 in
1232 1784 1365 1811 dedecore
1396 1785 1457 1811 vita:
1477 1785 1593 1819 positum
1609 1792 1640 1812 ae
1657 1784 1789 1819 religionis
1810 1791 1843 1810 er-

1077 1837 1148 1861 rore,
1165 1837 1218 1856 non
1230 1829 1340 1856 dubites
1356 1831 1389 1857 de
1405 1837 1438 1857 eo
1451 1830 1554 1861 dicere.
1567 1831 1639 1864 quod
1648 1831 1686 1857 sit
1704 1831 1746 1858 hic
1757 1829 1845 1857 Esebou

1076 1875 1174 1901 civitas
1188 1874 1213 1900 in
1228 1882 1311 1909 regno
1330 1875 1400 1910 regis
1429 1875 1512 1901 Scon.
1534 1874 1638 1910 licgnat
1657 1877 1732 1902 enim
1750 1875 1773 1901 in
1785 1873 1846 1907 cogi-

1077 1920 1224 1948 tationibus
1241 1921 1299 1955 ejus
1316 1928 1363 1948 rex
1380 1921 1562 1948 infructuosus
1574 1926 1599 1947 ct
1611 1922 1711 1949 elatus.
1731 1921 1767 1948 Ad
1788 1920 1846 1946 hunc

1077 1966 1099 1993 si
1116 1966 1224 1994 accedat
1248 1967 1340 1999 Israel,
1363 1967 1414 1994 hoc
1433 1973 1475 1995 est
1492 1968 1622 1996 Ecclesia:
1641 1968 1724 2000 filius.
1742 1972 1768 1994 ct
1787 1964 1846 1992 adhi-

1077 2011 1239 2046 bcatjacula
1255 2013 1329 2040 verbi
1348 2013 1405 2046 Dei,
1419 2019 1447 2041 et
1460 2014 1606 2049 distringat
1621 2021 1718 2042 contra
1736 2021 1790 2041 eum
1802 2012 1846 2046 gla-

1078 2059 1150 2086 dium
1176 2059 1299 2094 spirilus,
1326 2060 1448 2087 destruat
1475 2061 1501 2087 in
1530 2069 1562 2089 eo
1584 2068 1679 2088 omnes
1704 2059 1845 2087 nmnitiones

1079 2105 1217 2139 gentilium
1241 2106 1407 2141 dogmatum,
1439 2112 1462 2133 et
1484 2107 1617 2134 elationes
1643 2110 1844 2141 argumentorum

1078 2151 1136 2184 ejus
1150 2151 1211 2186 igne
1227 2151 1350 2178 veritatis
1371 2157 1476 2184 exurat,
1493 2153 1577 2179 dicito
1595 2152 1628 2178 de
1642 2154 1706 2183 hoc,
1725 2151 1781 2185 quia
1797 2149 1845 2175 Sub-

1079 2205 1159 2224 versa
1182 2201 1224 2224 est
1250 2196 1357 2224 Esebon
1373 2197 1468 2224 civitas
1491 2196 1572 2224 Scon.
1591 2197 1643 2224 Sed
1667 2205 1719 2224 non
1737 2193 1846 2222 continuo

1081 2242 1204 2269 desertus
1217 2246 1244 2269 et
1264 2242 1410 2269 destituttts
1427 2242 1588 2276 relinquitur
1606 2242 1669 2273 istc,
1689 2243 1715 2268 in
1733 2247 1781 2275 quo
1795 2237 1847 2265 sub-

1082 2295 1158 2315 versa
1180 2293 1243 2315 sunt
1259 2288 1400 2323 gentilium
1414 2288 1552 2323 dogmata.
1568 2287 1624 2315 Non
1640 2287 1712 2315 enim
1725 2283 1846 2318 disciplina

1081 2338 1122 2360 est
1135 2334 1196 2361 (iliis
1208 2333 1290 2361 Israel
1303 2333 1454 2361 destructas
1470 2335 1626 2369 relinquere
1641 2341 1710 2368 quas
1727 2332 1847 2358 destruxe-

1081 2380 1135 2407 rint
1151 2380 1275 2407 civitates
1290 2387 1296 2406 :
1310 2379 1356 2407 sed
1370 2387 1431 2406 ctnn
1451 2380 1607 2407 subruerint
1633 2384 1661 2407 et
1675 2376 1811 2406 everterint
1825 2374 1846 2400 in

1080 2424 1188 2452 homine
1205 2424 1290 2451 malas
1307 2425 1484 2460 cogitationes
1513 2429 1541 2453 et
1569 2424 1668 2459 itnpios
1686 2430 1786 2454 sensus,
1798 2428 1849 2447 retr-

1082 2471 1230 2497 diﬁcabunt
1248 2477 1341 2497 rursus
1357 2471 1382 2497 in
1395 2473 1477 2499 corde
1506 2471 1565 2506 ejus
1578 2478 1658 2505 quem
1683 2465 1849 2497 destruxerint

1081 2517 1165 2545 bonas
1175 2518 1362 2552 cogitationes,
1380 2518 1438 2552 pios
1453 2524 1558 2548 sensus,
1574 2516 1727 2544 doctrinam
1744 2512 1849 2541 veritatis

1082 2562 1214 2594 inserent.
1232 2563 1370 2597 religionis
1386 2563 1467 2590 ritum
1485 2562 1600 2591 tradent.
1623 2562 1744 2588 ordinem
1758 2557 1848 2586 vivendi

1098 2610 1197 2638 "ibid.
1237 2611 1258 2626 "
1269 2610 1430 2638 Gcn.xxxtt.
1470 2610 1491 2625 ¹⁶
1515 2609 1580 2636 ibid.
1597 2607 1641 2635 25.
1680 2609 1700 2623 "
1719 2606 1848 2634 Matthxi.

1085 2646 1107 2661 ²⁰
1125 2645 1191 2672 Luc.
1223 2654 1271 2679 xtl,
1303 2645 1347 2672 49.
1386 2646 1407 2661 "‘
1423 2645 1501 2672 Num.
1519 2651 1577 2677 ut.
1599 2643 1644 2677 27,
1668 2643 1712 2670 28.
1750 2642 1771 2657 ”
1789 2638 1848 2666 Ρεςιι.

1090 2732 1098 2747 ι
1115 2723 1250 2753 exhausit,
1267 2722 1422 2754 cvacuavit,
1442 2731 1451 2747 ι
1471 2719 1542 2756 quod
1558 2719 1585 2747 itt
1598 2719 1670 2748 luela
1683 2719 1753 2746 vires
1763 2717 1851 2745 exhau-

1109 2766 1198 2784 illlllll'.

1085 2762 1182 2832 Μ’ΐιιιιξι
1192 2778 1302 2832 It‘scbon,
1337 2792 1730 2827 interpretatureoorrntoses-
1745 2788 1783 2814 M‘
1797 2789 1850 2816 ’ΜΠ

1085 2838 1093 2854 t
1115 2833 1250 2861 t'ogtltn'lt.
1268 2836 1276 2852 ι
