1886 3051
40 115 98 144 669

653 113 689 140 ΙΝ
708 109 876 140 NUMEROS
893 109 1034 136 IIOMILIA
1049 108 1115 136 XIII.

1626 111 1679 137 670

41 177 198 210 docebunt,
222 177 306 212 318
329 177 499 205 honestatem
525 182 644 207 morum,
662 171 840 200 observantia:
855 172 877 200 Α
893 176 1001 204 genius:
1018 168 1333 202 alioquindebuissemus
1345 169 1379 196 de
1391 170 1443 196 hoc
1458 169 1558 196 mundo
1569 169 1677 198 exiisse.

40 225 150 248 statuta
168 224 370 249 monstrabunt.
386 222 417 249 Et
429 228 493 248 tunc
510 228 571 248 rere
587 220 678 246 dicent
701 217 745 244 isti
772 217 837 244 zcni-

41 265 182 299 gmatistz
195 267 229 294 ad
242 267 402 301 semetipsos
413 266 529 293 invicem
544 274 550 291 ε
567 264 672 294 Venite,
686 261 840 289 etatdillce-

41 319 107 339 mus
122 312 242 346 Esebon,
267 320 329 348 qua:
352 313 404 339 fuit
417 311 514 339 civitas
540 310 623 337 Seon.
638 309 670 336 Et
685 308 735 342 ipsi
753 307 836 338 enim,

41 360 96 386 hoc
111 364 154 386 est
172 360 368 392 IiliiEcclesiae,
386 360 448 395 quia
467 359 568 394 figuras
580 358 646 393 legis
657 357 837 390 ettenigmata

39 405 210 438 spiritaliter
238 405 411 440 intelligunt,
439 404 630 439 aenigmatista:
657 402 835 438 appellantur.

40 449 100 477 lloe
114 454 157 477 est
171 451 242 485 quod
259 456 286 478 et
307 450 439 478 Jeremias
466 449 571 485 Iigurali
593 448 768 476 nihilominus
779 454 838 474 ser-

39 504 124 524 mone
148 498 287 533 designat,
313 498 358 526 ubi
377 499 409 525 ad
433 505 495 525 eum
515 496 617 524 dicitur
632 503 646 522 a
660 494 775 522 Domino
791 493 834 520 ’δε

41 551 50 568 ‹
68 543 143 570 Ecce
175 544 235 571 dedi
252 544 335 572 verba
354 551 413 570 mea
432 544 457 570 in
475 551 505 570 os
521 547 605 573 tuttm,
622 548 686 568 ecce
708 540 835 567 constitui

39 595 67 616 te
82 589 169 616 hodie
183 597 265 624 super
291 595 385 624 gentes
397 594 425 617 et
449 596 545 624 regna,
559 588 710 619 eradicare,
728 591 754 614 et
771 587 835 613 sub-

39 640 163 668 vertere,
177 640 205 662 et
219 635 384 662 reaedilieare
415 639 442 662 et
464 634 629 668 replantare.
649 643 658 660 ι
677 633 747 667 Quid
771 640 833 660 era-

38 680 113 707 dicat
141 686 170 708 et
193 682 257 716 quid
281 681 433 710 subvertit?
461 681 605 709 Civitatem
627 680 745 713 Escbon,
775 688 834 715 qua:

36 729 100 751 erat
113 725 190 760 regis
206 725 287 753 Seon.
313 726 383 759 Quid
406 727 528 754 eradicat
548 727 574 753 in
596 733 626 753 ea
640 731 667 754 et
680 726 746 761 quid
770 726 834 753 Sub-

37 769 142 797 vertit?
159 770 346 805 Cogitationes
362 771 459 806 impias
479 776 506 798 et
524 771 655 806 impuras.
675 771 744 805 Quid
764 779 832 798 rea:-

37 815 135 843 dilicat
159 817 185 843 in
198 824 228 844 ea
243 821 270 844 et
295 817 358 851 quid
386 817 542 851 replautat?
565 817 751 853 Cogitationes
775 817 832 852 pias

894 216 929 241 De
959 214 1046 241 Basan
1072 220 1173 246 tamen,
1209 214 1262 240 hoc
1281 218 1332 245 est,
1349 215 1382 241 de
1409 215 1585 249 turpitudine,
1607 215 1679 242 nullo

892 261 999 294 penitus
1018 260 1184 294 indigemus,
1205 260 1273 287 nihil
1290 267 1322 287 ex
1346 267 1377 287 ea
1397 260 1607 294 relinquamus;
1632 269 1679 288 ex-

890 307 1002 333 cidenda
1025 307 1137 338 omnia,
1165 311 1261 333 cuncta
1289 306 1469 333 subvertenda
1497 313 1562 334 sunt
1595 315 1676 342 opera

891 352 1078 386 turpitudinis.
1093 352 1120 378 In
1148 351 1221 378 nullo
1242 352 1315 378 enim
1343 357 1432 386 potest
1457 352 1601 380 honestum
1617 361 1678 380 esse

889 398 961 432 quod
975 402 1054 432 turpe
1069 402 1121 424 est.

923 443 950 470 4.
968 453 977 469 ι
996 444 1028 470 Et
1053 443 1166 478 profecti
1199 442 1262 469 inde
1291 442 1337 469 lilii
1369 442 1451 470 Israel
1477 443 1677 471 collocaverunt

887 493 977 517 castra
1003 489 1038 517 ab
1068 489 1212 517 occidente
1235 488 1312 516 Moab
1330 488 1407 523 juxta
1421 488 1567 516 Jordanem
1581 494 1675 517 contra

886 535 1006 564 .Iericho.
1037 535 1070 563 Et
1095 540 1124 563 ut
1143 536 1214 562 vidit
1242 535 1340 562 Balach
1371 535 1444 562 filius
1457 534 1561 570 Sepbor
1572 536 1605 568 ³⁸,
1625 546 1633 562 ι
1649 542 1676 563 ct

887 581 1000 616 reliqua.
1028 581 1125 609 Omnia
1152 580 1210 615 jam
1223 588 1284 616 quae
1299 580 1332 608 de
1356 580 1467 608 Balaam
1483 586 1510 608 et
1527 581 1603 608 asina
1618 581 1675 615 ejus

886 628 1046 655 scribuntur
1074 627 1189 655 historia
1213 627 1291 662 plena
1310 627 1425 662 negotiis
1444 635 1451 653 :
1475 626 1590 654 interior
1610 633 1675 653 vero

887 672 1041 700 intellectus
1065 671 1148 699 multo
1178 671 1356 706 negotiosior,
1372 676 1399 698 ct
1423 671 1517 699 nescio
1541 678 1574 698 an
1596 670 1675 698 facile

885 719 931 751 sit,
948 718 988 745 vel
1020 717 1094 753 ipsas
1108 721 1212 744 tantum
1234 718 1380 745 historicas
1394 718 1543 753 explanare
1565 722 1674 745 sentcn-

887 763 949 791 tias.
962 764 1016 791 Deo
1047 769 1134 790 tamen
1162 762 1291 795 donante,
1310 762 1429 790 breviter
1451 770 1512 797 qua:
1531 770 1674 796 possumus

886 809 1109 844 perstriugemus.
1141 806 1242 834 Bellum
1271 808 1318 835 tibi
1349 808 1483 842 imminet,
1505 815 1521 835 ο
1540 816 1586 835 rex
1617 808 1668 835 Ba-

37 865 65 887 et
77 866 184 893 castas,
203 866 232 888 ut
257 861 388 889 efﬁciatur
406 862 512 890 Esebon
540 863 636 891 civitas
662 870 714 890 non
734 863 818 890 Amor

923 853 955 887 :b,
974 853 1011 880 fili
1028 853 1134 887 Sephor
1149 861 1155 879 :
1172 857 1301 879 sexcenta
1320 853 1403 879 millia
1424 857 1590 880 armatorum
1606 852 1672 880 [lues

39 905 192 937 rhaeorum,
213 905 259 932 sed
273 905 389 934 ﬁliorum
402 905 495 934 Israel.

72 949 101 976 ὅ.
117 949 173 976 Sed
191 950 214 977 si
240 951 368 980 volumus
380 953 484 987 singula
504 953 642 988 persequi,
655 952 832 980 excludemur

38 1005 52 1025 a
79 999 245 1027 dissertione
272 1007 366 1027 eorum
396 1008 456 1035 quae
481 1001 560 1029 nobis
585 1002 697 1028 recitata
715 1006 776 1028 stmt
797 1001 831 1028 de

40 1043 153 1071 Balaam
170 1054 177 1071 :
193 1045 270 1080 cujus
296 1046 421 1074 lectionis
445 1050 518 1073 tanta
550 1046 694 1073 dillicultas
720 1051 773 1078 est,
802 1051 831 1072 ut

39 1091 84 1117 vix
100 1092 134 1118 ad
159 1091 280 1119 historia:
297 1093 384 1127 ipsius
408 1094 541 1120 rationem
566 1096 593 1119 et
609 1093 829 1127 consequentiam

36 1136 236 1170 explanandam
253 1139 394 1172 pervenire
410 1139 554 1174 possimus.
571 1138 677 1171 Quanta
700 1138 829 1173 ergojam

36 1178 186 1207 dilﬁcultas
200 1181 277 1209 nobis
286 1182 337 1209 erit
349 1182 375 1209 in
385 1182 578 1217 explanatione
593 1182 753 1217 spiritalium
765 1190 829 1210 seu-

37 1232 131 1256 suum,
146 1225 168 1251 si
185 1226 270 1260 prima
287 1225 344 1259 ipsa
363 1227 462 1254 littera:
491 1226 576 1254 facies
591 1226 674 1254 tantis
686 1225 829 1254 diﬂiculta-

38 1270 110 1297 tibus
123 1270 243 1297 involuta
260 1272 323 1298 est?
341 1271 393 1300 Sed
409 1273 536 1307 quamvis
553 1272 642 1308 rapiat.
657 1279 707 1299 nos
723 1272 829 1299 deside-

36 1316 108 1342 rium
121 1315 156 1342 ad
168 1323 200 1343 ea
212 1323 272 1350 qua:
289 1318 375 1352 magis
397 1318 512 1345 obscura
524 1323 586 1345 stmt
601 1318 770 1351 disserenda,
789 1323 829 1344 ta-

36 1367 99 1386 men
116 1367 172 1386 non
196 1365 260 1386 sunt.
288 1362 393 1396 penitus
409 1363 556 1390 omittenda
582 1364 665 1390 etiam
694 1363 752 1390 haec
768 1371 829 1398 quae

36 1405 125 1432 media
152 1405 316 1433 referuntur.
332 1407 427 1435 Postea
455 1409 528 1436 enim
544 1416 625 1443 quam
649 1409 828 1436 obtinuerunt

36 1449 83 1476 filii
113 1449 198 1477 Israel
220 1451 347 1479 civitates
371 1452 612 1486 Amorrhazorum,
645 1455 827 1482 ascenderttut

34 1498 120 1523 etiam
140 1497 224 1531 viam,
239 1505 299 1532 qme
314 1498 389 1525 ducit
408 1499 434 1526 in
462 1499 561 1534 Basan,
579 1501 624 1528 ubi
642 1506 702 1529 erat
712 1500 751 1536 Og
777 1509 823 1530 rex
839 1517 860 1546 α

37 1542 124 1569 Busan
143 1550 149 1568 :
164 1543 211 1570 sed
224 1544 256 1571 ad
275 1545 347 1572 htmc
359 1551 447 1578 neque
466 1545 571 1581 legatos
588 1546 694 1574 mittere
710 1547 825 1582 dignan-

35 1593 87 1619 tur,
109 1596 201 1623 neque
221 1593 313 1623 petere
330 1590 364 1617 ab
377 1598 421 1622 eo,
436 1595 465 1618 ut
494 1599 542 1626 per
561 1596 661 1619 terram
673 1592 826 1627 ejustrans-

37 1640 116 1667 eant,
139 1636 185 1662 sed
196 1637 324 1663 continuo
348 1637 570 1672 confliguntcum
592 1645 624 1665 eo
653 1643 681 1666 et
696 1643 826 1674 superant

37 1687 87 1708 tam
106 1682 196 1717 ipsum
225 1690 305 1716 quam
332 1683 461 1718 populum
489 1683 583 1718 ipsius.
600 1683 745 1712 Videamus
761 1692 825 1720 ergo

35 1735 93 1762 quae
102 1732 145 1754 est
162 1727 262 1755 Basan.
276 1727 362 1756 Basan
380 1729 577 1764 interpretatur
596 1730 733 1764 turpitudo
746 1730 822 1766 (42):

35 1774 134 1800 merito
147 1781 212 1810 ergo
229 1781 278 1802 nec
295 1774 376 1809 legati
389 1774 535 1803 mittuntur
553 1778 587 1804 ad
601 1778 683 1805 istam
698 1782 817 1814 gentem,

35 1827 81 1848 nec
99 1821 234 1849 transitus
255 1829 301 1856 per
314 1826 413 1850 terram
429 1824 486 1857 ejus
496 1824 627 1858 poscitur.
643 1825 739 1853 Nullus
751 1828 822 1854 enim

35 1867 110 1894 nobis
130 1869 265 1895 transitus
283 1868 363 1896 debet
377 1876 447 1902 esse,
473 1870 562 1897 nullus
576 1878 703 1899 accessus
717 1873 750 1899 ad
767 1877 824 1900 tur-

34 1912 186 1945 pitudinem
203 1921 210 1938 ε
228 1914 274 1940 sed
304 1914 338 1941 ab
369 1914 448 1941 initio
475 1915 566 1942 statim
583 1918 772 1952 expugnanda,
797 1923 823 1946 et

34 1958 190 1986 omnimodo
205 1960 324 1987 cavenda
345 1966 396 1988 est.
424 1961 462 1996 Og
480 1967 570 1989 autem
591 1963 636 1996 qui
660 1971 706 1991 rex
724 1964 824 1992 dicitur

34 2011 91 2030 esse
105 2003 362 2036 Basanﬁnterclusio
380 2006 574 2041 interpretatur
587 2007 654 2044 (45).
670 2008 762 2036 Potest
779 2011 822 2038 hic

35 2049 148 2084 ﬁguram
182 2054 275 2077 tenere
287 2051 407 2077 omnium
426 2053 575 2079 carnalium
591 2058 617 2079 et
641 2055 822 2082 materialium

35 2104 132 2128 rerum,
156 2103 274 2130 quarunt
303 2105 394 2125 amore
416 2102 443 2124 et
462 2098 598 2125 desiderio
610 2099 718 2126 detenta
732 2101 820 2128 anima

33 2141 188 2168 excluditur
199 2145 226 2167 et
247 2147 390 2175 separatur
407 2151 421 2169 a
438 2143 502 2171 Deo.
529 2144 667 2173 Adversus
692 2146 731 2181 0g
757 2155 822 2182 ergo

884 904 944 926 tuos
965 899 1083 926 irruunt.
1099 898 1252 933 Oportebat
1281 903 1308 925 et
1335 903 1359 925 te
1382 906 1480 933 parare
1493 906 1578 931 arma,
1593 905 1672 925 excr-

882 946 965 973 citum
979 953 1127 981 congerere
1144 945 1211 980 (Μ),
1230 945 1263 972 de
1281 945 1486 973 constructione
1500 945 1583 980 pnelii
1598 944 1672 979 cogi-

883 997 950 1025 tare,
967 996 995 1019 ut
1007 992 1077 1019 hosti
1093 992 1182 1019 adhuc
1196 991 1397 1026 proeulposito,
1417 991 1501 1018 armis
1519 991 1671 1018 instructus

881 1046 1052 1067 occurreres.
1070 1037 1109 1065 Tu
1123 1045 1188 1065 vero
1212 1038 1297 1065 mittis
1315 1038 1348 1065 ad
1367 1037 1475 1065 Balaam
1497 1038 1629 1068 divinum,
1643 1041 1672 1063 et

882 1085 968 1112 mittis
988 1085 1072 1112 multa
1099 1093 1221 1116 munera,
1251 1092 1283 1112 ac
1303 1085 1406 1119 majora
1429 1084 1577 1119 promittis,
1590 1087 1617 1110 et
1628 1082 1671 1110 dio

881 1132 920 1158 cis
938 1131 960 1146 ’⁷
973 1138 980 1157 :
998 1140 1007 1156 ι
1033 1130 1109 1164 Vetti,
1120 1132 1234 1159 maledic
1249 1131 1314 1158 tnihi
1328 1131 1466 1166 populum,
1480 1131 1526 1165 qui
1539 1130 1623 1157 exivit
1637 1130 1670 1157 de

881 1177 1008 1212 Egypto.
1029 1188 1038 1204 ι
1058 1177 1109 1205 Sed
1128 1177 1251 1210 Balaam,
1271 1183 1300 1204 ιιι
1315 1177 1456 1211 Scriptura
1471 1176 1559 1208 docet,
1577 1175 1670 1203 retulit

881 1223 938 1250 base
953 1223 986 1250 ad
1014 1223 1108 1256 Deum,
1130 1230 1143 1250 a
1160 1231 1214 1258 quo
1228 1228 1254 1250 et
1275 1224 1368 1250 venire
1381 1222 1550 1257 prohibetur.
1573 1221 1626 1250 Sed
1642 1226 1670 1248 et

880 1270 978 1297 iterum
998 1278 1044 1296 rex
1059 1271 1143 1296 mittit
1170 1270 1282 1304 legatos,
1297 1275 1323 1297 et
1347 1269 1479 1305 neglectis
1494 1269 1577 1296 armis
1592 1276 1667 1303 spem

879 1324 985 1344 onmem
1007 1317 1082 1350 ponit
1102 1317 1126 1343 in
1150 1315 1259 1343 Balaam
1281 1320 1310 1342 ιιι
1329 1315 1430 1347 veniat,
1451 1320 1479 1342 et
1501 1315 1582 1342 verba
1598 1314 1669 1342 defe-

879 1366 937 1394 rat,
964 1366 1044 1396 atque
1068 1362 1094 1388 in
1117 1361 1243 1396 populum
1275 1360 1413 1395 iaculetur
1440 1361 1586 1388 maledicta
1618 1368 1668 1395 pro

880 1407 951 1441 telis,
976 1408 999 1435 si
1020 1408 1089 1435 forte
1114 1407 1205 1434 verbis
1237 1406 1346 1433 Balaam
1373 1407 1499 1434 vincatur
1531 1407 1667 1442 populus,

878 1461 959 1488 quem
975 1454 1044 1489 regis
1072 1455 1210 1482 exercitus
1233 1459 1366 1488 superare
1391 1461 1444 1480 non
1460 1458 1579 1488 poterat.
1606 1454 1668 1482 llaec

878 1500 991 1527 historia
1005 1500 1070 1534 quid
1088 1501 1290 1535 consequentiae
1306 1499 1409 1528 habet?
1424 1499 1489 1534 quid
1508 1499 1614 1527 consilii
1631 1506 1669 1528 te-

877 1546 915 1581 git
931 1545 1008 1581 (45)?
1028 1545 1078 1573 Ubi
1108 1546 1147 1574 vel
1177 1546 1287 1581 quando
1317 1547 1438 1574 auditutn
1455 1551 1507 1579 est,
1522 1547 1594 1581 quod
1605 1546 1667 1580 quis

877 1599 985 1626 regum,
1001 1591 1159 1620 imminente
1184 1593 1235 1620 sibi
1249 1593 1352 1628 przelio,
1371 1593 1479 1620 omissis
1493 1592 1576 1619 armis
1586 1599 1666 1619 exer-

877 1637 986 1673 cituque
1005 1638 1137 1673 neglecto,
1165 1638 1198 1664 ad
1223 1638 1307 1666 divini
1327 1638 1442 1673 alicujus
1462 1639 1502 1666 vel
1530 1637 1666 1672 aruspicis

877 1685 957 1711 verba
983 1685 1151 1720 confugerit?
1178 1684 1255 1713 Unde
1282 1685 1379 1712 iterum
1406 1691 1487 1719 atque
1502 1685 1599 1712 iterum
1617 1684 1664 1711 Dei

876 1730 954 1758 nobis
964 1731 1101 1758 exoranda
1113 1735 1155 1758 est
1168 1731 1265 1766 gratia,
1280 1736 1307 1757 ιιι
1316 1731 1373 1758 haec
1385 1739 1436 1758 non
1444 1731 1573 1759 fabulosis
1582 1736 1608 1757 et
1621 1729 1668 1758 Ju-

875 1775 959 1803 daicis
968 1776 1180 1809 narrationibus,
1190 1776 1237 1803 sed
1249 1776 1428 1804 rationalibus
1438 1781 1465 1804 et
1475 1777 1564 1811 dignis
1574 1777 1666 1804 divina

875 1822 935 1857 lege
945 1823 1077 1857 possimus
1083 1824 1207 1850 sensibtts
1217 1822 1321 1857 explica
1327 1822 1460 1850 rc.Pritno
1469 1830 1533 1858 ergo
1542 1823 1665 1850 omnium

875 1867 1015 1895 fatendum
1032 1872 1075 1896 est
1089 1869 1115 1895 in
1127 1868 1289 1902 quibusdam
1298 1868 1358 1902 plus
1368 1875 1448 1903 posse
1460 1872 1485 1894 et
1498 1869 1557 1902 plus
1574 1867 1665 1895 valere

874 1915 957 1942 verba
974 1921 1056 1949 quam
1075 1922 1187 1949 corpora
1205 1923 1211 1940 :
1230 1913 1292 1947 quia
1315 1914 1388 1948 quod
1409 1915 1548 1942 exercitus
1566 1914 1665 1941 multa—

874 1969 934 1988 rum
950 1961 1071 1995 gentium
1086 1960 1215 1994 nequiret
1230 1960 1346 1994 edicere,
1364 1961 1435 1994 quod
1457 1959 1528 1987 ferro
1544 1964 1570 1988 ct
1581 1961 1664 1987 armis

874 2015 927 2034 tton
947 2011 1037 2041 posset
1049 2005 1177 2037 obtineri,
1188 2007 1238 2034 ltoc
1250 2007 1341 2034 verbis
1357 2006 1485 2039 elllcitnr;
1502 2011 1528 2033 et
1542 2006 1663 2033 noudico

875 2053 976 2080 sanctis
991 2051 1140 2083 verbis,vel
1150 2052 1195 2079 Dci
1212 2053 1311 2086 verbis,
1327 2053 1374 2079 sed
1389 2052 1478 2079 verbis
1489 2052 1662 2086 quibusdam,

873 2107 934 2134 qua:
947 2099 1019 2126 inter
1031 2098 1154 2125 homines
1181 2099 1329 2132 habentur,
1346 2107 1404 2134 qua:
1420 2099 1556 2133 quomodo
1572 2098 1661 2125 nomi-

874 2153 935 2172 nent
970 2145 1082 2176 ucscio;
1112 2149 1177 2170 sunt
1198 2148 1286 2171 tatnen
1309 2144 1335 2171 iu
1352 2144 1410 2170 utili
1432 2149 1488 2170 arte
1501 2143 1662 2178 composita.

34 2189 64 2213 ita
77 2188 238 2221 prmcipitur
255 2187 354 2215 bellum
369 2191 528 2223 gerendum,
546 2199 554 2215 ι
571 2195 599 2217 ιιι
615 2198 666 2217 non
684 2193 820 2226 reliuqua-
837 2190 859 2218 ἰ)
875 2193 951 2227 cujus
963 2192 1031 2218 artis
1045 2189 1205 2218 vocabulum
1222 2190 1286 2218 illud
1306 2190 1352 2223 sit,
1365 2190 1438 2225 quod
1453 2190 1599 2224 unicuique
1615 2197 1662 2224 ap-

35 2234 76 2265 tis,
98 2234 190 2268 inquit
211 2233 245 2265 ",
270 2240 301 2259 ex
330 2241 361 2262 eo
384 2235 532 2263 viventem.
552 2244 561 2260 ι
579 2235 688 2263 Nullum
715 2238 788 2264 enim
804 2247 817 2265 ιι

34 2280 90 2307 libis
105 2279 193 2307 Israel
216 2286 322 2314 oportet
339 2281 455 2315 relinqui
480 2282 506 2308 in
538 2290 622 2316 regno
644 2284 819 2318 turpitudinis

34 2331 56 2352 et
78 2327 225 2354 dedecoris
250 2327 395 2354 viventem.
422 2327 474 2354 Sed
498 2332 525 2355 et
549 2330 626 2355 decet
642 2327 818 2356 Israeliticant

35 2371 160 2399 virtutem
178 2372 305 2399 excidere
329 2378 355 2400 ct
373 2381 496 2401 resecare
512 2374 613 2408 turpia,
640 2379 667 2401 et
691 2374 732 2408 pia
746 2382 819 2409 quae-

34 2423 78 2449 que
89 2417 114 2444 in
130 2417 224 2444 anima
238 2418 413 2452 rcmdilicare,
425 2424 505 2454 atque
520 2419 632 2446 honesta
646 2428 677 2447 ac
693 2421 816 2455 religiosa

33 2462 164 2495 plantare.
191 2463 228 2491 De
254 2471 337 2499 regno
370 2465 441 2492 Seon
468 2473 519 2491 non
546 2471 587 2492 est
616 2466 760 2500 scriptum,
788 2472 817 2493 ut

33 2508 115 2536 nullus
127 2509 208 2536 vivus
224 2509 402 2544 relinquatur,
419 2518 469 2538 nec
483 2511 516 2538 de
531 2519 614 2545 regno
635 2511 723 2539 Moab.
736 2512 817 2540 Forte

33 2555 97 2581 enim
113 2563 148 2582 ex
165 2555 220 2582 illis
238 2563 306 2590 opus
324 2557 453 2584 habemus
469 2557 616 2592 aliquibus,
634 2562 660 2585 ct
681 2558 817 2586 nonnullis

32 2606 118 2627 θυι-ιιι.)
137 2609 187 2636 pro
205 2602 265 2629 vita:
290 2603 370 2638 hujus
398 2603 530 2638 agonibus
544 2608 570 2630 et
593 2605 732 2632 exercitiis
746 2605 817 2632 indi-

60 2658 191 2687 l"Jcrem.
204 2659 308 2694 t,9,l0.
350 2662 373 2676 "
390 2660 469 2688 Num.
487 2670 544 2694 xxi,

33 2753 42 2778 r
62 2719 117 2753 (42)
137 2719 226 2746 Busan
238 2721 426 2755 interpretatur
440 2728 601 2749 ruttrnuuo.
616 2723 637 2749 A
651 2727 707 2752 una
725 2732 734 2749 (
751 2731 816 2751 cou-

42 2762 101 2778 IISIIS
116 2761 168 2778 test.
187 2765 196 2778 ι

42 2762 101 2780 usus
116 2761 168 2781 est.
187 2765 196 2780 ι

62 2789 115 2823 (ίό)
133 2789 174 2823 Og
190 2795 277 2816 autem
293 2792 337 2824 qui
360 2800 403 2818 nar
426 2793 523 2819 dicitur
544 2801 598 2819 esse
614 2792 714 2824 Busan,
728 2799 817 2818 INTER-

35 2827 331 2860 thstoituu‘prctotar.
351 2828 390 2854 Ab
413 2832 456 2858 παν
479 2828 574 2855 Cbald.
595 2828 636 2856 vel
660 2832 704 2858 :Tt
727 2828 808 2856 Ilcbr.

648 2663 670 2677 “‘
684 2663 763 2690 Num.
784 2671 849 2696 xx",
866 2664 890 2695 I,
905 2664 932 2691 ἓ.

873 2239 966 2273 pellari
986 2238 1060 2265 libet.
1090 2237 1137 2265 Est
1151 2244 1227 2272 ergo,
1244 2241 1272 2264 ut
1288 2236 1356 2269 dixi,
1372 2237 1443 2271 apud
1460 2236 1581 2263 homines
1594 2243 1661 2269 opus

874 2282 1009 2316 aliquod,
1048 2282 1120 2316 quod
1166 2280 1258 2308 verbis
1296 2280 1423 2307 edicitur.
1461 2280 1531 2313 Quid
1571 2284 1659 2306 tamen

873 2336 939 2362 opus
964 2328 1017 2354 tale
1045 2331 1103 2359 est,
1133 2332 1162 2353 ut
1184 2326 1307 2361 quamvis
1340 2326 1445 2360 magnis
1472 2326 1595 2361 corporis
1622 2327 1661 2352 vi-

874 2375 948 2401 ribus
969 2381 1021 2401 non
1051 2373 1136 2408 possit
1163 2373 1288 2407 impleri?
1309 2372 1389 2400 Verbi
1415 2373 1518 2407 gratia,
1538 2379 1615 2400 erant
1635 2374 1659 2399 iu

873 2419 990 2454 [Egypto
1017 2419 1200 2446 ittcantatores
1221 2423 1248 2445 et
1272 2419 1353 2452 magi.
1377 2417 1443 2451 Quis
1461 2424 1548 2453 potest
1571 2419 1660 2445 homi-

873 2475 935 2493 num
958 2466 1117 2493 fortitndiue
1132 2465 1256 2499 corporis
1282 2465 1384 2498 virgam
1416 2469 1523 2491 mutare
1551 2464 1577 2490 in
1598 2471 1660 2491 scr-

871 2517 994 2546 pcntctu,
1025 2513 1098 2548 quod
1116 2512 1150 2539 ab
1168 2512 1221 2538 illis
1248 2511 1349 2539 factum
1362 2511 1498 2539 refertur?
1522 2511 1575 2537 Aut
1597 2511 1659 2545 quis

872 2564 958 2592 potest
997 2559 1098 2586 viribus
1134 2559 1257 2594 corporis
1293 2566 1392 2594 aquam
1429 2558 1455 2584 ιιι
1496 2557 1657 2592 sanguinem

870 2605 951 2639 319
974 2606 1100 2632 vertere?
1122 2605 1254 2633 Fecerunt
1279 2609 1370 2631 tamen
1397 2603 1448 2631 hoe
1467 2602 1657 2638 Egyptiorum

972 2665 993 2680 ¹⁷
1011 2663 1074 2690 ibid.
1088 2664 1114 2690 (5.

873 2733 881 2748 ι
905 2724 1006 2750 circulo
1021 2722 1186 2755 describere,
1211 2731 1221 2748 ι
1238 2726 1264 2749 ct
1285 2721 1355 2750 forte
1376 2730 1386 2747 ι
1408 2721 1556 2756 includere,
1572 2722 1657 2750 inter-

869 2759 987 2785 cludere.
1006 2768 1014 2783 ι

905 2794 1062 2827 (II)(Iodex
1085 2793 1272 2822 (Larnoteusis.
1296 2802 1304 2818 ι
1328 2800 1435 2827 cogere.
1454 2801 1463 2818 ι

905 2829 960 2858 tibi
976 2828 1059 2858 luem.
1082 2837 1090 2854 ι
1107 2827 1235 2856 ostendit.
1259 2837 1268 2854 ›
