1903 3052
233 117 283 144 671

971 110 1134 140 ORIGENIS

1814 109 1840 135 6⁴ι

234 175 417 201 ineantalorcs
429 179 456 201 ct
469 174 548 208 magi.
567 173 681 200 Fecerat
694 172 767 198 enim
783 172 840 198 luce
857 171 932 206 prius
948 169 1022 204 Moy-
1038 169 1060 197 Α
1075 168 1116 195 vis
1139 175 1276 194 armorum
1287 187 1294 200 ,
1323 171 1456 201 quantum
1474 167 1576 203 Moysis
1595 167 1681 194 valuit
1705 166 1806 194 oratio.
1831 165 1848 194 υ

234 227 278 246 ses
302 228 308 246 :
333 220 379 246 sed
400 220 462 254 quia
484 219 586 246 sciebat
605 226 652 245 rex
685 217 794 253 [Egypti
817 217 887 251 quod
914 220 1023 250 possent

236 264 292 291 hac
305 269 363 291 arto
377 264 492 298 quadam
511 263 568 289 tieri
583 263 736 293 verborum,
749 269 808 296 qua:
825 261 938 287 habetur
953 259 1023 285 inter

236 309 370 340 homines,
394 309 496 342 putavit
511 313 538 335 et
566 308 673 343 Moysen
694 315 747 334 nou
773 307 830 333 lucc
848 305 893 332 Dei
910 305 1021 334 virtute,

233 355 281 382 sed
298 355 398 388 magica
417 358 474 380 arte
488 353 597 385 fecisse,
614 359 638 380 et
652 353 722 388 quod
736 353 855 380 hutnana
875 355 931 377 arte
951 350 1022 376 fece-

233 404 288 431 rat,
304 400 329 426 id
349 399 392 426 Dei
415 400 513 427 factum
533 400 632 426 virtute
645 399 786 426 simulare.
804 399 940 425 Convocat
956 404 1021 423 con-

232 445 308 472 tinuo
318 445 504 480 .Egyptioruin
521 446 707 472 incantatores
719 451 747 472 et
761 452 862 479 magos.
876 445 949 471 Inter
959 451 1020 470 eum

231 491 275 525 qui
296 489 397 518 virtute
419 491 464 518 Dei
492 492 669 525 operabatur,
690 496 717 518 et
735 498 781 517 cos
808 491 854 525 qui
886 490 1022 517 dxemoues

233 538 404 569 invocabant,
420 537 484 564 facit
501 545 562 565 esse
576 542 726 565 certatnen.
745 536 829 564 litlieit
845 542 933 564 tamen
947 536 1022 562 sitni-

233 582 295 609 liter
310 586 337 609 et
353 583 491 609 contraria
510 583 596 610 virtus
614 583 714 617 virgam
730 587 882 617 serpentem
897 583 964 608 sicut
980 581 1020 608 fe-

232 632 308 655 cerat
323 628 406 655 virtus
421 628 467 656 Dei
488 638 494 655 :
513 629 558 656 sed
573 637 686 664 serpens
708 629 753 663 qui
769 636 817 663 per
832 629 957 655 virtutem
974 627 1019 654 Dei

233 671 322 699 factu;
346 672 443 704 fuerat,
470 673 611 700 absorbuit
630 678 657 700 et
680 673 820 700 devoravit
844 680 938 700 Omnes
961 672 1020 699 illos

229 723 382 752 serpentes,
404 719 450 753 qui
467 724 524 746 arte
544 718 646 754 magica
667 727 699 746 ex
715 718 799 753 virgis
817 718 887 745 versi
912 717 1020 744 fuerant

231 763 257 789 iu
279 769 429 798 serpentes.
452 763 509 791 Non
533 764 605 791 enim
632 764 718 798 potuit
746 763 833 790 virtus
856 762 1018 789 dtemoniaca

231 808 330 835 malum
351 809 422 843 quod
436 817 469 836 cx
489 810 560 836 bono
574 809 677 836 fecerat
698 808 843 836 restituere
861 808 886 834 in
906 808 1017 835 bonum.

231 853 320 880 Potuit
335 861 368 881 ex
383 854 458 888 virga
471 854 560 881 facere
571 859 735 888 serpentem,
757 854 860 888 virgam
876 861 941 881 vero
958 854 1019 881 red-

231 898 296 925 dere
309 906 340 925 ex
357 903 483 933 serpente
499 907 552 926 non
575 899 663 934 potttit
676 907 683 925 :
698 904 725 926 et
744 899 804 926 ideo
825 905 1021 926 consumuntur

231 950 328 969 ontnes
348 950 380 970 ex
398 951 428 970 ea
449 944 521 979 virga
534 952 594 979 quae
611 944 655 971 Dei
675 944 776 971 virtute
792 951 869 971 versa
890 944 980 971 fuerat
993 945 1019 972 iu

231 992 396 1022 serpentem.
409 989 504 1016 Postea
521 997 584 1017 vero
600 998 648 1024 per
661 990 781 1016 divinam
802 991 928 1018 virtutetn
943 996 1020 1018 natu-

231 1040 269 1059 ra:
281 1040 336 1060 sua:
354 1035 484 1067 redditur,
500 1040 528 1062 ut
540 1042 645 1062 naturae
660 1035 802 1062 Dominum
815 1035 957 1063 fateretur.
970 1035 1020 1063 Fe-

231 1084 325 1105 cerunt
342 1080 525 1109 incantatores
541 1081 742 1116 Egyptiorum,
766 1087 796 1109 ut
824 1087 851 1110 et
869 1090 945 1117 aqua:
960 1090 1020 1109 ver-

231 1129 352 1152 terentur
373 1127 399 1153 itt
426 1128 599 1162 sanguinem,
618 1127 664 1155 sed
690 1135 741 1154 non
758 1132 901 1162 potuerunt
922 1129 1018 1156 iterum

228 1172 386 1206 sanguinem
400 1178 506 1201 vertere
524 1174 550 1201 in
564 1183 659 1209 aquam
673 1184 680 1205 ;
695 1175 740 1202 Dei
755 1179 846 1202 autem
860 1175 947 1202 \‘irltts
965 1183 1018 1202 llOll

228 1224 337 1251 aquam,
350 1218 396 1245 sed
412 1223 497 1246 totum
521 1219 630 1246 ﬂuvium
655 1221 737 1248 vertit
752 1222 777 1248 in
794 1223 953 1257 sanguinem
970 1231 976 1248 :
992 1225 1019 1248 et

230 1269 336 1289 rursum
352 1270 448 1291 orante
463 1264 565 1299 Moyse,
586 1265 703 1300 Iimpidis
727 1274 787 1293 cum
805 1275 837 1294 ac
851 1266 1019 1295 naturalibus

232 1309 348 1336 reddidit
377 1310 494 1337 nitentis.
536 1311 568 1337 Et
603 1311 700 1338 iterum
731 1313 919 1347 produxerunt
947 1313 1018 1349 magi

232 1352 419 1389 [Egyptiortun
442 1357 561 1390 scnipes,
581 1357 627 1384 sed
651 1365 703 1384 non
726 1363 872 1392 potuerunt
889 1358 1019 1392 repellere

229 1409 286 1429 eas.
304 1401 409 1436 Moyses
426 1411 490 1430 vero
506 1404 634 1438 produxit
650 1404 767 1438 senipes,
782 1409 810 1430 et
823 1404 931 1438 repulit.
947 1405 1019 1432 Deus

229 1446 300 1472 ctlllll
319 1453 410 1487 opster
423 1448 513 1476 delere
530 1449 609 1481 facit,
636 1454 662 1476 et
683 1449 780 1476 iterum
801 1449 936 1483 restituit;
953 1457 1019 1477 cett—

232 1493 314 1519 traria
333 1499 421 1521 autem
437 1495 522 1522 virtus
536 1495 605 1523 male
621 1495 730 1530 quidem
748 1496 838 1524 facere
855 1496 954 1532 aliquid
969 1504 1017 1529 po—
1031 1502 1051 1531 ο

230 1543 294 1569 test.
309 1541 355 1566 sed
381 1540 525 1568 restituere
545 1542 572 1568 in
597 1541 731 1576 integrum
755 1550 807 1569 non
835 1547 935 1576 potesL
955 1542 1017 1570 llaec

229 1589 319 1611 autent
338 1585 429 1612 omnia
451 1587 641 1620 prmmisimus,
664 1591 692 1614 ut
716 1595 797 1621 opera
825 1587 946 1620 Balaam,
975 1588 1017 1615 vel

229 1632 311 1658 verba
334 1631 392 1665 ejus
409 1633 542 1666 possimus
564 1633 718 1660 advertere.
734 1633 802 1660 Sunt
819 1634 890 1660 enim
906 1638 933 1660 ct
958 1641 1017 1661 ma-

229 1684 323 1710 gorum
348 1677 484 1705 nonnulla:
510 1677 669 1705 dill‘crentim
693 1685 701 1705 :
723 1678 767 1705 alii
793 1678 865 1705 enim
882 1678 952 1713 plus,
971 1679 1015 1706 alii

231 1722 318 1749 minus
331 1723 429 1750 valent.
448 1723 496 1751 llic
512 1723 620 1751 Balaam
632 1723 830 1751 famosissimus
843 1730 903 1752 erat
917 1725 944 1751 in
958 1729 1016 1752 arte

229 1768 330 1802 magica
358 1774 384 1796 et
408 1769 434 1796 in
460 1770 629 1797 carminibus
655 1770 744 1797 noxiis
768 1775 930 1805 prapotens.
956 1770 1014 1798 Non

228 1814 299 1840 enini
320 1814 437 1842 habebat
455 1821 634 1849 potestatem,
659 1815 701 1842 vel
722 1821 808 1843 artem
826 1817 969 1843 verborum
982 1816 1015 1843 ad

227 1860 453 1896 benedicendum,
472 1864 518 1890 sed
532 1863 648 1891 habebat
661 1864 694 1891 ad
718 1863 940 1891 maledicendum.
958 1865 1016 1891 Dte-

227 1915 320 1934 ntones
339 1909 411 1935 enim
434 1909 468 1935 ad
491 1909 706 1936 maledicendum
730 1909 889 1942 invitantur,
915 1917 967 1937 non
981 1910 1014 1937 ad

227 1952 450 1982 benedicendum.
479 1955 512 1983 Et
535 1955 596 1983 ideo
619 1954 695 1990 quasi
713 1961 842 1991 expertus
856 1957 882 1984 in
905 1956 1013 1989 talibus,

227 1998 254 2024 in
275 1999 402 2033 opinione
425 2004 483 2027 erat
506 2000 643 2033 omnibus,
668 2001 714 2036 qui
739 2005 818 2028 erant
841 2001 868 2028 in
892 2000 1012 2028 Oriente.

228 2045 285 2072 Nisi
300 2046 371 2072 θιιὶιιι
386 2046 571 2081 experimenta
587 2048 645 2081 eius
666 2047 783 2082 plurima
799 2046 1012 2081 praecessissent,

227 2091 297 2125 quod
308 2090 463 2126 frequenter
487 2091 639 2120 maledictis
662 2093 767 2120 hostem
783 2092 910 2120 vertisset
921 2099 1013 2119 arma-

227 2141 295 2168 tum,
309 2144 361 2163 non
377 2137 470 2172 utique
485 2139 703 2173 prmsumpsissct
720 2147 767 2166 rex
782 2139 832 2165 hoc
853 2145 934 2173 posse
953 2138 1012 2164 lieri

226 2183 406 2214 sermonibus,
427 2183 497 2218 quod
516 2183 588 2211 ferro
603 2189 630 2211 et
645 2185 703 2212 acie
725 2185 767 2211 vix
784 2188 875 2219 posset
895 2183 1010 2219 impleri.
1030 2182 1051 2210 D

226 2229 322 2255 Certus
336 2236 400 2263 ergo
413 2229 512 2256 Balach
532 2230 565 2256 de
579 2229 640 2262 hoc,
660 2235 687 2257 et
701 2229 858 2265 frequenter
872 2235 1010 2264 expertus,

225 2272 334 2300 omissis
354 2272 479 2300 omnibtts
505 2274 693 2302 instrumentis
714 2279 742 2302 et
766 2275 874 2302 auxiliis
896 2275 1009 2307 bellicis,

227 2317 308 2344 mittit
322 2319 356 2345 ad
371 2326 431 2346 eum
448 2319 549 2354 legatos
566 2321 660 2348 dicens
706 2321 728 2336 ³⁵
746 2329 753 2347 :
773 2329 783 2347 ‹
800 2321 870 2348 Ecce
895 2321 1010 2356 populus

225 2364 309 2392 exivit
323 2365 356 2392 de
371 2365 486 2401 Egypto
503 2371 529 2393 et
541 2366 682 2401 cooperuit
698 2367 794 2394 faciem
817 2372 905 2400 terra),
923 2372 951 2395 et
967 2367 1011 2395 hic

224 2410 382 2445 seditjuxta
397 2419 448 2438 tuc.
467 2421 476 2438 ι
490 2412 543 2440 Sed
557 2416 584 2439 et.
594 2412 712 2446 antplius
726 2412 829 2446 aliquid
849 2418 913 2447 puto
938 2413 1009 2448 qttod

224 2457 339 2483 moverit
366 2465 456 2492 regem
478 2467 484 2485 :
510 2458 618 2485 videtur
637 2458 711 2486 enim
735 2458 854 2491 audisse,
880 2459 942 2494 quia
963 2459 1009 2486 lilii

224 2502 306 2530 Israel
318 2503 406 2531 solent
438 2504 528 2532 hostes
549 2504 659 2532 vincere
683 2505 816 2538 oratione,
842 2513 895 2532 non
915 2506 1010 2538 armis,

224 2555 274 2574 nec
291 2551 347 2575 tam
372 2548 445 2576 ferro
459 2557 538 2584 quam
559 2549 695 2585 precibus.
722 2549 800 2577 Nulla
831 2551 902 2578 enim
926 2551 1008 2578 Israel

224 2594 366 2622 adversum
385 2595 553 2624 Pharaonem
566 2604 642 2624 arma
660 2598 819 2631 commovit,
842 2598 889 2625 sed
905 2597 1007 2625 dictum

223 2644 265 2666 cst
277 2640 302 2667 ei
325 2640 336 2657 '
352 2649 359 2668 :
379 2650 388 2667 ι
407 2641 538 2670 Dominus
552 2643 681 2678 pugnabit
695 2651 743 2678 pro
757 2644 842 2675 vobis.
859 2650 884 2671 et
901 2653 949 2672 vos
965 2649 1007 2671 ta-

224 2683 329 2711 ccbitis.
347 2694 358 2711 »
371 2685 422 2713 Sed
437 2695 487 2714 nec
497 2693 593 2719 contui
605 2687 768 2716 Amalecitas
779 2689 888 2724 quidem
902 2695 1006 2717 tantum

1035 838 1055 865 Β

1074 213 1146 240 enim
1160 213 1292 240 elcvasset
1309 213 1414 248 Moysrs
1426 221 1520 241 manus
1533 215 1566 241 ad
1587 215 1682 244 Deum,
1701 214 1843 240 vincebant

1073 260 1199 290 Amalec;
1214 260 1333 287 remissa:
1349 267 1412 288 vero
1434 264 1461 286 et
1485 259 1603 293 deiectae,
1627 259 1701 286 vinei
1728 258 1848 285 facieban

1073 305 1166 332 Israel.
1194 305 1256 332 ll:cc
1277 306 1397 340 profecto
1418 306 1540 332 audierat
1576 305 1676 332 Balach
1701 313 1750 332 rex
1778 304 1864 331 aloah.‘

1073 352 1212 386 Scriptum
1228 357 1269 378 est
1281 352 1352 379 enim
1368 352 1390 368 ⁸⁸
1408 361 1414 379 :
1433 361 1443 377 ι
1462 350 1614 378 Audierunt
1638 355 1746 386 gentes,
1771 355 1798 378 ct
1812 350 1865 388 ira-1

1075 403 1107 425 ta:
1123 403 1187 425 sunt
1202 406 1208 424 :
1232 398 1339 425 dolores
1348 397 1614 433 comprehenderunt
1628 397 1791 424 habitantes
1805 393 1866 436 Phi-1‘

1073 443 1175 471 listiim.
1197 444 1274 471 Tune
1290 443 1488 471 festinaverunt
1508 444 1591 472 duces
1611 444 1710 475 Edotn,
1722 447 1749 470 et
1763 442 1867 480 print-iw

1072 498 1119 524 pes
1129 490 1316 522 Moabitarum,
1334 490 1513 524 apprehendit
1533 498 1580 517 eos
1610 495 1725 524 tremor.
1753 498 1765 515 ι
1784 488 1868 515 Vides.

1072 537 1227 571 pervenisse
1240 536 1272 562 ad
1287 543 1334 563 eos
1348 536 1419 570 quod
1437 536 1463 563 in
1477 536 1583 562 cantico
1607 535 1776 570 praedixerat
1799 533 1869 577 διο]-ἵ

1072 589 1116 608 ses
1137 581 1245 615 quando
1272 582 1437 608 transierant
1460 588 1536 608 mare
1567 580 1702 608 Rubrum.
1733 579 1861 606 Audierat

1071 635 1134 662 ergo
1148 635 1195 654 rex
1209 627 1296 659 Moab,
1311 627 1373 661 quia
1390 627 1504 662 populus
1519 627 1564 654 hic
1580 626 1754 654 orationibus
1769 624 1860 655 vincit,

1071 679 1097 700 et
1115 677 1216 707 pugnat
1231 673 1376 700 adversum
1397 673 1490 700 hostes
1504 680 1563 705 ore,
1589 679 1642 699 ιιοιι
1667 671 1773 707 gladio,
1793 676 1819 698 et
1830 670 1861 697 ob

1071 717 1121 745 hoc
1135 717 1193 744 sine
1212 718 1292 744 dubio
1306 717 1375 752 apud
1391 717 1567 752 semetipsum
1585 717 1727 752 cogitavit,
1744 717 1838 744 dicens
1852 722 1859 740 :

1069 762 1205 794 Quoniam
1217 763 1326 797 quidem
1361 763 1529 790 orationibus
1548 763 1637 798 populi
1661 763 1744 797 hujus
1760 767 1790 789 et
1806 768 1861 796 pre<

1070 808 1146 835 cibus
1161 808 1232 835 nulla
1248 812 1361 842 possunt
1375 816 1449 835 arma
1467 809 1582 836 conferri
1596 829 1603 842 ,
1622 808 1683 835 ideo
1697 807 1783 834 etiam
1801 804 1860 833 mihi

1072 854 1137 882 tales
1152 853 1248 888 aliqua:
1259 861 1362 888 preces,
1380 858 1408 881 ct
1429 854 1493 880 talia
1514 854 1678 888 requirenda
1698 857 1766 880 sunt
1784 859 1858 879 arma

1072 899 1226 931 verborum,
1242 903 1269 926 et
1283 898 1421 926 orationes
1438 899 1505 926 tales
1525 907 1585 934 quae
1607 905 1741 932 superare
1761 896 1865 932 possint

1070 945 1210 972 orationes
1227 945 1352 972 istorum.

1105 1001 1132 1028 5.
1153 1001 1188 1030 Ut
1212 1006 1301 1028 autetn
1325 1001 1396 1029 scias
1417 1001 1469 1028 tale
1484 1000 1585 1036 aliquid
1609 1000 1749 1034 cogitasse
1764 1007 1863 1034 regem,

1069 1054 1102 1074 ex
1121 1047 1269 1082 Scriptura:
1285 1048 1375 1074 verbis
1401 1047 1518 1081 intelligc
1529 1066 1536 1078 ,
1560 1054 1619 1081 qua:
1633 1053 1684 1080 ego
1701 1053 1716 1071 a
1734 1045 1863 1080 magistro

1070 1094 1198 1128 quodam,
1219 1093 1264 1128 qui
1281 1101 1312 1120 ex
1329 1093 1449 1120 llebrieis
1462 1092 1624 1124 crediderat,
1653 1091 1786 1126 exposita
1799 1090 1862 1117 didi-

1070 1141 1104 1168 ci.
1121 1140 1257 1175 Seriptutn
1271 1145 1313 1167 est
1325 1147 1390 1175 ergo
1401 1140 1422 1155 ³¹
1441 1149 1447 1166 :
1466 1149 1474 1164 ι
1495 1139 1526 1166 Et
1545 1138 1612 1166 dixit
1632 1138 1713 1165 Moab
1726 1138 1762 1164 ad
1778 1137 1863 1164 seniu-

1070 1193 1115 1213 res
1140 1185 1245 1212 Madian
1262 1193 1268 1212 :
1284 1185 1361 1213 Nunc
1389 1185 1509 1220 ablinget
1532 1191 1667 1219 synagoga
1691 1183 1753 1210 haec
1774 1191 1863 1210 omnes

1070 1232 1115 1266 qui
1137 1232 1163 1258 iit
1186 1231 1300 1258 cireuitu
1327 1236 1419 1258 nostro
1441 1235 1516 1262 sunt,
1540 1229 1610 1256 sicut
1631 1228 1753 1263 ablingit
1768 1228 1864 1255 vitulus

1071 1276 1183 1303 herbam
1200 1277 1300 1311 campi.
1322 1286 1332 1302 ι
1351 1276 1449 1304 Aiebat
1461 1283 1526 1311 ergo
1544 1275 1675 1311 magister
1691 1275 1750 1306 ille,
1765 1275 1812 1309 qui
1831 1282 1861 1300 ex

1071 1319 1190 1348 Hebraeis
1214 1321 1366 1348 crediderat
1390 1328 1397 1347 :
1419 1320 1484 1352 Cur,
1517 1319 1622 1354 inquit,
1652 1319 1699 1347 tali
1727 1327 1797 1347 usus
1823 1325 1864 1347 est

1069 1365 1192 1401 exemplo
1217 1366 1326 1397 dicens,
1351 1375 1361 1392 ι
1386 1366 1458 1393 sicut
1485 1365 1598 1400 ablingit
1624 1364 1727 1393 vitulus
1750 1365 1862 1393 herbam

1069 1411 1202 1446 campih
1223 1410 1264 1438 0b
1292 1411 1343 1438 hoc
1374 1411 1434 1438 sine
1458 1411 1552 1443 dubio,
1581 1411 1644 1445 quia
1674 1411 1785 1438 vitulus
1817 1418 1862 1438 ore

1068 1457 1204 1492 abrumpit
1215 1457 1327 1484 herbam
1342 1457 1374 1484 de
1387 1464 1483 1492 campo
1499 1461 1524 1484 et
1539 1457 1629 1492 lingua
1646 1461 1781 1492 tanqttant
1796 1457 1863 1484 falce

1069 1510 1237 1538 quatcunque
1255 1503 1388 1530 invenerit
1401 1508 1488 1530 secat.
1506 1502 1544 1530 Ita
1559 1510 1622 1538 ergo
1633 1507 1662 1530 et
1677 1504 1799 1537 populus
1811 1504 1864 1534 hic,

1067 1548 1143 1582 quasi
1159 1548 1258 1575 vitulus
1273 1555 1319 1576 ore
1334 1553 1360 1574 et
1375 1548 1454 1576 labiis
1467 1553 1578 1583 pugnat,
1596 1553 1624 1575 et
1640 1555 1718 1575 arma
1736 1549 1824 1576 habet
1839 1549 1863 1576 in

1067 1595 1158 1622 verbis
1173 1603 1205 1622 ac
1219 1595 1354 1629 precibus.
1373 1594 1438 1622 Hace
1449 1595 1532 1629 igitur
1548 1594 1641 1622 sciens
1662 1603 1710 1622 rex
1728 1595 1817 1622 mittit
1831 1596 1863 1621 ad

1067 1641 1189 1674 Balaam,
1201 1646 1229 1668 ιιι
1243 1647 1270 1669 et
1287 1641 1343 1676 ipse
1366 1640 1469 1668 deferat
1489 1640 1579 1667 verbis
1597 1640 1680 1667 verba
1707 1641 1864 1672 contraria,

1066 1687 1230 1722 etpreeibus
1251 1694 1357 1720 preces.
1382 1685 1437 1712 Nec
1464 1685 1573 1713 mireris
1590 1685 1611 1712 si
1633 1690 1677 1712 est
1700 1686 1727 1711 in
1754 1685 1864 1718 magica

1066 1736 1125 1759 arte
1144 1731 1328 1766 tale.aliquid;
1347 1738 1408 1758 esse
1430 1730 1503 1758 enim
1526 1731 1596 1758 hanc
1621 1735 1710 1757 artem
1734 1730 1866 1765 designat

1066 1777 1147 1804 etiam
1162 1777 1317 1811 Scriptura,
1341 1776 1388 1803 sed
1406 1776 1443 1802 uti
1458 1783 1489 1803 ea
1510 1775 1645 1810 prohibet.
1668 1775 1736 1802 Nam
1761 1781 1791 1804 et
1807 1776 1865 1802 da:—

1066 1830 1160 1849 mones
1180 1822 1319 1857 Scriptura
1336 1828 1395 1849 esse
1407 1821 1543 1856 designat,
1560 1821 1606 1848 sed
1622 1821 1673 1848 coli
1685 1829 1733 1848 eos
1749 1826 1778 1848 et
1794 1829 1864 1848 exo-

1066 1866 1120 1893 rari
1138 1870 1223 1894 vetat.
1246 1865 1328 1893 Rectc
1342 1873 1408 1901 ergo
1421 1865 1504 1893 etiam
1528 1866 1632 1899 magica
1663 1866 1701 1893 uti
1719 1867 1864 1901 prohibet,

1065 1912 1128 1946 quia
1146 1919 1282 1947 tnagorum
1299 1912 1416 1939 ministri
1434 1912 1492 1948 (46)
1507 1912 1595 1947 angeli
1611 1917 1677 1938 sunt
1696 1912 1813 1947 refuga:
1836 1919 1863 1940 ct

1066 1957 1177 1992 spiritus
1193 1957 1490 1992 maligni,etd:emonia
1507 1957 1659 1985 imntunda.
1678 1957 1775 1985 Nullus
1786 1959 1864 1985 cuitu

1065 2008 1223 2031 sanctorum
1238 2004 1381 2037 spirituum
1398 2000 1570 2038 obtemperat
1583 2011 1674 2038 mago.
1688 2003 1748 2030 Non
1766 2008 1860 2038 potest

1065 2048 1192 2076 invocare
1216 2056 1310 2084 magus
1343 2048 1512 2080 Michaelcm,
1543 2055 1596 2075 non
1617 2052 1707 2082 potest
1729 2049 1862 2075 invocare

1065 2094 1243 2128 Ilaphaelem,
1260 2101 1346 2128 neque
1370 2093 1541 2126 Gabrielcm;
1559 2093 1643 2120 ntulto
1657 2094 1744 2128 magis
1762 2102 1862 2128 magus

1065 2141 1191 2168 invocare
1209 2147 1261 2166 non
1286 2144 1373 2173 potest
1394 2139 1604 2172 omnipotentem
1632 2138 1728 2170 Deum,
1750 2147 1801 2166 nec
1815 2139 1862 2165 Fi-

1064 2185 1129 2212 lium
1143 2185 1201 2219 ejus
1217 2184 1359 2212 Dominum
1380 2190 1503 2211 nostrum
1524 2182 1614 2210 .lesum
1638 2183 1794 2217 Christum,
1808 2193 1862 2213 nec

1064 2235 1190 2258 sanctuttt
1207 2230 1337 2265 Spiritum
1349 2230 1417 2264 ejus.
1432 2228 1486 2256 Nos
1500 2228 1549 2255 soli
1568 2230 1722 2263 accepimus
1734 2235 1861 2263 potesta-

1065 2281 1120 2305 tem
1145 2276 1289 2304 invocandi
1309 2275 1392 2303 Deum
1417 2274 1537 2301 Patrem.
1569 2273 1622 2301 Nos
1644 2274 1695 2301 soli
1721 2275 1860 2302 habemus

1065 2327 1224 2358 potestatem
1253 2320 1395 2349 iutocandi
1429 2320 1596 2354 unigenitum
1619 2319 1676 2354 ejus
1701 2319 1858 2348 Christum.

1065 2369 1117 2396 Sed
1135 2369 1198 2395 illud
1215 2372 1257 2395 est
1271 2368 1342 2402 quod
1359 2366 1419 2394 dico
1437 2375 1443 2394 :
1457 2366 1503 2401 qui
1525 2365 1579 2400 jam
1594 2370 1758 2400 potestatem
1776 2374 1858 2393 aet-c-

1064 2415 1103 2449 pit
1120 2412 1260 2441 invocandi
1274 2412 1423 2445 Christum,
1438 2419 1489 2438 non
1504 2415 1592 2445 potest
1604 2411 1702 2438 iterum
1715 2412 1858 2440 da‘moncs

1065 2461 1191 2488 invocare
1208 2467 1214 2485 :
1229 2463 1257 2486 et
1280 2459 1325 2492 qui
1349 2457 1434 2485 sancti
1457 2457 1575 2492 Spiritus
1597 2457 1736 2491 particeps
1764 2457 1859 2486 ﬂictus

1063 2511 1114 2538 est,
1131 2507 1163 2532 ad
1179 2505 1332 2532 immundos
1345 2504 1414 2531 ultra
1431 2503 1541 2538 spiritus
1554 2504 1681 2531 accedere
1694 2511 1746 2530 non
1762 2505 1859 2533 debet.

1064 2552 1092 2580 Si
1108 2552 1178 2580 enim
1196 2551 1363 2578 invocaverit
1379 2550 1531 2578 immundos
1546 2550 1670 2585 spiritus,
1690 2550 1776 2587 320
1791 2559 1858 2578 san-

1062 2602 1122 2625 cttts
1135 2597 1168 2624 ab
1185 2603 1218 2624 eo
1233 2596 1351 2630 Spiritus
1364 2595 1462 2630 refugit
1475 2595 1542 2630 (Π).
1574 2595 1642 2630 Magi
1662 2601 1729 2622 sunt.
1746 2596 1793 2630 qui
1813 2597 1857 2623 in-

1062 2647 1158 2670 vocant
1172 2641 1332 2668 Beelzebub.
1347 2641 1466 2676 Dt'nique
1477 2641 1580 2668 sciebat
1596 2641 1648 2668 hoc
1663 2641 1782 2675 populus
1799 2642 1857 2674 ille,

1062 2694 1089 2717 et
1107 2689 1165 2716 idco
1178 2688 1339 2715 mentientes
1354 2692 1450 2714 contra
1471 2686 1614 2714 Dominum
1640 2694 1732 2714 meum
1745 2686 1855 2722 Jesum,

258 2731 281 2747 "
293 2731 371 2759 Nunt.
388 2741 453 2766 xxn,
468 2735 496 2762 5.
531 2735 553 2750 ”
567 2735 650 2763 Exod.
666 2744 721 2769 xiv,
736 2737 779 2765 ιιι.
816 2738 838 2753 ³ο
855 2739 938 2765 Exod.
958 2747 1001 2771 xv,
1023 2738 1065 2771 ll,
1082 2737 1125 2764 l5.
1162 2737 1183 2751 “
1199 2736 1278 2762 Num.
1294 2743 1359 2769 XXII,
1373 2735 1400 2762 4-

336 2776 416 2814 ιιίειιι,
434 2787 443 2803 ε
460 2780 592 2814 magistri.
609 2790 618 2806 ι

262 2811 319 2845 (47)
335 2811 448 2840 Sanctus
463 2814 494 2840 ab
506 2811 540 2841 ἱιο
553 2814 786 2853 Spiriltu_re[ugil.
800 2818 887 2846 Codex
905 2818 1006 2845 Cattto~

1065 2781 1160 2813 tensis,
1177 2790 1185 2806 t
1203 2781 1318 2816 Spiritus
1335 2785 1445 2809 sanctus
1465 2781 1498 2809 ab
1512 2788 1544 2809 co
1559 2780 1694 2809 violenter
1710 2780 1857 2810 abstrahi-

1061 2821 1116 2843 tur.
1136 2826 1144 2841 ι
