1903 3052
10 99 70 127 673

624 100 656 128 IN
675 100 839 128 NUMEROS
861 101 1003 129 IIOMIIJA
1023 102 1091 130 XIII.

1619 106 1668 134 6H

12 164 37 185 ω
56 158 140 186 falsa
167 159 302 191 dicentes,
326 159 435 186 aiebant
453 159 474 175 “
492 168 498 186 :
518 169 527 185 ι
551 159 601 187 IIic
622 161 648 187 in
677 160 828 188 Beelzebub
843 164 863 192 Λ
881 161 999 193 Balaam,
1020 169 1072 190 non
1101 161 1171 196 quod
1195 161 1294 197 dignus
1314 167 1386 190 esset
1410 163 1443 190 ad
1469 171 1548 198 quem
1563 164 1668 192 veniret

10 205 158 240 principe
182 204 379 232 dmntoniorum
403 205 476 239 cjicit
498 205 641 233 dmmonia.
675 215 684 232 ι
704 205 828 233 Salvator

9 257 116 278 autem
134 251 231 278 sciens
242 250 306 285 quia
323 257 417 277 vermn
436 256 476 277 est
493 251 602 284 quidem
618 251 689 285 quod
703 251 828 286 princeps

9 296 138 331 quidem
160 296 358 324 dazmoniorum
376 295 530 324 Beelzebub
542 297 589 329 sit,
606 297 631 323 in
644 297 695 324 hoc
709 305 755 324 eos
772 305 826 324 non

9 342 112 377 arguit
136 341 292 373 mendacii,
318 341 366 368 sed
386 340 527 374 respondit
550 341 589 368 eis
603 340 626 356 ³³
645 348 653 367 :
670 350 678 366 ι
696 340 723 368 Si
737 349 786 376 ego
801 341 826 368 in

10 387 187 414 Bcelrebub
207 385 286 420 ejieio
308 386 452 417 dauuonia,
476 385 523 412 lilii
545 386 629 413 vestri
652 387 678 413 in
700 394 753 420 quo
772 386 822 420 eji-

8 432 120 460 ciunt?
143 442 154 457 ι
178 431 253 459 Unde
264 435 370 459 constat
390 439 450 459 esse
465 432 595 466 quosdam
615 432 751 460 dzemones
771 441 826 460 tua-

10 479 65 510 Ios,
91 478 148 512 qui
174 477 291 505 invocati
313 485 327 504 ιι
350 477 447 512 magis,
475 478 572 504 adsunt
595 478 636 505 eis
655 478 687 505 ad
713 478 824 512 malum,

10 532 68 551 non
86 524 129 551 ad
142 524 261 550 bonum.
276 522 367 549 Parati
382 523 454 549 enim
468 527 530 550 sunt
541 524 574 550 ad
587 523 824 556 malefacicmlum,

11 572 87 597 bene
100 574 208 597 autem
227 569 316 597 facere
334 569 467 596 nesciunt.
483 569 526 596 Isti
540 577 605 605 ergo
617 571 753 598 daunones
767 575 826 598 arte

10 616 145 650 quadam
158 620 193 643 et
211 616 405 650 compositione
422 615 567 642 verborum
583 615 608 642 in
633 617 779 648 amicitias,
796 621 824 643 ut

12 663 50 688 ita
82 663 201 694 dicam,
229 666 367 689 cesserant
393 660 524 688 Balaam:
547 669 663 695 «piorum
695 663 824 691 amicitiis

11 708 122 740 fretus,
154 716 271 744 magnus
296 708 366 743 apud
391 708 514 736 homines
531 708 684 735 videbatur.
709 709 750 736 0b
773 709 824 736 hoc

12 763 83 790 ergo
103 755 199 782 mittit
213 754 246 781 ad
261 762 322 781 eum
339 762 396 786 rex,
420 759 448 781 et
463 754 500 781 ait
522 754 545 768 ³⁵
562 761 568 780 :
584 763 593 779 ι
611 754 676 781 Veni
698 763 780 786 nunc.
796 760 823 782 et

13 801 143 828 maledic
163 801 229 828 mihi
248 800 373 835 populum
402 801 485 833 hunc,
512 802 574 837 quia
592 802 689 829 fortior
705 807 746 829 est
779 801 822 828 hic

12 855 103 882 quam
125 854 193 880 nos,
212 847 233 873 si
256 846 325 874 forte
349 846 484 881 possimus
513 853 652 883 percutere
672 848 776 882 aliquos
788 855 819 874 ex

12 895 66 925 eis,
84 898 117 921 et
139 893 246 928 ejicere
260 900 306 920 eos
320 893 353 920 de
365 898 448 920 terra.
472 903 481 920 ›
500 895 612 921 Videtur
626 895 690 921 mihi
710 902 754 921 rex
775 894 820 920 hic

15 948 69 967 non
87 947 128 967 ex
155 939 265 973 integro
282 939 421 967 conlidere
436 941 462 967 in
479 940 586 967 Balaam
603 941 704 973 divino,
722 941 821 975 ingenti

12 986 103 1013 credo
121 985 162 1013 de
176 985 332 1017 virtutibus,
350 993 409 1020 qua:
423 986 448 1012 in
465 987 562 1020 popqu
578 986 624 1014 Dei
649 987 727 1014 facta:
745 991 818 1017 Slllil,

14 1032 169 1059 auditione
193 1031 354 1065 perterritus
371 1038 379 1058 :
399 1035 426 1058 et
444 1031 504 1059 ideo
526 1032 609 1064 dicit,
638 1033 660 1059 si
689 1032 759 1060 forte
777 1032 820 1059 vel

14 1084 150 1111 cousque
173 1076 339 1110 praevaleant
355 1077 558 1104 maledictiones
580 1077 699 1109 Balaam,
719 1083 748 1104 ut
768 1078 820 1104 ali-

15 1129 87 1155 quos
105 1129 144 1149 ex
165 1121 233 1156 ipsis
253 1122 337 1156 possit
352 1125 504 1156 percutere,
520 1127 632 1149 caeteros
651 1131 714 1150 vero
728 1123 821 1157 fugare

14 1166 206 1200 perterritos,
222 1171 249 1193 et
262 1167 371 1201 propria
389 1172 461 1195 terra
481 1167 625 1202 depellere.

52 1213 81 1240 6.
101 1212 194 1240 Addit
209 1217 341 1247 praeterea
359 1221 365 1239 :
383 1222 394 1239 ‹
413 1213 481 1247 Quia
507 1214 574 1246 scio,
598 1213 685 1248 inquit
702 1214 735 1246 ³⁵,
749 1213 820 1248 quod

15 1265 88 1291 quos
104 1257 301 1290 benedixeris,
323 1258 457 1286 benedicti
481 1263 573 1291 erunt,
587 1263 615 1286 et
627 1266 694 1293 quos
707 1259 820 1285 maledi-

16 1303 105 1334 xeris,
123 1302 268 1329 maledicti
282 1307 372 1329 erunt.
390 1313 399 1330 ι
418 1303 472 1338 Ego
484 1311 535 1330 non
552 1303 635 1330 credo
656 1304 717 1337 quia
737 1303 820 1330 sciret

16 1355 75 1380 rex,
93 1348 176 1382 quod
199 1348 407 1384 quibuscunque
421 1349 605 1377 benedixisset
628 1350 748 1382 Balaam,
771 1349 819 1377 be—

15 1393 121 1421 nedicti
147 1399 245 1421 essent
269 1403 275 1422 :
299 1395 347 1422 sed
368 1395 476 1422 videtur
500 1395 566 1423 mihi
589 1395 717 1423 adulandi
732 1397 819 1431 gratia

16 1440 75 1468 hac
96 1441 209 1472 dicere,
237 1444 266 1467 ut
293 1445 377 1468 artem
402 1441 459 1475 ejus
481 1442 598 1469 ettereus
619 1446 646 1469 ct
671 1442 818 1475 extollens,

16 1487 225 1521 promptiorem
238 1494 298 1514 eum
315 1487 365 1514 sibi
379 1487 473 1515 reddat
487 1488 520 1515 ad
544 1487 660 1516 facimus.
677 1489 730 1515 Ars
746 1489 817 1515 enim

16 1533 123 1567 magica
141 1533 236 1560 nescit
249 1533 420 1567 benedicere,
434 1535 495 1569 quia
519 1542 567 1562 nec
579 1534 714 1561 daemones
730 1535 820 1562 sciunt

16 1578 198 1607 tenefacere.
229 1578 321 1606 Noscit
342 1580 503 1608 benedicere
522 1580 598 1607 Isaac
619 1586 646 1607 et
669 1580 770 1612 Jacob,
793 1585 819 1608 et

16 1631 114 1652 «utiles
136 1624 255 1652 sancti:
280 1625 423 1660 impiorum
452 1626 540 1652 nullus
565 1626 617 1652 scit
645 1626 816 1653 benedicere.

17 1668 68 1696 Sed
86 1670 206 1697 tandem
232 1671 340 1698 veniunt
355 1671 388 1698 ad
413 1671 520 1698 Balaam
540 1670 628 1706 legati.
647 1679 656 1696 ι
681 1671 819 1699 Venerunt

17 1724 91 1751 ergo,
110 1717 207 1752 inquit
221 1717 253 1750 “,
271 1717 392 1746 seniores
408 1717 497 1751 Moab,
518 1723 545 1745 et
558 1718 679 1745 seniores
698 1718 816 1750 Madian,

17 1770 42 1790 et
57 1763 225 1790 divinaeula
248 1764 274 1790 in
290 1763 416 1791 manibus
435 1770 540 1790 eorum.
561 1773 570 1789 ι
586 1763 614 1790 In
643 1763 695 1790 illis
709 1763 816 1790 divina-

18 1811 99 1838 tionis
116 1810 241 1842 artibus,
257 1817 324 1844 quas
350 1810 497 1837 curiositas
516 1810 633 1837 humana
655 1810 816 1844 composuit,

16 1861 78 1882 sunt
97 1856 232 1891 quaedam
248 1863 308 1890 qua:
324 1854 464 1890 Scriptura
481 1856 589 1890 quidem
601 1856 750 1882 divinacula
766 1863 816 1882 no-

18 1902 134 1929 minavit
151 1910 158 1927 :
183 1901 291 1936 gentilis
311 1907 401 1929 autem
423 1902 605 1933 consuetudo,
623 1901 664 1928 vel
685 1902 815 1936 tripodas,

18 1948 55 1974 vel
76 1947 221 1978 cortinas,
240 1947 283 1974 vel
305 1947 366 1974 aliis
393 1946 544 1981 huiusmodi
566 1946 704 1973 vocabulis
725 1947 817 1981 appel-

17 1994 67 2027 lat;
91 2001 162 2029 quze
179 1995 257 2028 quasi
278 1993 378 2020 adhoc
399 1994 485 2027 ipsutn
513 1997 683 2025 consecrata,
712 1994 814 2021 moveri

17 2041 47 2068 ab
63 2041 109 2068 eis
125 2044 156 2067 et
178 2038 342 2065 contrectari
361 2039 459 2066 solent.
476 2038 617 2072 Scriptura
642 2046 707 2066 sane
724 2040 814 2066 divina

16 2087 103 2121 cphod
114 2084 255 2120 quoddam
267 2084 412 2112 vernaculo
425 2092 549 2112 sermone
566 2085 687 2111 nominat
702 2085 727 2111 in
754 2094 816 2120 pro-

17 2134 116 2165 phetis,
139 2131 216 2166 quod
232 2131 420 2158 indumentum
448 2130 561 2157 tradunt
576 2138 636 2159 esse
652 2131 814 2165 prophetau-

881 206 962 239 Deus;
980 208 1026 234 sed
1042 212 1070 234 ut
1088 207 1246 242 fugarentur
1270 208 1308 236 illi
1331 209 1377 243 qui
1398 209 1431 236 ad
1454 210 1666 237 maledicendum

879 257 905 279 et
920 254 1145 281 malefaciendum
1163 256 1258 283 adesse
1278 262 1489 284 consueverant.
1519 257 1577 284 Jam
1594 259 1666 285 enim

879 298 942 326 hinc
971 300 1126 334 providebat
1150 301 1220 328 Deus
1248 303 1346 336 populo
1368 311 1427 331 suo.
1453 304 1536 332 Adest
1551 309 1669 339 ergo,et

879 345 946 371 dicit
966 346 1036 373 Deus
1051 347 1083 372 ad
1095 347 1186 374 eum"
1201 356 1208 374 :
1226 357 1234 372 ι
1254 348 1322 380 Quid
1339 349 1461 376 homines
1476 350 1519 376 isti
1538 353 1668 377 venerunt

880 389 913 417 ad
930 390 976 416 te?
989 390 1021 417 Et
1033 391 1100 418 dixit
1120 391 1228 418 Balaam
1249 392 1282 418 ad
1298 393 1378 419 Deum
1395 402 1401 420 :
1418 393 1515 421 Balaeh
1531 395 1602 422 ﬁlius
1617 395 1668 423 Se-

877 437 945 469 phor
959 444 1005 463 rex
1022 436 1098 463 Moab
1111 437 1185 464 misit
1197 445 1244 465 eos
1258 438 1291 464 ad
1306 446 1358 470 me,
1375 439 1487 466 dicens:
1504 440 1571 467 Ecce
1585 448 1668 476 popu-

877 479 918 507 Ius
933 480 1000 508 exiit
1014 482 1047 508 de
1061 481 1190 517 lEgypto,
1207 488 1236 509 et
1247 484 1392 516 cooperuit
1412 484 1507 511 faciem
1528 490 1619 520 terra',
1637 491 1666 514 et

878 527 922 554 hic
936 527 1013 554 sedet
1024 527 1102 562 juxta
1118 536 1169 555 me.
1187 529 1253 555 Veni
1268 536 1333 563 ergo
1347 537 1431 560 nunc,
1445 534 1471 556 et
1483 530 1597 557 maledic
1614 531 1665 558 mi-

878 573 903 599 hi
920 580 992 603 eum.
1012 574 1034 600 si
1055 573 1125 601 forte
1140 574 1289 609 poterimus
1313 580 1456 608 percutere
1480 583 1553 606 eum,
1574 581 1601 602 et
1613 575 1663 610 eji-

877 626 950 645 cere.
969 619 1001 645 Et
1022 619 1092 646 dixit
1109 619 1183 646 Deus
1203 621 1235 646 ad
1251 619 1360 647 Balaam
1377 629 1384 647 :
1403 620 1459 647 Non
1475 628 1520 647 eas
1535 628 1597 648 cum
1613 622 1663 654 eis,

877 671 964 698 neque
981 664 1126 692 maledicas
1138 665 1268 700 populum
1289 675 1296 693 :
1313 671 1355 693 est
1369 665 1442 692 enim
1463 666 1630 694 benedictus.
1651 675 1662 693 ι

911 710 937 736 7.
955 710 1044 737 Altior
1059 710 1103 738 hic
1118 712 1238 739 exoritur
1260 711 1384 746 quaestio,
1407 716 1433 738 et
1465 713 1556 739 nescio
1573 718 1662 739 utrum

875 756 1018 783 conveniat
1036 764 1090 784 rem
1106 761 1160 784 tam
1177 757 1301 792 profundi
1325 758 1447 793 mystcrii
1470 758 1618 790 denudare,
1635 764 1663 786 et

876 802 999 836 proferre
1016 802 1049 829 ad
1070 803 1172 835 turbas,
1200 809 1226 830 et
1249 811 1294 831 eas
1319 804 1413 830 turbas
1432 811 1492 838 qua:
1507 804 1540 831 ad
1556 804 1663 831 audito.

876 847 943 873 rium
956 847 1031 874 verbi
1054 848 1100 875 Dei
1120 856 1172 875 non
1186 849 1239 876 nisi
1260 849 1352 883 paucis
1376 848 1472 876 diebus
1502 849 1662 882 adveniunt.

874 897 901 919 et
915 893 1043 920 continuo
1056 894 1208 926 discedunt.
1224 902 1272 922 nec
1287 895 1314 922 in
1333 895 1511 922 meditatione
1527 895 1599 922 verbi
1613 895 1660 922 Dei

874 937 975 964 diutius
997 938 1178 966 immorantur
1196 948 1203 966 :
1222 944 1313 967 tamen
1341 948 1390 975 pro
1421 941 1454 967 iis
1474 941 1519 975 qui
1546 940 1659 968 studiosi

873 989 946 1017 sunt,
964 988 991 1011 et
1005 986 1092 1012 sciunt
1104 985 1208 1017 audire.
1223 991 1389 1021 possnntque
1399 994 1496 1021 capere
1510 986 1659 1022 spiritalem

872 1038 991 1061 Sensum,
1015 1038 1098 1064 pauca
1128 1031 1218 1065 aliqua
1243 1032 1364 1059 dicemus
1387 1040 1420 1059 ex
1445 1032 1546 1060 multis.
1572 1033 1661 1060 I‘otest

872 1084 937 1110 ergo
952 1075 1032 1109 objici
1051 1075 1103 1103 tale
1116 1076 1355 1111 aliquidzlnvocet
1376 1078 1439 1105 licet
1453 1079 1590 1106 dmmoncs
1606 1078 1658 1105 Ba—

877 1122 956 1154 Iaatn,
972 1122 1117 1149 maledicat
1134 1123 1241 1157 populo,
1264 1124 1380 1150 invocati
1405 1125 1540 1151 darmones
1561 1123 1660 1151 faciam.

871 1168 942 1202 quod
961 1173 1073 1201 possunt
1089 1176 1095 1193 :
1113 1169 1232 1203 nunquid
1250 1177 1302 1196 non
1317 1173 1405 1204 potest
1422 1170 1493 1197 Deus
1512 1170 1657 1197 defendere

872 1220 886 1238 a
905 1213 1070 1240 dauuonibus
1095 1214 1232 1248 populmn,
1252 1215 1360 1250 vimque
1379 1223 1472 1243 eorum
1497 1217 1522 1243 in
1548 1217 1659 1244 malefa-

871 1259 965 1286 ciendo
980 1260 1138 1287 destruere?
1160 1260 1230 1293 Quid
1248 1268 1314 1295 ergo
1333 1269 1400 1295 opus
1413 1268 1481 1294 erat,
1499 1268 1527 1289 ut
1539 1263 1595 1298 ipse
1610 1271 1658 1290 ve.-

871 1305 941 1332 niret
957 1305 989 1332 ad
1005 1304 1114 1332 Balaam
1142 1312 1170 1333 et
1189 1311 1335 1334 consuetos
1351 1307 1485 1336 daemones
1502 1309 1659 1343 prohiberet

871 1351 1008 1384 accedere,
1033 1359 1068 1379 ne
1090 1352 1131 1378 \el
1154 1357 1293 1380 tentarent
1315 1358 1361 1380 aut
1376 1359 1543 1381 conarentur
1562 1355 1659 1384 Izrdere

870 1396 996 1430 populum
1009 1397 1107 1424 suum?
1124 1397 1164 1424 Ad
1181 1397 1238 1424 haec
1255 1405 1319 1433 ergo
1343 1399 1406 1426 licet
1424 1407 1477 1426 non
1491 1401 1582 1428 omnia
1598 1409 1659 1436 quae

870 1447 984 1476 possunt
1001 1450 1156 1475 occurrere,
1172 1443 1332 1478 proferemla
1347 1449 1418 1478 sunt,
1430 1451 1517 1473 tamen
1535 1446 1659 1474 dicenms

870 1493 902 1513 ex
918 1492 1003 1521 parte,
1021 1488 1084 1521 quia
1102 1496 1154 1514 non
1172 1488 1227 1514 vnIt
1240 1488 1311 1515 Deus
1328 1489 1479 1515 da-monum
1494 1497 1580 1524 genus
1596 1495 1659 1516 ante

872 1537 977 1567 tempus
988 1534 1117 1561 damnare
1132 1534 1200 1569 (48).
1218 1533 1313 1561 Sciunt
1327 1535 1398 1561 enim
1414 1540 1441 1562 et
1452 1535 1502 1569 ipsi
1519 1535 1658 1563 dauuones

870 1579 932 1613 quia
952 1585 1056 1614 tempus
1071 1587 1164 1606 cormn
1180 1587 1299 1614 praesens
1313 1580 1362 1607 hoc
1379 1580 1508 1607 saxulum
1522 1580 1655 1608 continet.

871 1625 1015 1660 Propterea
1040 1625 1156 1660 denique
1180 1631 1207 1652 et
1232 1625 1374 1652 Dominum
1403 1626 1545 1661 rogabant,
1560 1631 1655 1654 utnon

870 1675 1007 1705 torqueret
1022 1678 1068 1698 eos
1083 1675 1147 1698 autc
1169 1674 1286 1705 tempus,
1304 1679 1391 1705 neque
1405 1671 1430 1698 in
1447 1671 1574 1706 abyssum
1591 1673 1657 1699 mit-

870 1720 939 1743 teret
956 1716 988 1743 ".
1010 1716 1043 1743 Et
1057 1717 1092 1743 ob
1105 1716 1156 1744 hoc
1174 1724 1262 1751 neque
1278 1716 1412 1743 diabolum
1426 1718 1542 1744 removit
1553 1725 1566 1744 a
1582 1719 1655 1752 prin"

869 1763 959 1797 cipatu
980 1761 1070 1789 szeeuli
1101 1761 1193 1795 hujus,
1222 1761 1283 1795 quia
1309 1762 1397 1789 adhuc
1422 1770 1489 1796 opus
1513 1767 1554 1789 est
1574 1771 1656 1798 opera

868 1807 928 1841 ejus
958 1807 990 1834 ad
1012 1806 1206 1841 perfectionem
1233 1813 1326 1833 eorum
1352 1807 1396 1840 qui
1417 1808 1563 1834 coronandi
1582 1815 1656 1842 sunt,

867 1861 935 1888 opus
949 1857 990 1880 est
1001 1853 1089 1879 adhuc
1105 1859 1186 1886 opera
1198 1851 1254 1886 ejus
1268 1853 1300 1878 ad
1315 1853 1445 1879 exercitia
1473 1854 1655 1881 certaminum

867 1904 894 1926 et
911 1898 1039 1925 victorias
1057 1898 1210 1926 beatorum.
1227 1898 1274 1925 Sic
1293 1906 1357 1933 ergo
1373 1902 1399 1925 et
1412 1898 1533 1932 reliquos
1549 1900 1654 1927 decum-

869 1952 916 1972 nes
932 1952 984 1972 non
997 1944 1053 1971 vult
1071 1949 1134 1971 ante
1153 1949 1256 1978 tempus
1270 1951 1283 1970 a
1300 1944 1431 1978 propositi
1450 1952 1490 1971 sui
1505 1943 1655 1973 intentione

868 1991 999 2019 violenter
1012 1989 1184 2021 abstrahere,
1217 1995 1244 2016 et
1266 1989 1325 2017 ideo
1341 1998 1374 2017 ex
1397 1990 1475 2017 initio
1491 1998 1542 2018 non
1557 1991 1597 2018 eis
1615 1991 1655 2018 in-

867 2038 950 2065 dulsit
981 2037 1100 2064 invocari
1131 2045 1179 2072 per
1215 2036 1346 2070 Balaam,
1381 2044 1415 2064 ne
1441 2037 1511 2064 forte
1538 2037 1654 2065 invocati

867 2086 1072 2112 destrucrentur
1089 2088 1152 2110 ante
1175 2089 1292 2117 tempus,
1329 2087 1355 2110 et
1384 2083 1582 2118 perimerentnr
1607 2084 1655 2111 de-

867 2130 992 2157 fendente
1017 2129 1143 2164 populum
1167 2136 1244 2156 suum
1271 2129 1335 2155 Deo.
1359 2128 1438 2156 Aliud
1459 2129 1533 2156 enim
1554 2133 1605 2160 est,
1631 2129 1654 2157 si

17 2180 93 2205 tium.
117 2177 203 2204 Aliud
221 2181 310 2204 tamen
323 2177 392 2211 apud
414 2176 568 2211 Seripturas
592 2176 682 2203 divina
703 2176 815 2210 prophe-
832 2183 853 2210 ι)
868 2178 1008 2209 exspectat
1031 2174 1135 2200 daemon
1165 2180 1179 2199 a
1206 2173 1259 2200 Deo
1286 2172 1402 2207 aliquem
1430 2173 1462 2199 ad
1496 2174 1653 2201 tentandum

19 2223 60 2255 tia,
77 2222 160 2250 aliud
174 2221 306 2248 divinatio
317 2221 442 2248 habetur.
456 2221 501 2248 Ait
514 2221 586 2248 enim
601 2220 621 2236 ³⁷
637 2229 643 2247 ;
663 2230 671 2246 ι
688 2220 745 2247 Non
763 2221 816 2247 erit

18 2269 164 2303 auguratio
186 2268 213 2294 in
236 2267 330 2300 Jacob,
352 2275 441 2302 ueqtte
464 2267 596 2295 divinatio
617 2267 642 2294 in
668 2267 761 2294 Israel.
786 2267 813 2294 In

19 2319 144 2350 tempore
166 2314 274 2341 dicetur
294 2314 328 2341 ad
353 2313 436 2341 Jacob
455 2318 482 2340 et
496 2313 591 2347 Israel,
614 2313 678 2347 quid
695 2313 815 2340 facturus

18 2361 48 2388 sit
59 2362 151 2389 Deus.
174 2369 184 2386 ι
203 2359 356 2386 Abdicatur
377 2367 442 2393 ergo
459 2359 567 2394 penitus
579 2358 710 2386 divinatio
728 2365 813 2392 :ope-

19 2415 42 2434 rc
62 2408 144 2435 enim
175 2410 202 2433 et
231 2405 382 2433 ministerio
404 2405 574 2437 dmutonum,
595 2409 624 2431 ut
651 2412 732 2439 supra
757 2404 813 2439 jam

18 2455 151 2486 diximus,
167 2451 342 2486 adimpletur.
360 2451 443 2485 Igitur
456 2450 580 2482 Balaam,
594 2450 754 2477 divinaculis
769 2458 814 2477 ac-

19 2500 113 2535 ceptis,
131 2505 197 2525 eum
210 2497 333 2525 solerent
346 2497 485 2524 (Ιιειιιοιιοε
497 2496 529 2523 ad
551 2496 635 2530 ipsum
650 2496 754 2529 venire,
769 2495 811 2522 fu-

19 2551 91 2579 gatos
104 2543 222 2579 quidem
238 2543 374 2569 daemones
389 2541 471 2574 videt,
489 2541 538 2568 sed
552 2541 646 2568 adesse
664 2541 757 2567 Deum.
779 2541 811 2567 Et

19 2592 73 2620 ideo
87 2591 159 2619 dicit
173 2590 344 2622 interrogare
361 2596 391 2616 se
409 2587 507 2620 Deum,
520 2587 581 2621 quia
601 2592 748 2614 consuetos
758 2587 809 2614 sibi

19 2645 111 2671 parere
125 2643 267 2671 nusquam
285 2634 421 2662 daemones
435 2634 517 2660 videt.
536 2633 614 2660 Venit
629 2640 693 2667 ergo
711 2633 768 2667 ipse
778 2632 811 2659 ad

343 2703 366 2719 ³³
379 2703 456 2734 ibid..
476 2703 517 2730 I9.
569 2703 592 2718 ³⁸
603 2701 680 2728 Num.
697 2708 765 2731 xxtt,
781 2699 810 2727 ϐ.

56 2709 80 2725 λι
94 2708 166 2736 Luc.
188 2713 228 2736 ιιι.
242 2703 287 2732 15.

23 2742 133 2770 "Num.
145 2749 215 2774 χιιι,
226 2737 412 2771 9,10,“,12.

46 2803 102 2837 (ιε)
121 2801 184 2829 Non
200 2797 346 2837 vult__D_eus_
358 2797 504 2837 dtt’nranum
519 2803 599 2837 genus
621 2799 684 2837 anile
705 2799 807 2837 tempus

19 2829 149 2867 «minuere.
166 2841 222 2863 etc.
243 2833 312 2862 Vide
324 2831 504 2860 clarissimum
519 2830 645 2858 lIuetium
663 2829 728 2863 Orig
745 2829 804 2855 nitu

869 2222 937 2249 sicut
960 2219 1019 2251 Job,
1047 2223 1074 2245 et
1099 2226 1162 2246 eum
1188 2223 1262 2246 certa
1289 2218 1465 2246 distinctione
1491 2224 1653 2253 potestatem

868 2268 926 2302 ejus
939 2266 1063 2300 accipiat.
1083 2265 1162 2293 Verbi
1189 2265 1287 2299 gratia,
1312 2269 1340 2292 ut
1360 2265 1466 2292 dicatur
1486 2267 1522 2298 ei,
1543 2265 1582 2293 Do
1605 2267 1653 2294 tibi

868 2310 957 2338 omnia
972 2309 1031 2343 ejus
1045 2310 1070 2335 in
1084 2312 1228 2343 potestate,
1253 2308 1300 2336 sed
1325 2308 1410 2343 ipsum
1424 2317 1475 2336 non
1499 2310 1652 2346 contingas.

867 2356 945 2391 32]
964 2355 1018 2382 Aut
1041 2355 1150 2387 iterum,
1166 2353 1201 2381 Do
1219 2354 1265 2381 tibi
1284 2354 1309 2380 in
1331 2361 1393 2380 eum
1412 2359 1584 2388 potestatein,
1600 2357 1648 2382 sed

867 2403 985 2429 animam
1011 2401 1069 2436 ejtts
1092 2401 1209 2428 custodi.
1237 2400 1270 2427 Et
1290 2399 1362 2426 aliud
1387 2405 1427 2427 est
1445 2400 1466 2427 si
1488 2408 1565 2435 mago
1592 2402 1652 2428 cxi-

867 2452 962 2483 gente,
992 2451 1017 2473 et
1045 2444 1241 2480 adjuramentis
1267 2445 1430 2479 quibusdam
1461 2450 1651 2479 extorquente,

866 2495 1002 2521 daemones
1014 2493 1072 2520 sine
1092 2491 1144 2518 ulla
1161 2491 1352 2518 observatione
1366 2490 1514 2518 desmviant
1531 2492 1600 2526 (69).
1623 2492 1650 2518 In

865 2548 918 2574 quo
934 2539 1027 2574 utique
1049 2539 1071 2565 si
1093 2539 1132 2566 eis
1148 2539 1260 2565 libertas
1277 2541 1401 2564 servetur
1426 2537 1542 2569 arbitrii,
1567 2544 1651 2571 popu-

866 2585 920 2612 lum
938 2585 983 2612 Dei
1012 2585 1145 2619 perditum
1163 2584 1276 2611 dabunt.
1296 2582 1324 2610 Si
1349 2590 1412 2610 vero
1437 2582 1548 2609 libertas
1574 2582 1646 2609 anfe-

867 2636 942 2658 ratur
967 2630 1089 2662 arbitrii,
1119 2629 1173 2657 hoc
1201 2633 1261 2657 erat
1289 2629 1433 2656 damnasse
1460 2628 1648 2656 rationabilem

1363 2693 1384 2708 ³⁷
1400 2692 1483 2720 Num.
1503 2699 1581 2723 xxm,
1601 2690 1645 2718 25.

859 2699 880 2715 ³³
897 2699 962 2726 ibid.
1015 2698 1037 2714 ³⁸
1053 2698 1132 2726 Νιιιιι.
1148 2705 1217 2730 xxtt,
1236 2697 1261 2723 7.

462 2739 484 2754 δί’
495 2738 591 2765 Matth.
607 2744 667 2769 vui,
684 2736 736 2768 29;
752 2735 818 2762 Luc.
835 2743 894 2766 vttI,
915 2735 960 2762 51.

864 2800 956 2818 mn-um
970 2791 1017 2819 ιιι).
1036 2798 1066 2822 ιι,
1081 2794 1177 2824 qumst.
1193 2789 1218 2821 5,
1234 2789 1355 2816 numeris
1374 2789 1409 2816 22
1420 2794 1445 2816 et
1458 2789 1502 2816 25.

897 2827 954 2862 (49)
973 2827 1061 2854 Codex
1080 2825 1264 2858 Uarnotensis,
1276 2834 1285 2850 ι
1297 2825 1463 2852 deserviant.
1480 2832 1488 2848 ι
