1903 3052
255 114 308 142 6'75

255 177 418 202 creaturam.
438 176 466 198 et
488 175 550 198 ante
572 174 678 205 tempus
701 170 825 198 intulisse
841 171 993 205 judicium,
1011 176 1039 198 et
1054 174 1076 202 Α

255 218 399 252 impedisse
428 218 553 244 onmibus
582 216 628 251 qui
659 216 802 243 adversum
827 224 874 244 eos
901 217 927 244 in
954 225 1040 252 agone

255 267 392 289 certantes
407 265 530 295 poterant
547 260 682 287 coronari.
700 259 729 286 Si
744 261 817 288 enim
833 261 976 289 dzcinoniis
993 270 1041 288 att-

257 306 362 334 l'eratur
381 306 491 332 libertas
513 305 635 338 arbitrii,
658 306 745 333 nullus
769 306 839 333 ultra
871 307 1040 342 itnpngnabit

257 353 370 379 athletas
393 351 494 379 Christi
519 352 619 379 :nullo
648 357 738 379 autem
767 353 962 387 impugnante,
990 360 1041 380 nec

255 401 392 423 certamen
411 396 520 430 aliquod
538 397 611 424 erit:
631 402 656 424 et
678 398 786 424 sublato
808 398 965 430 certamine,
983 397 1041 424 nul-

255 443 308 470 lum
330 444 382 471 erit
407 444 565 478 prmmiuin,
595 444 666 471 nulla
685 445 810 472 victoria.
837 444 940 472 Idcirco
959 445 1041 480 igitur

255 489 300 516 tali
318 490 358 517 via
377 491 462 517 utitur
479 491 560 522 Dens,
576 495 605 517 ut
620 496 648 517 et
663 491 777 526 populus
802 491 890 518 adhue
913 491 1000 523 rudis,
1014 495 1041 518 et

254 536 300 570 qui
329 543 415 569 nuper
439 537 561 563 abstrahi
589 541 713 572 cat-perat
733 545 747 563 a
767 537 839 563 cultu
868 537 1039 569 daemonum,

254 583 424 610 daemonibus
441 591 493 610 non
518 584 655 616 tradatur,
686 590 712 611 et
739 585 880 612 invocante
904 592 981 619 mago
999 592 1042 612 re-

256 635 355 661 sponsa
365 629 533 662 deferantur,
547 634 573 656 et
589 637 676 665 genus
686 630 836 657 diemonum
853 638 906 658 non
927 631 1042 658 nudetur

255 673 360 700 arbitrii
385 677 529 709 potestate.
553 674 586 701 Et
611 674 670 702 ideo
688 676 819 709 praevenit.
847 675 919 702 Deus
953 679 980 702 et
1002 675 1042 702 ire

256 720 377 753 Balaam,
391 726 471 756 atque
487 721 612 748 invocare
629 721 763 748 dtemoncs
779 721 810 748 ad
826 721 1040 749 maledicendum

255 767 390 801 prohibet,
404 767 426 794 si
447 771 536 794 tamen
551 775 566 793 τι
581 768 731 802 cupiditate
747 772 892 795 cessasset.
908 767 960 795 Sed
978 766 1041 801 quia

255 813 375 847 persistit
391 813 417 840 in
436 813 571 840 desiderio
590 814 720 847 pecuniae,
736 813 879 848 indulgens
903 814 973 840 Deus
995 821 1041 840 ar-

256 859 328 886 bitrii
351 859 489 891 libertati,
506 867 600 887 rursus
625 860 664 886 ire
684 859 827 894 permittit.
854 859 975 886 Verbum
1001 865 1041 886 ta-
1055 855 1077 882 Β

256 912 317 932 men
332 912 409 931 suum
426 905 511 938 injicit
526 905 553 931 in
571 912 601 932 os
619 904 688 939 ejus,
707 905 855 940 prohibens
876 905 1041 932 maledictio-

255 957 317 976 nem
336 949 394 977 ﬁeri
411 957 460 984 per
483 951 629 983 dmmones,
651 955 679 978 ut
694 951 930 978 benedictionibus
951 951 1040 978 locttm

257 996 350 1026 daret.
367 1001 392 1023 et
414 1004 463 1030 pro
480 996 632 1024 maledictis
654 997 774 1032 proferat
797 997 905 1024 Balaam
930 998 1041 1025 benedi-

255 1041 358 1068 ctiones
377 1049 408 1068 ac
427 1042 594 1076 prophetias,
625 1050 685 1077 qua:
701 1048 813 1078 possunt
833 1043 969 1071 aediﬁcare
987 1051 1040 1070 non

255 1084 341 1111 solutn
360 1084 453 1117 lsrael,
468 1086 514 1113 sed
529 1092 555 1114 et
571 1087 692 1123 reliquas
704 1092 809 1122 gentes.

992 111 1154 139 ()RIGENIS

289 1131 358 1159 Φασὶ
373 1132 428 1168 (51)
447 1132 493 1159 τὸν
514 1133 629 1170 Βαλαὰμ

254 1177 325 1212 ἔχειν
341 1177 471 1214 φοιτητὰς
488 1179 521 1213 τῇ
546 1179 629 1216 τέχνῃ

255 1225 476 1262 μαθητεύσαντας
502 1227 576 1262 αὐτῷ
596 1230 628 1263 τῇ

255 1273 377 1307 μαγικῇ,
394 1272 442 1298 καὶ
464 1272 542 1305 δόξαν
567 1273 630 1308 περὶ

254 1318 339 1344 αὐτοῦ
366 1317 477 1353 ἔχοντας
506 1318 628 1354 ἀναγρά-

253 1363 356 1398 ψασθαι
383 1365 432 1396 τὰς
462 1365 629 1400 προφητείας

255 1409 355 1442 αὑτοῦ,
380 1410 427 1436 καὶ
459 1410 628 1444 καταλιπεῖν,

255 1456 285 1483 ἐν
302 1453 345 1488 αἶς
368 1457 416 1483 καὶ
433 1456 474 1482 τόι
493 1466 501 1482 α
524 1457 631 1484 Ἀναγε-

254 1502 296 1530 λεῐ
324 1504 439 1538 ἄστρον·
460 1513 468 1528 ι
494 1503 508 1529 ὃ
529 1504 574 1530 καὶ
599 1504 631 1530 ἐκ

255 1549 392 1584 πατρικῆς
457 1549 631 1584 παραδόσεως

255 1595 302 1621 λαὶ
321 1593 431 1630 διδαχῆς
460 1595 630 1630 παραλαϐόν-

255 1650 300 1674 τες
315 1643 339 1668 εἱ
358 1643 439 1677 μάγοι
453 1642 498 1668 ἐπὶ
515 1642 564 1678 τὴν
579 1643 631 1678 Βη-

255 1688 339 1724 θλεὲμ
352 1689 542 1724 παρεγένοντο.

699 1135 720 1169 -ίη
731 1134 839 1162 Sienim
858 1143 872 1162 a
885 1134 975 1170 Moyse
985 1135 1040 1169 (50)

666 1181 816 1215 prophetia:
853 1181 911 1216 ejus
951 1182 1038 1208 sacris

667 1229 775 1256 insertae
806 1234 869 1256 sunt
896 1230 1040 1256 volumini-

667 1274 732 1306 bus,
753 1279 854 1309 quanto
880 1275 965 1309 magis
993 1275 1041 1302 (ἴεν

666 1319 776 1354 scriptae
797 1325 859 1347 sunt
880 1320 913 1346 ab
938 1320 970 1347 iis
995 1321 1040 1355 qui

668 1365 825 1393 habitabant
840 1372 902 1394 tttnc
921 1366 1042 1402 Mesopo-

667 1413 788 1446 tamiam,
809 1413 878 1448 apud
893 1422 962 1448 quos
986 1422 1040 1441 ma.

667 1460 782 1494 gniﬁcus
807 1461 957 1488 habebatur
989 1461 1040 1488 Ba-

668 1506 748 1540 laam,
764 1514 885 1541 quosque
898 1508 965 1534 artis
983 1507 1041 1541 ejus
1055 1525 1078 1553 Ο

667 1557 773 1579 constat
785 1553 867 1581 fuisse
877 1555 1042 1590 discipulos?

667 1599 706 1625 Ex
733 1599 778 1626 illo
807 1601 923 1634 denique
957 1600 1042 1628 l'crtur

668 1653 806 1680 magorum
819 1653 913 1679 genus,
930 1651 955 1673 et
970 1646 1043 1673 insti-

668 1691 736 1717 tutio
750 1691 775 1718 in
791 1691 911 1725 partibus
923 1691 1042 1719 Orientis

256 1735 367 1769 vigere:
384 1735 429 1768 qui
443 1735 578 1769 descripta
594 1735 725 1763 habentes
743 1737 812 1771 apud
833 1745 862 1764 se
878 1738 970 1764 omnia
984 1745 1043 1771 qua:

255 1775 461 1816 prophetavcr'at
479 1781 605 1813 Balaam.
626 1782 707 1810 etiam
739 1783 790 1810 hoc
808 1783 958 1810 habuerunt
975 1784 1041 1810 seri—

254 1830 328 1862 ptum
340 1827 373 1860 ⁵³,
389 1827 460 1861 quod
477 1837 486 1852 ι
501 1828 606 1854 orietur
618 1828 695 1855 stella
712 1836 745 1854 ex
759 1827 854 1860 Jacob,
869 1833 894 1855 et
913 1835 1042 1865 exsurget

255 1873 335 1900 homo
352 1881 384 1900 ex
400 1872 493 1900 Israel.
507 1883 516 1899 ι
534 1873 595 1901 llam
610 1874 711 1908 scripta
730 1873 866 1901 habebant
884 1875 954 1910 magi
971 1876 1040 1910 apud

255 1919 427 1953 semetipsos,
440 1923 467 1945 et
482 1918 542 1945 ideo
561 1919 670 1953 quando
690 1924 771 1946 natus
789 1924 830 1946 est
851 1918 939 1953 Jesus,
958 1928 1042 1954 agno-

254 1969 351 1990 verunt
369 1963 488 1995 stellam,
503 1969 530 1991 et
548 1963 743 1991 intellexerunt.
764 1963 904 1998 adintpleri
927 1965 1042 1999 prophe-

255 2008 331 2040 tiam,
347 2008 433 2043 magis
449 2008 499 2043 ipsi
517 2016 597 2042 quam
621 2009 736 2044 populus
752 2008 845 2041 Israel,
860 2009 904 2043 qui
931 2015 1041 2037 sancto-

255 2052 514 2087 rumprophetarum
523 2053 620 2081 audire
636 2055 717 2081 verba
732 2054 908 2087 contempsit.
925 2054 962 2080 llli
977 2063 1041 2090 ergo

255 2105 287 2124 ex
304 2098 336 2124 iis
356 2102 460 2124 tantum
472 2106 532 2132 qua:
548 2099 656 2126 Balaam
676 2099 777 2133 scripta
800 2099 945 2134 reliquerat
960 2108 1042 2135 agno-

255 2147 364 2169 scentes
388 2143 485 2169 adesse
510 2147 627 2178 tempus,
651 2148 801 2175 venerunt,
820 2148 847 2170 et
871 2145 1040 2179 requirentes

255 2195 317 2214 eum
342 2189 432 2215 statin)
459 2188 656 2221 adoravcrunt,
679 2195 706 2216 et
724 2193 753 2215 ut
773 2188 850 2216 ﬁdem
876 2197 952 2216 suam
981 2197 1037 2216 tua-
1056 2196 1077 2223 ι)

255 2241 336 2268 gnam
346 2241 407 2261 esse
421 2234 721 2269 declararent,parvuin
736 2243 847 2270 puerum
858 2235 934 2270 quasi
951 2242 1039 2270 regem

255 2279 375 2305 venerati
390 2283 464 2306 sunt.

289 2323 318 2350 8.
337 2323 391 2351 Sed
414 2324 556 2351 redeamus
579 2325 612 2352 ad
639 2326 817 2360 propositum.
845 2325 974 2352 Molestus
999 2329 1039 2352 est

254 2368 363 2398 Balaam
394 2370 448 2398 Deo
481 2378 509 2398 et
529 2377 671 2407 extorquet
698 2373 891 2408 propemodum
920 2371 1038 2406 permitti

254 2416 304 2443 sibi
324 2421 351 2442 ut
369 2422 413 2443 eat
438 2416 600 2445 maledicere
620 2418 682 2445 ﬁliis
707 2419 808 2450 Israel,
833 2423 859 2445 et
885 2423 915 2444 ut
932 2419 1039 2444 invocet

253 2462 402 2495 daemones,
423 2464 456 2490 ad
485 2472 564 2499 quem
587 2464 644 2499 jam
665 2470 777 2492 venerat
802 2465 883 2492 Deus.
910 2464 1039 2492 Ascendit

255 2510 375 2542 asinam,
401 2511 521 2537 occurrit
541 2511 565 2538 ei
594 2511 724 2547 angelus,
745 2512 790 2546 qui
811 2510 965 2539 excubabat
990 2517 1038 2543 pro

557 2570 577 2604 -ι-
596 2577 671 2597 vens.
689 2577 748 2597 nov.

289 2602 393 2630 Dicitur
407 2603 520 2631 Balaam
543 2602 667 2631 hamum
690 2605 830 2638 discipulos
845 2604 889 2636 qui
906 2602 1036 2636 magicum

253 2639 310 2675 ejus
320 2645 412 2675 Aartent
429 2640 580 2672 didicerint,
595 2648 691 2675 quique
709 2648 805 2674 magna
822 2640 854 2665 de
869 2646 898 2664 eo
912 2645 1035 2675 corrupta

254 2671 376 2705 opinione
396 2675 489 2700 litteris
518 2671 716 2708 mumluraiint,
739 2671 816 2710 eique
835 2673 947 2708 posteris
974 2671 1036 2698 reli-

289 2731 313 2746 “
333 2731 411 2758 Num.
433 2740 507 2765 xxtv,
526 2733 567 2760 l7.
606 2733 626 2748 ¹⁵¹
648 2733 732 2760 Exod.
757 2741 847 2765 χχιιι,
869 2731 913 2759 54.

291 2787 346 2818 (50)
366 2787 395 2814 Si
412 2789 480 2815 enim
498 2799 512 2824 ri
531 2789 629 2824 Moyse,
646 2796 698 2816 etc.
714 2789 779 2816 Vide
795 2794 872 2816 notas
888 2788 920 2814 ad
939 2787 1034 2814 librum

256 2824 371 2853 primum
387 2829 476 2850 contra
493 2823 607 2856 Celsum,
629 2833 704 2852 nunt.
718 2824 763 2851 60.

951 2731 972 2746 δ’
993 2730 1012 2756 ll
1034 2729 1106 2757 l‘etr.
1121 2738 1151 2762 tt,
1166 2729 1210 2756 l6.

1846 115 1892 142 (ΠΕ

1091 170 1192 200 Israel,
1215 169 1248 196 de
1272 175 1325 202 quo
1348 170 1478 204 scriptum
1503 175 1561 203 est,
1577 171 1688 199 dicente
1715 172 1842 200 Domino
1865 177 1892 200 ηιξ

1093 217 1201 251 Moysen
1215 215 1258 242 “2
1279 223 1288 239 ι
1305 214 1423 248 Angelus
1448 223 1523 243 meus
1541 216 1590 243 ibit
1615 223 1719 244 tecum.
1739 227 1748 243 ι
1777 218 1892 245 Petenti

1091 271 1155 296 ergo
1172 262 1222 293 ire,
1243 261 1403 288 conceditur
1424 270 1430 288 :
1450 261 1476 288 in
1493 262 1535 288 via
1557 263 1709 290 conteritur
1725 265 1760 290 ab
1782 265 1892 292 asina:

1091 309 1137 336 sed
1157 315 1252 343 magus
1276 308 1411 335 dtemones
1437 307 1528 340 videt,
1553 308 1679 343 angelum
1708 317 1762 336 non
1791 311 1892 343 videt,

1092 356 1168 383 asina
1196 359 1285 381 tamen
1312 354 1394 381 videt.
1420 353 1477 380 Non
1497 354 1567 388 quod
1591 355 1671 389 digna
1696 361 1770 383 esset
1795 356 1892 384 videre

1092 402 1227 437 angelum,
1243 401 1313 428 sicut
1331 407 1381 428 nec
1398 399 1471 434 loqui
1487 399 1567 434 digna
1584 406 1654 433 erat,
1674 403 1721 428 sed
1737 406 1767 428 ut
1791 403 1892 429 contu-

1093 454 1197 476 taretnr
1222 448 1330 475 Balaam
1352 456 1358 474 :
1378 450 1404 473 et
1425 450 1455 472 ut.
1475 446 1513 473 ait
1535 447 1650 480 quodam
1677 447 1704 474 in
1727 448 1791 475 loco
1816 448 1892 475 Scri-

1093 501 1170 531 ptura
1184 496 1205 515 ι¹
1225 505 1231 522 :
1259 504 1268 520 ι
1285 494 1386 521 Mutum
1409 493 1509 520 animal
1536 493 1652 520 humana
1675 501 1742 521 voce
1768 502 1892 528 respon-

1092 541 1168 572 dens,
1194 540 1283 573 arguit
1305 538 1444 574 propheta
1468 537 1666 564 dementiam.»
1686 539 1792 565 Verum
1823 546 1892 573 quo-

1093 585 1164 612 niam
1188 585 1221 612 de
1249 585 1362 612 historia
1394 583 1479 610 multa
1503 584 1559 616 jam
1584 584 1655 610 dicta
1685 589 1766 616 sunt,
1795 585 1892 619 aliqua

1091 630 1172 658 etiam
1187 630 1222 657 de
1237 629 1365 664 allegoria
1383 629 1599 664 perstringamus
1614 629 1640 655 in
1664 629 1728 656 ﬁne.
1746 630 1775 656 Si
1793 630 1892 657 videas

1093 676 1256 703 contrariam
1276 679 1437 708 potestatem
1454 675 1656 710 impugnantetn
1673 675 1810 709 populum
1829 676 1892 704 Dei.

1093 722 1223 757 intelligis
1245 721 1306 756 quis
1323 721 1358 748 sit
1379 721 1423 755 qui
1446 721 1540 747 sedeat
1562 727 1644 754 super
1667 721 1786 747 asinam.
1807 721 1846 748 Et
1870 722 1891 748 si

1092 770 1248 797 Consideres
1265 769 1386 795 homines
1401 768 1537 802 quomodo
1557 775 1572 794 a
1588 767 1759 796 dmmonibus
1784 770 1891 804 praci-

1093 817 1225 851 pitanlur,
1249 815 1377 848 intelligis
1403 822 1463 848 quze
1481 814 1516 840 sit
1535 814 1620 840 asina.
1647 814 1694 841 Sic
1714 815 1788 841 enim
1816 820 1847 841 et
1865 816 1890 841 in

1093 860 1238 894 Evangelio
1265 859 1400 894 intelliges
1426 857 1518 885 Jesunt
1547 859 1701 886 mittentem
1733 859 1891 895 discipulos

1091 914 1157 933 suos
1173 907 1206 933 ad
1234 906 1354 937 asinam,
1379 913 1439 940 qua:
1463 906 1571 940 alligata
1586 912 1663 938 erat,
1685 911 1713 933 et
1729 906 1764 932 ad
1779 907 1891 941 pullum

1092 949 1149 983 ejus
1169 959 1176 977 :
1194 955 1223 976 ut
1242 949 1367 984 discipuli
1397 958 1456 977 eant
1483 951 1608 982 solvant,
1629 956 1657 977 et
1683 951 1844 982 adducant,
1864 957 1892 977 ut

1093 995 1151 1027 ipse
1169 995 1261 1022 redeat
1279 1002 1361 1029 super
1378 1002 1448 1021 eam.
1466 995 1497 1022 Et
1513 995 1583 1023 forte
1601 996 1658 1023 ha‘c
1672 996 1764 1028 asina,
1792 997 1822 1023 id
1847 1002 1890 1023 est

1093 1041 1223 1072 Ecclesia,
1241 1041 1315 1075 prius
1330 1041 1454 1075 portabat
1468 1042 1589 1074 Balaam,
1606 1050 1679 1069 nunc
1696 1048 1791 1069 autem
1806 1043 1891 1070 Chri-

1091 1092 1176 1118 stum,
1191 1095 1223 1113 ex
1238 1094 1293 1120 quo
1307 1086 1394 1113 soluta
1406 1092 1448 1114 est
1460 1095 1475 1114 a
1489 1087 1629 1122 discipulis
1645 1093 1672 1115 et
1687 1096 1702 1115 a
1725 1089 1831 1123 quibus
1850 1090 1890 1115 in-

1091 1140 1162 1159 nexa
1183 1137 1240 1159 erat
1258 1133 1374 1160 vinculis
1399 1133 1531 1164 relaxata,
1550 1138 1579 1160 ut
1599 1133 1683 1162 Filius
1702 1134 1751 1161 Dei
1778 1136 1889 1162 sedeer

1092 1186 1173 1212 super
1189 1187 1259 1211 eam,
1275 1185 1300 1206 et
1321 1186 1382 1205 cum
1403 1179 1460 1212 ipsa
1487 1179 1674 1214 ingrederetur
1695 1186 1828 1208 sanctam
1852 1182 1888 1208 civ

1092 1225 1203 1252 vitalem
1222 1225 1370 1252 Jerusalem
1389 1226 1540 1256 caelestem,
1553 1231 1580 1252 et
1601 1226 1793 1260 compleretur
1811 1227 1890 1254 Scri-

1092 1275 1183 1305 ptura,
1196 1278 1256 1305 quae
1270 1271 1335 1298 dicit
1347 1270 1390 1298 “:
1407 1280 1417 1297 ι
1432 1271 1547 1303 Laetare,
1567 1272 1619 1298 ﬁlia
1641 1271 1707 1298 Sion
1718 1292 1725 1304 ,
1750 1274 1887 1306 przediea.

1093 1316 1146 1343 ﬁlia
1167 1315 1334 1349 Jerusalem,
1358 1325 1421 1344 ecce
1447 1326 1492 1345 rex
1510 1324 1571 1345 tuus
1594 1318 1667 1345 venit
1685 1318 1733 1345 tibi
1764 1320 1844 1346 initis
1865 1324 1889 1346 et

1092 1362 1189 1389 sedens
1214 1370 1296 1396 super
1318 1363 1467 1399 subjugale.
1490 1373 1499 1389 ι
1521 1363 1677 1399 Subjugale,
1708 1365 1734 1392 id
1761 1371 1806 1392 est
1836 1367 1888 1392 asi—

1093 1415 1173 1441 nam,
1195 1409 1338 1436 credentes
1362 1410 1421 1436 sine
1449 1409 1530 1436 dubio
1553 1417 1585 1437 ex
1610 1409 1712 1437 Iudaeis
1736 1410 1808 1438 dicit
1832 1421 1839 1438 :
1863 1417 1887 1436 et

1092 1454 1193 1489 pullum
1216 1455 1366 1487 novellum,
1386 1462 1432 1482 eos
1455 1456 1578 1490 profecto
1598 1457 1642 1490 qui
1667 1460 1733 1483 sunt
1757 1464 1793 1483 ex
1820 1464 1885 1491 gen-

1094 1499 1165 1526 tibus
1190 1500 1333 1526 credentes
1357 1500 1384 1527 in
1409 1501 1517 1528 Christo
1541 1500 1604 1528 Jesu
1632 1502 1749 1528 Domino
1780 1508 1885 1532 nostro,

1093 1545 1135 1571 citi
1150 1549 1193 1571 est
1208 1545 1293 1579 gloria
1312 1549 1338 1572 et
1363 1546 1506 1580 imperium
1529 1546 1556 1573 in
1580 1547 1682 1574 szccula
1705 1548 1884 1575 seculorum.

1093 1592 1189 1616 Amen.

1370 1635 1509 1663 ll0.\llLlA
1531 1634 1600 1663 XIV.

1322 1681 1377 1717 (5|)
1391 1682 1456 1709 Item
1477 1683 1510 1709 de
1526 1683 1648 1711 Balaam.

1129 1731 1153 1758 l.
1169 1729 1248 1756 Plura
1260 1733 1333 1761 sunt,
1347 1736 1405 1762 quae
1418 1729 1495 1756 nobis
1511 1729 1672 1756 resederunt
1682 1731 1887 1764 exponentibus

1093 1776 1234 1803 lectionem
1261 1776 1294 1802 de
1315 1774 1422 1801 Balaam
1446 1780 1529 1809 atque
1553 1776 1629 1803 asina
1655 1775 1743 1808 ejus:
1771 1782 1800 1804 et
1820 1785 1886 1811 quo-

1093 1823 1165 1850 niam
1183 1826 1224 1850 est
1243 1821 1399 1856 temporalis
1415 1826 1556 1854 tractatus,
1570 1822 1614 1856 qui
1632 1822 1656 1848 in
1675 1821 1802 1849 Ecclesia
1824 1823 1887 1849 edi-

1093 1869 1190 1897 ﬁcandi
1208 1868 1293 1904 gratia
1310 1867 1434 1900 habetur,
1453 1876 1504 1895 non
1528 1868 1673 1895 habuimus
1692 1873 1803 1895 tantum
1826 1876 1887 1903 spa-

1093 1915 1134 1947 tii,
1152 1919 1181 1941 ut
1199 1921 1339 1949 possemus
1358 1914 1463 1948 singula
1484 1921 1599 1948 qumque
1623 1912 1778 1947 Scriptura:
1803 1915 1885 1940 verba

1092 1967 1251 1996 proponere,
1265 1964 1292 1986 et
1308 1960 1343 1986 ita
1359 1965 1387 1986 ut
1401 1959 1466 1986 nihil
1481 1959 1592 1986 omnino
1604 1958 1789 1985 indiscussum
1803 1958 1885 1993 322

1092 2010 1257 2037 remaneret,
1279 2005 1496 2040 explanationem
1515 2004 1630 2038 singulis
1653 2004 1796 2036 adhibere,
1821 2013 1887 2038 quo-

1093 2053 1164 2079 niam
1191 2051 1298 2086 quidem
1325 2050 1475 2085 hujusmodi
1499 2052 1586 2084 stylus
1620 2050 1885 2077 rmnmentariomm

1093 2099 1178 2134 magis
1193 2102 1243 2125 est.
1257 2096 1360 2125 Idcirco
1379 2104 1439 2130 qua:
1457 2096 1631 2130 inquisitione
1645 2096 1726 2129 digna
1745 2095 1883 2125 videntur,

1094 2145 1259 2178 repetimus,
1285 2150 1400 2176 eamque
1433 2142 1630 2173 discutientes,
1656 2149 1711 2176 qua
1738 2148 1885 2176 possumus

1092 2191 1282 2225 explanatione
1299 2189 1431 2216 disserere
1457 2193 1484 2214 et
1505 2188 1531 2214 in
1550 2187 1667 2214 medium
1685 2186 1811 2221 proferre
1830 2192 1885 2214 ten-

1095 2237 1219 2263 labimus.
1236 2234 1284 2261 Est
1305 2239 1396 2261 autent
1413 2233 1500 2260 adhuc
1516 2231 1622 2260 diﬁicile
1643 2233 1670 2258 in
1690 2231 1884 2266 explanatione

1094 2281 1214 2308 historia:
1229 2280 1326 2314 ipsius,
1340 2279 1476 2313 quomodo
1488 2285 1550 2305 cum
1569 2278 1674 2305 dicatur
1688 2277 1797 2304 venisse
1814 2277 1884 2304 Deus

1095 2332 1175 2354 noctu
1194 2326 1227 2352 ad
1246 2325 1355 2352 Balaam
1375 2326 1474 2360 primo,
1488 2328 1515 2350 et
1531 2323 1715 2357 interrogasse
1728 2323 1776 2356 qui
1791 2326 1885 2350 essent

1094 2370 1217 2397 homines
1239 2370 1285 2404 qui
1312 2369 1450 2396 venissent
1473 2369 1506 2396 ad
1529 2376 1589 2395 eum
1605 2377 1611 2394 :
1628 2376 1661 2395 ac
1678 2367 1882 2402 respondisset,

1093 2418 1155 2452 quia
1175 2417 1248 2444 missi
1267 2420 1357 2443 essent
1373 2423 1387 2442 a
1405 2415 1503 2442 Balaeh
1521 2415 1576 2442 tilio
1592 2415 1698 2448 Sephor
1714 2415 1828 2441 dicente
1840 2415 1881 2439 ⁸δέ

1095 2472 1104 2489 ε
1122 2462 1204 2494 Vetti,
1224 2466 1251 2489 et
1268 2462 1381 2489 maledic
1405 2462 1469 2488 mihi
1487 2460 1628 2495 populum;
1642 2469 1652 2486 ι
1670 2459 1846 2494 responderit
1859 2459 1881 2484 ei

1094 2507 1164 2535 Deus
1178 2517 1185 2535 :
1203 2517 1213 2533 ι
1228 2507 1285 2534 Νοη
1302 2507 1353 2534 ibis
1369 2515 1430 2535 eum
1448 2506 1499 2537 eis,
1522 2513 1610 2539 neque
1627 2504 1775 2532 maledices
1796 2511 1882 2538 popu-

1090 2566 1193 2601 querint
1217 2566 1275 2597 eius
1305 2565 1447 2594 vaticinia,
1475 2565 1502 2591 in
1530 2565 1623 2599 quibus
1650 2563 1773 2590 exstabat
1799 2564 1880 2601 etiam

1089 2599 1156 2626 illud
1169 2609 1178 2627 :
1196 2610 1206 2626 ι
1222 2600 1329 2627 Orietnr
1344 2601 1438 2632 stella;
1449 2610 1458 2624 ι
1479 2601 1548 2633 quod
1566 2607 1624 2625 rum
1639 2606 1653 2625 ε
1666 2604 1776 2632 paterna
1795 2599 1881 2633 trait:-

1090 2636 1160 2696 tiolne
1176 2643 1207 2661 ac
1227 2635 1368 2670 disciplina
1392 2635 1549 2669 accepissent
1566 2634 1653 2668 magi,
1678 2637 1804 2661 uenerunt
1834 2632 1881 2660 Bc-

1091 2676 1195 2696 licem.

1091 2676 1195 2698 lintrem.

1249 2728 1270 2744 ⁸³
1290 2729 1373 2756 Zach.
1387 2736 1424 2762 ιι,
1435 2728 1462 2756 9.
1500 2727 1523 2744 “
1540 2726 1623 2753 Num.
1639 2733 1707 2759 uti,
1723 2726 1768 2758 ll,
1782 2725 1827 2754 19..

1126 2787 1182 2821 (51)
1204 2785 1258 2812 lloc
1276 2786 1455 2820 fragmentum
1481 2784 1652 2818 dcsumptntn
1671 2787 1714 2810 est
1737 2791 1752 2811 e
1773 2782 1878 2810 Catenis

1092 2821 1294 2855 ntanuseriptis.
