1903 3052
40 99 82 126 GT!

610 98 643 125 ΙΝ
661 98 828 127 NUMEROS
845 98 987 128 ll0.\lll.l.~'l
1004 101 1074 128 XIV.

1598 111 1649 139 673

42 159 95 188 tum,
107 158 147 182 est
162 153 238 180 enim
255 152 422 181 benedictus.
438 162 446 178 ι
466 151 564 180 ltermu
581 155 700 181 secundo
716 155 814 182 dicitur
828 157 851 185 Α
868 156 978 184 tulilnts.
998 157 1089 184 Virtus
1106 161 1194 185 autem
1218 166 1269 186 non
1290 160 1395 189 habens
1416 163 1516 197 aliquid
1537 172 1648 194 contra-

40 203 66 229 ad
78 207 133 228 eum
148 203 230 225 noctu
249 198 355 225 venisse
377 199 457 230 Deus,
471 203 498 225 et
515 198 626 232 dixisse,
643 205 671 227 ut
687 201 739 227 iret
752 209 812 228 cum

41 249 81 280 eis,
91 246 134 273 sed
153 246 205 272 hoc
220 246 378 272 observaret
394 250 422 271 ut
438 245 548 272 verbum
562 246 633 280 quod
651 247 726 274 daret
744 247 814 275 Deus

43 295 62 320 in
76 300 118 320 ore
131 290 200 325 ejus,
218 291 269 318 hoc
283 291 450 325 loqueretur.
464 291 495 318 Et
514 299 621 319 rursum
641 294 722 321 tertio
736 295 812 321 eunti

42 339 60 367 ci
73 337 220 366 occurrisse
237 337 360 372 angelum
383 337 446 370 Dei,
466 337 508 364 cui
526 338 552 365 in
571 343 674 365 tantum
690 339 731 366 via
756 339 814 374 ejus

42 392 83 411 non
97 383 204 418 elegans
223 389 274 409 nec
289 388 441 417 opportuna
458 384 606 416 videretur,
626 388 655 411 ut
674 385 754 411 etiam
773 388 814 412 in-

41 430 150 457 terﬁcere
171 435 236 455 eum
256 428 349 461 vellet,
375 429 428 456 nisi
451 430 527 457 asina
551 430 646 457 videns
670 431 812 465 angelum,

41 483 105 511 quem
126 475 237 503 Balaam
257 476 348 504 videre
373 483 427 503 non
455 476 560 511 potuit,
582 476 756 504 declinasset.
769 476 814 512 _Et

42 528 116 550 tamen
136 528 314 558 posteaquam
335 523 459 558 culpatur
473 523 508 550 ab
527 523 623 558 angelo
645 531 695 550 cur
708 524 748 551 ire
767 532 814 552 vo-

42 569 130 602 luisset,
145 577 243 596 rursus
260 569 341 596 etiam
354 570 389 597 ab
406 569 464 604 ipso
483 569 523 596 ire
543 570 711 604 permittitur
729 579 736 597 :
757 575 814 597 tan-

42 621 86 641 nun
107 620 134 642 ut
156 615 294 643 custodiant
310 616 439 648 verbum,
464 616 536 650 quod
563 616 634 644 Deus
654 617 759 644 dederit
784 617 811 644 in

41 669 79 689 ore
91 662 155 696 ejus,
170 667 200 689 ut
217 662 270 690 hoc
289 662 376 689 solum
397 662 534 697 proferat,
556 671 607 689 nec
629 663 745 698 amplius
764 663 812 690 ali-

40 708 101 741 quid.
119 707 178 735 Haec
198 714 264 743 ergo
287 708 379 734 omnia
396 708 531 735 dillicilem
555 709 657 736 habent
681 709 810 743 explana-

42 755 144 781 tionem:
161 755 255 788 paucis
275 758 375 787 tamen,
391 760 419 780 ut
441 761 523 789 supra
542 755 598 790 jam
619 755 748 788 diximus,
764 763 811 783 oc-

41 800 159 827 casionem
184 799 369 834 intelligentia:
394 800 470 828 vobis
493 801 629 833 dabimus,
654 809 706 836 quo
719 807 745 829 et
761 809 809 829 vos

42 844 132 872 faciatis
149 845 220 880 quod
239 845 369 879 scriptum
395 851 436 873 est
446 846 488 873 ":
508 855 518 871 ι
537 845 570 874 Ut
588 846 622 874 iis
639 847 738 874 auditis
761 856 807 875 sa-
827 835 847 862 Β

41 891 103 922 piens
114 890 261 924 sapientior
285 891 368 918 [iatn
391 895 418 918 et
430 891 452 906 “
467 900 474 918 :
492 900 501 918 ι
519 892 555 918 Da
579 893 749 920 occasionem
767 901 812 920 sa-

42 936 120 970 pienti,
138 941 163 965 et
182 937 334 972 sapientior
350 938 412 965 erit.
424 947 433 964 ι
460 938 512 966 Sed
536 937 696 973 priusquam
714 947 811 975 perve—

43 982 128 1010 niamus
141 983 172 1010 ad
189 991 258 1015 rem,
280 991 314 1011 ne
332 983 398 1011 illud
420 984 529 1018 quidem
552 985 722 1018 omittemus,
738 986 810 1020 quod

42 1029 155 1057 curiosius
174 1030 347 1059 intendentes
363 1031 390 1058 in
406 1031 457 1058 hoc
472 1031 531 1058 loco
548 1032 764 1059 observavimus.
782 1033 808 1058 In

43 1073 194 1110 Hebraeorum
210 1075 309 1104 litteris
331 1083 428 1104 nOmen
450 1077 516 1110 Dei,
539 1077 590 1104 hoc
610 1082 651 1104 est
670 1077 749 1110 Deus,
767 1078 809 1105 vel

43 1121 160 1153 Dominus,
184 1121 292 1148 diverse
315 1122 399 1150 scribi
421 1122 531 1149 dicitur.
552 1122 639 1150 Aliter
655 1123 727 1149 enim
742 1124 809 1150 scri-

42 1165 100 1192 bitur
113 1165 189 1199 Deus,
213 1167 372 1202 quicunque
389 1167 482 1195 Deus:
498 1167 578 1194 aliter
601 1168 671 1195 Deus
690 1168 757 1202 ipse,
775 1169 808 1196 de

42 1218 83 1244 quo
96 1211 187 1239 dicitur
198 1212 220 1228 ⁸⁷
235 1221 242 1239 :
263 1221 272 1237 ι
289 1213 368 1246 Audi,
385 1212 478 1244 lerael.
496 1214 626 1240 Dominus
640 1214 711 1241 Deus
734 1218 806 1246 tuus,

44 1256 99 1284 Deus
111 1265 174 1286 unus
200 1263 251 1286 est.
267 1268 276 1285 ι
301 1259 352 1287 Iste
373 1267 439 1295 ergo
456 1260 526 1287 Deus
544 1260 636 1293 Israel,
651 1261 722 1288 Deus
737 1269 807 1288 unus

42 1306 61 1328 ct
73 1309 169 1331 creator
182 1305 316 1338 omnium,
330 1310 407 1333 certo
420 1306 538 1340 quodam
555 1306 707 1333 litterarum
728 1306 807 1342 signo

43 1349 162 1383 scribitur,
174 1352 245 1386 quod
264 1353 336 1386 apud
352 1351 412 1379 illos
429 1355 673 1386 tetragrammaton
694 1353 804 1380 dicitur.

42 1394 63 1421 Si
80 1398 177 1430 quando
193 1405 257 1432 ergo
272 1397 324 1425 sub
343 1398 394 1425 hoc
407 1398 485 1432 signo
504 1399 531 1425 in
556 1398 709 1432 Scripturis
733 1399 805 1426 scri-

42 1440 98 1469 bitur
115 1443 194 1477 Deus,
216 1442 290 1470 nulla
306 1448 348 1470 est
371 1443 504 1471 dubitatio
529 1444 594 1479 quin
615 1445 648 1471 de
666 1444 720 1472 Deo
740 1452 806 1472 vero

41 1493 62 1515 ct
77 1490 156 1517 mundi
180 1495 306 1518 creatore
328 1491 447 1519 dicatur.
466 1490 494 1518 Si
519 1491 628 1524 quando
648 1498 712 1518 vero
732 1491 803 1522 aliis,
818 1505 839 1533 ρ

43 1534 107 1562 idest
119 1537 305 1564 communibus
325 1537 423 1564 litteris
440 1536 579 1568 scribitur,
601 1537 733 1564 incertum
757 1536 805 1563 ha-

42 1580 104 1608 betur
115 1588 198 1610 utrum
214 1583 247 1610 de
265 1584 321 1611 Deo
336 1590 410 1616 vero,
430 1591 464 1609 an
482 1583 515 1610 de
531 1582 624 1617 aliquo
641 1589 674 1609 ex
691 1581 745 1609 illis
765 1582 805 1608 di-

42 1631 110 1660 catur,
123 1629 152 1655 de
168 1629 270 1663 quibus
286 1628 431 1664 Apostolus
446 1628 512 1655 dicit
522 1627 544 1643 ⁸⁸
558 1635 565 1654 :
583 1636 592 1652 ε
606 1626 726 1654 Tametsi
742 1630 805 1653 sunt

43 1671 77 1705 qui
94 1673 208 1701 dicantur
225 1675 274 1708 dii,
290 1668 348 1702 sive
370 1674 396 1701 in
412 1674 482 1701 cmlo
503 1674 560 1701 sive
579 1673 605 1700 in
625 1678 717 1700 terra:
736 1673 806 1700 sicut

43 1723 89 1744 sunt
103 1719 135 1746 dii
151 1720 236 1754 multi,
250 1725 280 1748 et
294 1721 397 1748 domini
414 1720 490 1747 multi
504 1727 512 1746 :
527 1720 605 1747 nobis
623 1724 713 1746 tamen
735 1727 804 1746 unus

44 1762 98 1791 Deus
116 1765 202 1800 Pater,
221 1775 255 1794 ex
276 1773 330 1801 quo
349 1766 457 1798 omnia,
480 1769 507 1792 et
532 1773 581 1792 nos
607 1772 655 1800 per
678 1765 777 1799 ipsum.
792 1774 801 1791 ι

42 1810 106 1843 Aiunt
121 1819 180 1843 ergo
201 1813 246 1847 qui
274 1811 422 1840 Hebraicas
447 1811 552 1839 litteras
573 1812 681 1846 legunt,
706 1811 731 1838 iu
753 1811 804 1838 hoc

42 1857 86 1884 loco
99 1859 170 1893 Deus,
185 1868 236 1887 non
253 1861 305 1886 sub
319 1859 398 1893 signo
413 1858 627 1893 tetragrannuati
643 1865 704 1885 esse.
730 1859 803 1893 posi-

43 1908 92 1936 tum,
104 1906 132 1932 de
144 1914 196 1941 quo
211 1906 256 1941 qui
274 1910 374 1941 potest,
392 1905 525 1940 requirat.
544 1905 596 1932 Sed
613 1909 639 1931 et
652 1905 724 1939 quod
738 1904 805 1931 dixit

42 1949 96 1979 licus
115 1954 145 1980 ad
169 1953 280 1981 Balaam
306 1953 384 1989 quasi
411 1953 582 1988 interrogans
600 1953 644 1987 qui
672 1956 734 1979 sunt
757 1952 803 1979 isti

43 1997 151 2032 homines,
167 2000 316 2034 requiritur
334 2006 383 2026 cur
398 1998 528 2033 ignorare
544 1998 689 2025 videatur:
708 2002 734 2024 el
752 1998 804 2025 ite-

43 2049 86 2069 rum
112 2046 177 2079 quod
200 2046 265 2073 ait:
295 2053 304 2071 α
322 2044 380 2072 Non
418 2044 563 2071 maledices
591 2044 737 2079 populum,
763 2048 804 2071 est

43 2089 98 2116 cnim
114 2091 275 2119 benedictus.
289 2100 298 2117 ›
314 2090 360 2118 Sic
375 2091 466 2124 itaque
483 2093 572 2124 potest
588 2089 712 2124 intelligi,
725 2089 802 2125 quasi

42 2133 135 2163 dixerit:
148 2137 204 2165 Non
214 2137 361 2165 maledices
378 2135 506 2172 populum
525 2143 626 2163 meum.

66 2184 88 2212 ‘2.
105 2186 153 2215 Nos
178 2189 285 2216 interim
306 2187 422 2215 dicimus
446 2187 651 2222 dispensatione
682 2186 800 2221 quadam

42 2234 61 2256 et
75 2233 193 2267 sapientia
207 2233 264 2266 Dei,
280 2233 317 2260 ita
330 2234 422 2260 omnia
439 2233 465 2259 in
482 2232 533 2259 hoc
548 2232 648 2259 mundo
663 2239 725 2259 esse
745 2232 801 2259 dis-

43 2278 120 2312 posita,
137 2285 163 2306 ut
184 2281 252 2308 nihil
271 2286 383 2315 prorsus
405 2279 522 2306 otiosum
540 2279 576 2306 sit
598 2279 670 2313 apud
697 2278 798 2309 Deum,

43 2323 123 2352 etiamsi
143 2327 238 2354 malum
261 2327 326 2354 illud
344 2326 391 2358 sit,
411 2324 518 2352 etiamsi
542 2324 654 2351 bonum.
670 2323 722 2350 Sed
742 2323 800 2357 pla-

43 2368 87 2397 nius
101 2374 164 2406 quod
186 2373 283 2401 dicitur
300 2373 477 2408 explicemus.
496 2371 626 2398 Malitian-
651 2370 720 2396 Deus
747 2376 799 2396 non

43 2414 107 2444 fecit:
124 2423 208 2448 tamen
222 2427 284 2447 cum
303 2419 364 2446 aliis
383 2419 525 2446 inventam
543 2418 628 2453 possit
643 2416 798 2451 prohibere,

44 2469 82 2488 non
103 2466 218 2498 prohibet
238 2475 244 2493 :
265 2467 311 2493 sed
335 2473 397 2493 eum
423 2465 489 2499 ipsis
510 2471 525 2490 a
542 2463 641 2498 quibus
671 2463 797 2494 habetur,

44 2508 106 2536 utitur
124 2519 152 2538 ea
176 2513 208 2539 ad
231 2512 400 2540 necessarias
424 2518 532 2538 causas.
553 2509 605 2537 Per
624 2509 700 2544 ipsos
725 2509 797 2536 enim

44 2553 61 2579 in
73 2556 158 2589 quibus
173 2564 213 2585 est
228 2558 340 2590 malitia,
358 2557 447 2585 claros
462 2561 489 2584 et
505 2557 633 2591 probatos
645 2555 727 2582 efiicit
754 2563 801 2582 eos

44 2599 74 2630 'I'Ji
89 2601 117 2628 ad
131 2603 257 2631 virtutum
276 2604 389 2639 gloriam
405 2603 529 2630 tendunt.
554 2602 620 2629 Nam
637 2603 658 2628 si
682 2602 800 2636 perime-

44 2648 99 2672 τθιιπ
111 2648 217 2682 maiitia,
232 2657 284 2677 non
303 2654 377 2677 esset
400 2649 493 2684 utique
510 2648 556 2683 qui
577 2648 726 2675 contrairet
747 2648 801 2674 vir-

65 2713 82 2727 “
98 2717 170 2748 Prov.
190 2730 214 2755 ι,
236 2721 262 2749 5,
298 2721 321 2737 ’⁸³
340 2720 419 2748 Prov.
437 2728 475 2752 ix,
492 2719 518 2747 9.
559 2718 580 2734 ’⁸⁷
602 2719 679 2745 Deut.
701 2725 743 2748 Vl,
761 2717 788 2743 4.

66 2786 111 2827 (δῖ)
130 2789 180 2827 Nec
202 2794 282 2819 virtus
308 2797 356 2819 est.
380 2790 433 2818 Pro
462 2790 504 2818 his
531 2789 557 2827 in
587 2788 680 2815 codice
704 2787 796 2827 sancti

43 2817 174 2853 Tlteodorici
198 2817 292 2862 legitur
306 2817 342 2855 [ἶ
351 2817 443 2854 claros
456 2831 482 2853 ct
498 2825 628 2861 probatos
644 2831 696 2851 non
714 2821 795 2850 efficit

826 2716 848 2732 ⁸⁸
870 2716 957 2744 lCor.
981 2723 1042 2747 vm,
1062 2714 1089 2746 5,
1110 2713 1137 2741 6.

866 203 946 235 rium,
970 212 1023 230 non
1047 204 1224 238 claresceret,
1245 215 1295 234 nec
1312 208 1479 242 splendidior
1494 216 1521 238 et
1544 214 1650 240 exami-

867 249 953 276 natior
968 250 1054 277 fieret.
1071 250 1128 278 Non
1146 253 1259 286 probata
1275 261 1337 281 vero
1352 261 1402 282 nec
1422 257 1576 285 examinata
1595 260 1650 286 vir-

867 298 919 326 tus,
935 303 984 322 nec
999 296 1083 323 \‘irtus
1099 303 1140 325 est
1160 298 1226 333 ('32).
1251 300 1305 327 Sed
1321 300 1379 328 lucc
1400 302 1422 329 si
1447 303 1572 331 dicantur
1589 306 1649 333 sine

866 340 1017 368 divinorum
1036 343 1182 370 verborum
1205 345 1381 379 testimouiis,
1401 348 1537 383 exquisita
1563 358 1649 385 magis

864 391 892 413 et
912 387 1027 415 lnnnaua
1050 394 1109 416 arte
1128 391 1298 425 composita,
1316 400 1395 427 quant
1418 402 1481 422 vera
1505 400 1586 430 atque
1606 397 1649 424 in-

865 432 987 460 dubitata
1015 434 1188 463 videbuntur.
1212 436 1393 472 Requiramus
1428 448 1492 476 ergo
1510 442 1532 468 si
1553 441 1649 476 hujus-

866 479 936 505 tnodi
962 487 1072 507 sensum
1093 481 1176 508 etiam
1199 484 1336 512 volumina
1363 486 1454 513 divina
1479 489 1647 515 contineant.

867 525 1013 554 Veniamus
1039 528 1071 554 ad
1095 527 1242 564 Joseph‘”.
1269 530 1345 559 Tolle
1377 532 1504 560 malitiam
1534 534 1647 562 fratrum

865 571 933 604 ejus,
950 572 1012 600 tolle
1038 574 1185 606 invidiam,
1213 575 1276 603 tolle
1300 576 1365 604 illud
1387 585 1466 604 omne
1488 581 1650 613 parricidale

864 621 1045 644 commentum
1064 618 1120 653 (555}
1137 627 1190 653 quo
1206 622 1353 649 smvierunt
1368 622 1394 649 in
1415 623 1527 652 fratrem
1548 633 1649 660 usque-

864 670 919 696 quo
942 664 1086 691 venderent
1110 674 1183 694 eum.
1208 667 1236 695 Si
1261 669 1317 696 inec
1339 670 1460 704 auferas,
1483 673 1543 700 vide
1562 681 1648 708 quan-

865 714 917 737 tam
941 712 1019 738 simul
1049 716 1196 748 peremeris
1223 717 1450 751 dispensationem
1477 719 1534 747 Dei.
1563 721 1648 748 Simul

863 756 935 783 enim
959 758 1104 786 abscindes
1125 766 1222 788 cuncta
1248 762 1308 795 illa,
1329 770 1389 797 quze
1410 766 1480 799 apud
1502 765 1648 801 Egyptum

863 809 911 836 per
932 802 1030 838 Joseph
1048 813 1095 838 pro
1118 806 1207 834 salute
1228 809 1349 836 onmium
1369 815 1446 844 gesta
1464 817 1526 838 sunt
1538 812 1572 839 ⁸⁸.
1588 811 1648 839 Non

862 848 960 876 fuisset
976 849 1165 885 interpretatio
1181 855 1279 881 sonmii
1296 855 1458 888 Pharaonis,
1476 857 1498 884 si
1518 866 1566 892 per
1578 858 1648 885 iuvi-

862 893 934 920 diam
958 895 1073 923 fratrum
1102 905 1154 924 non
1184 898 1283 927 fuisset
1312 900 1411 936 Joseph
1437 902 1600 936 distractus,
1620 910 1648 932 et

862 940 981 967 venisset
996 941 1021 968 in
1034 941 1181 978 IEgyptum
1194 953 1201 971 :
1217 953 1296 974 nemo
1313 947 1494 977 intellexisset
1505 958 1564 985 quae
1577 951 1649 979 Deus

861 986 1026 1013 revelarerat
1043 988 1115 1023 regi,
1139 998 1220 1018 nemo
1244 991 1379 1021 frumenta
1403 1002 1596 1030 congregasset
1620 998 1646 1025 in

860 1030 988 1067 Aﬁgypto,
1009 1041 1089 1061 nemo
1105 1037 1294 1065 necessitatem
1317 1039 1397 1067 famis
1414 1043 1532 1076 sapienti
1558 1044 1649 1078 provi-

860 1078 937 1105 sione
958 1085 1080 1107 curasset
1099 1089 1106 1107 :
1125 1083 1251 1116 periisset
1277 1085 1429 1121 Egyptus,
1451 1089 1598 1123 periissent
1620 1096 1647 1118 et

860 1124 980 1151 finitimae
1004 1125 1128 1160 regiones
1150 1127 1232 1156 fame.
1248 1129 1401 1159 lnteriisset
1424 1134 1506 1160 etiam
1527 1135 1585 1169 ipse
1609 1135 1648 1164 ls-

860 1171 927 1202 rael,
941 1175 969 1198 et
996 1178 1089 1199 semen
1108 1172 1166 1206 ejus
1192 1182 1317 1209 quaerens
1335 1185 1444 1211 panem,
1459 1180 1482 1207 si
1499 1180 1645 1217 Egyptum

860 1225 911 1244 non
926 1217 1019 1244 fuisset
1033 1218 1195 1253 ingressum,
1210 1229 1259 1249 nec
1269 1224 1371 1257 egressi
1384 1224 1498 1253 fuissent
1509 1234 1543 1254 ex
1554 1235 1585 1255 ea
1599 1228 1647 1256 filii

858 1262 941 1289 Israel
960 1270 1022 1290 cum
1046 1264 1214 1293 mirabilibus
1233 1267 1349 1295 Domini.
1364 1269 1502 1304 Nusquam
1519 1272 1602 1307 plaga:
1618 1274 1644 1300 in

857 1307 1010 1343 Aegyptios,
1029 1316 1116 1344 neque
1130 1313 1244 1339 virtutes
1260 1313 1321 1347 illas,
1337 1322 1405 1349 quas
1421 1316 1485 1343 fecit
1507 1317 1577 1345 Deus
1594 1326 1643 1353 per

858 1354 967 1388 Moysen
981 1359 1007 1381 et
1023 1355 1125 1382 Aaron.
1148 1356 1232 1385 Nemo
1249 1359 1371 1386 Rubrum
1401 1368 1475 1388 utare
1496 1362 1576 1390 siccis
1599 1371 1647 1391 ve-

857 1401 943 1435 stigiis
976 1401 1146 1429 incessisset.
1169 1403 1266 1431 Cibum
1299 1413 1406 1434 manna:
1435 1408 1556 1436 mortalis
1590 1410 1645 1437 vita

857 1447 999 1474 nescisset.
1012 1447 1089 1474 Nulla
1106 1449 1140 1475 de
1157 1450 1279 1483 sequenti
1297 1456 1372 1484 petra
1388 1459 1519 1485 aquarum
1544 1453 1645 1481 fluenta

857 1495 1056 1528 prorupissent.
1077 1493 1133 1520 Lex
1148 1502 1162 1521 a
1182 1494 1236 1522 Deo
1250 1496 1404 1524 hominibus
1424 1497 1488 1525 data
1505 1506 1558 1526 non
1579 1500 1647 1528 fuis-

857 1546 908 1567 set.
924 1540 988 1573 Qnte
1004 1540 1029 1566 in
1046 1540 1150 1572 Exodo,
1174 1549 1235 1574 quae
1260 1542 1287 1568 in
1310 1541 1443 1577 Levitico,
1467 1545 1493 1571 in
1516 1545 1643 1573 Numeris

856 1587 937 1614 etiam
958 1592 983 1614 et
1001 1586 1207 1615 Deuteronomio
1221 1588 1388 1621 referuntur,
1409 1591 1442 1617 ad
1459 1591 1571 1619 humani
1599 1601 1646 1628 ge-

856 1634 929 1661 neris
948 1634 1091 1661 scientiam
1115 1642 1168 1662 non
1190 1636 1339 1664 venissent.
1363 1637 1554 1666 llzercditatem
1568 1645 1644 1668 certe

856 1685 1008 1715 paternam,
1025 1686 1052 1708 et
1072 1685 1172 1708 terram
1189 1683 1411 1715 repromissionis
1431 1685 1520 1712 nullus
1542 1686 1643 1714 intras-

857 1731 906 1752 set.
924 1725 956 1752 Et
971 1731 999 1753 ut
1020 1727 1054 1752 ad
1078 1728 1136 1754 inec
1157 1735 1218 1762 qua:
1240 1727 1377 1754 habentur
1398 1729 1424 1756 in
1443 1729 1579 1762 manibus,
1600 1739 1645 1757 ve-

856 1771 978 1803 niamus,
1007 1772 1071 1799 tolle
1104 1772 1202 1800 Balach
1230 1773 1309 1807 hujus
1332 1775 1405 1808 regis
1431 1776 1540 1809 pessimi
1566 1777 1645 1804 ntali-

857 1817 932 1850 tiam,
949 1826 1001 1852 qua
1019 1819 1142 1846 maledici
1161 1819 1300 1846 desiderat
1323 1820 1468 1854 Israelem,
1489 1822 1567 1849 aufer
1584 1824 1644 1857 ejus

856 1863 1001 1895 astutiam,
1027 1872 1078 1898 qua
1107 1865 1239 1891 invitabat
1259 1865 1369 1892 Balaam
1396 1866 1429 1892 ad
1456 1867 1640 1894 devorandum

856 1909 985 1944 populum
1009 1918 1016 1936 :
1045 1911 1148 1944 pariter
1180 1911 1327 1938 abstuleris
1356 1919 1420 1947 erga
1454 1912 1525 1940 filios
1559 1913 1643 1942 Israel

855 1956 1086 1990 dispensationem
1109 1957 1172 1990 Dei,
1190 1961 1217 1984 et
1240 1958 1417 1992 providentia:
1432 1958 1491 1993 ejus
1507 1959 1643 1994 favorem,

855 2010 988 2038 nusquam
1014 2003 1163 2038 prophetiae
1190 2004 1242 2032 illa:
1269 2009 1365 2037 erunt,
1386 2013 1446 2040 quae
1473 2013 1521 2041 per
1539 2014 1569 2034 os
1589 2007 1643 2034 Ba-

856 2048 925 2074 laam
952 2053 979 2076 et
1012 2048 1074 2076 filiis
1110 2049 1194 2076 lsracl
1224 2054 1251 2076 et
1280 2050 1407 2084 gentibus
1436 2050 1640 2085 prophetantur.

855 2094 935 2130 323
954 2094 1030 2128 Quod
1055 2095 1076 2121 si
1103 2095 1185 2121 etiam
1202 2095 1267 2122 Novi
1297 2095 1463 2123 Testamenti
1487 2097 1564 2132 cupis
1583 2097 1642 2125 haec

855 2140 1018 2167 testimoniis
1037 2139 1213 2172 confirmari,
1230 2139 1252 2167 si
1274 2139 1385 2167 auferas
1407 2140 1536 2167 malitiam
1554 2140 1640 2173 Judre,

856 2185 1092 2220 proditionemque
1125 2185 1185 2219 ejus
1213 2186 1342 2220 perimas,
1369 2186 1516 2213 abstuleris
1542 2187 1644 2221 pariter

855 2240 962 2259 crucem
972 2231 1074 2259 Christi
1086 2236 1112 2259 et
1124 2232 1276 2267 passionem
1291 2231 1348 2266 ejus
1361 2242 1367 2260 :
1378 2236 1403 2259 et
1418 2233 1439 2259 si
1449 2240 1501 2259 non
1516 2233 1552 2260 sit
1564 2241 1641 2266 crux,

855 2285 908 2304 non
919 2281 1056 2304 exuuntur
1071 2277 1240 2312 principatus
1254 2281 1279 2304 et
1292 2281 1442 2312 potestates
1454 2297 1461 2310 ,
1475 2285 1526 2304 nec
1544 2278 1641 2305 trium-

855 2323 972 2357 phautur
1010 2323 1036 2359 in
1073 2323 1144 2359 ligno
1175 2323 1276 2351 crucis.
1316 2323 1344 2350 Si
1363 2331 1415 2350 non
1443 2323 1538 2351 fuisset
1569 2332 1642 2351 mors

854 2369 966 2400 Christi.
996 2357 1088 2403 ulique
1107 2377 1155 2396 nec
1169 2368 1334 2396 resurrectio
1355 2368 1467 2400 fuisset,
1490 2376 1540 2395 nec
1555 2369 1641 2396 exsti-

855 2415 933 2442 tisset
964 2415 1062 2450 aliquis
1078 2415 1273 2450 primugenilus
1293 2422 1326 2441 ex
1361 2415 1486 2441 mortuis.
1519 2414 1595 2447 Quod
1617 2414 1640 2441 si

855 2468 906 2487 non
938 2460 1034 2488 fuisset
1060 2461 1257 2496 primogenitus
1275 2468 1309 2487 ex
1337 2460 1473 2490 mortuis.
1508 2466 1556 2485 nec
1580 2466 1642 2493 spes

854 2506 932 2533 nobis
960 2507 1166 2534 resurrectionis
1189 2507 1293 2533 fuisset.
1312 2505 1400 2532 Simili
1421 2512 1485 2539 ergo
1508 2505 1586 2530 modo
1613 2509 1640 2531 et

852 2552 885 2579 de
901 2552 960 2587 ipso
975 2551 1082 2579 diabolo
1103 2559 1245 2586 ponamus,
1265 2550 1340 2578 verbi
1356 2550 1454 2585 gratia,
1478 2549 1639 2577 necessitate

853 2599 943 2633 aliqua
955 2599 1135 2626 constrictum
1148 2598 1233 2624 fuisse
1250 2605 1282 2625 ne
1294 2599 1429 2630 peccaret,
1448 2594 1489 2621 vel
1504 2598 1563 2628 post
1578 2602 1640 2628 pec—

853 2651 944 2674 catum
963 2646 1081 2672 ablatam
1110 2643 1197 2671 fuisse
1213 2643 1246 2669 ab
1263 2649 1297 2669 eo
1323 2642 1434 2668 lltalillm
1453 2635 1642 2669 voluntatem;

1185 2712 1207 2728 ⁸³
1226 2711 1294 2738 Cen.
1311 2718 1413 2737 xxxv”.
1452 2711 1474 2726 "°
1493 2709 1562 2738 Gen.
1584 2718 1639 2739 xu.

852 2793 899 2814 eos
913 2785 957 2819 qui
973 2785 1006 2810 ad
1023 2783 1154 2822 virtutum
1168 2781 1280 2822 gloriam
1298 2779 1421 2807 tendunt.
1435 2789 1449 2821 ο.

884 2821 941 2856 (55)
962 2820 1051 2847 Codex
1071 2818 1258 2849 Caruotensis,
1279 2818 1506 2843 tcommercium.
1523 2823 1531 2841 ›
