1886 3051
233 93 285 121 679

974 89 1134 118 URIGENIS
1249 87 1261 92 ’
1804 91 1842 118 030

232 149 312 178 simul
329 149 421 185 utique
434 149 554 176 ablatum
572 149 667 176 fuisset
678 148 755 176 nobis
770 153 908 176 certamen
925 148 1022 175 advcr«
1037 148 1057 176 A
1073 147 1187 180 suimus,
1204 147 1274 175 Deus
1288 147 1396 182 quidem
1411 147 1539 175 malitiam
1552 154 1604 174 nou
1620 145 1703 179 fecit,
1721 147 1843 176 inventam

233 205 293 224 sum
319 197 431 223 insidias
458 196 579 228 diaboli,
611 203 662 222 nec
685 199 893 229 exspectaretur
917 202 1018 222 corona

234 242 352 270 victoria:
365 243 389 270 ei
406 242 450 276 qui
470 242 587 276 legitime
601 241 774 268 certasset“.
793 241 820 267 Si
838 249 890 268 non
907 241 1020 268 habere-

234 296 293 316 mus
311 289 357 323 qui
382 288 522 314 adversum
547 294 598 314 nos
626 286 804 318 obsisterent,
838 294 939 322 agones
965 294 1018 314 non

231 339 322 361 essent
337 354 344 366 ,
372 341 422 360 nec
447 333 596 360 victoribus
621 340 734 360 munera
761 337 939 367 ponerentur,
969 340 1019 360 nec

233 387 342 415 regnum
370 379 503 407 cwlorum
524 379 698 406 vincentibus
725 382 870 413 pararetur
892 387 899 405 :
931 385 1018 412 neque

231 430 451 453 momentaneum
477 425 530 452 hoc
561 429 588 452 et
618 424 678 451 leve
705 424 889 452 tribulationis
918 429 1018 451 nostra:

230 479 310 505 supra
337 471 447 499 modum
470 471 575 506 pondus
603 470 694 505 gloriae
717 475 877 504 operaretur
897 470 975 497 nobis
991 470 1017 497 in

207 523 212 529 '
232 517 321 544 futuro
331 516 355 532 ⁵²
372 525 379 542 :
397 524 449 543 nec
469 515 569 550 aliquis
594 520 718 543 nostrum
736 522 785 551 pro
810 514 1016 543 tribulationum

231 563 360 597 patientia
387 567 509 597 speraret
534 562 694 589 immensam
721 561 833 596 gloriam
853 561 1015 589 futurorum.

232 609 270 635 Ex
285 609 384 644 quibus
400 608 526 636 onmibus
541 607 688 642 colligitur,
703 608 763 642 quia
783 607 852 635 Deus
865 616 917 635 non
929 607 1016 635 solum

230 655 309 682 bonis
327 659 419 682 utatur
433 654 466 681 ad
482 662 550 688 opus
566 655 664 681 bonum
679 674 686 686 ,
699 653 746 681 sed
762 658 789 680 et
801 654 888 680 malis.
907 653 940 680 Et
965 654 1016 681 hoc

231 706 293 725 Vere
307 698 431 725 mirabile
452 703 503 728 est,
514 699 585 732 quod
599 699 671 726 vasis
692 699 770 726 malis
788 699 872 725 utitur
899 698 967 725 Deus
981 698 1015 726 ad

229 753 296 779 opus
311 745 422 773 bonum.
440 744 467 771 In
484 752 580 779 magna
592 746 664 772 enim
677 746 728 773 hac
742 744 834 772 mundi
845 744 923 779 hujus
935 745 1015 772 domo

231 799 282 817 non
295 796 357 817 sunt
375 791 564 818 tantttmmodo
579 799 643 818 νιιειι
661 798 754 822 aurea,
767 795 793 817 et
808 796 934 825 argentea
945 811 952 824 ,
968 791 1014 818 SCd

229 841 256 863 ct
270 837 367 872 lignea,
395 841 423 864 et
439 836 543 870 fictilia,
567 842 594 864 et
608 836 660 864 alia
686 836 796 871 quidem
820 837 851 863 ad
872 837 1014 871 honorem,
1031 837 1052 865 Β
1068 836 1117 862 bus
1145 834 1210 862 dicit
1241 835 1380 870 apostolus
1407 833 1504 861 Paulus
1533 834 1556 849 “
1579 841 1587 860 :

229 882 280 909 alia
294 888 382 909 autem
395 883 427 909 ad
442 883 633 910 contumeliam
644 883 679 914 ⁸³,
694 888 906 918 tttraquetamen
922 891 1016 910 neces-

231 928 314 955 Saria.
340 927 439 955 Verum
463 928 590 962 quoniam
623 935 686 955 vasa
717 928 775 956 bace
800 935 859 962 qua:
889 928 1014 961 dicimus,

231 973 402 1000 rationabilia
427 973 601 1007 intelligentia
626 977 700 1005 sunt,
728 979 755 1000 et
781 973 857 1000 liberi
884 973 1016 1001 arbitrii:

231 1027 282 1046 non
309 1027 383 1050 casu,
414 1027 501 1054 neque
529 1019 652 1051 fortuitu,
681 1020 870 1054 unusquisque
895 1024 940 1046 aut
968 1027 1016 1047 vas

231 1065 341 1092 honoris
355 1065 479 1098 edicitur,
507 1070 553 1092 aut
567 1072 614 1092 vas
631 1065 816 1098 contumeliae,
848 1066 895 1092 sed
918 1066 962 1100 qui
987 1073 1017 1093 se

231 1110 282 1137 tale
296 1109 450 1144 praebuerit,
467 1115 495 1137 ut
512 1110 615 1138 electus
638 1117 698 1138 esse
725 1115 874 1141 mereatur,
894 1118 941 1138 vas
959 1110 1014 1139 ele-

230 1161 304 1184 ctum
324 1161 352 1184 et
371 1163 416 1184 vas
431 1156 543 1184 honoris
561 1156 688 1184 edicitur.
704 1156 755 1189 Qui
779 1163 843 1184 vero
859 1156 975 1192 indignis
989 1163 1017 1184 et

229 1202 382 1229 deterrimis
397 1202 523 1229 sensibus
536 1201 614 1235 vivit,
636 1201 687 1228 iste
704 1201 837 1228 formatur
858 1209 906 1230 vas
920 1208 1017 1231 contu-

231 1249 326 1279 meliae,
355 1255 409 1275 non
442 1255 456 1274 a
476 1247 634 1279 Conditorc,
656 1247 702 1274 sed
721 1254 736 1273 a
760 1247 905 1283 semetipso
925 1250 1017 1278 causis

229 1286 401 1320 contumelia:
422 1301 477 1320 sure
504 1293 585 1320 datis.
611 1292 671 1320 Non
696 1300 763 1328 ergo
786 1301 833 1322 eos
863 1294 931 1322 tales
957 1303 1017 1324 esse

230 1339 361 1366 Conditor
390 1339 466 1372 fecit,
483 1339 529 1366 sed
558 1337 712 1372 hujusmodi
741 1345 845 1367 mentes
867 1341 1016 1368 secundant

230 1384 398 1419 propositum
413 1391 507 1411 eorum
519 1403 525 1416 ,
538 1384 714 1419 providentia.-
727 1386 864 1419 suaejusta
881 1390 909 1413 et
920 1385 1016 1413 ineffa-

232 1429 277 1457 biii
294 1429 410 1464 quadam
427 1430 532 1456 ratione
549 1429 700 1464 dispensat.
718 1429 804 1463 Sicut,
820 1431 896 1458 verbi
914 1431 1015 1466 gratia,

231 1476 257 1502 in
283 1475 394 1502 urbibus
425 1474 540 1510 magnis,
559 1475 595 1502 ’si
622 1475 667 1509 qui
693 1475 860 1510 indigniores
889 1481 961 1509 sunt,
990 1482 1017 1506 et

230 1522 361 1550 abstrusa:
374 1522 435 1548 vita:
451 1529 483 1548 ac
495 1521 649 1549 deterrimae
664 1522 788 1550 homines
800 1542 807 1555 ,
827 1522 923 1550 ultima
939 1531 1015 1558 qum-
1030 1512 1051 1541 ο

230 1575 282 1603 que
295 1575 389 1602 opera,
415 1572 441 1594 et
454 1568 589 1595 laboriosa
613 1569 830 1596 condenmantur
848 1570 968 1604 operari,
989 1574 1018 1597 et

231 1620 319 1641 tamen
346 1614 497 1641 necessaria
527 1619 592 1641 sunt
618 1614 720 1641 civitati
744 1615 896 1649 hujusmodi
921 1623 1015 1651 opera.

234 1660 311 1688 Verbi
327 1668 407 1687 causa
421 1681 428 1694 ,
445 1665 491 1688 aut
507 1660 668 1688 fornacibus
681 1661 784 1688 lavacri
800 1662 832 1688 ad
848 1663 1017 1690 snt-cenden-

231 1707 280 1733 dos
295 1706 369 1741 ignes
383 1706 549 1738 deserviunt,
580 1710 608 1733 ut
634 1711 661 1733 tu
683 1706 723 1734 vel
744 1707 946 1738 commoditate,
977 1709 1015 1735 vcl

232 1753 336 1780 deliciis
348 1751 517 1786 perfruaris;
535 1756 582 1779 aut
596 1752 736 1780 cuniculos
749 1758 867 1787 purgant
878 1773 885 1785 ,
902 1758 948 1780 ant
964 1754 1016 1781 alia

233 1797 385 1832 hujusmodi
400 1801 507 1829 gerunt,
528 1801 556 1824 ut
579 1797 626 1824 tibi
653 1798 679 1824 in
701 1798 769 1825 urbe
791 1799 837 1825 liat
852 1803 879 1826 et
899 1799 1018 1826 delecta-

231 1843 291 1870 bilis
307 1843 449 1870 habitatio.
472 1843 506 1870 Et
526 1843 563 1870 illi
580 1843 688 1877 quidem
707 1843 747 1870 vel
763 1849 847 1879 agunt
866 1853 899 1872 ex
920 1852 1018 1879 propo-

230 1891 292 1920 sito,
312 1889 354 1916 vel
369 1897 401 1917 ex
416 1890 512 1916 merito
526 1889 666 1924 patiuntur
681 1898 688 1916 :
703 1897 770 1924 opus
786 1895 875 1918 tamen
896 1891 1016 1925 ipsorum

230 1935 338 1970 proiicit.
365 1935 398 1962 ad
423 1935 567 1962 utilitatem
587 1943 681 1962 eorum
706 1935 805 1970 quibus
821 1943 880 1970 qua:
905 1938 974 1965 bona
988 1944 1016 1965 et

232 1983 307 2009 utilia
323 1987 397 2013 sunt,
418 1986 559 2016 parantur.
577 1981 613 2008 Ita
628 1981 722 2008 etlimc
746 1982 778 2009 de
795 1982 892 2016 quibus
917 1993 1016 2020 propo-

266 2041 288 2057 ¹¹
310 2039 331 2066 II
351 2039 422 2065 Tim.
444 2047 474 2070 ιι,
496 2039 525 2066 5.
562 2038 584 2054 ¹²
604 2038 625 2065 ll
645 2039 706 2066 Cor.
725 2047 762 2071 Iv,
785 2040 827 2066 Π.

865 2041 888 2056 ⁵³
908 2041 927 2067 ll
947 2041 1050 2077 Tim.lt,
1072 2045 1116 2072 ΞΟ.

1073 198 1160 220 tamen
1176 201 1208 220 ex
1223 193 1353 228 propositi
1380 193 1532 220 intentione
1557 200 1650 220 eorum
1668 194 1715 228 qui
1741 194 1846 221 declina-

1072 243 1133 265 runt
1146 245 1160 264 a
1171 238 1214 265 via
1229 243 1313 269 recta,
1331 238 1438 265 auferre
1453 238 1562 272 penitus
1578 238 1665 266 noluit
1681 247 1688 265 :
1710 239 1844 272 providens

1071 285 1131 316 hoc.
1146 286 1217 319 qttod
1232 284 1337 312 etiamsi
1359 285 1394 312 illi
1412 290 1484 312 esset
1501 285 1603 312 inutilis
1615 285 1662 320 qui
1674 292 1707 313 ea
1721 286 1844 317 utebatur,

1071 329 1172 357 faceret
1187 338 1246 358 eam
1265 335 1354 357 tamen
1371 330 1463 357 utilem
1486 330 1520 358 iis
1541 331 1685 358 adversum
1698 338 1768 366 quos
1781 338 1848 358 exer-

1070 377 1191 404 cebatur.
1216 376 1249 403 Et.
1274 376 1334 403 ideo
1350 376 1472 411 refugere
1490 376 1601 411 quidem
1624 377 1755 404 omnibus
1770 377 1846 404 modis

1070 424 1208 454 debemus,
1224 430 1257 449 ne
1272 430 1390 457 unquam
1409 422 1511 449 malitia
1531 423 1686 450 inveniatur
1707 423 1734 450 in
1752 423 1825 451 nobis
1840 433 1846 451 :

1070 469 1096 496 in
1109 468 1171 495 aliis
1183 474 1247 495 vero
1258 468 1369 495 vincere
1382 474 1443 494 eam
1454 488 1461 499 ,
1476 475 1528 494 non
1542 467 1679 502 perimere
1693 467 1847 495 studendum

1069 518 1121 546 est;
1138 513 1200 548 quia
1230 517 1257 540 et
1285 512 1334 545 illi,
1359 512 1384 540 in
1412 513 1512 548 quibus
1539 517 1581 540 est
1605 513 1723 544 malitia,
1756 513 1847 548 aliquid

1071 559 1215 587 necessarii
1228 558 1319 593 operis
1334 558 1479 586 conferunt
1497 558 1679 586 universitati.
1697 559 1770 586 Nihil
1783 560 1846 587 enim

1069 604 1197 636 Otiosum,
1212 603 1278 630 nihil
1294 604 1374 630 inane
1388 607 1428 630 est
1442 603 1511 638 apud
1525 603 1618 636 Deum,
1634 604 1701 638 quia
1717 605 1774 632 sive
1786 605 1848 632 bono

1068 650 1206 684 proposito
1224 649 1342 677 hominis
1354 651 1439 677 utitur
1453 650 1486 677 ad
1504 651 1589 682 bona,
1609 650 1667 677 sive
1684 650 1758 678 malo
1773 652 1848 678 utitur

1069 696 1102 722 ad
1115 694 1279 722 necessaria.
1293 694 1346 722 Sed
1361 695 1466 723 beatior
1478 695 1542 727 eris,
1559 694 1580 721 si
1597 695 1683 730 magis
1697 703 1730 723 ex
1749 696 1848 723 virtuti-

1069 741 1119 768 bus
1131 749 1191 776 qua:
1207 741 1233 768 in
1258 745 1283 768 te
1305 744 1379 774 sunt,
1407 740 1561 768 inveniatur
1573 740 1636 767 boni
1654 741 1759 776 aliquid
1772 750 1803 770 ex
1825 747 1847 770 te

1068 788 1130 815 vitm
1145 787 1226 821 hujus
1238 787 1402 814 universitas
1416 786 1545 821 consequi
1561 795 1568 813 :
1586 787 1657 814 sicut
1669 787 1708 814 illi
1721 807 1729 820 ,
1745 789 1778 815 de
1794 789 1846 822 qui-

1615 843 1624 860 ι
1641 833 1678 862 Ut
1704 835 1766 863 sitis
1785 837 1848 863 sicut

1068 882 1211 909 luminaria
1223 881 1249 908 in
1259 881 1310 908 hoc
1323 881 1432 913 mundo,
1445 881 1558 908 verbum
1577 880 1640 908 vita:
1654 882 1845 909 continentes.»

1067 929 1106 954 Ad
1121 927 1231 962 gloriam
1248 931 1311 954 sunt
1330 933 1396 961 ergo
1411 926 1566 953 necessaria
1583 925 1728 953 luminaria
1753 928 1846 953 mundo

1067 973 1140 1000 huic.
1168 972 1201 999 Et
1228 972 1292 1007 quid
1309 977 1362 999 tam
1378 972 1549 1004 delectabile,
1571 971 1637 1006 quid
1653 975 1708 998 tam
1730 972 1848 1006 magniﬁ-

1067 1027 1140 1051 cum,
1168 1027 1248 1054 quam
1263 1026 1332 1053 opus
1345 1018 1421 1052 solis,
1437 1018 1479 1045 vel
1497 1018 1578 1052 lunae,
1599 1025 1614 1044 a
1639 1018 1740 1053 quibus
1755 1019 1848 1046 illumi-

1067 1069 1147 1091 natur
1173 1064 1310 1091 mundus?
1324 1064 1397 1098 Opus
1419 1069 1461 1091 est
1478 1068 1566 1091 tamen
1583 1064 1632 1098 ipsi
1650 1065 1752 1092 mundo
1771 1066 1847 1092 etiam

1067 1110 1170 1146 angelis
1183 1110 1228 1144 qui
1248 1111 1302 1137 sint
1319 1117 1399 1144 super
1420 1110 1523 1138 bestias
1547 1108 1614 1145 (55),
1637 1114 1666 1137 et
1692 1110 1796 1145 angelis
1806 1112 1846 1146 qui

1067 1155 1353 1190 pricsintexercitibus
1366 1154 1493 1182 terrenis.
1515 1153 1588 1188 Opus
1607 1158 1650 1181 est
1680 1155 1786 1189 angelis
1807 1157 1848 1190 qui

1067 1202 1180 1236 praesint
1196 1201 1352 1228 animalium
1366 1200 1501 1228 nativitati
1514 1221 1523 1234 ,
1538 1200 1730 1235 virgultorum,
1748 1201 1848 1236 planta-

1069 1248 1235 1282 tiouumque.
1259 1251 1287 1274 et
1299 1246 1406 1274 caeteris
1431 1245 1581 1280 pluralibus
1604 1247 1793 1274 incrementis.
1821 1247 1851 1274 Et

1068 1300 1174 1320 rursum
1204 1292 1309 1327 angelis
1333 1299 1401 1327 opus
1430 1297 1482 1325 est,
1509 1293 1555 1327 qui
1587 1295 1700 1327 praesint
1728 1296 1851 1329 operibus

1067 1338 1178 1371 sanctis,
1193 1339 1238 1374 qui
1261 1343 1369 1366 alterna:
1381 1339 1448 1367 lucis
1463 1339 1628 1367 iutellectutn
1643 1345 1670 1367 et
1683 1341 1851 1369 occultorum

1067 1384 1115 1412 Dei
1142 1385 1326 1420 agnitionem,
1347 1392 1379 1413 ac
1404 1393 1498 1413 rerum
1522 1386 1676 1415 divinarum
1709 1389 1850 1416 scientiam

1068 1433 1191 1460 doceant.
1207 1433 1274 1460 Vide
1287 1440 1354 1468 ergo
1366 1440 1399 1460 ne
1416 1437 1442 1460 te
1457 1433 1514 1468 ipse
1527 1433 1612 1461 facias
1626 1434 1696 1462 inter
1711 1443 1760 1464 eos
1778 1443 1853 1469 ange-

1067 1480 1108 1507 los
1121 1479 1248 1512 inveniri,
1264 1480 1310 1515 qtti
1327 1480 1419 1508 bestiis
1437 1486 1569 1516 przcsnnt,
1595 1482 1618 1509 si
1642 1482 1793 1509 belluinam
1808 1486 1853 1509 du-

1070 1525 1141 1553 xeris
1162 1526 1266 1553 vitam:
1283 1530 1330 1553 aut
1346 1526 1419 1553 inter
1429 1534 1488 1560 eos,
1513 1527 1560 1562 qui
1582 1528 1701 1556 terrenis
1730 1530 1855 1563 operibus

1070 1577 1200 1607 praesunt,
1240 1572 1261 1599 si
1293 1580 1423 1606 corporea
1446 1577 1474 1599 et
1498 1577 1605 1601 terrena
1635 1574 1779 1602 dilexeris.
1808 1575 1855 1604 Sed

1071 1623 1164 1653 satage
1188 1618 1322 1652 quomodo
1348 1617 1434 1652 magis
1457 1619 1605 1645 assumaris
1629 1619 1663 1646 ad
1691 1620 1855 1647 societatem

1070 1663 1209 1690 Michaelis
1222 1663 1389 1696 archangeli,
1399 1663 1443 1697 qni
1455 1663 1592 1691 orationes
1602 1664 1684 1700 324
1698 1669 1856 1692 sanctorum

1070 1717 1179 1743 semper
1189 1709 1266 1736 oli'ert
1280 1708 1345 1736 Deo.
1361 1709 1516 1736 Assumeris
1531 1714 1621 1736 autem
1635 1711 1661 1736 in
1674 1711 1747 1738 hunc
1765 1720 1859 1738 nume-

1071 1763 1130 1782 rum
1149 1756 1190 1782 vel
1208 1756 1233 1782 iu
1251 1755 1322 1782 istud
1348 1755 1465 1782 ollicium
1478 1775 1485 1788 ,
1510 1756 1530 1782 si
1545 1756 1655 1784 insistas
1669 1763 1784 1792 semper
1800 1766 1860 1785 ora-

1072 1801 1148 1832 tioni,
1165 1805 1191 1827 et
1203 1800 1296 1835 vigiles
1322 1801 1347 1827 in
1371 1807 1417 1832 ea,
1444 1806 1472 1827 et
1499 1801 1610 1834 impleas
1624 1802 1695 1836 quod
1712 1802 1859 1836 Apostolus

1072 1849 1106 1874 ait
1120 1848 1162 1874 “2
1183 1847 1271 1875 «Sine
1294 1847 1447 1874 cessatione
1475 1851 1595 1875 orantes.
1611 1856 1620 1873 ι
1653 1846 1700 1873 Vel
1727 1853 1806 1875 certe
1832 1854 1859 1874 ut

1070 1894 1220 1922 assum-aris
1238 1894 1263 1920 in
1277 1894 1436 1921 societatem
1453 1897 1480 1919 et
1495 1891 1611 1919 officium
1628 1893 1797 1927 Raphaelis.
1814 1893 1861 1928 qui

1070 1940 1212 1968 medicinae
1225 1945 1322 1975 priecsl
1338 1948 1345 1965 :
1359 1939 1380 1966 si
1399 1947 1460 1966 cuin
1476 1938 1576 1966 videris
1593 1938 1711 1973 aliquem
1731 1940 1862 1965 vulnera-

1073 1993 1127 2015 tum
1142 1987 1270 2022 peccatis,
1286 1991 1312 2013 et
1326 1985 1431 2019 sagittis
1444 1984 1541 2012 diaboli
1560 1984 1697 2012 conﬁxum
1707 2005 1714 2017 ,
1726 1985 1861 2012 aditibuc-

1155 2044 1178 2060 "
1198 2043 1313 2077 Philipp.
1336 2050 1367 2074 ll,
1385 2042 1428 2075 l5,
1449 2042 1492 2069 l6.
1530 2042 1552 2058 ⁵⁵
1569 2041 1576 2068 1
1596 2041 1693 2069 Thess.
1714 2050 1739 2075 ν,
1763 2043 1804 2069 l7.

267 2096 324 2133 (54)
349 2096 421 2136 Opus
437 2101 474 2136 est
491 2097 640 2136 tamenAipsi
653 2097 750 2136 mundo
764 2098 842 2124 etiam
859 2099 958 2133 angelis
970 2102 1015 2134 qui
1032 2105 1052 2132 ι)
1069 2103 1154 2129 cttrrit
1166 2101 1352 2136 providentia,
1377 2101 1416 2127 sic
1430 2100 1456 2127 in
1473 2100 1579 2127 caeteris
1593 2100 1763 2128 animalibus
1780 2109 1862 2135 gene-

227 2133 278 2159 sint
292 2142 370 2167 super
383 2134 487 2161 bestius.
503 2139 554 2159 etc.
568 2133 684 2161 Consule
697 2135 876 2162 clarissimum
890 2136 1016 2163 liuctium

228 2168 445 2203 Origeniunorunt
459 2169 504 2194 lib.
521 2177 550 2200 ll,
566 2174 660 2203 quam.
675 2178 702 2200 v,
720 2178 796 2197 num.
813 2171 856 2198 29.
880 2170 1017 2198 Cmterum

229 2202 299 2230 hanc
326 2211 402 2230 suam
424 2202 552 2239 Origenes
575 2202 736 2231 Sententiam
764 2206 885 2233 hausisse
910 2206 1017 2233 videtur

228 2246 259 2264 ex
279 2238 362 2271 Apoc.
385 2246 421 2268 Ix,
444 2239 512 2275 Ηξι
532 2238 564 2265 Et
582 2239 750 2275 habebant)
775 2241 915 2275 locust:e_t
934 2249 1017 2275 super

234 2277 263 2297 se
292 2269 381 2303 regem
393 2269 537 2305 ‘angclum
563 2271 667 2305 abyssi,
692 2271 735 2298 cui
766 2279 863 2298 nomen
881 2269 1012 2302 llebrait-e

233 2302 373 2340 Abadd’ou,
387 2302 480 2331 Griece
492 2310 581 2332 autem
594 2302 735 2340 Apollyon.
747 2315 756 2332 ι
771 2311 798 2332 et
809 2314 841 2333 ex
857 2307 902 2334 lib.
919 2307 1012 2336 Pasta-

233 2340 268 2378 ris
283 2339 384 2367 Ilermw
401 2340 503 2378 visione
520 2340 548 2372 4,
561 2339 624 2375 cap.
639 2339 692 2378 2:}
705 2341 774 2378 lilisit
788 2341 916 2369 Dominus
929 2351 1011 2378 angi--

231 2375 286 2401 lum
301 2382 378 2401 suum
397 2375 442 2408 qui
470 2379 512 2402 est
538 2383 620 2409 super
651 2376 769 2407 bestias,
798 2379 842 2402 cui
859 2375 1013 2406 nonicncst

231 2409 341 2448 liegrin.
357 2419 368 2448 ρ
387 2410 555 2448 Animalibus
571 2415 598 2436 et.
610 2410 829 2448 plantisangclus
847 2412 909 2438 item
928 2415 1013 2448 pradi-

230 2446 306 2482 ciunt
321 2445 506 2482 Alltepagoras
520 2445 677 2482 Legatapro
701 2444 859 2472 Christianis
880 2444 941 2482 pag'.
966 2450 1012 2479 ‘27,

231 2481 331 2507 citatus
347 2488 360 2506 a
374 2480 510 2507 Methodio
525 2481 594 2514 ame
616 2480 794 2515 Epiphanium
819 2480 1010 2515 Inertis—LXIV,

231 2523 305 2543 num.
336 2516 381 2546 2|,
405 2519 431 2542 et
454 2516 523 2548 apud
545 2515 668 2542 l’hotium
693 2517 787 2544 codice
808 2524 923 2544 ccxxxiv
943 2520 1012 2550 ,sub

231 2551 356 2582 initium;
385 2550 551 2584 Epiphanius
577 2550 645 2578 libro
670 2550 706 2577 De
727 2552 855 2577 nteusuris
872 2559 895 2578 et
912 2554 1011 2585 pom/e-

230 2585 314 2617 ribm,
334 2593 392 2619 cap.
416 2586 466 2616 22:
485 2585 670 2612 Theodoretus
683 2592 781 2620 quast.
807 2586 840 2612 5:).
860 2588 886 2612 in
915 2587 1010 2614 Genus.

231 2621 329 2658 l-Jadein
343 2625 383 2658 cst
396 2621 530 2658 sententia
546 2619 749 2658 Platonicorum
763 2622 787 2647 in
806 2620 1012 2658 l‘ot'pbytaiiapl

229 2655 334 2691 ἀποχῆς
355 2656 484 2691 ἐμψύχων
503 2656 549 2683 lib.
567 2663 596 2686 I:,
615 2659 661 2683 sed
682 2655 1012 2690 displicuitmultuminec

230 2690 321 2724 opinio
338 2690 500 2726 Hieronymo
514 2690 619 2726 quirlrib.
638 2699 646 2717 ι
673 2691 817 2718 Comment.
833 2691 859 2716 in
876 2691 1011 2719 liabacuc.

231 2728 264 2751 ad
282 2733 353 2753 vers.
379 2726 410 2752 Μ
428 2734 487 2760 cap.
503 2733 521 2752 ι.
539 2735 545 2752 :
563 2725 595 2751 Et
612 2727 692 2759 [ucirs
710 2725 821 2752 [taurinis
839 2727 914 2760 [μαιιί
929 2727 1011 2759 pisces

231 2761 309 2786 muris
332 2765 356 2786 et
371 2761 446 2794 quasi
472 2762 563 2794 reptile
584 2769 634 2787 non
658 2761 756 2787 habens
779 2761 933 2795 principem,
951 2763 1009 2788 ait:

233 2804 242 2820 ι
258 2796 334 2822 Sit-ut
355 2797 436 2832 igitur
452 2796 477 2822 in
500 2796 654 2822 hominibus
670 2797 752 2823 etiam
767 2804 813 2830 per
829 2796 949 2831 singulos
966 2798 1010 2824 Dei

1068 2138 1151 2164 ralem
1168 2135 1278 2169 quidem
1296 2136 1498 2169 dispositionem
1513 2140 1539 2161 et
1555 2135 1676 2162 ordinem
1693 2143 1862 2169 cursumque

1066 2179 1155 2198 rerum
1177 2171 1327 2204 intelligere
1344 2178 1496 2205 possumus;
1514 2170 1589 2196 verbi
1604 2170 1702 2204 gratia,
1719 2172 1862 2204 quomodo

1065 2212 1192 2233 nascatur
1222 2207 1334 2240 piscium
1362 2206 1523 2236 multitudo,
1555 2210 1583 2231 et
1607 2206 1683 2231 vivat
1705 2206 1732 2231 in
1760 2207 1861 2239 aquis;

1064 2242 1199 2274 qnmnodo
1212 2240 1316 2274 reptilia
1335 2246 1362 2267 et
1377 2241 1562 2274 quadrupedi:
1581 2241 1708 2266 oriantur
1723 2240 1751 2267 in
1772 2246 1864 2272 terra,

1065 2282 1093 2303 et
1106 2277 1205 2311 quibus
1217 2276 1325 2301 alantur
1342 2276 1421 2302 cibis.
1444 2275 1579 2302 Cancrum
1600 2276 1752 2311 absurdum
1767 2281 1811 2302 est
1828 2278 1863 2302 ad

1064 2310 1120 2338 hoc
1131 2312 1174 2338 Ι)ιεί
1188 2311 1320 2337 deducere
1336 2310 1515 2344 majestatem,
1530 2314 1558 2335 ut
1572 2310 1641 2337 sciat
1653 2318 1701 2344 per
1717 2317 1864 2337 momenta

1064 2347 1168 2380 singula
1185 2351 1249 2379 quot
1265 2351 1414 2372 nascantur
1428 2346 1529 2372 culices
1540 2365 1546 2377 ,
1564 2350 1667 2379 quotve
1689 2347 1862 2374 mnrinulur;

1064 2390 1123 2414 qnzu
1137 2382 1261 2408 cimicnut
1283 2385 1310 2406 ct
1329 2381 1444 2414 pnl'tcuni
1462 2385 1488 2406 et
1514 2388 1668 2407 muscarum
1684 2380 1721 2407 sit
1739 2381 1767 2406 in
1786 2386 1864 2407 terra

1065 2416 1229 2447 multitudo;
1245 2421 1337 2449 quanti
1354 2417 1442 2450 pisCes
1459 2416 1484 2441 in
1501 2423 1570 2449 aqua
1588 2421 1699 2448 natent,
1712 2421 1740 2442 ct
1758 2417 1808 2449 qui
1830 2417 1864 2442 dc

1065 2451 1216 2478 minoribus
1248 2450 1378 2484 majorum
1399 2452 1496 2484 prtcdze
1519 2451 1618 2476 cedere
1641 2450 1773 2477 debeant.
1803 2450 1866 2477 Non

1064 2487 1150 2512 simus
1169 2491 1222 2512 tant
1242 2486 1306 2512 l'atnt
1327 2485 1483 2511 adulatores
1498 2485 1553 2516 [)ci.
1574 2490 1602 2510 ut
1617 2485 1679 2511 dum
1706 2487 1867 2516 potentiam

1064 2521 1122 2554 ejus
1137 2521 1219 2547 etiam
1250 2521 1282 2546 ad
1313 2521 1365 2546 ima
1385 2521 1565 2552 detrahimus,
1584 2520 1610 2546 in
1631 2527 1680 2546 nos
1698 2522 1775 2554 ipsos
1791 2520 1870 2554 inyi-

1065 2557 1128 2582 riosi
1149 2556 1252 2587 simus;
1269 2556 1392 2582 eannlcm
1420 2555 1622 2582 rationabilium
1644 2562 1726 2587 quam
1746 2556 1868 2582 irratio-

1064 2591 1195 2617 nabilium
1214 2591 1414 2624 provnlcutiam
1429 2598 1489 2616 esse
1501 2590 1631 2616 dicentes.
1652 2588 1691 2616 Ex
1711 2597 1771 2624 quo
1793 2591 1871 2618 liber

1064 2626 1107 2652 ille
1126 2626 1296 2660 apom'ypbus
1311 2625 1433 2652 stultitia:
1447 2625 1672 2652 condemnandus
1688 2631 1746 2656 est,
1763 2626 1791 2651 in
1807 2633 1871 2660 uno

1064 2658 1195 2694 Scriptum
1210 2658 1261 2692 est,
1276 2661 1419 2694 quemdam
1433 2660 1557 2694 angelum
1576 2661 1687 2686 nomine
1699 2660 1760 2686 'l‘iri
1778 2658 1867 2694 (fort.

1064 2694 1172 2731 θηρίου)
1196 2703 1310 2729 praaesse
1341 2695 1496 2730 reptilibus,
1522 2695 1602 2731 ct‘in
1634 2694 1705 2722 hanc
1729 2696 1871 2722 similitu-

1063 2729 1293 2764 dinem'ptscibus
1306 2737 1415 2765 quoque
1430 2735 1457 2756 ct
1478 2729 1621 2756 arboribus
1643 2735 1672 2755 et
1693 2731 1796 2757 bestiis
1813 2731 1871 2756 uni<

1064 2766 1152 2793 versis
1168 2767 1294 2804 proprios
1311 2769 1337 2793 in
1356 2766 1508 2793 custodiam
1528 2765 1639 2800 angelos
1660 2766 1839 2801 assignatas.
1863 2774 1871 2790 ι
