1903 3052
49 159 98 186 SS!

641 158 674 185 IN
692 157 856 185 NUMEROS
876 157 1015 185 llt).\lll.l;\
1037 158 1104 185 XIV.

1631 160 1683 187 682

54 218 92 244 ris
107 218 284 246 curationum
309 224 463 245 sermonem
485 225 517 245 ac
534 217 608 245 verbi
633 217 678 244 Dei
699 218 847 245 contuleris
861 220 881 247 Λ
900 224 1026 250 magnum
1055 216 1187 251 proterret
1207 216 1239 243 ad
1256 220 1360 250 gentes,
1390 223 1442 242 non
1474 221 1526 243 tam
1550 218 1634 244 corde
1659 223 1686 244 et

53 264 231 298 medicinam,
258 269 287 290 ut
305 265 408 299 peccati
435 264 551 291 vulnera
582 271 629 298 per
654 264 844 298 pcenitenliant

53 316 146 342 sanes,
164 314 193 337 et
211 310 373 337 medicinam
390 310 569 338 confessionis
583 310 720 337 Ostendas.
740 309 769 336 Si
786 310 847 344 quis

52 361 121 381 vero
137 355 292 389 hujusmodi
308 363 391 390 opera
414 356 441 383 in
468 356 520 383 hoc
547 357 649 383 mundo
661 357 727 390 agit,
746 356 804 390 ipse
818 364 848 383 se

54 402 168 435 pra-bet,
182 407 211 428 ut
226 401 253 429 in
275 402 366 429 futuro
384 402 484 429 saeculo
500 410 548 430 vas
565 403 707 430 electionis
719 423 726 435 ,
741 407 768 429 et
782 403 847 430 utile

55 447 175 474 Domino
188 450 220 474 ad
236 455 317 475 omne
332 455 402 483 opus
414 450 515 476 bonutn
538 454 662 483 paratum
673 457 687 475 a
699 449 848 477 Conditore

55 492 191 520 formetur
205 494 239 520 ".
257 493 284 520 Si
301 501 366 521 vero
384 495 522 522 contraria
540 500 629 529 gerat,
645 502 692 522 vas
707 495 739 521 ad
751 501 847 522 contu-

54 538 167 564 ntcliam
187 538 284 565 divina:
299 539 472 574 semetipsum
486 540 619 574 prtebebit
640 540 847 574 dispensationi.

53 584 90 610 Et
107 588 249 618 propterea
279 589 343 618 puto
361 584 386 611 in
406 585 507 612 divinis
537 585 718 612 voluminibus
747 585 847 620 scripta

52 638 117 657 esse
134 635 161 656 et
178 630 310 657 bonorutn
324 635 409 665 gesta,
425 635 452 658 ct
464 631 608 664 malorum,
629 637 655 658 et
669 640 701 660 ex
717 632 847 664 sinistris,

52 682 81 703 et
97 676 203 703 dextris
217 677 325 704 actibus
342 676 500 712 Seripturas
518 678 623 705 divinas
645 686 705 706 esse
733 683 847 706 contex-

53 728 109 755 tas,
128 727 159 748 ut
176 722 359 757 intelligamus
377 723 437 758 quia
471 723 540 758 apud
567 724 649 751 Deum
678 724 763 751 otiosa
794 731 847 751 non

51 773 129 801 sunt,
149 776 199 795 nec
219 768 352 796 malorutn
381 776 474 802 opera,
504 777 553 796 nec
578 769 721 797 bonorum.
747 769 847 797 Verum

53 822 130 841 nunc
145 819 207 848 post
231 822 371 842 excessum
388 815 532 850 plurimum
553 816 673 850 quidem,
691 816 739 844 sed
759 823 848 844 causa

52 861 256 893 necessarium,
274 861 416 888 redeamus
430 861 463 888 ad
479 861 661 896 propositutn.

89 905 118 934 5.
135 905 247 933 Balaam
264 905 319 938 hic,
335 911 364 933 ut
376 906 500 940 superius
512 907 641 938 diximus,
656 906 765 935 divinus
778 912 846 940 erat,

52 952 210 978 daemonum
225 951 333 978 scilicet
351 951 520 983 tninisterio,
537 955 564 978 et
579 956 636 979 arte
653 953 758 987 magica
778 961 847 980 non—

53 1003 196 1031 nunquam
223 995 312 1023 lntnra
344 1003 525 1030 prmnoscens.
550 997 672 1032 Rogatur
703 1006 717 1024 a
747 998 846 1026 Balach

52 1050 120 1076 rege
132 1042 166 1069 ad
179 1042 393 1070 maledicendum
403 1042 502 1076 populo
516 1042 609 1074 Israel,
626 1043 707 1078 legati
725 1044 847 1076 veniunt,

55 1086 217 1112 divinacula
240 1087 265 1112 in
283 1086 410 1113 manibus
429 1086 530 1118 ferunt,
548 1091 621 1114 stant
638 1089 761 1116 attonita;
779 1096 846 1123 gett-

56 1138 109 1164 Ies,
122 1137 151 1159 et
168 1132 265 1163 anxite,
277 1136 467 1166 exspectantes
476 1132 539 1167 quid
551 1134 712 1168 respondeat
726 1134 847 1168 Balaam,

53 1179 87 1205 de
108 1185 164 1212 quo
188 1185 348 1212 persuasum
376 1177 512 1205 habebant
534 1179 607 1213 quod
628 1179 726 1215 dignus
750 1181 849 1208 divinis

53 1224 202 1257 colloquiis
213 1224 371 1250 haberetur.
388 1223 455 1250 Vide
476 1232 548 1251 nunc
564 1226 698 1260 quomodo
713 1226 847 1261 sapientia

54 1268 105 1295 Dei
117 1275 166 1295 vas
183 1267 255 1295 istud
265 1268 298 1294 ad
310 1268 503 1296 contumeliam
520 1275 700 1304 prteparatum
715 1272 849 1306 prolicere

54 1315 121 1342 fecit
137 1314 171 1341 ad
186 1315 331 1341 utilitatem
345 1322 397 1342 non
413 1314 500 1342 solum
515 1316 604 1350 gentis
619 1317 765 1350 unius,sed
779 1325 848 1352 pene

55 1360 144 1387 totius
158 1360 311 1388 mundizet
327 1360 390 1387 huic
403 1360 445 1387 cui
462 1360 587 1388 solebant
600 1361 684 1390 videri
700 1363 847 1396 dtemones,

55 1408 167 1434 videtur
187 1407 268 1440 Deus,
283 1407 434 1442 prohibens
450 1407 514 1434 mali
537 1408 629 1441 operis
656 1408 719 1436 iter.
747 1409 847 1445 Stupe-

54 1455 109 1482 scit
128 1455 252 1487 Balaam,
266 1459 294 1482 et
313 1454 428 1481 miratur
449 1454 620 1489 prohibentis
641 1458 848 1489 auctoritatem.

55 1502 116 1529 Non
144 1501 217 1528 enim
245 1501 350 1529 solebat
378 1501 477 1528 malum
502 1502 668 1531 daemonibus
692 1505 848 1540 displicere.

899 270 993 294 sensu,
1016 269 1097 297 quam
1126 269 1174 289 ore
1198 266 1225 289 et
1251 270 1378 289 sermone
1406 267 1552 297 portatutn.
1573 263 1625 290 Sed
1653 272 1687 291 ue

899 316 948 343 per
966 308 1072 343 singula
1098 308 1284 340 immorentur,
1312 317 1364 336 non
1387 309 1459 336 enim
1485 309 1615 344 temporis
1643 315 1685 337 est

899 359 996 381 cuncta
1010 354 1135 386 dissolvi,
1151 362 1266 382 ascensa
1285 355 1359 381 asina
1374 362 1422 381 sua
1440 355 1547 381 Balaam
1563 356 1618 382 ibat
1640 363 1688 390 per

899 400 988 433 viam;
1005 401 1126 426 occurrit
1141 401 1164 427 ci
1183 400 1302 435 angelus,
1313 400 1356 427 ille
1367 400 1426 427 sine
1439 401 1520 428 dubio
1535 401 1580 435 qui
1592 402 1687 428 aderat

899 446 961 473 liliis
973 446 1065 475 lsrael.
1083 447 1176 481 Aperit
1196 454 1226 473 os
1242 447 1324 473 asinae
1338 467 1345 478 ,
1367 451 1396 473 ut
1418 452 1548 481 arguatur
1565 455 1613 482 per
1625 456 1688 475 eam

900 492 1018 524 Balaam,
1040 497 1067 519 et
1085 492 1150 519 muti
1169 492 1282 527 pecudis
1302 492 1414 518 vocibus
1427 492 1582 519 confutatur
1597 493 1619 520 is
1640 497 1688 529 qui

899 535 1006 562 divinus
1018 535 1160 562 videbatur
1174 540 1201 561 et
1215 535 1334 570 sapiens.

934 580 960 606 4.
982 580 1079 607 Verum
1096 586 1157 615 post
1173 581 1230 608 lucc
1255 581 1422 610 conveniens
1434 582 1489 617 jam
1505 584 1620 615 videtur,
1638 585 1691 611 ali-

899 635 952 662 qua
963 628 1044 654 etiam
1059 628 1092 655 de
1108 628 1235 663 allegoria
1251 629 1424 663 contingere.
1440 629 1548 657 Balaam
1564 631 1618 663 hie,
1641 632 1689 666 qui

900 674 1095 709 interpretatur
1109 675 1222 709 populus
1238 684 1322 702 vanus
1341 675 1408 710 (56),
1423 677 1530 704 videtur
1544 677 1609 704 mihi
1630 686 1691 713 per-

900 728 995 748 sonam
1019 722 1120 749 habere
1134 722 1286 749 scribarum
1307 727 1334 749 et
1361 723 1561 750 Pharismorum
1585 723 1689 751 Iudaici

900 767 1001 801 populi.
1026 767 1124 794 Balach
1152 774 1232 798 vero,
1263 767 1309 801 qui
1336 768 1455 795 exclusio
1481 769 1521 795 vel
1553 769 1690 796 devort/tio

900 814 1096 847 interpretatur
1110 811 1178 847 (57),
1194 818 1220 839 et
1234 812 1292 847 ipse
1309 821 1453 847 personam
1473 814 1574 841 habere
1589 814 1690 842 intelli-

900 860 1004 895 gendus
1017 864 1059 887 est
1076 859 1156 886 ttnitts
1185 858 1301 892 alicujus
1324 859 1468 894 spirituum
1494 861 1585 887 tnundi
1611 861 1691 896 hujus

899 904 1046 932 contrarias
1066 903 1222 938 potestatis,
1251 910 1312 937 quae
1338 903 1484 930 ettcludere
1509 909 1536 930 et
1558 905 1691 932 devorare

899 950 992 985 cupiat
1004 949 1098 979 Israel.
1121 957 1175 976 non
1192 957 1254 977 eum
1271 948 1317 983 qui
1337 949 1486 976 secundum
1509 957 1619 977 carnem
1637 955 1689 982 est.

899 997 945 1024 sed
975 1003 1037 1023 eum
1063 995 1109 1030 qui
1141 995 1290 1023 secundutn
1322 995 1458 1030 spiritum.
1493 995 1595 1023 Valens
1624 1003 1691 1030 ergo

900 1046 1022 1076 potestas
1049 1041 1100 1068 ista
1122 1041 1259 1068 centraria
1283 1041 1366 1068 deleri
1381 1046 1408 1068 et
1428 1042 1534 1076 penitus
1551 1042 1689 1076 exstingui

900 1086 1049 1121 spiritalem
1075 1086 1167 1117 Israel,
1183 1093 1235 1113 non
1263 1086 1325 1113 aliis
1351 1087 1437 1114 utitur
1455 1087 1607 1119 ministris,
1636 1088 1689 1114 nisi

900 1132 1073 1168 pontiﬁcibus
1092 1136 1115 1159 ct
1133 1131 1232 1159 scribis
1250 1140 1281 1159 ac
1308 1132 1452 1160 Pharisteis
1468 1142 1475 1160 :
1491 1133 1563 1167 ipsos
1581 1133 1688 1164 invitat,

900 1180 965 1214 ipsis
977 1179 1130 1207 mercedem
1144 1179 1278 1213 promittit
1291 1184 1314 1207 et
1331 1179 1454 1213 praemia.
1471 1179 1511 1206 llli
1527 1186 1604 1212 vero,
1617 1179 1690 1206 sicut

900 1226 952 1253 iste
973 1225 1081 1252 Balaam
1108 1225 1183 1257 facit.
1202 1225 1332 1253 simulant
1361 1232 1390 1252 se
1416 1230 1514 1253 cuncta
1542 1226 1576 1252 ad
1605 1225 1689 1253 Deutn

901 1271 1003 1299 referre
1016 1275 1044 1298 et
1067 1271 1126 1299 zelo
1147 1271 1194 1298 Dei
1213 1278 1305 1306 agere.
1327 1271 1425 1299 Dicunt
1446 1271 1520 1298 enim
1538 1271 1561 1287 “
1581 1280 1588 1298 :
1607 1271 1692 1299 Scru~

901 1322 960 1344 tare
977 1317 1144 1352 Scriptores,
1170 1321 1198 1344 et
1227 1317 1289 1344 vide
1308 1317 1371 1351 quia
1394 1317 1525 1351 propheta
1545 1325 1560 1344 a
1578 1316 1689 1344 Galilata

902 1370 955 1390 non
971 1364 1068 1398 surgit.
1083 1363 1115 1390 Et
1137 1364 1233 1390 iterum
1249 1363 1344 1390 dicunt
1354 1363 1376 1379 θ¹
1394 1371 1401 1390 :
1420 1373 1429 1389 ι
1442 1362 1495 1390 Nos
1509 1362 1594 1398 legem
1610 1363 1692 1390 babe-

902 1415 972 1441 mus,
993 1412 1020 1435 et
1036 1409 1183 1436 secundum
1200 1408 1286 1442 legem
1312 1408 1393 1436 debet
1410 1409 1489 1441 mori,
1514 1409 1578 1444 quia
1591 1409 1689 1437 Filiutu

902 1455 949 1483 Dei
964 1463 994 1483 se
1014 1455 1088 1482 fecit.
1107 1465 1116 1482 ι
1140 1455 1192 1482 Per
1211 1463 1271 1490 qua:
1296 1455 1401 1491 singula
1431 1456 1556 1483 videntur
1580 1458 1688 1491 quidem

903 1501 1000 1529 scribto
1017 1505 1044 1528 et
1060 1500 1189 1528 Pharisaei
1209 1500 1297 1528 zelum
1309 1501 1356 1528 Dei
1374 1501 1483 1535 habere,
1512 1502 1558 1529 sed
1579 1502 1690 1530 simula-

54 1548 111 1574 Sed
129 1548 228 1574 iterum
250 1547 365 1574 remittit
385 1547 503 1581 legatos,
521 1548 633 1582 dicens,
654 1557 706 1576 non
725 1558 755 1578 se
769 1558 849 1585 posse
863 1556 884 1585 ο
904 1552 970 1575 tum.
994 1547 1076 1574 Asina
1091 1554 1165 1578 vero,
1193 1547 1236 1574 cui
1265 1548 1380 1575 sedebat
1407 1547 1529 1580 Balaam.
1558 1550 1686 1583 quoniam

55 1594 163 1626 facere,
179 1593 231 1621 nisi
246 1593 358 1620 verbum
373 1595 445 1628 quod
460 1594 531 1622 Deus
555 1594 661 1622 dederit
681 1594 708 1622 in
726 1603 757 1623 os
779 1597 849 1631 ejus.

55 1639 184 1667 Redeunt
198 1646 294 1666 rursus
307 1638 405 1675 legati,
421 1639 518 1666 iterum
533 1640 659 1674 requirit,
675 1641 774 1668 iterum
789 1650 849 1670 mo—

55 1687 144 1714 testus
159 1690 213 1718 est,
230 1690 257 1712 ct
275 1686 373 1712 iterum
393 1687 468 1721 cupit
482 1687 586 1715 audire.
602 1687 661 1715 Non
677 1689 752 1716 enim
771 1689 851 1718 facile

55 1733 173 1766 cupidus
185 1731 356 1760 mercedibus
370 1737 454 1760 caret.
469 1732 539 1766 Quid
552 1740 617 1768 ergo
634 1734 710 1762 audit
730 1736 851 1763 secundo

55 1787 69 1804 a
99 1778 173 1805 Deo?
197 1787 207 1803 ί
234 1777 262 1804 Si
285 1785 401 1810 vocare,
424 1778 510 1812 inquit
525 1778 558 1810 ³⁷,
579 1785 711 1807 venerunt
727 1780 852 1808 homines

55 1825 114 1853 isti,
140 1830 233 1858 surge,
260 1828 287 1850 et
312 1823 379 1850 vade
401 1830 462 1849 cutn
488 1823 540 1850 eis.
561 1832 571 1849 ι
599 1823 627 1850 ln
645 1831 700 1858 quo
717 1824 849 1852 voluntati

56 1869 169 1903 quidem
179 1868 338 1902 cupiditatis
352 1868 410 1902 ejus
422 1869 494 1895 cedit
519 1868 602 1901 Deus,
627 1874 656 1896 ut
677 1870 850 1904 compleatur

57 1914 123 1942 illud
138 1914 213 1949 quod
232 1913 362 1948 scriptum
376 1918 417 1941 est
435 1914 458 1930 ⁵⁸
476 1924 482 1941 :
501 1923 510 1940 ι
521 1914 627 1942 Dimisit
640 1922 688 1943 eos
701 1915 728 1942 in
742 1916 849 1943 deside-

58 1962 98 1988 ria
112 1961 206 1988 cordis
218 1968 324 1994 eorum,
340 1961 418 1988 ibunt
433 1961 459 1988 in
472 1960 659 1988 voluntatibus
672 1961 729 1989 suis
746 1961 820 1996 (53);
840 1971 848 1986 ι

57 2006 106 2033 sed
118 2010 210 2033 tamen
224 2006 366 2033 consilium
379 2006 478 2033 divina:
490 2005 702 2041 dispensationis
711 2007 849 2042 expletur.

56 2052 167 2079 Dicitur
192 2052 266 2079 enim
292 2051 325 2078 ad
349 2053 443 2079 eum"
459 2061 466 2079 :
484 2061 492 2077 ι
514 2052 633 2080 Verbum
669 2053 853 2088 quodcunque

55 2097 162 2125 dedero
179 2098 205 2124 in
223 2104 271 2125 ore
287 2103 346 2128 tuo,
361 2098 413 2125 hoc
429 2098 559 2132 loqueris.
583 2107 592 2123 ι
624 2098 652 2125 Si
671 2099 769 2134 dignus
786 2099 852 2127 luis-

55 2151 98 2172 set
117 2143 242 2175 Balaam,
266 2145 379 2170 verbum
402 2151 480 2170 suum
503 2144 574 2171 Deus
589 2152 641 2172 non
665 2145 692 2171 in
717 2152 766 2172 ore
780 2145 852 2180 ejus,

56 2191 106 2217 sed
129 2190 157 2217 in
175 2188 258 2216 corde
278 2189 424 2223 posuisset.
443 2189 520 2216 Nunc
544 2193 634 2216 autem
664 2192 794 2224 quoniam
824 2191 851 2218 in

56 2236 143 2264 corde
171 2235 230 2269 ejus
245 2235 410 2262 desiderium
429 2235 564 2262 mercedis
578 2241 648 2268 erat,
668 2240 695 2262 et
720 2237 854 2271 cupiditas
871 2227 892 2253 D

57 2282 197 2318 pecunim,
213 2281 326 2308 verbum
342 2281 388 2308 Dei
401 2288 454 2307 non
470 2281 495 2307 iu
510 2281 608 2313 corde,
631 2281 678 2308 sed
693 2282 718 2308 in
733 2290 781 2309 ore
796 2282 854 2316 ejus

57 2327 184 2362 ponitur.
200 2326 337 2362 Agebatur
359 2326 431 2352 enim
450 2326 517 2352 mira
542 2331 569 2353 et
592 2334 688 2360 magna
714 2327 855 2362 dispensa-

59 2377 148 2406 tione,
170 2378 200 2401 ut
215 2374 343 2408 quoniatn
363 2374 559 2409 prophetarum
576 2373 674 2406 verba,
699 2382 758 2408 qua:
781 2375 853 2401 intra

58 2421 152 2446 aulatn
168 2419 377 2446 continebantur
388 2419 567 2447 lsraelitieam
578 2439 585 2450 ,
602 2420 635 2446 ad
651 2425 744 2454 gentes
758 2428 856 2454 perve-

59 2468 122 2493 nire
138 2473 192 2492 non
208 2470 345 2500 poterant,
362 2473 410 2499 per
425 2465 533 2492 Balaam
558 2466 600 2493 cui
617 2465 683 2493 lides
697 2465 731 2492 ab
747 2466 856 2493 univer-

59 2513 98 2540 sis
114 2511 247 2546 gentibus
262 2511 424 2543 babebatur,
448 2512 652 2538 inualescerent
670 2511 751 2538 etiam
769 2512 856 2538 natio-

31 2567 33 2569 '
59 2561 145 2588 nibus
174 2562 280 2585 secreta
306 2559 339 2585 de
354 2557 463 2586 Christo
481 2558 620 2592 mysteria,
646 2561 673 2584 et
698 2557 855 2585 thesaurum

97 2619 122 2634 "
143 2617 164 2645 ll
188 2617 258 2646 Tim.
280 2625 309 2648 ll,
330 2618 376 2645 2|.
414 2618 436 2634 ⁸⁷
457 2617 538 2645 Νυιιι.
559 2625 626 2650 nn,
645 2617 690 2644 20.

58 2656 81 2672 ⁶¹
100 2654 187 2682 Joan.
209 2660 267 2686 κη,
288 2653 312 2679 7.
352 2654 374 2669 "
389 2653 458 2681 Psal.
479 2661 561 2685 xxxv,
576 2653 602 2682 7,

94 2711 158 2749 (55)
188 2710 332 2749 Sicqre‘cte
347 2710 429 2749 habet
443 2711 529 2749 codex
556 2710 650 2749 Sancti
682 2709 858 2749 Theoderici.

59 2746 151 2780 Alias,
166 2755 177 2772 ε
192 2747 219 2773 in
236 2746 372 2774 desiderio
388 2747 478 2774 cordis
495 2753 590 2773 corutn
602 2766 609 2778 ,
631 2746 708 2773 ibuttt
726 2746 753 2772 in
778 2746 858 2773 volu-

59 2784 184 2818 ptatibus
199 2782 268 2809 suis.
283 2792 294 2808 ι

94 2830 155 2866 (56)
185 2829 301 2856 Balaam
326 2828 371 2862 qui
402 2828 591 2861 interpretatur
629 2834 745 2855 POPULUS
764 2833 856 2854 vasus.

62 2876 143 2903 ll‘otte
161 2884 176 2902 a
196 2866 271 2905 δὴ(
296 2873 431 2905 contudit,
457 2873 574 2907 miscuit,
604 2883 612 2898 ι
635 2878 660 2900 et
675 2876 717 2903 DY
742 2880 751 2896 ι
772 2879 857 2906 popu-

183 2923 325 2953 PATItOL.
344 2920 404 2949 Gn.
424 2920 481 2950 XI!

747 2617 770 2635 ⁵⁵
789 2617 860 2644 Psal.
883 2624 974 2647 Lxxxt,
995 2614 1036 2641 12.

639 2652 661 2668 ⁸³
681 2652 691 2679 l
709 2651 773 2679 Cor.
790 2660 810 2685 ι,
830 2653 876 2685 26,
895 2652 940 2680 27.

903 1593 1044 1629 Scriptura
1067 1594 1134 1621 dicit
1157 1594 1198 1620 "z
1217 1593 1367 1621 illomines
1395 1598 1423 1620 et
1446 1592 1568 1627 jmuenta
1598 1594 1690 1622 salvos

903 1640 996 1674 facies,
1019 1641 1156 1672 Domine,»
1175 1647 1206 1666 ea
1228 1647 1290 1674 pars
1311 1639 1479 1666 credentium
1497 1644 1585 1674 potest
1609 1640 1691 1667 intel-

903 1685 960 1721 ligi,
989 1693 1048 1720 quae.
1073 1685 1131 1713 sive
1162 1692 1211 1720 pro
1228 1684 1352 1716 stultitia,
1381 1684 1438 1712 sive
1457 1692 1505 1719 pro
1523 1685 1690 1717 innocentia,

903 1735 1066 1763 animalibus
1100 1737 1283 1768 comparatur.
1322 1733 1368 1761 Sic
1392 1734 1465 1761 enim
1495 1740 1521 1762 et
1546 1735 1690 1769 Apostolus

904 1780 971 1807 dicit
989 1779 1011 1795 "
1031 1786 1039 1806 :
1057 1789 1066 1805 ‹
1079 1779 1174 1806 Videte
1187 1783 1279 1806 autem
1296 1778 1466 1806 vocationem
1482 1785 1611 1812 vestram,
1633 1780 1690 1807 lra~

905 1829 971 1856 tres,
986 1824 1051 1858 quia
1068 1831 1121 1850 non
1138 1823 1212 1850 multi
1229 1823 1301 1849 inter
1317 1831 1364 1850 vos
1378 1824 1525 1858 sapientes,
1543 1832 1596 1851 non
1614 1825 1691 1852 multi

905 1874 1041 1904 potentes,
1057 1877 1110 1896 non
1125 1868 1201 1895 inulti
1224 1868 1340 1900 nobiles,
1369 1871 1416 1896 sed
1443 1877 1504 1903 qua:
1526 1870 1609 1896 stulta
1629 1876 1691 1897 sunt

905 1915 995 1943 mundi
1010 1915 1092 1949 elegit
1106 1915 1186 1948 Deus,
1197 1915 1379 1942 utconl'uudat
1389 1915 1535 1949 sapientes.
1549 1915 1609 1942 tlsti
1623 1923 1689 1950 ergo

907 1961 983 1994 tales,
1001 1961 1072 1988 sicut
1085 1961 1240 1996 evangelica
1254 1969 1314 1996 qua:
1331 1961 1356 1987 iu
1373 1961 1508 1995 parabolis
1524 1962 1688 1996 agebantur.

904 2012 978 2040 gesta
991 2006 1143 2041 designant,
1154 2007 1187 2034 ab
1203 2006 1261 2034 istis
1272 2006 1397 2041 pessimis
1411 2006 1528 2034 dominis
1550 2008 1649 2034 scribis
1658 2015 1690 2035 ac

906 2051 1052 2080 Pltaristeis
1060 2051 1174 2086 subjecti
1185 2051 1385 2087 quodammodo
1395 2052 1554 2079 tenebantur
1562 2057 1589 2080 et
1598 2053 1692 2086 vineti,

905 2099 951 2125 sed
966 2106 980 2125 a
999 2099 1113 2125 Domino
1128 2097 1279 2129 solvuntur,
1290 2104 1342 2124 non
1359 2097 1466 2132 quidem
1481 2105 1529 2132 per
1542 2099 1628 2132 ipsum
1641 2098 1694 2125 Dn-

907 2145 1021 2178 minutn,
1040 2144 1086 2172 scd
1102 2152 1150 2178 per
1165 2143 1312 2178 discipulos
1329 2143 1398 2176 ejus.
1413 2143 1484 2170 Dicit
1495 2145 1567 2171 cnim
1587 2145 1644 2180 ipse
1659 2146 1693 2172 ad

908 2191 1055 2225 discipulos
1080 2190 1120 2215 “z
1137 2199 1145 2216 ‹
1160 2190 1198 2217 lte
1222 2190 1248 2216 in
1265 2189 1364 2221 vicum,
1381 2190 1428 2224 qui
1443 2194 1483 2216 est
1504 2195 1598 2218 eontra
1623 2199 1670 2218 vos
1686 2200 1694 2219 :

908 2236 989 2272 325
1007 2240 1035 2262 et
1059 2235 1204 2262 invenietis
1220 2235 1324 2262 asinam
1347 2235 1484 2270 alligatam
1501 2254 1509 2267 .
1536 2240 1564 2262 et
1592 2235 1693 2269 pullum

909 2279 978 2314 eius,
995 2280 1132 2308 solventes
1147 2280 1284 2307 adducite.
1304 2289 1314 2306 ›
1335 2280 1407 2307 Sicut
1427 2288 1491 2315 ergo
1507 2281 1532 2307 in
1548 2281 1694 2316 Evangelia

910 2335 961 2354 non
977 2326 1035 2361 ipse
1057 2326 1203 2359 Dominus,
1229 2326 1276 2353 sed
1299 2326 1423 2360 discipuli
1442 2325 1549 2353 solvunt
1564 2327 1668 2354 asinam
1684 2337 1690 2354 :

909 2373 945 2399 ita
960 2376 986 2399 et
1001 2372 1045 2399 hic
1061 2380 1112 2398 non
1131 2371 1165 2398 ab
1183 2378 1215 2398 eo
1232 2371 1309 2405 ipso,
1331 2372 1378 2399 sed
1400 2373 1434 2398 ab
1455 2372 1550 2407 angelo
1574 2374 1694 2408 aperitur

908 2425 940 2445 os
957 2417 1041 2444 asina:
1058 2426 1064 2444 :
1085 2421 1112 2443 et
1137 2416 1208 2443 sicut
1230 2416 1256 2443 in
1285 2417 1438 2451 Evangeliis
1457 2418 1504 2451 qui
1532 2425 1584 2444 non
1603 2418 1695 2444 vident

909 2468 1026 2499 arguunt
1050 2463 1174 2490 videntes
1194 2470 1201 2489 :
1225 2462 1261 2488 ita
1279 2467 1307 2490 et
1322 2462 1376 2495 hic,
1398 2463 1443 2497 qui
1461 2462 1527 2489 muti
1544 2467 1632 2494 erant,
1652 2470 1694 2489 ar-

909 2515 995 2544 guunt
1022 2509 1174 2543 loquentes.
1202 2508 1235 2535 Et.
1256 2508 1307 2535 ltoc
1321 2513 1378 2540 est,
1393 2508 1464 2542 quod
1480 2508 1609 2535 Dominus
1623 2508 1696 2535 dice-

910 2557 955 2583 bat
974 2556 996 2575 ⁸⁸
1013 2565 1020 2582 ι
1039 2564 1047 2580 ‹
1063 2554 1154 2587 Pater,
1169 2554 1271 2588 gratias
1287 2561 1338 2589 ago
1355 2553 1400 2580 til-i
1412 2574 1419 2586 ,
1436 2553 1562 2587 quoniam
1577 2553 1694 2580 abscon-

1093 2615 1116 2630 ⁵⁹
1134 2613 1213 2641 Num.
1234 2620 1310 2644 uti,
1338 2612 1383 2639 9.0.
1440 2612 1462 2627 ‘°
1481 2610 1558 2638 Joan.
1582 2618 1628 2643 vn,
1649 2611 1694 2639 41.

977 2650 1000 2666 ⁸⁵
1020 2649 1113 2676 Matth.
1135 2656 1193 2682 ut,
1212 2648 1242 2675 2.
1279 2647 1302 2663 "'
1319 2647 1415 2674 Matth.
1433 2654 1471 2678 at,
1489 2646 1534 2674 9.5.

911 2710 980 2742 lusu
995 2710 1038 2737 vel
1048 2700 1108 2739 a5:
1118 2717 1127 2734 ι
1141 2715 1194 2734 non
1208 2717 1217 2734 ι
1237 2711 1264 2734 et
1273 2712 1314 2738 ny
1328 2715 1337 2732 ‹
1351 2705 1473 2741 populus,
1487 2716 1496 2732 ι
1511 2705 1536 2732 id
1550 2709 1602 2736 est,
1619 2715 1628 2731 ι
1646 2713 1695 2739 po-

913 2746 992 2779 pulus
1004 2745 1104 2772 nullus.
1123 2753 1133 2769 ι
1152 2743 1274 2779 Μᾲταιον
1300 2742 1365 2779 λαόν
1392 2742 1473 2767 etiam
1500 2741 1696 2779 interpretatur

912 2775 990 2807 Philo
1006 2779 1054 2807 lib.
1066 2779 1105 2806 De
1121 2778 1275 2813 confusione
1288 2777 1449 2811 linguarum,
1468 2783 1527 2810 pag.
1545 2775 1608 2802 268.

948 2825 1003 2861 (57)
1019 2824 1119 2851 Βαίαςὴ
1134 2831 1193 2851 vero
1212 2823 1394 2858 quiaxcwsto
1404 2821 1443 2848 vel
1454 2822 1697 2848 nevonutoinler-

911 2877 1039 2906 pretatur.
1052 2869 1133 2898 Forte
1150 2877 1164 2896 a
1179 2861 1234 2913 P5:
1252 2877 1261 2894 ι
1274 2867 1435 2899 exinanivit,
1449 2865 1574 2892 exclusit.
1594 2876 1602 2891 I

1425 2913 1465 2942 22
