1886 3051
200 139 252 166 685

200 196 262 223 disti
281 195 338 222 inec
352 194 520 229 sapientibus
533 199 560 220 ct
574 192 762 228 prudentibus,
773 196 801 220 et
814 192 938 219 rcveiasti
952 199 984 219 ea
1001 195 1021 221 Λ

201 241 335 278 parvulis.
353 249 362 266 ι
381 240 482 267 Scriba:
497 244 585 266 anilem
601 243 628 265 et
645 238 772 266 Pharisaei
785 243 861 265 erant
881 239 926 272 qui
943 245 983 264 se-

201 289 303 316 debant
322 294 404 322 super
421 287 525 313 asinam
549 285 630 317 hanc,
654 291 680 312 et
698 285 826 312 tenebant
852 292 910 311 eam
927 284 984 311 vin-

201 341 286 362 ctam.
304 334 372 368 ipsis
385 340 449 367 ergo
468 332 597 359 irascitur
611 331 732 367 angelus,
746 335 772 358 et
794 330 844 357 nisi
868 330 983 364 quodam

201 382 352 408 futurorum
367 383 522 414 prospectu,
541 378 602 406 illos
615 378 723 410 quidem
740 377 914 412 peremisset,
932 376 985 402 asi—

201 435 263 454 nam
279 431 369 454 autem
383 429 531 456 servasset,
542 431 603 459 qua:
614 423 690 456 vidit,
704 427 732 450 ct
742 423 857 450 reverita
870 427 911 449 est
923 429 983 448 eum

199 472 245 507 qui
258 471 331 498 venit
349 469 376 497 in
394 470 516 501 vineatn,
528 473 555 495 et
566 469 621 496 stat
636 468 706 495 inter
722 468 825 495 vineas.
842 467 985 501 Compres-

199 518 234 545 sit
252 521 342 544 tamen
371 517 452 550 pedes
476 514 599 542 sedentis
616 521 697 548 super
718 521 748 540 se
771 514 798 540 in
815 513 982 540 maceriam:

198 567 226 590 et
240 562 299 590 idco
316 561 385 588 forte
399 568 451 587 non
471 563 557 595 potest
586 559 725 586 ambulare
749 558 792 585 ille
815 557 874 592 ejus
894 565 983 584 sessor

201 609 340 643 antiquus,
358 614 408 634 nec
423 606 516 634 venire
531 605 563 632 ad
578 612 650 637 eunt,
666 605 711 639 qui
726 604 792 631 dicit
804 604 826 620 ⁵⁸
840 613 845 630 :
864 613 872 629 ι
892 603 985 630 Venite

200 654 233 681 ad
249 660 302 685 me,
324 658 419 680 omnes
435 651 480 685 qui
493 650 625 678 laboratis
636 654 663 677 et
676 649 779 676 onerati
793 649 868 677 estis.
879 658 887 674 ι
900 649 983 676 Asina

200 706 287 727 tanien
304 698 390 730 venit,
410 697 527 724 adducta
544 703 558 722 a
575 695 714 731 discipulis
727 717 733 729 ,
749 700 776 723 et
794 695 836 722 cui
856 699 920 722 tunc
942 701 984 721 se-

199 745 279 773 debat
295 744 405 771 Balaam
434 742 570 770 mercedis
587 741 723 776 cupidus,
749 748 821 768 nunc
850 740 873 767 ei
908 739 984 767 sedet

198 790 285 818 Iesus.
302 789 357 817 Nec
372 789 478 816 mireris
491 788 512 815 si
528 794 588 814 eum
603 794 681 821 quem
698 786 815 813 diximus
831 785 982 812 scribarum

198 841 226 863 et
240 836 382 864 doctorum
406 833 497 869 populi
517 833 632 860 formam
651 837 743 859 tenere
758 831 850 858 videas
865 830 983 864 prophe-

200 888 301 909 tantem
320 882 353 909 de
369 879 491 908 Christo.
511 879 568 906 Hoc
594 879 666 906 enim
695 878 808 912 legimus
833 876 929 904 fecisse
955 880 982 902 ct
998 869 1019 896 Β

198 927 328 962 Caipham
344 946 351 958 ,
379 925 425 960 qui
453 925 574 952 dixit":
593 933 601 949 ι
621 923 735 958 Expedit
753 922 839 954 vobis,
861 926 890 948 ut
914 928 983 948 unus

199 972 280 997 homo
294 974 386 1004 pereat
399 975 449 1003 pro
466 967 539 995 omni
561 967 669 1002 populo.
683 977 692 992 ι
711 967 764 994 Sed
791 967 855 997 hoc,
886 966 982 1000 inquit,

198 1016 243 1050 qui
269 1020 329 1042 erat
345 1014 466 1049 pontifex
484 1013 546 1040 anni
571 1013 642 1040 illius
658 1012 838 1047 prophetavit.
864 1011 983 1044 Prophe-

199 1067 238 1089 tat
254 1068 319 1096 ergo
333 1066 360 1088 et
378 1060 487 1087 Balaam
505 1059 539 1087 de
556 1059 667 1086 Christo
687 1067 692 1084 :
721 1063 747 1084 et
765 1057 825 1084 ideo
843 1064 922 1083 nemo
937 1063 985 1083 ex-

199 1107 308 1135 tollatur
331 1106 439 1133 etiamsi
469 1105 628 1139 propitetet,
653 1103 759 1130 etiamsi
783 1102 983 1137 pracsuientiam

199 1157 353 1184 mereatur;
371 1151 418 1179 scd
439 1151 531 1178 redeat
548 1150 581 1177 ad
597 1149 717 1184 Apostoli
736 1149 856 1181 dictum,
872 1155 925 1182 quo
950 1147 984 1174 ad

200 1201 250 1229 ista
264 1200 424 1235 respiciens,
445 1199 482 1226 ait
497 1198 519 1214 ⁵⁵
535 1207 540 1224 :
562 1207 571 1224 ι
592 1198 654 1225 Sive
670 1198 820 1232 prophetiae
834 1197 984 1224 aboiehun-

199 1252 252 1279 tur,
265 1246 323 1273 sive
334 1245 433 1280 linguae
447 1244 604 1275 cessabunt,
612 1243 668 1270 sive
678 1243 792 1270 scicntia
803 1242 982 1269 destruetur.»

200 1293 234 1320 Ει
247 1291 313 1326 quid
324 1295 365 1318 est
377 1297 442 1324 ergo
455 1290 526 1324 quati
539 1289 701 1323 permanet?
721 1298 729 1314 ι
747 1287 837 1319 Fides,
854 1287 940 1321 inquit
951 1286 986 1319 υ,

198 1344 274 1371 spes,
289 1341 316 1363 et
332 1335 453 1363 Charitas
471 1345 476 1362 :
492 1334 577 1369 major
594 1338 684 1361 autem
705 1334 811 1365 iturum,
824 1331 953 1359 charitas.
973 1341 983 1357 ι

201 1384 233 1410 Et
256 1382 325 1415 sola,
348 1381 444 1415 inquit,
462 1389 471 1406 ι
490 1381 610 1407 citat-itas
622 1384 674 1414 est,
694 1387 753 1415 quas
768 1387 901 1413 nunquam
914 1379 986 1407 exci-

200 1428 248 1456 dit.
263 1435 272 1452 ι
285 1426 347 1453 idco
360 1433 442 1460 super
453 1425 632 1459 prophetiam,
646 1432 727 1459 super
739 1424 892 1456 scientiam,
904 1431 987 1458 super

199 1473 279 1501 {idem
293 1492 301 1504 ,
324 1479 405 1506 super
427 1471 513 1505 ipsutn
536 1470 618 1497 etiam
644 1469 815 1505 martyrium,
835 1475 864 1496 ut
886 1469 986 1497 Paulus

199 1521 297 1551 docet,
328 1519 446 1547 charitas
479 1517 602 1545 habenda
620 1516 843 1548 est,etcltaritas
854 1516 983 1544 excolen-

200 1567 232 1594 da
246 1574 254 1592 :
269 1565 330 1600 quia
343 1569 371 1592 et
387 1573 396 1589 ε
411 1565 482 1592 Deus
495 1563 615 1592 charitas
630 1568 681 1596 est,
697 1573 705 1588 ι
722 1567 751 1590 et
764 1563 888 1590 Christus
900 1562 985 1589 Filius

200 1613 260 1647 ejus
275 1610 622 1646 citaritasest",quinobis
637 1610 828 1644 perfectionem
842 1609 984 1637 charitatis

200 1660 302 1686 donare
316 1658 453 1693 dignetur.
465 1656 518 1691 Ipsi
535 1656 621 1691 gloria
635 1661 662 1683 et
684 1655 824 1690 imperium
842 1655 868 1682 in
884 1655 982 1683 saecula

200 1704 370 1733 saeculorum.
385 1703 484 1731 Amen.

487 1746 630 1775 HOMlLlA
649 1746 707 1775 XV.

431 1794 466 1822 De
479 1793 614 1828 prophetia
628 1791 750 1819 Balaam.

235 1844 260 1870 1.
278 1841 354 1869 Licet
368 1848 418 1869 nos
435 1840 503 1867 ordo
523 1839 670 1866 lectionum
692 1845 752 1872 qua:
777 1837 935 1870 recitantur,
953 1837 986 1864 de

201 1887 253 1914 illis
271 1887 362 1914 dicere
381 1885 467 1920 magis
483 1884 575 1919 exigat
607 1890 668 1918 qua":
689 1883 775 1910 lector
790 1882 930 1917 explicuit,
947 1887 987 1908 ta-

200 1940 261 1961 men
273 1932 400 1967 quoniam
418 1930 540 1958 nonnulli
559 1928 675 1956 fratrum
688 1929 839 1963 deposcunt
851 1935 882 1955 ea
897 1928 987 1962 potius

200 1986 260 2013 qua:
276 1979 309 2005 de
327 1977 468 2012 prophetia
486 1976 597 2003 Balaam
613 1975 714 2010 scripta
729 1978 810 2006 sunt,
828 1974 862 2001 ad
884 1979 988 2001 sermo-

201 2032 262 2053 nem
280 2023 472 2059 disputationis
483 2022 594 2054 adduci,
616 2029 670 2049 non
686 2022 723 2048 ita
735 2021 825 2048 ordini
839 2021 985 2047 lectionum

200 2068 361 2097 satisfacere
387 2075 494 2102 aequum
513 2066 637 2099 credidi,
662 2071 692 2093 ut
710 2065 854 2094 desideriis
884 2066 988 2093 audito-

203 2122 272 2142 rum.
289 2114 380 2141 Primo
398 2121 464 2148 ergo
478 2113 602 2141 omnium
622 2113 655 2141 de
671 2113 729 2147 ipso
743 2111 852 2138 Balaam
868 2111 988 2145 requira-

202 2169 281 2193 mus,
309 2168 359 2188 cur
381 2160 408 2186 in
432 2159 582 2194 Seripturis
601 2166 675 2186 nunc
691 2157 890 2193 vituperabilis,
916 2165 988 2184 nunc

202 2206 346 2234 laudabilis
363 2206 481 2241 ponitur.
497 2205 564 2232 Nam
580 2204 769 2240 vituperabilis
783 2208 835 2236 est,
850 2210 910 2230 cum
924 2210 986 2237 pro—
1003 2215 1025 2242 ι)

203 2253 305 2281 hibitus
325 2261 339 2280 a
357 2253 412 2279 Deo
427 2252 521 2279 venire
535 2252 569 2279 ad
584 2259 687 2287 regem,
701 2249 825 2286 persistit
839 2253 868 2276 ut
882 2250 985 2283 veniat,

201 2304 229 2326 ct
247 2297 380 2326 mercedis
394 2297 508 2332 cupidus
529 2297 627 2324 iterum
651 2295 789 2329 consulit,
816 2295 914 2322 iterum
941 2301 986 2321 re-

201 2346 284 2381 quirit
301 2353 316 2373 a
334 2346 398 2377 Deo,
417 2344 503 2373 donec
517 2344 687 2379 relinquatur
704 2341 902 2377 cupiditatibus
917 2341 985 2373 suis,

201 2397 228 2420 et
242 2397 286 2420 eat
303 2393 329 2419 in
344 2391 527 2419 voluntatibus
541 2391 609 2418 suis.
624 2388 771 2424 Cuipabilis
784 2393 836 2420 est,
847 2395 907 2415 cum
920 2387 985 2415 tedi-

202 2440 265 2467 tlcat
285 2445 357 2470 aras,
371 2442 399 2465 et
415 2437 541 2464 victimas
561 2436 677 2471 imponit
690 2434 841 2467 daemoniis,
860 2437 889 2460 et
904 2440 986 2468 appa-

203 2490 261 2513 ratu
283 2485 387 2521 magico
401 2483 490 2520 poscit
504 2482 594 2510 divina
613 2481 748 2510 consulta.
765 2479 917 2512 Cuipabilis
935 2483 987 2513 est,

200 2538 261 2558 cum
270 2530 414 2558 consilium
425 2529 572 2564 pessimum
586 2528 644 2560 dat,
661 2531 691 2554 ut
703 2526 819 2561 populus
833 2525 988 2560 decipiatur

203 2585 249 2611 per
263 2577 390 2605 mulieres
402 2575 592 2604 Madiauitidas
607 2579 632 2602 et
643 2573 745 2601 cultum
758 2572 902 2600 idolorum.
915 2571 987 2599 Rur-

202 2632 248 2651 sus
260 2624 404 2651 laudabilis
417 2623 580 2655 ostenditur,
600 2629 663 2649 cum
679 2621 792 2650 verbum
817 2619 862 2647 Dei
880 2619 989 2654 ponitur

204 2671 230 2697 in
248 2677 296 2697 ore
311 2677 379 2703 ejus,
407 2676 469 2696 cum
491 2668 609 2703 Spiritus
627 2667 674 2694 Dei
693 2666 723 2694 fit
737 2674 819 2702 super
835 2673 907 2698 eum,
924 2673 985 2692 cum

203 2715 236 2742 de
250 2714 358 2742 Christo
375 2715 528 2748 prophetat,
553 2720 614 2740 cum
637 2711 740 2740 Judteis
756 2717 784 2739 et
812 2711 939 2746 gentibus
953 2711 987 2739 de

247 2772 268 2788 "
286 2772 409 2798 Matthm
424 2772 469 2799 28.
519 2772 539 2787 ⁸⁷
553 2771 631 2798 Joan.
648 2779 725 2801 xvtn_
744 2772 786 2798 Μ.

204 2815 280 2839 χχιιι,
294 2808 337 2833 10.
375 2807 397 2822 ⁷³
415 2807 495 2841 Μιςιι.
513 2814 548 2837 γι,
561 2807 588 2835 5.
602 2807 631 2837 4,
648 2807 675 2833 5.
714 2808 736 2822 ⁷³
754 2807 762 2832 |
779 2807 842 2841 Reg.
862 2806 974 2840 xtx,‘25.

204 2841 224 2856 '”
241 2842 306 2869 ibid.
324 2841 369 2868 ‘25.
419 2842 441 2857 ⁷⁸
454 2840 533 2867 Num.
551 2849 628 2872 uni,
645 2843 671 2868 ti.

919 134 1079 163 ORIGENIS

841 2770 884 2797 “l
901 2771 962 2798 Cor.
981 2777 1040 2801 xm,
1056 2769 1083 2796 8.
1129 2769 1151 2784 "
1169 2769 1236 2795 ibid.
1250 2769 1283 2794 15

841 2826 842 2832 η
862 2806 974 2838 ΧΙΧ,25.
1015 2804 1060 2830 7*l
1081 2804 1147 2838 iteg.
1162 2811 1219 2834 ιιι-ι,
1242 2803 1283 2829 l3.

1773 140 1821 168 684

1038 193 1155 220 adventu
1178 194 1279 222 Christi
1302 195 1430 229 mysteria
1453 197 1543 224 futura
1562 198 1720 232 pronuntiat
1735 218 1743 229 ,
1762 206 1819 224 eum

1037 245 1085 271 pro
1100 238 1336 267 maledicti0uibus
1357 241 1562 269 benedictiones
1577 242 1677 277 populo
1694 243 1819 278 largitur,

1036 287 1062 309 et
1082 291 1179 311 nomen
1201 284 1282 312 lsraei
1299 293 1380 320 supra
1403 286 1539 315 visibilem
1559 288 1672 322 gloriam
1700 288 1822 324 mysticis

1035 330 1140 357 extollit
1153 330 1278 366 eloquiis.
1293 333 1359 360 Cum
1376 341 1441 368 ergo
1455 334 1512 361 haec
1534 339 1587 361 tam
1606 334 1713 362 diversa
1737 335 1771 361 de
1792 342 1821 360 eo

1036 381 1063 402 et
1078 380 1132 403 tam
1148 378 1224 405 varia
1244 379 1346 407 indicet
1362 380 1504 414 Scriptura
1530 380 1632 412 divina,
1660 380 1742 407 valde
1757 380 1820 407 mibi

1036 421 1144 450 difficile
1162 423 1269 451 videtur
1283 432 1316 452 ex
1334 426 1444 453 definito
1462 430 1584 453 statuere
1595 426 1654 461 ejus
1665 432 1820 461 personam,

1036 468 1078 494 cui
1096 475 1148 494 non
1167 469 1254 496 solum
1273 471 1418 497 conveniat
1435 471 1486 497 ista
1513 470 1669 503 diversitas,
1685 477 1781 497 verum
1798 474 1822 496 et

1037 513 1100 541 illud
1123 515 1209 549 aptari
1238 515 1335 549 possit,
1357 517 1427 551 quod
1444 516 1502 550 ipse
1520 517 1554 544 de
1577 516 1725 551 semetipso
1749 516 1820 543 velut

1036 561 1201 595 prophetans
1222 561 1290 589 dicit
1304 562 1325 578 “
1343 571 1349 588 :
1374 571 1383 587 ι
1399 561 1530 589 Moriatur
1550 562 1640 589 aninta
1667 569 1725 589 mea
1754 561 1822 588 inter

1036 606 1300 640 animasjustorum,
1319 612 1346 635 et
1365 607 1411 635 fiat
1423 615 1517 635 semen
1534 615 1622 635 meum
1637 608 1709 635 sicut
1729 615 1820 634 semen

1032 650 1178 685 justorum.
1191 662 1200 678 ι
1222 652 1274 680 Sed
1290 657 1316 680 et
1331 660 1378 688 per
1391 653 1531 681 Michaeam
1547 654 1708 688 prophetam
1725 653 1780 680 tale
1791 654 1821 680 de

1035 704 1067 724 co
1095 697 1224 725 Dominus
1245 699 1427 726 testimonium
1447 699 1592 734 perltibet,
1620 699 1666 726 ubi
1691 699 1758 725 dicit
1775 698 1819 724 ηε

1039 753 1046 770 ι
1062 744 1178 779 Populus
1188 753 1275 778 meus,
1289 746 1353 780 quid
1366 745 1415 773 feci
1430 746 1476 773 tibi
1489 746 1500 773 ?
1519 746 1651 781 responde
1667 746 1744 777 mihi,
1759 746 1820 779 quia

1037 791 1158 817 revocavi
1174 791 1207 818 de
1230 796 1300 818 terra
1319 790 1429 826 Egypti
1445 811 1451 823 ,
1477 795 1504 818 et
1520 798 1553 818 ex
1574 791 1656 818 domo
1672 791 1818 818 servitutis

1035 837 1147 864 liberavi
1167 842 1203 868 te,
1221 841 1247 864 et
1266 837 1326 864 misi
1342 842 1403 864 ante
1422 837 1519 864 faciem
1542 842 1615 864 tuam
1630 837 1754 872 Moysen,
1771 838 1823 864 Aa-

1035 890 1096 915 ron,
1111 888 1138 910 ct
1157 882 1281 910 Mariam.
1299 882 1416 918 Populus
1430 891 1517 916 meus,
1541 887 1678 910 memento
1694 882 1760 917 quid
1777 889 1822 909 eoo
1868 914 1873 918 _

1035 929 1161 963 gitaverit
1179 929 1322 956 adversum
1346 933 1372 956 te
1392 929 1490 956 Baiaclt
1518 936 1565 956 rex
1588 929 1681 962 Moab,
1705 935 1733 955 et
1759 929 1823 963 quid

1035 975 1207 1009 responderit
1219 975 1244 1002 ei
1260 974 1368 1002 Balaam
1389 975 1460 1002 [ilius
1475 974 1554 1008 Beor,
1568 982 1583 1001 a
1595 974 1724 1002 funiculis
1738 982 1824 1008 usque

1036 1021 1061 1047 in
1081 1020 1176 1053 Galgal
1192 1025 1219 1047 ut
1235 1020 1544 1056 agnoscereturjustitia
1560 1020 1675 1047 Domini.
1698 1029 1707 1046 ι
1725 1019 1825 1048 Osten-

1036 1065 1075 1092 dit
1089 1072 1155 1099 ergo
1177 1072 1225 1099 per
1243 1066 1301 1092 huic
1315 1066 1379 1099 quia
1396 1070 1425 1092 ut
1442 1065 1549 1100 justitia
1567 1065 1674 1092 Domini
1691 1072 1824 1100 agnosce-

1036 1114 1126 1142 retur,
1140 1114 1281 1144 propterea
1295 1110 1339 1137 illa
1357 1110 1447 1137 omnia
1463 1110 1605 1144 respondit
1617 1109 1729 1136 Balaam
1752 1109 1824 1137 ﬁlius

1036 1155 1105 1183 Beor
1118 1155 1152 1182 ad
1169 1163 1257 1189 regem
1273 1155 1383 1188 Baiach,
1405 1163 1467 1190 qua:
1490 1155 1590 1190 scripta
1615 1155 1777 1182 referuntur
1798 1156 1823 1182 in

1036 1201 1124 1228 libris.
1143 1201 1175 1228 Et
1191 1201 1252 1235 quis
1269 1205 1348 1235 putas
1361 1200 1516 1228 invenietur
1533 1200 1611 1234 talis,
1627 1201 1674 1235 qui
1689 1201 1781 1235 possit
1793 1209 1823 1228 er

1037 1248 1102 1282 ipsis
1114 1248 1251 1282 responsis
1265 1246 1374 1274 Balaam
1389 1247 1531 1274 ostendere
1551 1247 1622 1282 quod
1645 1247 1692 1274 Dei
1716 1246 1824 1281 justitia

1037 1292 1227 1320 manifestatur
1243 1292 1271 1319 in
1287 1292 1345 1319 eis?
1361 1291 1465 1319 Revera
1479 1291 1551 1319 enim
1565 1292 1587 1320 si
1601 1299 1694 1319 sermo
1711 1292 1762 1320 Dei
1778 1300 1826 1327 po-

1037 1338 1105 1366 sittts
1125 1343 1166 1366 est
1179 1338 1204 1365 in
1223 1345 1271 1365 ore
1286 1337 1354 1372 ejus,
1370 1342 1397 1365 et.
1413 1337 1533 1374 Spiritus
1555 1337 1602 1365 Dei
1619 1338 1711 1366 factus
1722 1343 1768 1366 est
1780 1347 1827 1366 su-

1037 1391 1084 1418 per
1100 1383 1187 1414 illum,
1203 1387 1230 1410 et
1243 1382 1350 1417 iustitia
1365 1383 1411 1411 Dei
1427 1391 1461 1411 ex
1476 1385 1614 1419 responsis
1625 1385 1687 1419 ejus
1699 1385 1827 1420 agnosci-

1038 1433 1082 1456 tur
1093 1434 1120 1456 et
1133 1428 1329 1460 manifestatur,
1342 1429 1498 1457 omnimode
1515 1436 1575 1464 quae
1591 1430 1624 1457 ab
1637 1436 1670 1457 eo
1682 1430 1827 1462 dicuntur,

1038 1473 1145 1501 nonnisi
1171 1474 1330 1508 prophetica
1350 1478 1378 1500 et
1401 1474 1491 1501 divina
1518 1481 1579 1502 esse
1597 1474 1735 1502 credenda
1750 1480 1826 1503 sunt.

1037 1520 1166 1554 Quamvis
1184 1519 1291 1548 ditlieiie
1306 1519 1404 1547 alicubi
1420 1520 1552 1554 scriptum
1574 1519 1698 1555 legamus
1713 1520 1751 1553 ⁷³,
1763 1521 1828 1556 quia

1037 1564 1125 1592 factus
1142 1569 1182 1592 est
1197 1564 1314 1599 Spiritus
1328 1564 1374 1591 Dei
1385 1571 1468 1599 super
1477 1564 1594 1599 aliquem
1607 1566 1827 1600 prophetarum:

1037 1611 1085 1638 sed
1101 1614 1148 1637 aut
1164 1610 1231 1638 visio
1244 1617 1328 1645 quam
1346 1609 1424 1643 vidit,
1440 1613 1487 1637 aut
1511 1610 1661 1645 assumptio
1674 1610 1753 1639 verbi
1766 1611 1828 1644 Dei,

1036 1660 1084 1683 aut
1099 1655 1146 1682 Dei
1161 1655 1278 1682 verbum
1296 1654 1397 1682 factum
1411 1658 1454 1682 est
1468 1654 1502 1683 ad
1518 1654 1605 1689 illum,
1622 1655 1663 1683 vel
1686 1656 1721 1683 ad
1738 1657 1829 1689 illum,

1036 1707 1064 1728 ct
1079 1701 1132 1728 alia
1145 1701 1267 1736 quadam
1284 1701 1318 1728 de
1330 1700 1471 1736 prophetis
1484 1701 1609 1735 legimus.
1628 1701 1747 1730 Factum
1763 1710 1830 1730 vero

1036 1753 1097 1773 esse
1121 1746 1252 1780 Spiritum
1280 1745 1325 1773 Dei
1351 1752 1435 1780 super
1461 1745 1580 1780 aliquem
1605 1749 1830 1782 prophetarum,

1038 1791 1136 1826 legisse
1152 1791 1184 1819 ad
1201 1797 1324 1826 praesens
1342 1791 1453 1818 interim
1479 1798 1533 1818 non
1562 1791 1702 1826 recordor,
1723 1792 1778 1820 nisi
1797 1793 1832 1820 de

1038 1836 1121 1863 David
1138 1836 1175 1863 ita
1193 1836 1326 1871 scriptum
1344 1835 1454 1863 memini
1470 1836 1493 1852 ⁷⁵
1509 1845 1515 1863 ;
1536 1845 1545 1862 ι
1560 1835 1593 1863 Et
1608 1838 1833 1871 apparuit,rsive

1038 1881 1263 1918 «illuxitSpiritus
1279 1881 1325 1910 Dei
1343 1889 1425 1916 super
1447 1881 1532 1909 David
1547 1889 1563 1909 a
1576 1882 1621 1909 die
1635 1882 1692 1914 illa,
1706 1887 1736 1910 et
1750 1883 1832 1912 dein-

1038 1937 1118 1964 ceps;
1134 1939 1142 1955 ι
1172 1936 1225 1956 non
1249 1933 1338 1956 tamen
1363 1927 1453 1956 factus
1470 1932 1511 1956 est
1535 1927 1655 1963 Spiritus
1679 1928 1729 1956 Dei
1745 1936 1833 1963 super

1039 1974 1133 2002 David.
1159 1974 1195 2001 De
1210 1973 1277 2001 Saui
1291 1981 1356 2001 vero
1372 1973 1410 2001 ita
1428 1973 1541 2001 memini
1556 1973 1688 2008 scriptum
1703 1973 1728 1990 "
1744 1983 1750 2001 :
1766 1983 1777 2000 ι
1797 1974 1833 2001 Et

1038 2017 1146 2046 decidet
1164 2017 1282 2052 Spiritus
1301 2017 1410 2045 Domini
1432 2024 1515 2051 super
1536 2022 1581 2051 te,
1602 2022 1630 2045 et
1650 2018 1835 2052 prophetabis

1038 2070 1098 2090 cum
1125 2062 1201 2097 ipsis,
1228 2065 1256 2088 et
1274 2061 1444 2088 converteris
1465 2060 1491 2087 itt
1511 2061 1598 2087 virum
1615 2060 1767 2088 alterum.)
1797 2061 1834 2087 Et

1041 2108 1138 2135 iterum
1165 2107 1198 2134 de
1220 2106 1314 2134 eodem
1338 2106 1438 2133 dicitur
1452 2106 1497 2133 7':
1516 2105 1598 2142 326
1617 2115 1627 2132 ι
1649 2105 1685 2133 Ει
1708 2105 1834 2141 Spiritus

1038 2152 1145 2180 Domini
1164 2151 1289 2179 discessit
1301 2159 1315 2178 a
1338 2150 1412 2183 Saui,
1429 2151 1610 2186 obstupefecit
1629 2158 1692 2178 eum
1713 2151 1832 2185 spiritus

1039 2197 1171 2232 malignus
1185 2205 1200 2224 a
1213 2197 1336 2224 Domino.
1350 2205 1359 2222 ›
1376 2196 1409 2224 Et
1426 2197 1523 2224 iterum
1535 2197 1557 2212 "
1571 2205 1578 2224 :
1594 2206 1604 2223 ι
1620 2196 1654 2224 Et
1668 2196 1773 2225 factum
1787 2202 1834 2225 est

1041 2250 1102 2271 cum
1115 2247 1186 2270 esset
1199 2242 1313 2278 spiritus
1330 2241 1416 2269 malus
1431 2242 1464 2268 ad
1481 2241 1558 2274 Saui,
1579 2242 1730 2277 assumpsit
1743 2242 1834 2269 David

1041 2289 1199 2324 psalterium
1218 2293 1244 2315 et
1263 2287 1396 2322 psallebat
1410 2288 1437 2314 in
1461 2287 1587 2315 mattibus
1603 2289 1672 2320 suis,
1688 2292 1718 2316 et
1730 2295 1836 2324 percu-

1042 2333 1136 2364 tiebat,
1152 2337 1180 2359 et
1193 2337 1251 2359 erat
1266 2332 1367 2359 bonum
1381 2333 1417 2366 ei,
1435 2336 1463 2359 et
1477 2332 1633 2359 discedebat
1647 2332 1680 2360 ab
1698 2339 1732 2360 eo
1748 2333 1837 2368 spiri-

1040 2383 1082 2405 tus
1099 2377 1242 2413 maiignus.
1259 2387 1268 2403 ι
1287 2377 1351 2405 ιίωε
1365 2385 1414 2412 pro
1436 2385 1480 2410 eo,
1503 2377 1574 2410 quod
1600 2377 1719 2404 medium
1740 2383 1837 2412 potest

1040 2424 1124 2451 videri
1153 2424 1203 2451 hoc
1228 2424 1299 2458 quod
1321 2423 1452 2458 scriptum
1477 2427 1519 2450 est
1532 2422 1576 2450 7':
1598 2432 1607 2448 ι
1624 2422 1658 2449 Ει
1674 2421 1764 2450 factus
1788 2429 1838 2450 est

1039 2470 1158 2505 Spiritus
1172 2469 1280 2496 Domini
1296 2476 1378 2504 super
1393 2476 1467 2496 eum.
1487 2478 1496 2494 ι
1516 2468 1632 2504 Propter
1647 2469 1722 2504 quod
1735 2473 1764 2496 et
1780 2477 1839 2496 nos

1038 2516 1185 2544 secundum
1205 2522 1237 2543 ea
1262 2522 1322 2550 qua!
1341 2515 1485 2549 superiore
1502 2519 1620 2542 tractatu
1641 2522 1839 2548 senseramns,

1037 2563 1118 2590 etiam
1137 2569 1208 2590 nunc
1226 2561 1253 2589 ιιι
1274 2561 1474 2588 Pharismorutn
1492 2565 1519 2587 et
1541 2560 1710 2592 scribarum,
1732 2560 1840 2594 eisque

1038 2612 1165 2640 similium
1177 2618 1291 2646 persona
1303 2611 1376 2639 hunc
1389 2611 1476 2646 ipsum
1490 2610 1601 2638 Balaam
1621 2610 1763 2644 explicare
1782 2616 1842 2637 co-

1042 2663 1175 2692 nabintur.
1195 2663 1247 2690 Sed
1266 2670 1315 2698 age
1337 2662 1392 2698 jam
1408 2662 1556 2697 prophetiae
1575 2662 1635 2696 ejus
1657 2662 1755 2693 verba,
1768 2669 1841 2695 qua:

1041 2714 1179 2744 assumpta
1195 2708 1324 2744 paraboia
1340 2716 1388 2735 sua
1405 2707 1507 2735 dixisse
1519 2707 1660 2738 scribitur,
1675 2706 1838 2734 videamus.

1129 2768 1151 2784 "
1169 2768 1236 2795 ibid.
1250 2768 1283 2794 15
1296 2773 1323 2795 et
1337 2767 1364 2794 8.
1413 2765 1589 2797 "lJoanuv.
1606 2764 1653 2792 i6.
1710 2765 1733 2780 "
1746 2763 1839 2790 Nam.

1323 2801 1442 2837 "llteg.
1461 2809 1487 2833 ιι,
1500 2801 1527 2828 ti.
1553 2801 1576 2815 "'
1596 2799 1605 2827 ι
1621 2799 1688 2835 Reg.
1707 2807 1763 2832 xvi,
1781 2798 1839 2826 l4.
