1886 3051
39 125 88 151 685

622 123 654 150 IN
675 120 840 149 NUMEROS
856 120 998 150 HOMILIA
1017 122 1074 149 XV.

1613 125 1664 151 (586

40 192 49 208 ι
64 183 99 210 Ex
113 181 322 217 Mesopotamia,
336 182 421 216 inqttit
435 183 469 214 τ’,
487 183 592 209 vocavit
610 189 651 209 mc
664 182 763 208 Ilalach
776 188 821 207 rex
839 183 859 210 A
876 180 966 209 dinem
991 182 1127 217 ﬁngimus,
1144 188 1172 209 ιιι
1188 190 1299 210 sensum
1322 192 1353 210 ex
1373 183 1480 219 integro
1496 185 1664 219 colligamus.

41 229 123 261 Moab,
140 236 175 256 cx
190 229 330 255 montibtts
346 229 471 255 Orientis.
494 238 503 254 ι
522 228 743 263 Mesopotamiam
758 228 822 254 dicit

35 279 133 302 terram
164 282 226 309 qua
255 275 327 301 inter
352 274 464 302 ﬂumina
490 274 648 309 Babylonia:
671 273 761 306 jacet,
790 273 823 299 de

34 320 132 354 quibus
146 321 280 354 scriptum
297 324 337 347 est
348 320 372 335 '°
388 328 395 347 :
414 329 422 345 t
444 320 531 354 Sttpcr
555 319 664 346 ﬂumina
680 318 823 353 Babylonis

35 366 88 393 illic
105 366 237 399 sedimus,
247 370 274 394 et
285 365 420 399 ﬂevimus,
431 366 494 393 dum
505 366 714 393 recordarcmur
729 365 819 392 Sion.)

33 411 61 438 Si
76 412 139 446 quis
153 419 220 447 ergo
237 411 308 438 inter
325 411 375 438 ista
393 410 503 437 ﬂumina
524 410 606 438 fuerit
619 410 775 445 Babylonis.
800 410 822 437 si

31 458 93 492 quis
112 457 300 485 rheumatibus
327 457 449 484 libidinis
480 457 637 490 inttndatur,
664 462 692 486 et
711 457 823 485 luxuria:

31 501 144 529 testibus
158 502 349 530 circumluitur
365 522 372 534 ,
397 502 448 529 iste
475 510 528 530 non
555 503 655 530 dicitur
673 508 759 535 stare,
776 504 823 530 sed

32 548 145 581 sedere;
162 553 189 575 et
208 548 268 575 ideo
283 548 329 582 qui
345 547 382 575 ibi
397 549 586 582 comprehensi
602 554 664 576 sunt
677 549 821 576 dicebant:

34 603 42 619 ι
61 594 152 629 Super
163 593 272 621 ﬂumina
285 594 430 630 Babylonis
440 594 495 621 illic
506 595 639 626 sedimus,
651 601 677 622 et
687 594 821 627 ﬂevitnus,

30 639 94 666 dttm
122 639 332 667 recordaremur
354 639 433 667 Sion.
448 649 457 666 ι
479 640 532 667 Sed
560 649 610 667 nec
632 640 696 668 ﬂere
714 641 822 675 quidem

31 690 96 711 ante
115 689 244 719 possunt,
256 685 309 712 nisi
324 693 385 712 cutn
410 685 545 713 recordati
566 685 666 714 fuerint
681 686 756 714 Sion.
772 686 824 714 Bo-

30 738 129 757 norum
151 738 269 766 namque
284 731 438 758 recordatio
463 731 594 759 tnalorutn
609 740 704 760 causas
720 733 823 760 lamen-

30 776 128 803 tabiles
146 776 220 803 facit.
236 776 292 803 Nisi
315 777 387 803 enim
404 777 464 811 quis
483 778 640 805 recordetur
659 778 723 805 Sion
739 798 746 811 ,
772 779 823 806 nisi

30 822 120 856 legem
135 821 181 849 Dei
198 827 226 849 et
242 823 449 858 Scripturarutn
478 828 584 851 montes
608 825 736 858 aspiciat,
753 825 823 852 mala

876 227 968 255 I’otcst
986 235 1051 262 ergo
1076 229 1128 255 dici
1149 237 1157 255 :
1178 239 1186 255 ι
1203 230 1282 259 Veni.
1308 229 1423 257 maledic
1446 231 1511 258 mihi
1527 231 1621 264 Jacob.
1637 238 1665 260 et

875 273 955 304 veni,
980 273 1180 306 supermaledic
1197 275 1262 301 tnihi
1287 274 1381 301 I.~racl.
1400 284 1409 300 I
1427 274 1479 302 Per
1490 277 1561 310 quod
1572 281 1666 304 osten-

877 317 950 343 ditur
964 317 1064 344 idcirco
1078 325 1169 345 sermo
1186 319 1327 352 repetitus,
1346 325 1373 347 ut
1383 321 1513 354 ampliore
1524 323 1548 347 vi
1563 326 1587 348 et
1604 329 1664 349 ma-

872 362 933 397 jore
961 364 1112 392 intentione
1135 365 1354 393 maledictionem
1375 367 1400 393 in
1427 367 1508 394 Israel
1533 375 1614 402 quam
1635 368 1662 396 itt

874 409 959 437 .Iacob
989 411 1091 438 Balaclt
1119 411 1258 439 videretur
1285 421 1444 447 exposcere.
1477 413 1566 442 Donec
1590 415 1663 442 enim

877 456 940 491 quis
964 461 1069 483 tantutn
1091 457 1174 485 Jacob
1194 462 1247 490 est,
1270 459 1321 486 hoc
1340 464 1381 486 est
1405 460 1430 486 in
1453 461 1559 488 actibus
1576 462 1662 488 solum

875 507 902 529 et
930 503 1057 537 operibus
1087 504 1210 538 positus,
1233 504 1409 533 inferioribus
1428 507 1664 535 maledictionibus

876 549 1059 582 impugnatur.
1091 549 1139 576 Ubi
1165 555 1257 577 autent
1282 550 1439 585 profecerit,
1459 557 1486 578 et
1506 553 1663 581 interiorem

876 593 1014 620 hominem
1031 594 1064 620 ad
1078 595 1222 622 videntium
1237 596 1320 623 Deum
1339 597 1458 624 revelato
1474 599 1573 626 mentis
1585 600 1664 627 oculo

876 646 1010 666 exacuere
1027 640 1083 675 (59)
1100 646 1127 668 et
1143 649 1293 676 provocare
1315 642 1371 676 jam
1387 644 1510 677 ceperit,
1533 649 1594 672 tunc
1611 654 1663 672 non

876 685 964 712 solum
980 685 1131 714 maledictis
1143 688 1177 714 ab
1189 687 1311 721 inimico,
1326 689 1372 715 sed
1381 693 1408 716 et
1418 691 1663 724 supermaledictis,

876 732 928 758 ltoc
948 737 988 759 est
1014 733 1264 761 vehementioribus
1281 734 1486 762 maledictorum
1501 736 1600 770 jacnlis
1614 738 1666 764 im-

876 776 1048 811 pngnabitur.
1063 777 1115 804 Sed
1130 783 1193 805 tunc
1205 778 1314 812 quidem
1329 786 1360 806 os
1373 779 1480 807 Balaam
1495 781 1665 809 maledictio-

877 830 910 850 ne
922 828 949 850 et
962 823 1144 850 amaritudine
1165 823 1275 858 plenum
1293 830 1364 858 erat,
1381 831 1408 852 et
1432 827 1483 853 sub
1498 827 1589 862 lingua
1606 828 1665 862 ejus

29 874 78 893 sua
93 866 163 894 ﬂere
178 875 231 895 non
246 856 352 903 incipit.
368 868 406 896 Ex
419 868 480 895 istis
494 876 560 903 ergo
574 856 730 896 ﬂuminibus
743 877 824 897 voca-
841 856 860 882 Β
876 865 950 892 labor
963 871 990 892 et
1006 866 1095 899 dolor,
1111 872 1136 894 ct
1154 856 1269 895 sedebat
1286 868 1311 895 itt
1328 856 1433 897 insidiis
1447 878 1508 898 cum
1523 856 1665 900 divitibus.

31 919 74 939 tur
91 911 218 945 Balaam,
234 913 307 941 etab
322 913 383 940 istis
401 913 516 940 orientis
532 914 669 941 montibus
683 914 822 941 invitatur.

30 958 139 986 Montes
157 958 201 985 isti
216 965 268 985 non
283 964 346 986 sunt
362 959 450 987 sancti
469 965 575 986 montes
599 959 648 991 illi,
671 959 704 987 de
726 959 824 994 quibus

29 1006 165 1040 Scriptum
185 1009 229 1033 est
242 1005 262 1021 ⁸¹
280 1012 287 1032 :
312 1014 321 1030 ι
346 1005 534 1033 Fundamenta
560 1005 619 1039 ejus
638 1006 664 1034 itt
687 1007 825 1034 montibus

30 1052 148 1079 sanctis.
167 1061 177 1078 ι
195 1051 226 1078 Et
242 1051 339 1079 iterum
353 1051 376 1067 ⁸³
392 1061 397 1078 :
415 1061 423 1077 t
438 1051 587 1079 Jerusalem
598 1059 658 1086 qua:
673 1051 824 1079 aedificatur

29 1105 58 1126 ut
70 1099 184 1131 civitas,
202 1099 280 1133 cujus
295 1098 470 1134 participatio
486 1098 546 1133 ejus
559 1099 586 1124 in
607 1098 735 1133 idipsutn.
749 1098 824 1125 Mon-

29 1150 70 1172 tes
90 1145 117 1171 itt
139 1145 255 1172 circuitu
270 1144 340 1179 ejus,
355 1149 383 1172 ct
396 1144 526 1172 Dominus
546 1144 571 1171 in
589 1144 707 1172 circuitu
731 1144 821 1179 populi

27 1190 69 1217 sui
84 1190 119 1216 ⁸³.
143 1198 153 1215 ι
171 1188 230 1217 Non
244 1195 307 1218 sunt
318 1196 383 1223 ergo
402 1188 470 1217 tales
484 1189 684 1223 Mesopotamia:
699 1194 804 1217 montes
815 1210 822 1221 ,

27 1236 76 1263 sed
91 1235 143 1267 illi,
162 1235 195 1263 de
211 1235 311 1270 quibus
326 1235 428 1263 dicitur
439 1235 463 1251 “
477 1245 483 1264 ε
503 1244 513 1261 ι
528 1234 634 1262 Montes
653 1235 800 1268 tenebrosi,
812 1245 820 1261 ι

26 1289 54 1311 et
72 1285 179 1311 iterum
201 1283 234 1311 de
256 1290 309 1319 quo
330 1282 431 1312 dicitur
448 1282 470 1298 ⁸³
490 1291 496 1309 ;
527 1291 536 1307 ι
556 1282 625 1309 Ecce
651 1289 701 1316 ego
726 1282 759 1309 ad
787 1286 823 1315 te,

26 1337 111 1358 mons
124 1333 266 1363 corrupte.
286 1338 295 1355 I
315 1329 364 1356 Isti
391 1331 455 1356 sunt
478 1331 584 1356 montes
605 1327 631 1354 in
657 1327 756 1362 quibus
783 1332 825 1355 est

25 1375 122 1404 omnis
151 1375 266 1403 altitudo
289 1373 424 1403 extollens
447 1380 477 1401 se
503 1373 648 1401 adversum
680 1373 823 1414 scientiam

26 1421 76 1449 Dei
95 1420 131 1448 ".
155 1420 198 1448 Ab
213 1420 273 1448 istis
295 1427 361 1455 ergo
377 1420 516 1448 montibus
536 1419 688 1448 accersitur
714 1418 823 1445 Balaam

27 1467 84 1494 hic.
100 1466 208 1500 Quales
220 1471 311 1494 autent
326 1466 370 1494 isti
385 1471 449 1494 sunt
462 1469 579 1497 montes,
593 1464 672 1493 talem
687 1463 787 1492 habent
798 1469 825 1492 et

875 912 1059 946 Exspectabat
1071 913 1144 940 enim
1160 915 1298 941 mercedes
1313 923 1327 942 a
1342 916 1424 943 divite
1437 925 1509 951 rege,
1530 923 1558 945 ιιι
1576 919 1602 945 in
1617 927 1664 946 oc-

875 958 956 984 cultis
984 957 1151 985 interiiceret
1181 959 1352 986 innocentes.
1372 960 1424 987 Sed
1443 961 1513 989 Deus
1532 962 1578 996 qui
1601 962 1665 990 facit

875 1011 984 1037 semper
999 1003 1135 1031 mirabilia
1158 1006 1242 1037 solos,
1259 1014 1291 1033 ex
1312 1006 1432 1034 inimicis
1444 1012 1574 1042 operatur
1589 1008 1663 1035 salu-

877 1054 941 1078 tem.
960 1049 1056 1084 Injecit
1071 1051 1144 1078 enim
1162 1052 1273 1079 vetbum
1289 1053 1314 1079 in
1331 1061 1361 1080 os
1375 1053 1443 1086 ejus,
1458 1054 1581 1088 quamvis
1598 1063 1665 1082 non-

875 1095 939 1122 dum
958 1103 1006 1123 cor
1025 1097 1082 1131 ejus
1102 1104 1200 1130 capere
1228 1104 1318 1132 posset
1342 1100 1454 1126 verbum
1485 1099 1542 1127 Dei.
1568 1101 1666 1128 Adhuc

875 1141 948 1168 enim
963 1146 1023 1170 crat
1036 1143 1063 1170 in
1076 1143 1159 1170 corde
1171 1143 1230 1177 ejus
1245 1145 1379 1172 mercedis
1392 1145 1539 1179 cupiditas,
1554 1151 1665 1181 propter

875 1188 946 1222 quod
964 1188 1046 1216 etiam
1063 1194 1125 1223 post
1153 1190 1265 1217 verbum
1288 1190 1348 1222 Dei,
1372 1192 1443 1225 quod
1459 1193 1555 1219 habuit
1575 1193 1599 1219 in
1617 1201 1666 1220 ore

875 1241 934 1266 suo,
948 1234 1056 1262 dicebat
1072 1235 1105 1262 ad
1123 1235 1290 1263 Balaeh”:t
1309 1236 1387 1269 Veni,
1401 1242 1428 1264 et
1450 1237 1521 1264 dabo
1540 1238 1586 1265 tibi
1604 1246 1664 1266 con-

876 1279 977 1313 silium,
997 1289 1007 1306 ι
1033 1285 1061 1308 et
1079 1281 1193 1309 docebat
1213 1289 1274 1308 eum
1293 1282 1431 1316 quomodo
1445 1283 1567 1311 mitteret
1584 1292 1665 1311 scan-

876 1326 967 1355 dalutn
990 1327 1017 1354 in
1042 1333 1190 1362 conspectu
1212 1328 1330 1355 tiliorum
1355 1328 1449 1361 Israel,
1471 1333 1500 1356 ut
1517 1331 1666 1357 manduca-

876 1376 939 1399 rent
962 1372 1040 1400 idolis
1059 1373 1197 1400 imtnolata
1213 1378 1240 1400 et
1260 1377 1288 1401 ut
1311 1374 1523 1403 foruicarentur.
1549 1376 1666 1411 Propter

875 1418 948 1451 quod
960 1421 986 1445 et
998 1417 1094 1446 cecidit
1107 1418 1232 1452 populus,
1244 1423 1270 1446 et
1286 1419 1362 1454 plaga
1380 1427 1478 1454 magna
1493 1421 1564 1449 facta
1579 1427 1620 1449 est
1637 1423 1663 1450 in

876 1468 919 1494 eo,
939 1462 1025 1491 donec
1042 1462 1160 1491 Phincos
1176 1468 1316 1498 perempto
1332 1463 1466 1498 Israelita,
1482 1466 1527 1501 qui
1544 1466 1664 1495 fornica-

23 1513 180 1540 orientem.
199 1511 286 1540 Habet
304 1511 377 1540 enim
399 1516 426 1539 et
449 1515 540 1539 ortum
561 1510 671 1538 luminis
697 1510 737 1539 sui
762 1509 823 1542 ille,
839 1522 860 1549 ο
878 1508 956 1536 batur
978 1516 1039 1535 cutn
1059 1508 1253 1540 Madianitido,
1273 1510 1378 1537 sedavit
1402 1510 1523 1539 furorem
1549 1513 1664 1541 Domini.

24 1558 75 1593 qui
92 1557 236 1585 convertit
252 1565 281 1584 se
295 1557 366 1585 sicut
379 1557 503 1591 angelum
517 1556 585 1585 lucis
598 1556 631 1582 ⁸⁷.
645 1555 733 1585 Habet
752 1555 823 1583 Illam

24 1606 119 1631 lucem
136 1622 144 1636 ,
170 1603 204 1631 de
226 1609 280 1637 qua
301 1602 432 1637 scriptum
451 1601 548 1629 est”:
566 1610 575 1627 ι
593 1601 650 1630 Lux
675 1601 821 1636 impiorum

21 1649 236 1683 cxstinguetnr.
255 1657 264 1673 ι
282 1647 315 1674 Et
334 1649 406 1676 sicut
427 1647 477 1674 ista
501 1646 543 1673 lux
562 1646 724 1681 impiorum,
738 1651 766 1674 et
780 1646 824 1673 illa

21 1702 88 1729 quae
99 1694 241 1722 convertit
265 1701 295 1720 se
311 1694 381 1721 sicut
401 1693 526 1728 angelum
541 1692 620 1725 lueis,
633 1693 769 1720 contraria
785 1697 826 1720 est

21 1740 62 1767 illi
84 1739 161 1772 luci,
180 1746 243 1774 qum
256 1738 397 1766 diccbat"
412 1747 417 1765 :
431 1747 440 1764 t
457 1738 511 1773 Ego
531 1745 592 1765 sum
609 1738 652 1766 lux
675 1738 765 1764 mundi
783 1746 790 1770 ;
813 1747 822 1764 ι

21 1787 62 1813 ita
83 1791 114 1814 et
136 1785 189 1814 iste
204 1785 298 1813 oriens
313 1785 470 1812 contrarius
485 1790 528 1813 est
543 1784 580 1811 illi
600 1784 710 1816 orienti,
725 1785 758 1812 de
771 1791 824 1818 qtto

20 1832 169 1868 scriptum
197 1835 240 1858 est
259 1830 285 1858 in
313 1830 445 1858 Zacharia
465 1830 508 1856 9°:
528 1839 536 1856 t
555 1829 624 1858 Ecce
647 1829 702 1861 vir,
727 1829 824 1859 Oriens

21 1885 135 1905 nomen
148 1877 211 1912 ejus
222 1881 291 1903 ρει.»
307 1875 344 1903 Ex
360 1875 431 1903 illius
445 1882 520 1910 ergo,
543 1883 596 1903 non
617 1874 696 1907 hujus
712 1874 826 1902 orientis

19 1924 134 1950 finibus
150 1922 280 1949 veniebat
294 1921 417 1952 Balaam,
436 1921 604 1949 illuminatns
624 1921 684 1948 sine
698 1920 779 1948 dubio
792 1920 826 1947 ab

20 1970 70 1997 illo
84 1969 235 2000 Lucifero,
251 1969 284 1996 de
299 1975 353 2002 quo
370 1967 468 1994 dicitur
479 1967 500 1982 ⁹¹
516 1975 522 1993 :
540 1975 548 1992 ι
565 1966 707 1999 Quomodo
727 1965 827 1992 cecidit

17 2017 54 2043 de
70 2016 148 2043 cu'Io
166 2014 287 2047 Lucifer,
302 2014 349 2049 qui
363 2021 443 2041 mane
457 2012 619 2041 oriebatur?
633 2022 642 2038 ι

55 2062 88 2089 2.
107 2061 166 2089 Sed
181 2061 326 2087 videamus
339 2059 403 2094 qttid
416 2058 483 2086 dicit
496 2058 532 2086 illi
549 2057 646 2085 Balach
668 2064 714 2086 rex
737 2056 826 2088 Moab,

14 2107 68 2142 qui
90 2105 245 2134 accersivit
263 2112 324 2133 cum
345 2111 360 2132 e
376 2103 464 2131 tnedio
484 2102 623 2130 ﬂutniutnn
642 2103 675 2130 de
691 2102 826 2129 montibus

15 2153 158 2181 orientis.
181 2160 192 2177 ι
210 2151 289 2182 Veni,
306 2150 394 2185 inquit
414 2149 449 2181 ",
467 2154 494 2177 et
516 2148 632 2176 maledic
654 2147 719 2175 ntihi
732 2147 826 2182 ,ιιι-οι),

876 1553 909 1582 Et
926 1559 985 1588 post
1009 1554 1077 1587 hare,
1105 1555 1205 1589 inquit,
1226 1555 1353 1589 produxit
1371 1556 1487 1585 l’hinecs
1513 1559 1663 1587 exercitum

876 1604 972 1627 contra
993 1599 1165 1633 Madianitas,
1188 1606 1215 1627 et
1237 1601 1431 1630 interfecerunt
1447 1604 1589 1631 duodecim
1605 1606 1666 1632 mil-

877 1645 912 1672 lia
928 1645 1060 1678 virorutn,
1083 1651 1111 1673 et
1133 1645 1242 1673 Balaam
1268 1647 1354 1674 ﬁlium
1375 1647 1445 1675 Beor
1467 1649 1493 1676 in
1518 1650 1608 1684 gladio
1631 1651 1664 1678 “.

877 1690 931 1717 Sed
948 1695 976 1718 ct
999 1691 1056 1718 haec
1073 1696 1138 1719 autc
1153 1696 1259 1726 tempus
1285 1699 1333 1727 per
1359 1700 1500 1720 excessum
1521 1696 1665 1729 quemdam

878 1736 1093 1768 introduximus,
1116 1742 1146 1763 ιιι
1168 1736 1374 1765 ostenderemus
1398 1739 1460 1773 quia
1481 1739 1587 1766 Balaam
1613 1748 1665 1767 non

879 1782 904 1808 in
922 1782 1015 1813 corde,
1045 1782 1092 1809 sed
1123 1782 1148 1809 in
1176 1790 1224 1810 ore
1240 1784 1427 1811 tantummodo
1444 1784 1538 1823 habuit
1555 1786 1666 1813 verbum

880 1828 937 1855 Dei.
961 1827 1071 1855 Interim
1090 1835 1150 1862 qua:
1168 1828 1269 1862 profert
1281 1849 1288 1861 ,
1306 1835 1367 1863 quas
1389 1828 1519 1862 loquitur,
1538 1837 1569 1857 ex
1587 1831 1668 1858 verbo

880 1875 926 1902 Dei
940 1874 1061 1907 loquitur
1071 1894 1079 1906 ,
1093 1878 1122 1900 et
1140 1873 1201 1900 ideo
1215 1881 1276 1908 qua:
1292 1874 1371 1906 dicit,
1387 1875 1500 1902 verbum
1519 1874 1565 1902 Dci
1579 1880 1631 1903 est.

914 1919 940 1946 5.
967 1919 1014 1947 Ait
1041 1926 1107 1954 ergo
1124 1927 1130 1946 :
1148 1920 1171 1936 "
1190 1929 1199 1946 ι
1219 1919 1289 1952 Quid
1317 1920 1475 1947 maledicam
1491 1940 1499 1952 ,
1518 1927 1598 1955 quem
1614 1929 1666 1950 non

881 1965 1018 1993 maledicit
1047 1965 1198 1993 Dominus?
1231 1965 1285 1992 Aut
1309 1965 1373 2000 quid
1401 1966 1666 2000 supermaletlicam,

879 2017 959 2044 quem
976 2017 1028 2038 non
1051 2009 1273 2045 supertualedicit
1297 2009 1473 2038 Dominus?»
1498 2011 1670 2045 διψριτιίιλιθο

879 2056 942 2084 (Ιίιίὶι
959 2075 967 2088 ,
995 2064 1044 2084 nos
1073 2055 1264 2090 praesumimus
1297 2056 1445 2084 secundant
1473 2056 1553 2092 327
1580 2056 1667 2084 Graeci

879 2102 1013 2129 sermonis
1030 2101 1172 2135 rationem,
1189 2101 1240 2128 vim
1248 2102 1327 2137 ,verbi
1346 2101 1492 2129 ostendere
1507 2109 1539 2129 ex
1557 2110 1663 2137 praepo-

880 2147 988 2175 sitionis
1004 2150 1149 2182 augmento
1170 2147 1323 2181 cupientes.
1349 2147 1418 2180 Quid
1441 2155 1507 2182 ergo
1524 2148 1668 2176 dicemus?

14 2206 45 2227 ct
65 2199 149 2230 veni,
175 2197 294 2226 maledic
309 2197 375 2223 mihi
392 2195 484 2224 Israel.
496 2204 505 2220 ι
527 2194 555 2222 Ιιι
572 2195 678 2222 Latinis
692 2194 826 2222 sertuoni-
844 2189 866 2218 Ι)
879 2191 963 2221 Iacob
976 2193 1084 2227 quidem
1109 2200 1162 2221 non
1187 2193 1326 2221 maledicit
1351 2193 1482 2221 Dominus
1504 2201 1553 2222 nec
1575 2193 1669 2227 Israel,

15 2247 72 2273 bus
87 2253 167 2281 pene
192 2244 328 2278 superﬂua
346 2243 453 2270 videtur
467 2248 528 2268 esse
543 2241 680 2276 repetitio,
696 2249 754 2275 quae
767 2241 804 2268 ait
819 2249 825 2269 :

17 2302 27 2318 ι
49 2291 185 2320 ualedic
211 2289 277 2317 mihi
298 2288 384 2316 Iacob
396 2308 404 2320 ,
422 2287 537 2316 maledic
560 2287 625 2314 tnihi
642 2286 734 2314 Israel.
748 2296 757 2312 ι
774 2286 826 2315 Sed

14 2343 60 2364 est
82 2338 116 2365 in
136 2335 247 2364 Graecis
262 2334 363 2362 litteris
376 2334 426 2362 sub
445 2332 553 2360 nomine
573 2330 654 2361 Israel
671 2331 698 2358 ιιι
717 2331 829 2359 maledi-

14 2383 110 2411 cendi
123 2381 214 2409 verbo
225 2379 282 2416 (58)
298 2377 499 2416 praepositionis
512 2376 638 2411 adjectio,
651 2384 731 2411 quam
744 2377 828 2405 nostri

13 2429 61 2457 vel
82 2428 187 2456 minus
200 2426 328 2454 decenter
345 2424 397 2452 dici
414 2423 570 2455 credentes,
587 2422 629 2449 vel
652 2421 751 2449 nullam
772 2423 825 2449 vim

13 2474 165 2502 dictionis
191 2471 251 2499 addi
278 2479 311 2498 ex
333 2471 383 2498 hoc
402 2477 481 2505 posse
505 2468 710 2500 existimantes,
726 2469 826 2506 omise-

13 2527 100 2549 runt.
122 2519 183 2548 Nos
198 2521 288 2545 autem
305 2523 460 2546 sermonem
473 2514 536 2542 licet
567 2519 661 2542 contra
680 2520 827 2543 consuetu—

50 2580 78 2595 "
91 2578 188 2606 Num.
198 2575 312 2607 xxnt,7.
349 2573 373 2590 '°
387 2573 456 2600 I‘sal.
466 2581 576 2604 cxnvr,
591 2573 615 2599 I.

10 2623 80 2647 xm,
107 2613 159 2640 16.
201 2611 224 2627 ⁸⁵
243 2609 297 2638 Jer.
314 2617 362 2647 _t.t,
375 2609 437 2647 es.“
459 2609 482 2625 ⁸⁵
495 2607 516 2635 Il
534 2609 597 2635 Cor.
611 2615 639 2647 ξ,
653 2607 679 2634 5.

10 2651 59 2677 42.
72 2645 78 2647 ’
111 2648 138 2662 ’⁸
153 2647 209 2674 lsa.
225 2645 339 2676 “v.12.

9 2694 53 2716 III.
74 2684 131 2711 14.
174 2684 198 2697 ’⁷
213 2684 276 2708 ibid.
291 2684 334 2706 Π.
365 2684 389 2695 "’
400 2684 468 2707 Ueu.
482 2687 517 2711 tv,
533 2684 573 2705 ιι.
605 2684 628 2694 ’⁸
639 2684 812 2710 ueut.xxvtt,

45 2732 123 2767 (58)
151 2727 386 2767 In__ntalcdicettdi
412 2727 498 2753 verba.
523 2725 616 2755 Codex
641 2724 824 2757 Corbeiensis,

11 2778 19 2794 ι
39 2764 70 2795 ἰὴ
95 2764 291 2793 lilaIetIiCIOJ

46 2800 216 2838 (59)]ι1ριιι
234 2797 330 2838 codex,
342 2806 357 2838 _t
372 2804 515 2837 exacuere.
526 2805 539 2838 ιι
560 2795 637 2838 Alias
648 2815 655 2827 ,
673 2804 681 2820 ι
696 2801 833 2838 exercue-.

8 2831 56 2867 rit:
86 2848 97 2864 ι
110 2831 215 2863 Ῥιιυιο
234 2833 305 2860 tnl'ra
323 2833 404 2865 idem,
423 2842 431 2857 ι
453 2831 616 2858 interiit-cret
632 2831 801 2857 innocentes.
816 2839 824 2854 ι

653 2571 674 2588 ⁸¹
689 2571 759 2598 Psal.
777 2580 903 2603 Lxxxvn,
921 2572 947 2598 1.

726 2607 747 2622 ⁸⁷
766 2607 785 2634 Il
803 2608 866 2635 Cor.
881 2615 919 2634 xt.

378 2644 400 2660 "
417 2643 496 2670 Num.
518 2651 597 2672 xxttt.
616 2642 638 2668 7.
679 2642 701 2658 ⁰³
715 2642 872 2674 Num.xxtv,
890 2643 932 2670 M.
970 2643 992 2659 ’δ
1007 2642 1087 2669 Num.
1107 2649 1184 2673 xxxt,
1197 2640 1224 2667 8.

174 2681 198 2697 "'
213 2681 276 2708 ibid.
291 2680 334 2706 I7.
365 2679 389 2695 ⁸³
400 2679 468 2707 Gen.
482 2687 517 2711 tv,
533 2678 573 2705 II.
605 2678 628 2694 9’
639 2677 793 2704 Deut.xxvtt
805 2697 812 2710 ,
831 2678 874 2705 I5.

879 2240 927 2267 sed
942 2239 987 2269 alii
1007 2243 1087 2274 putas
1101 2239 1182 2270 alicui
1201 2240 1358 2267 maledicit?
1380 2239 1509 2274 Legimus
1525 2241 1668 2275 scriptum,

880 2285 943 2319 quia
960 2284 1025 2313 dicit
1041 2285 1171 2313 Dominus
1197 2285 1230 2312 ad
1255 2285 1462 2320 serpentenq":
1482 2293 1492 2311 ι
1511 2284 1670 2313 Maledictns

880 2335 909 2360 tu
925 2331 952 2359 in
967 2330 1093 2358 omnibus
1107 2330 1200 2358 bestiis
1211 2334 1302 2358 terrae.
1317 2339 1326 2355 ι
1341 2330 1480 2357 Etiterum
1494 2330 1526 2358 ad
1536 2330 1668 2357 Adam":

884 2386 892 2402 t
912 2376 1055 2403 Maledicta
1081 2380 1152 2403 terra
1175 2376 1201 2403 in
1227 2376 1355 2410 operibus
1379 2375 1431 2402 tuis
1444 2374 1512 2411 (60).
1541 2384 1550 2400 ι
1568 2375 1621 2402 Sed
1643 2379 1670 2402 et

880 2421 946 2449 Cain
960 2422 984 2438 "‘
998 2431 1004 2448 :
1022 2430 1031 2447 ι
1056 2421 1088 2448 Ει
1100 2428 1172 2449 nunc
1187 2421 1347 2449 tnaledictus
1361 2427 1387 2448 tu
1412 2429 1427 2447 a
1445 2426 1515 2448 terra
1530 2427 1589 2455 qua:
1603 2428 1668 2454 ape-

883 2468 937 2494 ruit
950 2474 980 2494 os
995 2474 1074 2495 suum
1085 2486 1093 2500 ,
1107 2471 1137 2494 ut
1150 2467 1283 2501 reciperet
1299 2466 1458 2501 sanguinem
1474 2465 1567 2493 fratris
1582 2466 1619 2492 tui
1636 2465 1670 2492 de

883 2513 1007 2541 manibus
1022 2513 1090 2546 tuis;
1110 2522 1119 2539 ι
1136 2518 1163 2540 et
1175 2513 1197 2529 "
1212 2522 1219 2539 :
1238 2523 1247 2539 ι
1266 2512 1425 2540 Maledictus
1442 2512 1530 2539 omnis
1542 2512 1589 2547 qni
1606 2511 1671 2539 facit

986 2572 1008 2588 "
1019 2570 1090 2598 Psnl.
1104 2578 1188 2603 cxxn,
1198 2571 1224 2598 5.
1259 2570 1282 2587 ⁸³
1289 2570 1358 2597 Psal.
1369 2577 1460 2601 cxxtv,
1470 2569 1497 2596 ‘2.
1536 2568 1560 2585 “
1567 2568 1667 2596 Jerem.

957 2607 979 2623 ⁸⁸
993 2606 1043 2639 Job
1060 2613 1136 2637 xvm,
1149 2606 1176 2632 5.
1214 2606 1236 2621 "
1251 2604 1328 2632 Joan.
1344 2612 1403 2636 vttt,
1420 2604 1463 2631 I2.
1502 2604 1525 2620 ”
1534 2603 1616 2631 Zach.
1632 2612 1668 2636 Vt,

970 2643 992 2659 ἰ
1007 2642 1087 2667 Νιιιιι.
1107 2649 1184 2667 xxxt.
1197 2640 1224 2667 8.
1263 2640 1286 2657 "
1305 2639 1384 2666 Num.
1401 2647 1480 2667 xxtn.
1495 2638 1522 2666 8.
1565 2638 1666 2666 “Gen.

1378 2659 1384 2666 ι
1401 2658 1480 2673 anan,
1495 2658 1522 2666 νο
1599 2658 1666 2666 υιιιι

879 2725 965 2755 Alias.
981 2735 990 2751 ι
1007 2724 1153 2752 intcrliciat
1169 2723 1338 2750 innocentes.
1351 2731 1360 2748 ι

919 2760 988 2795 (60)
1014 2760 1083 2787 Idem
1097 2779 1104 2792 ,
1132 2768 1141 2785 ι
1165 2758 1292 2793 operibus
1314 2758 1377 2786 tuis.
1399 2767 1409 2784 ›
1432 2757 1504 2785 Alias
1519 2776 1526 2790 ,
1560 2765 1568 2782 ι
1589 2760 1671 2791 opere

883 2801 936 2823 ιιιιι.
958 2805 966 2820 Ι
