1903 3052
215 151 265 178 687

937 142 1097 170 ORIGENIS

1807 139 1856 167 68%

217 207 350 243 sculptile,
369 211 414 234 aut
429 205 520 233 fusile.
539 213 549 230 ι
571 204 669 230 Verum
685 209 717 230 ne
734 209 814 237 putes
831 202 888 229 hsce
905 201 1006 228 veteri-
1020 203 1041 231 A
1058 200 1223 229 conferatur.
1239 201 1291 228 Aut
1304 200 1327 228 si
1339 200 1371 227 ad
1387 200 1507 226 futurum
1524 199 1656 226 saeculum
1674 198 1727 226 ista
1743 206 1858 226 conver-

218 256 268 282 bus
283 252 469 282 tantumnodo
491 251 590 279 litteris
604 249 757 282 contineri,
776 249 859 276 etiam
875 248 901 274 in
919 248 1007 274 Evan-

218 300 296 334 geliis
320 298 419 326 similia
442 295 576 323 invenies.
602 293 740 328 Set-iptum
768 298 810 321 est
836 293 908 320 enim
935 293 1005 326 quod

218 346 341 373 dicturus
370 344 406 371 sit
431 342 560 370 Dominus
587 341 621 368 iis
642 341 687 375 qui
711 348 726 366 a
749 339 869 366 sinistris
891 342 953 365 sunt
974 338 1005 364 ἐ

220 401 230 417 ι
251 390 385 418 Discedite
399 397 413 415 a
432 396 483 419 me,
507 387 643 415 maledicti
659 405 665 418 ,
688 385 715 412 in
731 385 818 419 ignem
832 388 974 411 teternum.
995 392 1004 407 ι

218 437 270 465 Sed
285 442 311 464 et
328 443 388 463 cum
405 435 470 462 dicit
481 435 490 450 ¹
505 443 511 460 z
533 443 543 459 ‹
562 433 606 460 Va:
618 433 708 465 vobis,
723 432 820 460 scriba:
834 437 861 459 et
876 430 1006 458 Pharisaei

217 482 384 519 hypocrita;
404 491 413 507 ι
432 481 501 509 et':
521 490 530 506 ι
549 481 595 507 Va-~
618 479 696 506 vobis
712 479 852 510 divitibus,
879 487 888 503 I
908 481 935 504 et
955 477 1008 504 siu-

216 528 278 563 gula
292 527 457 563 hujusmodi,
471 526 536 561 quid
552 525 625 552 aliud
641 525 692 552 nisi
709 523 861 551 maledictis
875 530 922 550 eos
934 522 1006 549 vide-

218 582 262 603 tur
277 574 396 608 urgere?
411 573 463 601 Sed
480 573 545 607 quid
561 572 684 598 dicemus
702 571 772 604 quod
789 570 945 597 mandatutn
960 575 1008 602 per

217 620 376 655 Apostolum
390 620 481 651 datur,
497 618 542 644 ubi
555 617 620 644 dicit
631 617 660 642 δε
678 624 687 640 ι
701 614 867 647 Benedicite,
883 619 910 641 et
925 614 1008 641 nolite

219 666 382 694 maledicere
402 665 412 691 ?
429 674 438 690 ι
457 663 533 697 Quod
550 670 616 697 ergo
639 662 672 688 ab
695 661 852 689 hominibus
873 668 925 687 nou
953 660 1009 686 vult

219 712 289 743 ﬁeri,
309 712 360 738 hoc
375 711 430 745 ipse
445 709 509 736 facit
520 728 527 740 ,
540 709 585 742 qui
603 708 757 742 exemplum
775 707 836 733 vita:
852 705 1008 733 hominibus

219 757 387 792 pouit?Non
412 757 450 783 ita
477 761 529 783 est.
554 755 627 782 Deus
644 755 716 782 enim
733 754 833 788 quibus
859 752 1005 782 maledicit,

220 805 344 831 meritum
360 803 486 838 designat
500 801 559 836 ejus
574 801 616 828 cui
634 800 808 827 maledicitur
819 819 827 832 ,
849 803 877 826 et
898 802 1008 825 senten.

219 852 284 878 tiam
299 850 408 885 promit,
425 853 518 883 utpote
535 855 616 882 quem
631 855 684 875 non
704 845 791 878 lallat,
806 852 891 879 neque
903 844 1006 879 peccati

219 897 346 932 qualitas,
360 902 449 930 neque
460 894 597 929 peccantis
608 892 732 919 allectus.
745 890 831 918 Ilomo
843 894 932 917 autem
943 890 1006 924 quia

221 943 278 970 hinc
291 949 344 969 non
359 945 446 976 potest
455 940 528 967 scire
541 948 548 966 :
563 946 650 973 neque
663 937 736 965 eiiim
749 936 916 971 propositum
930 942 1006 962 men-

221 994 330 1022 temque
343 985 456 1014 alterius
473 984 563 1012 videre
578 983 646 1010 alius
662 986 708 1009 aut
724 987 889 1015 cognOscere
902 983 1005 1014 potest:

221 1034 322 1061 idcirco
335 1032 442 1059 etiamsi
454 1030 613 1065 judicantis,
627 1028 668 1055 vel
684 1026 846 1054 sententiam
856 1024 1008 1061 promentis

220 1080 317 1106 intuitu
337 1077 457 1113 proferat
479 1075 670 1107 maledictum,
688 1081 740 1100 non
760 1076 849 1106 potest
863 1070 1008 1104 essejusta

220 1124 396 1154 maledicendi
410 1129 503 1155 causa,
516 1121 560 1148 ubi
574 1121 715 1156 ignoratur
724 1117 863 1154 peccantis
876 1115 1006 1147 allectus;

219 1172 336 1200 maxime
347 1177 409 1198 ettm
426 1169 573 1196 humanum
590 1165 685 1193 vitium
703 1169 768 1191 tunc
783 1163 851 1190 sciat
865 1160 1008 1188 maledicta

219 1217 352 1253 proferre,
364 1222 428 1243 cum
440 1213 509 1242 forte
517 1212 649 1240 conviciis
658 1215 705 1237 aut
717 1209 826 1244 injuriis
834 1211 1007 1243 provocatur.

220 1263 297 1298 Quod
313 1263 407 1290 vitium
422 1266 546 1287 resecare
561 1256 708 1292 Apostolus
726 1255 830 1288 volens,
847 1262 881 1281 ne
896 1253 1010 1280 maledi-

220 1311 272 1338 ctis
299 1307 445 1335 maledicta
468 1310 496 1333 et
517 1302 650 1332 conviciis
675 1300 798 1329 convicia
821 1305 1009 1334 provocemus,

223 1355 377 1383 mandatum
393 1350 576 1379 necessarium
593 1347 686 1383 ponit,
701 1351 730 1373 ut
745 1346 938 1373 benedicamus
952 1365 959 1377 ,
983 1347 1011 1371 et

223 1410 276 1429 non
300 1398 492 1428 maledicamus
516 1402 595 1430 :quo
616 1392 787 1421 conviciandi
815 1390 912 1418 vitium
940 1396 1011 1416 rese-

222 1451 311 1480 cetur,
336 1449 363 1472 et
386 1451 439 1472 non
464 1449 519 1477 quo
542 1439 682 1475 iudicandi
700 1437 800 1466 veritas
813 1444 874 1472 quae
888 1435 1011 1463 homines

223 1493 329 1525 latet,et
345 1488 538 1526 pronuntiandi
562 1486 710 1515 auctoritas
732 1485 894 1520 perimatur.
920 1482 953 1509 Et
972 1486 1012 1509 ta-

223 1545 284 1564 men
299 1535 363 1571 quid
377 1540 466 1562 causa:
480 1532 515 1559 sit
528 1551 536 1564 ,
550 1531 622 1566 quod
639 1538 693 1558 non
714 1529 860 1557 maledieat
880 1527 1011 1555 Dominus
1024 1542 1046 1571 ο

222 1582 316 1614 Jacob,
339 1586 429 1614 neque
452 1577 551 1610 Israel,
568 1577 602 1604 ab
625 1576 683 1610 ipso
696 1573 871 1602 nihilominus
888 1571 1010 1605 Balaam,

224 1629 278 1655 imo
290 1635 306 1654 a
323 1625 407 1654 verbo
419 1623 489 1659 quod
505 1622 593 1658 posuit
608 1622 678 1649 Deus
702 1620 728 1647 in
744 1626 792 1647 ore
804 1619 878 1653 ejus,
896 1618 1012 1652 diligen-

224 1676 278 1701 tius
295 1672 438 1699 audiamus
452 1679 459 1697 :
483 1679 492 1695 ι
509 1668 642 1702 Quoniam
666 1667 700 1694 de
712 1665 874 1697 verticibus,
890 1664 979 1698 inquit
989 1663 1011 1696 ',

225 1718 356 1747 montium
380 1716 504 1744 intuehor
523 1721 607 1746 eum,
631 1716 658 1740 et
681 1719 696 1739 a
721 1711 837 1739 collibus
862 1709 1011 1744 intelligam

223 1773 296 1793 eum.
316 1773 325 1790 ι
349 1762 433 1796 Quia,
452 1760 557 1795 inquit,
573 1759 599 1786 in
615 1757 731 1786 excelsis
746 1755 884 1784 montibus
900 1759 928 1782 et
950 1754 1013 1781 altis

222 1809 337 1838 collibus
351 1808 458 1843 positus
472 1810 514 1834 est
526 1804 625 1837 Israel,
642 1803 693 1831 hoc
710 1807 769 1834 est,
784 1802 812 1829 in
829 1800 901 1828 edita
918 1799 973 1826 vita
985 1803 1013 1826 et

223 1857 308 1884 ardua
319 1876 326 1888 ,
345 1855 378 1882 ad
398 1860 480 1888 quam
497 1849 679 1879 contuendam
693 1852 720 1876 et
737 1845 942 1882 intelligendam
957 1851 1012 1872 non

224 1903 303 1931 facile
313 1901 374 1937 quis
387 1900 501 1928 idoneus
511 1897 567 1929 liat,
583 1895 635 1923 nisi
652 1893 783 1923 ascendat
797 1892 831 1920 ad
845 1893 1012 1920 eminentem

223 1954 250 1978 et
262 1948 397 1977 excelsam
415 1944 580 1976 scientiam;
598 1941 713 1974 idcirco,
731 1940 829 1976 inquit,
848 1946 901 1967 non
917 1938 942 1965 ei
956 1944 1013 1964 ma-

224 1995 315 2024 ledicit
335 1994 416 2021 Deus.
442 1991 490 2018 Est
505 1990 578 2017 enim
595 1988 651 2015 vita
668 1987 726 2022 ejus
746 1986 801 2013 alta
822 1989 850 2013 et.
871 1983 1011 2019 prtecelsa,

225 2050 277 2070 non
292 2039 404 2068 humilis
417 2041 444 2065 et
458 2037 574 2072 dejeeta.
592 2033 669 2067 Quod
686 2038 776 2061 tamen
789 2039 844 2059 non
860 2029 925 2058 mihi
939 2029 1014 2056 vide-

226 2094 270 2116 tur
286 2086 350 2120 quia
368 2085 402 2112 de
415 2083 462 2111 illo
477 2082 570 2113 Israel,
582 2080 628 2115 qui
643 2080 795 2108 secundum
809 2083 919 2105 carnem
930 2075 1014 2103 Israel

225 2139 278 2166 est,
293 2131 394 2159 dixerit
410 2139 417 2157 :
433 2130 479 2158 sed
494 2129 528 2157 de
543 2129 601 2160 illo,
614 2128 691 2163 cujus
707 2133 789 2160 super
801 2131 903 2152 terram
919 2123 1014 2150 ambu-

226 2179 306 2207 lantis
321 2176 495 2206 conversatio
510 2176 537 2202 in
549 2175 618 2203 ctelo
631 2178 683 2202 est.
699 2173 752 2200 Aut
765 2172 788 2200 si
798 2171 879 2199 etiam
894 2170 928 2199 ad
939 2169 1014 2197 illum

1058 247 1139 273 timus
1151 266 1158 278 ,
1176 247 1202 273 id
1217 251 1277 280 est,
1295 246 1328 273 ad
1344 245 1553 273 resurrectionis
1569 250 1676 278 lempus
1691 244 1800 272 :Jacob
1814 245 1856 271 vi-

1057 295 1142 326 debo,
1158 299 1247 328 potest
1261 293 1296 321 de
1309 293 1470 328 corporibus
1483 293 1585 320 dictum
1610 292 1730 326 intelligi
1745 301 1752 318 :
1773 292 1856 318 Israel

1057 345 1147 366 autem
1162 339 1321 374 intelligam,
1339 339 1464 374 spiritum
1486 343 1513 366 et
1531 338 1653 365 animam
1670 337 1730 372 (6|)
1746 337 1855 372 signiﬁ-

1056 394 1119 413 care
1131 385 1342 419 resurgentium.
1366 393 1375 410 t
1389 385 1467 417 Ecce,
1487 384 1575 418 inquit
1591 384 1613 415 °,
1637 383 1759 417 populus
1782 382 1857 409 solus

1058 430 1208 462 habitabit,
1224 434 1252 456 et
1277 431 1302 456 in
1326 430 1481 457 nationibus
1497 437 1550 456 non
1567 429 1753 463 reputabitur.
1773 437 1784 454 ι
1807 428 1858 455 Po-

1059 482 1111 504 test
1124 476 1233 510 quidem
1246 481 1271 502 et
1286 475 1433 502 secundum
1450 475 1568 502 litteram
1583 480 1668 501 stare.
1686 474 1771 501 Solus
1782 475 1856 501 enim

1058 522 1172 558 popultts
1182 521 1268 548 Jacob
1282 529 1335 548 non
1349 526 1389 548 est
1401 521 1547 555 permistus
1557 520 1667 547 caeteris
1681 520 1854 551 hominibus,

1058 575 1108 595 nec
1121 568 1191 594 inter
1202 571 1315 594 cmteras
1323 571 1419 601 gentes
1436 570 1577 600 reputatus
1592 570 1645 592 est.
1660 565 1766 592 Ilabuit
1783 566 1854 592 enim

1058 618 1132 642 certa
1153 621 1267 648 qumque
1289 613 1428 648 privilegia
1445 613 1471 639 iu
1495 612 1757 645 observationibus,
1774 617 1803 638 et
1829 613 1853 638 in

1059 660 1184 695 legitimis
1209 660 1286 691 suis,
1315 667 1348 686 ex
1371 659 1470 694 quibus
1491 663 1683 693 sequestratus
1706 667 1719 685 a
1747 659 1856 685 caeteris

1057 706 1183 740 gentibus
1196 705 1354 732 haberetur.
1372 705 1449 732 Sicut
1462 704 1536 732 enim
1555 705 1643 732 tribus
1655 704 1722 732 Levi
1744 712 1801 732 non
1815 710 1856 730 est

1059 752 1187 787 permista
1214 752 1288 778 inter
1312 755 1426 778 cmtcras
1442 751 1550 783 tribus,
1578 758 1629 778 nec
1655 750 1857 777 adnumeratur

1059 798 1130 824 inter
1142 804 1188 824 eas
1202 805 1209 823 :
1226 797 1277 824 hoc
1292 801 1372 832 pacto
1389 801 1417 823 et
1432 797 1520 823 omnis
1536 795 1618 823 Israel
1631 815 1640 829 ,
1655 803 1706 823 nec
1722 795 1858 822 miscetur

1059 844 1164 871 caeteris
1177 843 1313 878 gentibus,
1331 851 1380 870 nec
1397 847 1539 877 reputatur
1555 843 1626 870 inter
1642 849 1702 870 cas.
1719 841 1787 869 llaec
1798 842 1858 876 qui-

1058 890 1119 917 dem
1135 890 1161 916 in
1181 889 1226 916 illo
1239 889 1338 924 populo
1358 888 1460 916 fuerint
1475 889 1624 916 secundum
1644 888 1766 915 formam
1784 888 1857 914 l'utu-

1058 940 1150 959 rorum
1164 932 1316 963 bonoritm,
1338 939 1418 959 verus
1446 936 1536 958 attlem
1561 931 1646 958 Jacob
1671 935 1700 958 et
1723 931 1857 965 spiritalis

1059 977 1140 1005 Israel
1163 984 1226 1005 vere
1252 977 1325 1004 solus
1349 976 1483 1004 habitabit
1509 977 1535 1003 in
1562 976 1701 1011 gentibus.
1735 975 1765 1003 Si
1784 977 1856 1003 enim

1060 1024 1224 1051 accessimus
1245 1024 1278 1050 ad
1299 1022 1365 1050 Sion
1381 1028 1520 1054 montem,
1535 1027 1563 1050 et
1592 1022 1732 1049 civitatem
1752 1022 1802 1049 Dei
1822 1023 1858 1047 vi-

1060 1070 1148 1096 ventis
1161 1069 1311 1096 Jerusalem
1329 1068 1467 1095 cmlestem
1479 1067 1502 1100 ⁷,
1520 1071 1546 1094 et
1566 1067 1693 1095 venimus
1717 1067 1755 1093 ad
1776 1067 1856 1101 spiri-

1061 1115 1140 1142 talem
1156 1114 1289 1147 Judaeam,
1307 1122 1368 1149 qum
1383 1119 1424 1141 est
1441 1114 1530 1148 portio
1544 1113 1610 1145 Dei,
1628 1118 1656 1140 et
1671 1113 1699 1140 in
1715 1113 1800 1140 terris
1814 1120 1857 1146 po-

1059 1161 1104 1188 siti
1127 1160 1164 1187 ibi
1182 1161 1315 1187 habemus
1331 1159 1577 1192 conversationem,
1592 1166 1658 1186 vere
1672 1167 1729 1186 non
1746 1163 1858 1193 reputa-

1061 1214 1121 1233 mur
1133 1206 1203 1233 inter
1215 1210 1329 1233 caeteras
1343 1209 1448 1240 gentes,
1461 1212 1512 1232 nec
1527 1204 1697 1240 reliquarum
1713 1205 1857 1231 nationum

1062 1251 1128 1278 lines
1145 1258 1206 1278 cum
1222 1251 1322 1278 nostris
1341 1249 1438 1277 ﬁnibus
1454 1250 1658 1282 admiscentur,
1682 1249 1797 1277 etiamsi
1815 1257 1856 1276 re-

1061 1297 1189 1324 stituatur
1202 1296 1321 1324 Sodoma
1336 1296 1363 1323 in
1378 1295 1519 1330 antiquum
1529 1315 1536 1327 ,
1553 1299 1581 1322 et
1593 1294 1731 1330 Egyptus
1749 1295 1780 1322 in
1803 1300 1856 1322 sta-

1062 1347 1119 1370 tutn
1136 1350 1214 1370 suum
1233 1343 1337 1375 redeat,
1351 1346 1378 1369 et
1393 1342 1415 1369 si
1429 1341 1494 1376 quid
1516 1341 1588 1368 aliud
1606 1341 1659 1368 tale
1675 1342 1703 1368 in
1716 1341 1858 1376 prophetis

1061 1389 1192 1422 scriplutu
1219 1393 1270 1416 est.
1295 1387 1486 1416 Verumtamen
1515 1387 1553 1414 illi
1576 1385 1661 1414 Jacob
1685 1391 1714 1414 et
1741 1387 1858 1421 spiritali

1062 1434 1155 1467 Israel,
1167 1442 1230 1462 cum
1243 1434 1277 1461 ad
1290 1434 1439 1462 Eeclesiam
1453 1433 1654 1468 primitivorum
1666 1433 1859 1462 ascenderint,

1062 1481 1152 1509 nullus
1177 1481 1379 1516 extequabitur,
1402 1479 1493 1508 nullus
1510 1479 1710 1508 admiscebitur
1722 1499 1730 1511 ,
1749 1479 1859 1507 etiamsi

1064 1528 1121 1556 istac
1142 1532 1236 1563 gentes
1251 1527 1400 1556 secundum
1420 1527 1491 1554 dicta
1508 1526 1670 1562 prophetica
1690 1526 1796 1554 fuerint
1820 1534 1861 1553 re-

1065 1575 1178 1602 stitutae.
1196 1573 1254 1602 Nisi
1269 1573 1340 1601 enim
1358 1573 1476 1601 insertus
1490 1572 1574 1600 fuerit
1589 1581 1682 1600 ramus
1693 1573 1823 1604 oleasui,
1835 1578 1862 1599 et

1065 1621 1156 1650 socius
1174 1619 1261 1647 lactus
1276 1619 1358 1646 luerit
1371 1618 1458 1646 radici
1473 1618 1647 1654 pinguedinis
1659 1618 1741 1645 oliva:
1754 1618 1776 1650 ⁸.
1792 1626 1862 1652 quo-

1066 1667 1145 1696 modo
1157 1671 1246 1702 potest
1261 1665 1360 1694 sociari
1373 1669 1400 1693 et
1412 1665 1538 1700 conjungi
1554 1667 1588 1692 ad
1597 1664 1694 1697 Jacob,
1707 1664 1751 1691 vel
1763 1663 1860 1693 Israel,

1066 1721 1127 1741 eum
1145 1713 1204 1741 sine
1227 1712 1278 1739 ista
1301 1711 1393 1738 radice
1419 1718 1469 1738 nec
1492 1704 1744 1745 Jacob'quisquam
1774 1711 1862 1744 possit

1066 1758 1205 1794 appellari,
1218 1765 1267 1785 nec
1279 1757 1387 1785 Israel?
1399 1755 1492 1791 Neque
1504 1763 1569 1791 ergo
1580 1763 1613 1783 ex
1624 1755 1709 1784 Jacob
1717 1756 1762 1783 vel
1776 1756 1859 1783 Israel

1066 1805 1089 1832 si
1102 1805 1164 1839 quis
1176 1808 1272 1837 peccat
1283 1824 1290 1837 ,
1304 1802 1388 1830 Jacoh
1401 1802 1455 1830 dici
1472 1802 1514 1830 vel
1532 1801 1614 1829 Israel
1636 1806 1748 1836 potest,
1771 1809 1860 1836 neque

1066 1857 1100 1878 ex
1113 1849 1238 1885 gentibus
1250 1848 1273 1876 si
1289 1849 1351 1883 quis
1369 1849 1507 1883 ingressus
1527 1847 1612 1874 fuerit
1632 1847 1784 1875 Ecclesiain
1807 1847 1859 1874 Do-

1067 1896 1133 1924 mini
1146 1916 1154 1928 ,
1169 1896 1240 1923 inter
1265 1899 1358 1930 gentes
1373 1895 1443 1922 ultra
1459 1894 1629 1929 reputabitur
1640 1895 1651 1910 '
1667 1902 1674 1920 :
1693 1902 1704 1920 ι
1725 1893 1792 1926 Quis
1818 1894 1858 1921 in-

1066 1941 1212 1977 vestigabit
1224 1948 1316 1968 semen
1324 1940 1431 1969 Iacob?
1445 1945 1471 1968 et
1481 1941 1541 1975 quis
1555 1939 1740 1967 dinumerabit
1751 1940 1857 1975 plebem

1067 1987 1149 2015 Israel
1169 1987 1180 2014 l
1201 1995 1211 2012 ι
1230 1986 1324 2014 Simile
1339 1991 1381 2013 est
1397 1986 1448 2013 hoe
1462 1985 1498 2012 illi
1521 1986 1593 2020 quod
1616 1986 1748 2020 scriptum
1765 1992 1807 2013 est
1824 1987 1856 2019 ιο,

1067 2034 1132 2069 quia
1147 2041 1157 2058 ι
1175 2032 1270 2060 eduxit
1292 2031 1363 2059 Deus
1377 2031 1515 2058 Abraham
1536 2030 1620 2063 l'oras,
1636 2035 1664 2058 et
1686 2030 1762 2058 aitei
1778 2039 1785 2057 :
1801 2030 1856 2057 Re-

1068 2078 1143 2113 spice
1156 2077 1189 2104 ad
1203 2076 1313 2109 ctelum,
1327 2079 1355 2103 et
1369 2076 1510 2103 dinumera
1524 2075 1630 2108 stellas,
1645 2075 1667 2102 si
1683 2081 1762 2109 potes
1779 2075 1856 2102 dinu-

1069 2131 1177 2152 merare
1187 2130 1245 2157 eas,
1263 2127 1291 2150 et
1306 2122 1363 2149 ait:
1379 2122 1416 2149 Ita
1431 2123 1481 2150 erit
1502 2129 1595 2149 semen
1618 2126 1705 2148 tuum.
1722 2121 1756 2149 Et
1771 2123 1855 2148 credi-

1069 2171 1108 2198 dit
1123 2169 1259 2197 Abraham
1273 2168 1356 2204 328
1373 2168 1428 2196 Deo
1440 2189 1447 2201 ,
1464 2172 1490 2194 et
1515 2172 1670 2202 reputatum
1695 2173 1738 2195 est
1763 2168 1798 2195 illi
1823 2170 1855 2195 ad

227 2225 353 2261 populum
368 2223 440 2250 dicta
458 2222 514 2249 haec
529 2220 672 2248 referenda
692 2223 765 2251 sunt,
787 2222 862 2245 recte
881 2223 942 2244 cum
958 2215 1015 2243 dis-
1029 2216 1206 2250 Djustitiam.
1229 2224 1238 2240 ι
1256 2215 1289 2242 Et
1305 2214 1442 2241 Abraham
1458 2213 1566 2247 quidem
1579 2233 1586 2245 ,
1603 2217 1630 2240 et
1655 2213 1726 2240 alius
1742 2213 1855 2248 quilibet

229 2271 357 2299 tinctione
379 2269 462 2301 dicit,
484 2276 493 2293 I
511 2266 638 2294 intuebor
650 2271 677 2293 et
692 2263 860 2299 intelligam;
879 2271 887 2288 ι
902 2267 932 2290 ut
944 2261 1017 2288 l'utu-

229 2323 289 2344 rum
301 2320 407 2350 tempus
418 2313 564 2349 signiﬁcet,
581 2311 647 2338 illud
663 2311 722 2337 sine
734 2309 816 2337 dubio
831 2307 941 2343 quando
957 2314 1017 2334 om-

229 2363 272 2391 nis
287 2361 368 2390 Israel
385 2360 419 2387 ad
446 2359 526 2386 Iidem
541 2356 643 2385 Christi
656 2356 767 2384 veniens
785 2353 936 2382 salvabitur
960 2357 988 2380 et
1002 2359 1017 2379 a

230 2408 366 2438 montibus
381 2411 408 2435 et
420 2413 435 2433 a
447 2405 561 2433 collibus
575 2402 743 2430 intuebitur:
759 2401 837 2429 abiis
850 2399 909 2427 sine
921 2398 1016 2432 dubio,

229 2456 275 2492 qui
288 2455 423 2484 excelsam
437 2456 464 2479 et
481 2451 620 2479 ctelestem
637 2450 721 2476 vitam
740 2451 936 2483 consurgentes
952 2453 1015 2473 cum

229 2491 339 2530 Christo
353 2497 527 2528 exercuerim
539 2503 621 2532 super
637 2499 737 2523 terras.
751 2493 805 2521 Sed
818 2497 846 2520 et
861 2491 935 2527 quod
950 2491 1018 2519 dixit

230 2547 263 2575 de
286 2546 370 2574 Jacob
392 2544 503 2580 quidem
516 2563 524 2576 ,
545 2552 555 2569 ι
574 2541 671 2569 videbo
690 2549 698 2574 ;
723 2549 732 2566 ι
758 2540 791 2567 de
810 2538 894 2566 Israel
915 2541 1017 2570 autem,

234 2602 243 2618 ι
261 2591 431 2626 intelligam,
456 2599 465 2615 ι
490 2588 573 2615 etiam
601 2587 653 2614 hoc
679 2584 819 2620 aptissima
843 2583 1018 2611 distinctione

232 2637 430 2672 suscipiendum
444 2640 505 2662 est:
523 2638 551 2661 ut
566 2632 638 2660 aliud
656 2632 690 2659 ad
708 2636 785 2658 actus
799 2629 928 2662 visibiles,
945 2628 1018 2655 aliud

233 2683 266 2709 ad
279 2682 441 2709 invisibilem
457 2680 536 2707 (idem
552 2683 633 2712 atque
655 2675 852 2710 intelligibilem
875 2674 1017 2702 scientiam

1069 2261 1219 2293 hominum,
1233 2263 1279 2287 aut
1290 2259 1372 2287 etiam
1386 2258 1542 2293 angelorum
1555 2267 1563 2286 :
1578 2263 1607 2286 et
1622 2258 1750 2286 fortassis
1768 2266 1853 2286 autem

1069 2311 1097 2335 et
1120 2306 1291 2342 superiorum
1317 2305 1448 2332 virtutum
1472 2312 1526 2332 non
1556 2309 1684 2339 poterant
1714 2311 1854 2332 numerare

1069 2353 1175 2385 stellas,
1191 2359 1241 2380 nec
1255 2359 1348 2381 semen
1364 2351 1512 2384 Abraham,
1531 2352 1563 2378 de
1578 2357 1631 2386 quo
1647 2351 1782 2386 scriptum
1796 2357 1852 2378 est:

1072 2409 1081 2426 ε
1105 2399 1150 2427 Sic
1164 2399 1217 2426 erit
1233 2406 1323 2426 semen
1341 2403 1426 2425 tuum.
1442 2407 1451 2423 ι
1470 2398 1541 2425 Deus
1558 2401 1659 2430 autem,
1677 2398 1710 2425 de
1724 2405 1778 2432 quo
1792 2398 1854 2425 scri-

1070 2450 1145 2480 ptum
1156 2448 1198 2471 est
1209 2443 1230 2459 “
1245 2452 1251 2470 :
1270 2452 1279 2468 ι
1295 2443 1344 2476 Qui
1354 2447 1478 2470 uulnerat
1492 2441 1692 2470 multitudinetu
1704 2442 1853 2475 stellarum,

1069 2495 1097 2517 et
1117 2489 1243 2517 omnibus
1267 2489 1307 2516 eis
1332 2489 1441 2516 nomina
1463 2493 1562 2520 vocat,
1583 2497 1593 2514 ι
1617 2492 1644 2514 et
1670 2489 1717 2522 qui
1736 2489 1801 2515 dixit
1813 2489 1854 2515 “z

1073 2545 1083 2561 ί
1099 2535 1154 2569 Εεο
1168 2534 1254 2562 stellis
1266 2534 1395 2562 omnibus
1406 2533 1542 2567 mandavi,
1559 2543 1570 2560 ι
1586 2538 1676 2568 potest
1691 2534 1854 2569 investigare

1070 2589 1161 2609 semen
1183 2579 1287 2612 Jacob,
1311 2584 1339 2608 et
1361 2580 1534 2607 dinumerare
1558 2579 1666 2614 plebem
1691 2579 1785 2607 Israel.
1800 2581 1854 2614 Ipsc

1069 2627 1141 2654 enim
1158 2626 1209 2653 scit
1222 2626 1296 2653 solus
1309 2626 1368 2660 quis
1383 2633 1446 2653 vere
1459 2626 1494 2652 sit
1508 2624 1603 2658 Jacob,
1620 2630 1647 2653 et
1665 2627 1730 2660 quis
1749 2633 1808 2653 vere
1822 2627 1856 2653 sit

1071 2671 1160 2700 Israel.
1177 2671 1235 2699 Non
1260 2672 1332 2699 enim
1351 2673 1384 2698 ad
1405 2679 1466 2698 cttm
1487 2671 1533 2706 qui
1548 2671 1574 2698 in
1592 2671 1739 2699 manifesto
1752 2671 1856 2700 ludens

264 2729 273 2744 ί
289 2728 384 2755 Matth.
399 2734 471 2759 xxv,
487 2727 531 2753 LI.
568 2727 579 2741 ³
595 2725 690 2752 Matth.
705 2731 786 2757 χχιιι,
803 2723 850 2759 2}).
884 2722 894 2737 ³
911 2721 975 2748 Luc.
991 2728 1040 2759 vi,
1062 2719 1250 2759 Ἧη-ιήῐὶοιη.
1280 2718 1553 2759 xi_t,n‘14.“'_‘Nulln.
1587 2725 1654 2744 xxut
1667 2738 1675 2749 .
1697 2719 1729 2759 _9.
1768 2719 1854 2759 ‘uihid.

237 2764 244 2778 ’
258 2762 337 2789 Hebr.
352 2770 401 2794 an,
418 2761 463 2788 ‘22.

238 2804 297 2829 xcv,
311 2797 355 2824 12.

514 2761 524 2776 ⁸
543 2760 620 2787 Rom.
639 2767 682 2791 xt,
699 2759 742 2786 l7.

273 2855 327 2891 (GI)
342 2855 423 2887 Idem,
441 2864 450 2880 ι
467 2854 577 2889 spiritus
590 2859 616 2881 et
630 2856 743 2882 animas.
762 2863 772 2881 δ
830 2879 843 2894 ο
977 2870 992 2879 .-

789 2759 799 2774 ⁹
812 2757 891 2785 Num.
908 2763 990 2787 nul,
1012 2756 1053 2783 I0.

1420 2754 1439 2769 “
1456 2753 1528 2782 Psal.
1555 2761 1663 2785 cxt.vtt,
1691 2754 1718 2780 4.

1113 2755 1134 2771 ¹⁰
1148 2754 1222 2790 Gen.
1237 2761 1287 2788 xv,
1303 2754 1330 2787 5,
1345 2753 1372 2781 6.
1420 2754 1439 2769 “
1456 2753 1528 2782 Psal.
1555 2761 1644 2780 cxutt
1656 2773 1663 2785 ,
1691 2754 1718 2780 -ί,
1773 2755 1794 2769 "
1808 2755 1854 2782 lsa.
