1903 3052
60 105 102 132 689
627 103 660 131 IN
679 102 845 130 NL'Ml-IROS
865 99 1006 128 IIOMILIA
1027 98 1094 126 XVI.

1619 98 1672 126 690

59 170 102 195 cst,
119 165 345 199 respicit;neque
356 164 389 192 ad
401 172 472 197 eam,
487 170 546 199 quae
558 164 739 191 manifestein
751 164 870 191 (πη-ηελλ
886 165 974 188 tamen
1010 165 1038 187 et
1065 159 1170 194 populo
1194 158 1231 186 illi
1261 158 1409 186 secundum
1440 165 1473 185 ea
1499 165 1560 192 quae
1591 165 1670 192 supra

58 217 94 238 est
107 211 292 243 circumcisio;
311 211 358 238 sed
372 211 445 238 videt
459 211 544 243 illum,
557 211 604 245 qui
622 211 647 238 in
663 210 771 238 occulto
786 209 832 237 Juv

59 257 123 283 deus
138 260 181 282 est
196 260 224 283 et
239 255 283 290 qui
300 256 477 283 circumcisus
493 261 535 283 est
554 255 650 287 corde,
669 263 720 282 non
738 263 830 282 carne.

58 302 108 336 ipse
122 309 186 336 ergo
202 306 243 328 est
256 301 341 333 solus,
357 302 404 335 qui
419 302 590 329 dinumerare
608 305 696 335 potest
714 305 741 328 et
757 300 832 328 inve-

60 347 159 381 stigare,
179 351 207 374 et
221 346 278 381 ipse
302 346 450 374 secundum
465 346 629 373 ineﬂ'abilem
640 351 667 373 et
681 346 833 380 incompre-

60 391 210 419 hensibilem
224 392 382 426 sapientiam
397 398 473 419 suam
488 391 521 419 ad
537 391 609 419 illam
623 391 761 419 caelestem
778 391 833 418 for-

59 444 139 469 mam,
157 445 238 471 quam
256 437 312 472 ipse
336 437 410 464 solus
431 437 502 464 scire
526 441 634 471 potest,
649 437 739 472 posuit
751 437 831 464 etiam

59 483 116 509 istos
128 490 269 515 numeros,
290 490 356 516 quos
379 483 510 510 habemus
526 483 552 509 in
570 483 693 510 manibus
708 492 714 509 :
730 483 757 509 in
770 482 832 516 qui-

59 527 101 554 bus
113 527 244 562 praecipit,
260 532 288 554 ut
302 527 449 554 secundum
464 527 642 562 cognationes
656 534 731 559 suas,
753 532 781 554 et
792 534 834 554 sc-

58 573 164 600 cnndum
181 573 276 600 domos
291 572 454 600 familiarum
465 581 589 606 suarum,
601 581 633 601 ex
652 573 764 600 nomine
779 581 833 600 om-

59 627 100 646 nes
114 619 222 646 masculi
240 627 288 652 per
303 620 391 654 capita
411 623 590 647 numeremur
604 626 618 646 a
639 619 733 654 viginti
753 619 833 647 annis

59 669 82 691 et
93 671 182 698 supra,
197 664 287 691 omnis
310 664 353 698 qui
371 664 520 700 ingreditur
535 665 561 691 in
575 664 675 691 virtute
688 664 769 692 Israel
783 673 790 697 ;
806 668 835 691 et

57 710 180 745 colligitur
192 716 286 737 eorum
305 710 414 745 quidam
430 714 553 738 sacratus
568 717 697 738 numerus
721 711 754 738 de
780 717 834 745 quo

55 756 103 789 jam
117 756 250 790 superius,
266 759 346 790 prout
361 754 472 783 donavit
487 755 626 788 Dominus,
638 756 765 783 diximus.
781 755 834 783 Sed

58 801 100 827 iste
113 809 239 829 numerus
255 806 318 829 tunc
331 801 439 829 demum
457 806 582 829 sacratus
596 806 638 829 est
665 807 693 829 et
717 802 833 837 placitus

59 845 114 878 Deo,
132 854 191 874 cum
213 847 272 881 ipso
297 847 469 881 praecipiente
493 851 662 874 numeratur.
689 847 717 874 Si
740 851 830 874 autem

56 897 139 918 contra
150 897 314 926 praeceptum
325 892 431 919 Domini
439 892 552 919 voluerit
564 892 662 926 aliquis
674 899 830 925 numerare,

58 937 111 964 licet
126 937 168 965 ille
185 938 268 965 David
292 939 328 965 sit
342 959 350 970 ,
368 937 431 965 licet
446 945 559 972 magnus
576 938 717 973 propheta,
735 942 830 965 contra

57 983 130 1018 legem
143 985 197 1019 agit
210 1005 217 1018 ,
233 988 261 1011 et
283 985 406 1019 arguitur
428 993 475 1019 per
495 985 653 1019 prophetam
666 1006 672 1018 ,
686 989 712 1012 et
729 985 832 1020 patitur

59 1030 95 1057 illa
109 1039 164 1065 qua:
187 1032 213 1058 in
237 1031 359 1059 secundo
383 1031 452 1058 libro
467 1030 620 1066 Regnorum
636 1031 751 1064 legimus
763 1032 831 1058 scri-

59 1081 95 1110 pta
108 1077 136 1103 ".
150 1077 229 1105 Solus
252 1085 318 1112 ergo
333 1078 389 1112 ipse
410 1077 456 1111 qui
480 1081 605 1104 numerat
629 1076 828 1104 multitudinem

60 1121 195 1154 stellarum,
209 1128 236 1150 et
249 1123 295 1156 qui
311 1124 402 1150 omnia
415 1131 539 1151 mensura
554 1127 581 1150 et
596 1130 710 1150 numero
723 1127 749 1150 et
764 1130 831 1157 pon-

58 1169 113 1196 dere
129 1170 264 1204 produxit,
287 1170 431 1205 investigat
458 1177 550 1198 semen
564 1169 648 1198 Iacob
662 1175 688 1198 et
707 1170 831 1198 dinume-

59 1219 93 1240 rat
106 1214 204 1248 plebem
220 1215 316 1242 Israel.

86 1261 109 1287 4.
126 1260 187 1288 Post
215 1261 274 1288 hate
298 1261 375 1296 quasi
399 1262 432 1289 de
452 1262 600 1297 semetipso
623 1263 746 1298 quaedam
765 1271 829 1298 pro-

59 1303 155 1337 phetare
185 1305 302 1337 videtur,
336 1314 397 1334 cum
419 1306 484 1334 dicit
503 1307 550 1334 ιιι
574 1317 584 1334 ‹
617 1307 748 1336 Moriatur
772 1309 831 1336 ani-

60 1357 94 1376 ma
105 1358 158 1378 mea
174 1352 245 1379 inter
257 1352 364 1379 animas
375 1352 555 1387 justorum,et
570 1353 616 1381 fiat
630 1361 722 1382 semen
739 1362 829 1382 meum

58 1396 117 1423 sicut
145 1405 235 1425 semen
263 1399 410 1433 justorum.
434 1408 444 1424 ›
475 1398 530 1426 Sed
557 1399 609 1428 hoc
635 1405 766 1435 quantum
796 1400 829 1427 ad

58 1450 183 1475 personam
202 1449 309 1480 spectat
338 1445 412 1473 illius
431 1446 540 1474 Balaam
555 1466 563 1479 ,
582 1451 610 1474 et
637 1447 709 1475 illius
732 1447 827 1480 Israel,

883 206 1010 233 diximus.
1038 203 1095 232 Non
1119 204 1190 231 enim
1217 209 1270 231 tam
1294 203 1364 237 ipsi,
1393 211 1480 238 quam-
1503 211 1594 231 semen
1615 211 1671 231 eo-

884 259 942 278 rum
963 249 1095 277 eilicietur
1120 249 1191 277 sicut
1210 256 1301 277 semen
1326 249 1475 282 justorum,
1501 256 1594 277 eorum
1619 249 1672 277 sci-

884 297 963 329 licet,
991 296 1037 330 qui
1060 295 1201 322 credentes
1228 303 1259 322 ex
1285 295 1409 330 gentibus
1431 296 1487 330 (δῖ)
1513 296 1539 323 in
1560 295 1671 323 Christo

881 340 1024 374 justilicati
1046 345 1121 368 sunt.
1140 339 1216 368 Unde
1240 340 1414 368 manifestum
1439 345 1501 374 cst,
1516 341 1579 375 quia
1602 341 1672 369 sicut

883 386 1028 421 Apostolus
1044 385 1108 413 dicit
1122 385 1159 419 η,
1179 394 1189 411 ι
1210 392 1297 420 neque
1309 386 1481 414 circumcisio
1497 386 1598 422 aliquid
1617 391 1670 419 est,

884 439 972 467 neque
985 431 1148 466 praeputium
1162 451 1170 464 ,
1185 432 1232 458 sed
1257 432 1322 459 ﬁdes
1334 451 1344 465 ,
1364 440 1423 467 qua:
1447 440 1495 468 per
1510 432 1670 460 charitatem

883 482 1022 512 operatur.
1043 486 1053 503 ι
1070 477 1104 504 Ει
1119 477 1179 505 ideo
1199 483 1278 505 nemo
1296 482 1343 505 aut
1360 478 1576 506 circumcisionis
1597 479 1671 505 anti-

883 524 989 560 quitate
1006 531 1036 551 se
1049 523 1145 558 jactet,
1161 528 1208 551 aut
1221 524 1246 551 in
1261 524 1385 559 pra‘putii
1396 525 1515 553 novitate
1529 524 1669 560 glorietur.

884 568 938 597 Sed
953 573 983 597 ut
993 569 1140 604 Apostolus
1151 569 1218 597 dicit
1231 569 1263 603 ",
1280 579 1289 596 ι
1306 571 1402 605 probet
1410 571 1594 605 unusquisque
1603 579 1671 605 opus

884 622 964 642 suum
977 634 985 647 ,
1001 620 1029 642 et
1044 619 1109 642 tunc
1126 614 1153 642 in
1176 615 1321 650 semetipso
1340 619 1445 642 tantum
1459 615 1571 650 gloriam
1588 616 1670 643 habe-

885 660 933 688 bit.
954 669 964 687 ›
980 660 1026 687 Sic
1039 661 1156 696 denique
1172 661 1304 696 propheta
1317 660 1385 688 dicit
1394 661 1417 676 ὀ
1432 670 1440 687 :
1454 661 1524 688 Ecce
1539 661 1629 694 homo,
1644 666 1671 688 et

884 713 951 741 opus
969 705 1045 740 ejus,
1062 712 1090 733 et
1108 714 1212 735 merces
1229 707 1255 734 in
1270 711 1415 742 conspectu
1430 706 1536 734 Domini
1552 715 1612 735 esse
1630 707 1671 735 di-

884 752 965 784 citur,
981 756 1010 779 ut
1025 753 1120 780 reddat
1137 754 1284 789 unicuique
1302 753 1450 781 secundum
1465 761 1550 788 opera
1565 762 1625 787 sua,
1642 755 1669 781 in

884 796 993 825 Christo
1008 797 1073 825 Jesu
1090 798 1203 826 Domino
1219 803 1312 826 nestro
1326 819 1333 831 ,
1353 799 1395 827 cui
1411 804 1454 828 cst
1469 799 1554 835 gloria
1569 804 1595 828 et
1617 799 1669 827 im-

848 832 869 859 Β
884 843 988 878 perium
1004 844 1030 872 in
1043 844 1142 872 saecula
1155 845 1329 873 saeculorum.
1343 845 1439 873 Amen.

1167 900 1307 929 IIOMILIA
1326 901 1395 929 XVI.

1078 952 1117 979 De
1129 952 1266 986 prophetia
1279 952 1333 979 alia
1348 951 1471 979 Balaam.

918 998 945 1025 l.
959 997 1051 1025 Priore
1065 1002 1196 1030 tractatu,
1212 998 1372 1033 inquantum
1389 998 1521 1033 possibile
1537 999 1598 1032 fuit,
1615 999 1671 1033 pri-

882 1051 940 1071 mas
954 1048 1046 1078 partes
1058 1044 1208 1079 prophetiae
1223 1044 1333 1071 Balaam
1346 1044 1482 1079 explicare
1493 1046 1670 1073 tentavimus.

882 1088 1034 1117 Secundum
1050 1097 1124 1117 nunc
1138 1090 1288 1125 prophetiae
1305 1089 1411 1117 initium
1425 1090 1589 1125 sumpsimus
1601 1090 1667 1125 (63),

881 1138 910 1160 ut
927 1134 949 1161 si
965 1134 1093 1162 Dominus
1107 1135 1233 1170 aspirare
1252 1134 1377 1170 dignetur
1388 1154 1395 1166 ,
1409 1135 1489 1162 etiam
1506 1135 1539 1162 de
1556 1135 1606 1162 hac
1620 1143 1669 1170 pro

881 1179 995 1212 viribus,
1013 1188 1072 1215 qua
1086 1187 1233 1208 occurrere
1249 1180 1399 1215 potuerint,
1422 1181 1449 1208 in
1467 1181 1585 1208 medium
1604 1189 1669 1216 pro-

881 1223 1008 1253 feramus.
1024 1225 1222 1254 lnconveniens
1235 1226 1307 1253 enim
1323 1225 1390 1252 mihi
1404 1226 1490 1253 visum
1504 1232 1555 1258 est,
1571 1234 1664 1261 quam-

881 1270 922 1298 vis
938 1270 995 1298 lucc
1010 1270 1128 1298 dilIicilia
1138 1271 1293 1304 videantur,
1310 1270 1511 1305 interrumpere
1524 1276 1667 1299 tractatum

881 1324 983 1349 eorum,
1009 1317 1155 1352 quominus
1178 1317 1213 1345 de
1228 1316 1341 1352 singulis
1364 1324 1424 1351 quae
1439 1318 1669 1352 comprehendere

881 1369 1034 1396 possumus,
1052 1362 1230 1398 explicemus.
1246 1362 1331 1398 Igitur
1346 1362 1444 1390 Balach
1459 1370 1516 1397 rex,
1530 1363 1612 1391 veluti
1627 1369 1665 1391 at-

882 1407 982 1434 tonitus
994 1427 1002 1440 ,
1026 1411 1054 1435 et
1074 1415 1218 1442 percussus
1231 1415 1262 1435 ex
1280 1407 1313 1435 iis
1333 1415 1392 1442 quae
1407 1412 1501 1435 contra
1525 1415 1599 1443 spem
1615 1408 1667 1436 dici

879 1452 991 1479 videbat
1007 1460 1022 1479 a
1037 1452 1158 1485 Balaam,
1173 1452 1376 1481 benedictiones
1387 1452 1443 1489 (64)
1458 1454 1529 1481 enim
1545 1461 1594 1488 pro
1607 1462 1667 1481 ma-

58 1495 99 1535 nec
116 1488 212 1517 factum
231 1496 290 1523 est,
312 1499 362 1519 nec
382 1492 439 1520 ﬁeri
459 1493 547 1528 potuit
562 1501 570 1520 :
591 1501 644 1521 non
664 1494 736 1522 enim
757 1494 828 1522 inter
842 1505 865 1535 α
881 1496 1068 1524 ledictionibus
1084 1496 1222 1530 audiebat.
1236 1497 1307 1524 ultra
1325 1505 1379 1525 non
1392 1488 1503 1529 ferens,
1522 1498 1668 1533 interrupit

58 1532 136 1568 ipsos,
156 1536 200 1563 sed
217 1536 251 1563 ab
269 1537 336 1571 ipsis
355 1542 478 1565 mortuus
496 1542 548 1566 est.
573 1538 657 1574 Magis
685 1539 756 1567 enim
770 1559 778 1572 ,
799 1545 828 1567 ut

58 1579 170 1613 diximus,
189 1582 312 1616 ipsorum
332 1590 454 1616 persona:
472 1584 632 1612 conveniet:
649 1586 694 1620 qui
716 1585 779 1613 licet
800 1586 827 1613 in

58 1627 167 1658 prtcsenti
184 1627 285 1655 saeculo
299 1635 385 1656 vanus
404 1629 518 1663 populus
532 1629 674 1663 habeatur,
690 1631 752 1665 quia
769 1631 829 1659 sine

57 1672 131 1703 gratia
158 1677 199 1700 cst
219 1672 341 1708 Spiritus
371 1675 476 1706 sancti,
497 1675 524 1702 in
548 1674 599 1702 fine
625 1679 713 1703 tamen
737 1677 828 1704 saaculi

57 1724 108 1743 cum
125 1717 262 1752 plenitudo
283 1720 402 1754 gentium
433 1721 584 1754 introierit,
605 1726 632 1749 et
662 1722 752 1750 omnis
778 1724 829 1751 ista

58 1763 180 1797 prophetia
202 1773 263 1800 qua:
292 1766 325 1793 de
349 1766 432 1795 Israel
459 1768 575 1800 dicitur,
597 1768 623 1795 in
650 1769 766 1803 spiritali
791 1770 830 1798 ls-

58 1809 119 1837 raele
134 1810 211 1838 fuerit
227 1811 351 1847 impleta,
373 1817 435 1840 tunc
450 1814 539 1840 anima
552 1814 611 1848 ejus
624 1815 755 1842 tnorietttr
767 1822 828 1842 cum

59 1854 184 1884 animabus
201 1857 353 1892 justorum.
384 1858 518 1894 Suscipiet
540 1859 612 1886 enim
631 1861 666 1887 Vin
690 1868 719 1888 se
750 1861 829 1888 fidem

56 1899 158 1933 Christi,
184 1902 220 1930 ita
235 1906 264 1929 ut
283 1907 310 1929 et
335 1903 385 1937 ipsi
400 1904 546 1931 dicant“:
571 1914 581 1930 ί
601 1904 651 1938 Qui
675 1905 701 1932 in
721 1905 830 1933 Christo

57 1943 168 1978 Iraptizati
187 1955 283 1974 sumus
297 1967 304 1980 ,
332 1947 358 1975 in
374 1952 461 1976 morte
483 1948 568 1984 ipsius
584 1949 712 1984 baptizati
727 1958 828 1978 sumus.

56 1989 192 2024 (Ionsepulti
201 1993 275 2020 enim
288 2001 382 2021 sumus
394 1994 430 2021 illi
443 2002 491 2029 per
502 1995 663 2029 baptismum
676 1996 702 2023 in
715 2001 828 2025 morte.)

57 2034 82 2061 Et
94 2036 184 2065 iterant
199 2038 220 2054 ”
233 2047 241 2065 ι
260 2048 269 2064 ί
290 2038 317 2065 Si
333 2039 405 2066 enirn
419 2041 623 2074 commorimur,
638 2046 664 2068 et
679 2049 830 2077 conregna-

57 2079 140 2109 bimus.
156 2093 166 2110 ι
179 2083 262 2112 Etsic
276 2091 341 2112 vere
350 2085 699 2122 complcbiturintelligihili
708 2088 830 2122 Balaam,

56 2131 79 2152 ul
98 2129 225 2156 moriatur
249 2131 344 2157 anima
374 2131 431 2165 ejus
456 2133 529 2160 inter
553 2133 659 2161 animas
681 2134 828 2168 justorum.

879 1543 962 1569 verba
977 1541 1046 1576 ejus,
1064 1546 1092 1570 et
1109 1543 1147 1570 ait
1161 1543 1182 1558 ²¹
1196 1551 1203 1570 :
1222 1552 1231 1568 ι
1247 1543 1316 1576 Quid
1332 1543 1419 1571 fecisti
1439 1543 1505 1571 mihi
1523 1544 1535 1571 2
1551 1545 1591 1572 Ad
1607 1553 1666 1572 ma-

879 1587 1035 1615 ledicendos
1059 1588 1182 1616 inimicos
1198 1596 1273 1616 meos
1291 1589 1385 1617 vocavi
1402 1594 1443 1623 te,
1463 1594 1490 1617 et
1503 1597 1567 1617 ecce
1585 1589 1668 1618 bene-

880 1631 972 1659 dixisti
988 1631 1187 1659 benedictione.
1207 1640 1216 1657 ι
1235 1631 1293 1659 Νοιι
1310 1632 1372 1659 tulit
1391 1640 1439 1660 rex
1457 1640 1566 1660 amarus
1586 1633 1668 1661 bene-

880 1677 1030 1705 dictionum
1067 1677 1254 1710 dulcedinem,
1286 1678 1333 1706 sed
1373 1678 1517 1706 maledicta
1552 1680 1667 1714 quaerit,

880 1721 1023 1749 maledicta
1051 1721 1188 1756 deposcit.
1208 1721 1255 1748 Est
1287 1721 1358 1749 enim
1388 1729 1421 1749 ex
1447 1722 1610 1756 cognatione
1636 1723 1668 1750 il-

881 1767 954 1800 lius,
980 1766 1013 1793 ad
1043 1774 1123 1801 quem
1152 1766 1223 1793 dixit
1249 1766 1378 1794 Dominus
1395 1767 1417 1782 “
1440 1775 1448 1793 :
1479 1775 1489 1792 ‹
1513 1766 1668 1794 Malediclus

881 1817 908 1839 tu
931 1813 965 1839 ab
989 1811 1117 1839 omnibus
1143 1810 1239 1841 bestiis
1263 1815 1351 1838 terrae.
1370 1820 1380 1836 ›
1403 1810 1455 1838 Sed
1471 1811 1535 1845 quid
1550 1811 1584 1838 ad
1610 1812 1667 1838 haee

880 1856 962 1893 329
978 1856 1115 1891 respondit
1131 1856 1155 1883 ei
1169 1855 1224 1889 ille,
1243 1855 1286 1883 cui
1304 1855 1414 1882 verbum
1429 1855 1498 1882 Deus
1514 1855 1539 1882 in
1557 1862 1603 1882 ore
1618 1863 1666 1889 po-

881 1905 989 1934 suerat?
1004 1913 1013 1930 (
1029 1904 1123 1931 Nonne
1139 1910 1320 1938 quaecunque,
1340 1902 1438 1937 inquit,
1456 1902 1580 1936 injeccrit
1596 1903 1667 1930 Deus

881 1951 907 1977 in
922 1958 952 1978 os
967 1957 1067 1982 meum,
1082 1949 1140 1976 haec
1151 1948 1304 1976 observabo
1317 1947 1390 1982 loqui
1405 1947 1447 1974 "i
1460 1957 1470 1974 ι
1486 1948 1526 1975 Ad
1541 1947 1598 1975 haec
1615 1948 1666 1974 Ba-

881 1995 940 2023 lach
957 1999 1053 2030 putans
1075 1994 1137 2030 quia
1162 1994 1324 2030 perterritus
1346 1998 1418 2021 esset
1444 1993 1557 2020 Balaam
1577 1993 1666 2028 populi

880 2040 1021 2068 lsraelitici
1035 2040 1220 2073 multitudine,
1236 2044 1264 2067 et
1283 2039 1384 2067 idcirco
1406 2047 1458 2066 non
1475 2039 1571 2066 fuisset
1584 2047 1668 2066 ausus

881 2086 1003 2121 proferre
1031 2086 1184 2120 maledicta,
1210 2085 1387 2113 mutationem
1414 2085 1464 2113 sibi
1485 2085 1535 2113 loci
1552 2085 1668 2113 credidit

882 2132 1063 2167 profuturam,
1089 2136 1116 2159 et
1138 2132 1178 2159 ait
1197 2131 1232 2158 ad
1249 2138 1310 2158 eum
1326 2139 1335 2158 :
1351 2139 1362 2156 ι
1377 2130 1445 2158 Veni
1461 2131 1549 2158 adhuc
1563 2138 1667 2158 mecum

55 2171 118 2203 Quod
139 2180 227 2202 autem
245 2176 314 2203 dicit
334 2178 355 2193 ¹⁷
368 2198 376 2211 ,
393 2187 402 2203 ι
424 2181 455 2204 ut
471 2177 519 2204 fiat
535 2185 626 2205 semen
645 2187 734 2206 meum
758 2180 829 2207 sicut
845 2184 866 2212 ι)
883 2177 909 2204 in
930 2177 1017 2204 locum
1036 2177 1118 2204 alium
1132 2178 1166 2205 de
1181 2184 1235 2212 quo
1255 2181 1339 2204 totum
1354 2184 1408 2204 non
1426 2176 1517 2204 videas
1531 2184 1609 2210 eum,
1622 2177 1669 2204 sed

55 2223 133 2245 semen
144 2220 293 2254 justorum,
315 2231 324 2248 ι
344 2227 434 2257 posset
445 2223 554 2257 quidem
570 2227 597 2250 et
611 2224 644 2251 de
659 2224 704 2251 illo
719 2224 828 2253 Balaam

56 2261 151 2299 intelligi
165 2286 172 2298 ,
186 2267 340 2294 secundum
356 2269 407 2295 hoc
421 2269 492 2303 quod
507 2269 575 2304 magi
593 2269 630 2296 illi
643 2290 650 2302 ,
665 2270 710 2304 qui
723 2269 756 2298 de
770 2270 828 2298 ori-

56 2315 106 2335 cute
119 2313 255 2341 venientes
281 2314 360 2347 primi
386 2315 501 2343 adorare
519 2321 650 2343 venerunt
670 2316 777 2348 Jcsum,
796 2318 829 2345 de

57 2355 143 2383 sentiae
156 2358 214 2392 cjus
231 2367 293 2386 esse
309 2359 470 2392 videantur,
487 2361 543 2388 sive
564 2369 612 2395 per
627 2363 826 2390 successionem

57 2403 157 2434 generis,
171 2405 229 2430 sive
244 2412 294 2439 per
309 2405 457 2439 diseiplinm
479 2407 663 2434 traditionem.
682 2407 830 2434 Evidentcr

57 2446 116 2474 cnim
133 2455 238 2477 constat
254 2451 315 2478 illos
328 2452 471 2485 agnovisse
484 2452 590 2479 stellam
602 2473 609 2486 ,
627 2461 708 2488 quam
732 2454 830 2488 pra-di-

57 2496 120 2519 lcral
135 2493 241 2521 Balaam
258 2495 391 2522 orituram
407 2496 434 2522 in
452 2495 545 2528 Israel,
563 2500 590 2523 et
605 2498 644 2524 sic
661 2498 767 2525 venisse
781 2518 789 2529 ,
803 2503 830 2525 et

58 2536 170 2566 adorasse
188 2547 280 2575 regem
303 2541 348 2575 qui
366 2546 445 2569 natus
462 2547 504 2569 est
519 2542 547 2570 in
568 2542 663 2570 Israel.
681 2543 830 2571 Conveniet

84 2606 131 2646 "fil
143 2607 206 2646 Reg.
221 2618 296 2636 xxtv.
335 2611 356 2626 η
371 2611 446 2638 Num.
460 2620 536 2645 xxrtt,
549 2612 593 2638 10.
627 2613 647 2628 ⁸⁸
663 2613 740 2641 Rom.
757 2621 793 2645 vr,
811 2613 837 2646 3,
855 2614 881 2640 4.

381 2647 403 2661 ¹⁰
418 2647 468 2674 Isa.
486 2655 550 2675 an.
567 2647 608 2674 Η.
635 2649 656 2663 ²¹
675 2648 753 2675 Νιιιιι.
770 2657 846 2681 xxut,
865 2649 907 2676 II.

57 2642 114 2677 λϐ.
150 2644 170 2659 ¹⁹
183 2642 245 2671 Cal.
265 2653 301 2677 \il,
315 2646 342 2672 4.

60 2675 93 2702 13.
127 2678 150 2693 ’³
168 2679 263 2706 Matth.
279 2675 304 2712 v,
325 2681 367 2707 Η.

84 2734 134 2776 (ϐξ)
148 2736 175 2762 In
193 2739 364 2776 antcarcditis
380 2739 455 2776 deest
471 2749 480 2765 ‹
500 2748 532 2768 ex
556 2741 681 2775 gentibus
695 2761 702 2774 ,
723 2751 731 2768 ι
755 2742 826 2776 quod

57 2770 180 2800 ευνιιιιιιιιι·
192 2780 207 2799 e
220 2775 313 2799 codice
325 2775 492 2802 (turben-nsi.

85 2804 135 2839 (53)
152 2806 189 2834 M5
216 2808 373 2837 Curbcicns.
402 2819 410 2835 ι
423 2817 571 2843 sumemus,
589 2820 598 2836 ι
617 2816 641 2838 et
660 2811 738 2846 paulo
755 2816 824 2846 post,

884 2227 989 2257 partem
1006 2222 1124 2258 aliquant
1145 2222 1204 2258 ejus
1217 2222 1321 2256 videas,
1340 2229 1438 2250 omnes
1450 2227 1540 2250 autent
1554 2231 1611 2250 non
1630 2223 1671 2249 vi-

883 2269 958 2301 deas,
975 2274 1003 2296 et
1028 2269 1142 2297 maledic
1163 2269 1228 2297 mihi
1247 2277 1309 2297 eum
1330 2270 1393 2297 inde
1407 2270 1441 2299 “.
1465 2280 1474 2296 ι
1492 2270 1607 2298 Demens
1623 2270 1669 2304 qui

883 2315 1058 2343 lsraeliticam
1074 2316 1190 2351 gratiam
1204 2316 1257 2344 loci
1274 2315 1426 2350 objectionc
1446 2317 1570 2344 crederet
1588 2323 1669 2351 posse

884 2361 978 2393 celari,
997 2365 1023 2388 et
1038 2361 1085 2396 qui
1098 2362 1217 2390 nesciret
1230 2363 1293 2396 quia
1312 2370 1365 2390 non
1382 2366 1469 2397 potest
1485 2362 1614 2390 abscondi
1631 2363 1670 2390 ci-

884 2407 953 2434 vitas
963 2415 1043 2442 super
1055 2411 1172 2436 montem
1183 2409 1269 2443 posita
1286 2409 1318 2435 ¹¹⁵.
1327 2417 1346 2441 ,ι
1358 2408 1391 2435 Et
1401 2409 1556 2443 assumpsit,
1572 2407 1669 2442 inquit,

884 2460 945 2480 cum
970 2452 998 2479 in
1019 2453 1154 2487 speculam
1169 2454 1228 2488 agri
1250 2454 1275 2482 in
1289 2454 1419 2482 verticem
1434 2454 1534 2482 montis
1548 2453 1627 2485 caesi,
1644 2458 1670 2480 et

885 2498 1036 2525 construxit
1059 2498 1095 2525 ibi
1113 2503 1217 2534 septem
1237 2507 1309 2532 aras,
1326 2504 1352 2527 et
1375 2499 1501 2534 imposuit
1514 2498 1625 2526 vitulutn
1645 2503 1670 2525 et

885 2544 998 2572 arietem
1015 2552 1096 2580 super
1118 2553 1202 2578 aram,
1224 2550 1252 2573 et
1276 2545 1344 2573 dixit
1368 2544 1476 2572 Balaam
1496 2545 1528 2572 ad
1544 2543 1644 2572 Balach
1661 2551 1668 2570 :

922 2615 942 2630 ¹⁶
955 2613 972 2640 ll
990 2614 1060 2643 Tim.
1077 2623 1113 2646 ll,
1130 2615 1233 2648 11,12.
1275 2615 1295 2631 ⁸⁷
1306 2615 1384 2642 Nunt.
1397 2622 1475 2646 χχιιι,
1489 2614 1533 2643 10.
1572 2614 1593 2629 ’⁸
1608 2614 1669 2642 Gal.

943 2650 965 2665 ²²
980 2649 1047 2677 Gen.
1070 2658 1108 2684 tu,
1132 2650 1174 2677 Η.
1214 2651 1236 2668 ³³
1261 2650 1342 2677 Num.
1370 2658 1449 2682 ιῐιιι,
1475 2650 1519 2677 I2.
1557 2649 1580 2666 “
1598 2650 1665 2677 Ibide

884 2752 893 2768 ι
912 2751 970 2777 qua:
990 2744 1173 2775 occurrerint,
1190 2752 1217 2771 tn
1233 2744 1349 2772 medium
1365 2743 1545 2778 proferamus.
1565 2753 1580 2770 ν

910 2778 972 2818 Δ(Μ)
989 2778 1060 2805 Idem
1077 2798 1084 2810 ,
1110 2787 1118 2804 ι
1137 2779 1349 2808 benedictioucs.
1366 2789 1375 2806 ι
1402 2779 1495 2814 Alias,
1522 2788 1534 2806 ι
1554 2779 1665 2807 benedi-

880 2819 1007 2842 CIlUllCllI.
1027 2823 1035 2839 Ι
