1886 3051
216 108 260 137 (illi

941 105 1102 133 OIIIGENIS

1793 103 1838 131 θοι

214 166 320 194 Assiste
332 166 366 193 ad
377 166 541 194 sacriﬁcium
561 170 646 197 Itium,
667 173 719 200 ego
736 174 800 192 vero
813 172 924 201 pergam
942 172 1004 198 per-
1021 165 1042 193 Α
1059 165 1159 192 habem
1174 164 1253 191 talem
1267 164 1421 199 opinionem
1438 162 1471 189 de
1487 163 1552 195 Deo,
1568 167 1598 190 ut
1616 168 1695 196 putes
1704 170 1768 190 eum
1784 169 1839 190 eSSe

213 213 317 239 eontari
336 212 429 239 Deum.
452 211 485 238 Et
506 212 624 238 occurrit.
637 212 705 239 Deus
717 212 765 246 ipsi
783 211 903 244 Balaam,
918 215 946 238 et
963 211 1003 236 III-

212 258 279 292 jecit
291 257 402 285 verbum
420 258 446 284 in
459 265 490 284 os
505 256 573 291 ejus,
590 261 617 284 et
629 257 708 289 dixit,
723 267 731 282 ι
747 258 806 284 sine
822 256 903 284 dubio
915 257 1002 283 Deus:

216 311 228 329 ι
251 303 416 330 Convertere
437 302 469 329 ad
491 302 600 333 Balach,
622 307 651 330 et
677 303 733 329 haec
754 302 882 336 loqueris.
907 302 942 328 At
959 301 1003 329 ille

216 349 280 385 (hoc
299 353 340 376 est
352 348 463 384 Balach)
478 350 568 377 stabat
581 348 661 384 juxta
684 349 915 376 holocaustomata
942 355 1000 380 sua,

215 401 244 423 et
268 403 363 423 omnes
386 396 523 431 principes
540 396 618 423 Moab
630 401 697 423 cum
710 396 765 423 illo.
784 396 816 423 Et
827 396 894 423 dixit
910 395 934 423 ei
950 395 1003 421 lla-

215 441 294 468 Iach:
311 441 380 475 Quid
398 442 504 470 locutus
527 447 570 470 est
585 443 715 469 Dominus
732 442 774 468 “7
791 451 800 468 ι
822 441 875 469 [les
894 441 1003 476 quidem

214 488 337 522 profanis
359 489 502 516 sacriﬁciis
525 490 680 524 gerebatur,
698 493 725 516 et
745 488 876 515 divinatio
899 488 1003 522 magica

214 538 276 561 arte
297 534 487 570 requirebatur
514 535 596 570 (65):
626 536 719 563 volens
748 540 835 561 tamen
869 534 939 561 Deus
967 533 1003 560 ibi

215 579 355 607 abundare
369 581 495 614 gratiam,
510 581 555 608 ubi
573 580 802 615 superabundavit
814 585 955 614 peccatum
969 579 1002 609 '7,

216 625 312 653 adesse
327 626 463 660 dignatur,
486 633 536 653 nec
564 626 663 661 refugit
685 626 720 653 ab
746 626 789 657 iis,
805 633 866 660 quae
893 633 944 652 non
962 631 1004 651 se-

217 672 334 699 cundum
359 672 533 700 Israeliticam
562 672 747 707 disciplinam,
781 671 829 699 sed
856 670 1003 698 secundum

217 718 356 752 gentilium
384 718 549 753 gerebantur
573 725 705 745 errorem.
728 718 811 745 Adest
835 721 925 744 autem
951 723 1004 742 non

216 764 367 797 sacrificiis,
383 765 430 792 sed
444 764 470 791 in
488 772 632 792 occursum
651 764 779 796 venienti,
793 768 819 790 et
831 763 867 790 ibi
880 763 926 789 dat
944 769 1004 788 ver-

217 808 280 835 bum
298 816 387 840 suum,
414 814 495 843 atque
515 809 551 836 ibi
570 809 698 848 mysteria
720 809 808 835 futura
831 809 1003 842 prmnuutiat,

217 855 261 883 ubi
277 856 391 882 maxime
407 856 474 884 ﬁdes
487 861 515 883 et
528 856 674 882 admiratio
690 855 831 889 gentilium
848 855 956 890 pendet,
975 859 1005 881 ut

217 902 263 936 qui
278 902 378 930 nostris
397 902 491 929 nolunt
507 902 619 929 credere
634 901 785 936 prophetis,
803 902 915 928 credant
938 900 1006 927 divi-

219 947 261 974 nis
272 952 299 974 et
310 947 415 975 vatibus
430 947 496 974 suis.

254 993 281 1019 Ξ.
302 1001 311 1018 ι
328 993 360 1020 Εῑ
376 1001 532 1027 assumens,
554 993 649 1028 inquit,
671 993 826 1028 parabolam
855 1000 932 1021 suam
965 993 1009 1020 di-

219 1039 267 1066 xit.
285 1048 295 1065 ι
317 1039 368 1066 Per
381 1031 549 1074 'parabolam
569 1047 634 1074 ergo
655 1038 722 1066 dicit
743 1039 872 1066 Balaam:
892 1048 900 1065 ι
919 1038 1017 1073 Surge,

219 1085 329 1119 Balaeh,
353 1091 379 1113 et
392 1087 465 1118 audi,
482 1086 594 1114 auribus
610 1086 729 1121 percipe,
744 1086 820 1113 testis
836 1085 872 1112 ﬁli
891 1085 1003 1119 Sephor.

220 1131 277 1159 Non
299 1133 369 1160 sicut
390 1134 469 1161 homo
483 1133 553 1161 Deus
575 1133 731 1164 frustratur.
751 1140 838 1167 neque
852 1132 923 1159 sicut
938 1132 1008 1159 ﬁlius

220 1179 337 1206 hominis
353 1184 481 1207 terretur.
500 1178 559 1213 Ipse
573 1187 635 1206 cum
650 1179 757 1211 dixerit,
771 1187 824 1206 non
843 1178 940 1206 faciet?
969 1177 1003 1205 lo-

219 1230 316 1258 quetur
333 1229 359 1251 et
385 1232 437 1251 nou
454 1225 640 1259 permanebit?
655 1224 725 1252 Ecce
741 1224 775 1251 ad
792 1225 1006 1252 benedicendum

220 1276 373 1305 assumptus
397 1279 469 1303 sum,
488 1271 658 1302 benedicam,
677 1275 704 1298 et
729 1278 782 1297 non
797 1274 920 1296 avertam
934 1277 1005 1298 eam.

220 1317 278 1344 Non
292 1318 346 1344 erit
371 1317 449 1344 labor
462 1318 489 1345 iu
514 1317 607 1348 λάροι),
623 1324 711 1351 neque
727 1317 864 1344 videbitur
886 1316 962 1344 dolor
981 1317 1007 1344 in

221 1363 314 1390 Israel.
345 1363 474 1391 Dominus
499 1364 569 1391 Deus
594 1371 660 1390 suos
686 1371 747 1390 cum
782 1363 851 1396 ipso,
879 1362 1008 1398 praeclara

222 1409 375 1443 principum
389 1417 450 1437 cum
462 1411 523 1444 ipso
541 1413 613 1437 sunt.
632 1410 703 1436 Deus
715 1409 762 1443 qui
777 1409 870 1435 eduxit
888 1416 950 1435 eum
975 1416 1008 1435 ex

223 1456 349 1492 Egypto,
375 1457 444 1484 sicut
457 1457 541 1491 gloria
559 1457 696 1484 unicornis
715 1455 785 1489 ejus.
800 1455 857 1482 Non
871 1456 944 1483 enim
957 1455 1010 1482 erit

1055 213 1126 238 sicut
1153 212 1302 242 hominem,
1323 211 1370 245 qui
1392 210 1418 237 in
1437 211 1470 238 iis
1483 218 1543 246 qnze
1567 210 1698 244 loquitur,
1720 209 1840 236 frustrari

1054 257 1150 292 pOSsit.
1173 257 1301 284 Homines
1320 257 1392 284 enim
1413 257 1504 283 multis
1519 256 1711 283 occasionibus
1729 259 1758 283 et
1773 255 1841 282 vitiis

1054 305 1252 338 impediuntur.
1281 311 1316 331 ne
1345 311 1437 331 verum
1467 303 1503 330 sit
1529 302 1600 337 quod
1620 301 1782 336 loquuntur.
1793 301 1841 327 Aut

1054 351 1115 378 irati
1141 351 1215 378 enim
1230 351 1387 385 loquuntur,
1405 354 1433 377 et
1446 349 1486 376 ira
1502 354 1626 376 cessante
1641 349 1747 375 frustra
1764 347 1840 374 locuti

1054 401 1138 424 sunt:
1163 401 1210 423 aut
1239 400 1339 428 metus,
1365 400 1413 422 aut
1437 394 1606 427 cupiditatis,
1634 397 1681 420 aut
1705 393 1842 428 iactantia

1055 442 1156 476 gratia,
1168 442 1285 476 aliisque
1302 442 1397 468 horum
1423 439 1568 471 similibus,
1584 444 1612 466 et
1626 439 1722 474 utique
1747 438 1842 465 fntstra

1054 488 1118 520 erit,
1135 492 1161 514 et
1172 495 1270 513 vanum
1280 493 1360 513 omne
1371 485 1502 520 quidquid
1515 484 1579 512 vitio
1590 483 1752 511 dominante
1766 483 1842 510 locuti

1055 538 1128 561 sunt.
1137 533 1206 560 Deus
1215 538 1315 564 autem,
1325 533 1350 559 in
1359 539 1413 567 quo
1422 531 1494 558 nulla
1504 536 1543 559 est
1553 531 1655 566 passio,
1665 531 1738 558 nulla
1746 530 1844 564 fragilb

1056 585 1108 614 tas,
1118 587 1198 608 omne
1206 579 1277 614 quod
1285 579 1395 609 dixerit,
1407 586 1455 613 pro
1462 585 1605 605 causarum
1618 577 1724 604 meritis
1733 577 1811 604 dicit:
1819 582 1842 604 et

1056 626 1117 653 ideo
1127 633 1263 660 nunquam
1270 624 1397 651 frustrari
1411 628 1509 658 potest,
1520 623 1582 657 quia
1595 622 1665 656 quod
1676 622 1784 649 ratione
1791 629 1845 656 pro-

1057 672 1152 704 fertur,
1159 678 1252 698 carere
1259 677 1311 697 non
1322 673 1410 704 potest
1425 669 1545 696 ratione:
1557 667 1629 695 «Non
1643 675 1710 701 ergo
1720 667 1793 694 Deus
1800 668 1845 694 sic~

1055 722 1087 745 ut
1094 717 1186 749 homo,
1192 716 1238 750 qui
1248 716 1350 743 frustra
1357 715 1467 750 loquatu
1473 722 1495 746 r,
1506 721 1594 748 neque
1602 714 1672 741 sicut
1679 713 1695 740 ﬁ
1701 713 1754 740 lius
1763 713 1845 740 homi-

1057 764 1098 791 nis
1115 767 1243 794 terrelur,
1257 771 1266 788 ›
1279 761 1322 788 vel
1337 760 1379 795 (ut
1394 761 1420 788 in
1434 760 1494 787 aliis
1504 759 1707 794 exemplaribus
1722 759 1845 794 legimus)

1060 817 1069 834 ι
1081 815 1168 843 neque
1180 809 1251 835 sicut
1266 807 1335 834 ﬁlius
1347 807 1463 834 hominis
1476 810 1568 833 terret.
1580 815 1590 832 ι
1600 805 1630 831 In
1643 804 1801 832 hominibus
1812 805 1845 831 iis

1058 855 1164 882 terdum
1172 853 1333 881 sententiam
1341 857 1426 879 mutat
1436 857 1533 884 terror,
1541 852 1708 879 Deusautem
1714 851 1763 886 qui
1769 858 1845 884 supra

1057 900 1146 927 omnia
1161 904 1213 932 est,
1228 907 1242 926 a
1259 906 1312 933 quo
1328 898 1422 925 terreri
1441 903 1540 932 potest,
1557 902 1587 925 ut
1609 898 1774 925 sententiam
1792 905 1846 924 mu-

1059 945 1111 972 tet?
1141 944 1170 972 Si
1194 951 1258 971 vero
1281 944 1428 971 secundum
1446 944 1498 970 hoc
1518 943 1695 977 accipiamus,
1719 942 1793 976 quod
1821 942 1844 968 iu

1058 993 1119 1020 aliis
1140 991 1346 1026 exemplaribus
1368 991 1487 1017 diximus
1504 989 1615 1022 lectum,
1632 989 1685 1015 ltoc
1697 992 1752 1018 est.
1772 997 1783 1014 ι
1801 995 1844 1014 ne-

1058 1045 1110 1072 que
1134 1037 1204 1064 sicut
1231 1036 1301 1063 ﬁlius
1323 1035 1441 1062 hominis
1463 1038 1567 1066 terret;
1585 1043 1594 1058 ι
1622 1032 1688 1060 illud
1712 1031 1846 1059 videbitur

1059 1083 1122 1116 dici,
1134 1082 1205 1117 quod
1221 1081 1343 1109 homines
1358 1079 1467 1115 quidem
1491 1078 1627 1106 interdum
1651 1084 1701 1112 pro
1714 1076 1844 1110 iactantia

1059 1136 1178 1157 terrores
1192 1128 1294 1156 faciunt
1312 1131 1340 1154 et
1363 1126 1463 1158 minas,
1481 1125 1562 1152 etiam
1582 1124 1616 1151 iis
1639 1130 1844 1156 nonnunquam.

1059 1177 1157 1211 quibus
1174 1181 1271 1202 nocere
1286 1180 1339 1200 non
1356 1176 1484 1207 possunt;
1508 1171 1577 1197 Deus
1589 1173 1680 1196 autem
1696 1175 1752 1195 non
1765 1172 1845 1194 terret

1060 1223 1096 1249 ita
1107 1221 1242 1251 homines,
1258 1218 1336 1254 quasi
1357 1218 1402 1252 qui
1417 1217 1513 1252 punire
1528 1223 1582 1243 non
1599 1214 1697 1250 possit.
1718 1219 1746 1241 et
1761 1213 1784 1240 si
1797 1218 1846 1240 ter~

1060 1273 1110 1299 ret,
1126 1267 1233 1294 ratione
1248 1269 1341 1293 terret.
1359 1263 1456 1290 Terret
1474 1261 1545 1288 enim
1561 1265 1591 1288 ut
1614 1260 1748 1295 corripiat
1759 1259 1845 1286 homi-

1060 1322 1121 1341 nem
1136 1314 1162 1340 in
1179 1312 1326 1340 auditionis
1347 1309 1533 1340 tribulatione,
1556 1313 1585 1334 ιιι
1598 1307 1683 1334 verbo
1699 1305 1847 1333 commina-

1060 1360 1142 1388 tionis
1153 1358 1299 1386 deterritus
1313 1355 1440 1384 emendet
1451 1361 1481 1381 se
1496 1354 1541 1388 qui
1562 1352 1632 1380 male
1644 1352 1713 1387 agit,
1728 1358 1780 1378 nec
1790 1359 1846 1385 pen

1060 1406 1150 1433 veniat
1166 1405 1199 1431 ad
1213 1411 1274 1431 eum
1290 1402 1348 1437 ipsa
1361 1401 1479 1428 vindicta
1491 1398 1559 1426 male
1569 1402 1709 1432 gestorum
1725 1404 1845 1424 suorum.

1061 1452 1120 1480 Non
1131 1458 1195 1486 ergo
1205 1450 1241 1476 ita
1250 1449 1324 1476 Deus
1332 1450 1455 1474 terretut
1465 1445 1556 1477 homo;
1565 1445 1645 1471 homo
1655 1443 1728 1471 enim
1737 1442 1849 1478 (utdixi-

224 1504 368 1540 auguratio
399 1505 424 1531 in
445 1504 529 1532 .Iaoob
553 1512 639 1539 neque
662 1504 792 1531 divinatio
812 1504 838 1530 in
865 1502 955 1530 Israel.
981 1501 1009 1529 In
1024 1498 1046 1529 C
1062 1493 1417 1532 mus)projactantia,Deus
1426 1499 1545 1525 veropro
1555 1489 1747 1517 emendatione
1756 1493 1848 1515 terret.

225 1556 346 1585 tempore
357 1552 461 1579 dicetur
471 1551 555 1579 Iacob
567 1555 593 1578 ct
604 1550 694 1582 Israel,
713 1552 777 1586 quid
794 1550 915 1584 perficiet
930 1549 1009 1576 Dens.

225 1598 294 1625 Ecce
312 1598 424 1632 populus
439 1598 509 1625 sicut
524 1597 631 1625 catulus
647 1597 732 1624 leonis
745 1601 885 1631 exsurget,
901 1600 928 1623 et
943 1595 1012 1622 sicut

226 1645 267 1671 leo
278 1643 433 1675 exsultabit,
449 1651 500 1670 non
514 1643 631 1670 dormiet
644 1643 729 1669 donec
743 1642 868 1669 comedat
883 1641 1010 1675 praedam,

225 1694 254 1718 et
280 1690 441 1725 sanguinem
474 1690 679 1717 vulneratorum
709 1689 782 1716 bibat
797 1688 830 1714 ’⁸.
852 1697 861 1713 ι
886 1687 947 1714 Ilaec
972 1692 1013 1714 est

227 1736 391 1763 continentia
416 1736 544 1764 secund:e
567 1735 717 1770 prophetia:
741 1735 767 1762 ιιι
784 1734 874 1761 verbis
890 1733 1011 1760 Balaam.

229 1783 373 1810 Videamus
387 1790 451 1817 ergo
479 1782 566 1816 primo
591 1781 642 1809 hoc
659 1781 745 1815 ipsum
768 1780 838 1814 quod
853 1780 891 1805 ait
907 1788 914 1805 :
934 1788 942 1804 ι
961 1779 1015 1805 15x-

227 1829 430 1863 surge,Balaeh,
446 1833 473 1855 et
489 1827 549 1855 audi
567 1827 599 1854 ".
620 1837 629 1852 ι
647 1827 676 1854 Si
693 1826 765 1854 enim
779 1826 806 1853 in
828 1824 1015 1860 superioribus

228 1883 280 1902 non
305 1875 416 1902 dixisset
433 1875 494 1909 quia
513 1878 596 1901 staret
614 1872 690 1907 juxta
717 1873 904 1900 holocaustum
923 1878 1014 1903 suum,

228 1929 280 1949 non
299 1921 439 1949 videretur
454 1927 619 1954 magnopere
636 1918 824 1954 requirendum
840 1925 888 1944 cur
899 1916 1013 1944 dixerit:

231 1977 240 1993 ι
256 1967 498 2003 Exsurgeﬁalaclt.
518 1976 527 1992 ›
546 1966 621 1993 Nunc
636 1971 726 1993 autem
743 1973 803 1992 cum
827 1965 948 1991 hortetur
967 1970 1016 1989 ex-

229 2022 342 2049 surgere
355 2021 429 2045 cmn,
443 2020 523 2047 quem
543 2020 628 2047 nuper
642 2012 749 2039 dixerat
768 2016 850 2042 stare,
863 2018 916 2036 non
929 2009 1017 2036 otiose

231 2060 435 2094 prmterenndus
449 2066 538 2086 sermo
553 2058 738 2092 propheticus.
754 2056 831 2090 Quod
849 2062 913 2090 ergo
929 2055 967 2082 ait
989 2055 1016 2082 in

231 2105 425 2140 superioribus,
454 2105 516 2139 quia
544 2108 630 2131 staret
661 2104 694 2131 ad
718 2103 904 2130 holocaustum
927 2110 1016 2134 suum,

231 2151 355 2186 designat
367 2159 427 2178 eum
441 2160 492 2178 non
511 2156 584 2178 recte
597 2156 680 2178 stare.
693 2149 791 2177 Stabat
802 2148 873 2176 enim
890 2149 916 2175 in
933 2148 1017 2176 idolo-

232 2198 311 2225 latria
329 2197 442 2232 positus,
461 2202 487 2224 et
508 2198 596 2224 stabat.
622 2196 699 2231 quasi
718 2195 845 2222 inimicus
868 2194 927 2227 Dei,
944 2194 1016 2229 quod

232 2245 317 2278 magis
335 2248 407 2271 esset
422 2252 474 2271 non
493 2248 577 2275 stare,
595 2244 641 2270 sed
657 2242 764 2269 cadere.
784 2241 866 2274 Quasi
885 2249 951 2276 ergo
970 2241 1016 2276 qui

232 2291 265 2317 de
277 2290 322 2317 illo
337 2294 409 2317 statu
424 2290 521 2316 cadere
538 2288 673 2320 debuerit,
688 2288 742 2314 imo
769 2292 795 2313 et
809 2288 854 2321 qui
873 2288 1015 2322 ceciderit,

233 2338 269 2364 ita
282 2344 353 2364 nunc
367 2335 502 2363 intellectu
517 2336 676 2371 prophetico
690 2343 837 2371 exsurgere
849 2343 910 2362 eum
920 2333 1015 2368 jubet:

231 2383 330 2418 quippe
345 2382 389 2417 qui
408 2389 455 2417 per
470 2382 532 2415 hoc,
551 2382 621 2415 quod
635 2387 708 2408 stare
728 2382 753 2408 in
779 2381 930 2408 idololatria
943 2380 1017 2407 visus

232 2429 329 2461 fuerat,
344 2429 499 2456 cecidisset.
522 2427 655 2462 Exsurgat
679 2434 744 2460 ergo
762 2426 807 2460 qui
823 2426 885 2452 talis
899 2430 951 2457 est,
968 2432 1016 2452 ex-

231 2481 325 2511 surgat
337 2476 400 2507 fide,
414 2479 441 2502 et
453 2474 585 2501 efﬁciatur
598 2473 693 2500 testis:
712 2473 733 2500 si
749 2472 856 2507 quidem
872 2477 1017 2498 converte-

233 2530 286 2558 tur,
304 2524 380 2551 testis
404 2522 481 2554 ﬁdei;
503 2523 525 2549 si
543 2529 607 2548 vero
628 2525 767 2556 permanet
790 2518 915 2550 inﬁdelis,
930 2522 959 2544 ut
982 2517 1019 2545 sit

235 2570 310 2598 testis
327 2568 560 2597 condcmnatiouis
573 2575 638 2594 sum.

267 2616 294 2644 5.
325 2615 378 2642 Sed
395 2615 458 2649 quid
480 2617 521 2641 est
539 2613 611 2648 quod
630 2613 654 2640 ei
677 2611 832 2642 annuntiat,
853 2610 992 2637 videamus
1011 2620 1016 2636 ;

236 2669 245 2686 ι
269 2661 327 2688 Non
344 2661 413 2687 sicut
429 2661 520 2692 homo,
541 2659 637 2693 inquit,
656 2658 728 2684 Deus
743 2658 905 2688 frustratur,
931 2663 1019 2690 neque

235 2708 304 2735 sicut
320 2707 389 2734 ﬁlius
403 2707 522 2734 hominis
538 2712 656 2734 terretur
678 2707 736 2738 ipse
759 2705 791 2730 ³ο.
807 2713 816 2730 ι
835 2703 902 2734 Non,
920 2703 1018 2737 inquit,

269 2753 292 2769 ³⁸
308 2753 388 2779 Num.
404 2761 483 2783 xxm.
501 2752 588 2780 ιι-ιπ.
643 2752 664 2767 ³⁷
679 2751 758 2777 Itoni.
780 2757 805 2776 ν.
823 2750 868 2776 9.0.

236 2789 257 2805 ³⁸
276 2787 337 2815 .lon.
351 2796 392 2814 ιιι.
430 2788 451 2803 ³³
464 2788 483 2815 Il
505 2787 571 2821 Reg.
589 2794 661 2813 xxtv.

923 2750 944 2763 ”‘
967 2749 1045 2775 Num.
1071 2754 1148 2779 util,
1171 2744 1264 2772 IS-‘M.

1097 1544 1123 1570 4.
1143 1543 1208 1570 Post
1219 1543 1277 1569 hac
1296 1540 1354 1566 ait:
1372 1547 1384 1563 ι
1405 1538 1464 1572 Ipse
1479 1543 1541 1563 cum
1554 1534 1665 1566 dixerit,
1682 1541 1736 1560 non
1753 1533 1849 1560 faciet!

1064 1592 1199 1626 loquetur,
1216 1592 1305 1616 etnon
1323 1583 1496 1620 permanebit
1513 1582 1552 1608 "1'
1572 1591 1581 1608 ι
1604 1581 1651 1608 Sic
1663 1580 1796 1615 legendus
1811 1584 1849 1606 est

1064 1625 1149 1668 locus,
1166 1634 1242 1670 quasi
1261 1630 1455 1666 interrogantis
1473 1628 1571 1655 affectu
1587 1626 1662 1654 dicat
1679 1635 1686 1653 :
1702 1625 1776 1660 Ipse,
1801 1626 1850 1652 hoc

1063 1691 1114 1715 est,
1129 1682 1211 1713 (lens,
1224 1679 1295 1715 quod
1310 1678 1385 1710 dicit,
1404 1682 1494 1703 nonne
1504 1679 1531 1702 et
1553 1672 1655 1700 faciet?
1666 1675 1695 1698 et
1708 1679 1770 1706 qua:
1782 1671 1851 1698 Iocu-

1066 1736 1108 1757 tus
1132 1728 1225 1759 fuerit,
1252 1732 1340 1753 nonne
1355 1721 1526 1758 permanebit
1540 1720 1568 1747 in
1588 1718 1650 1746 eis?
1668 1717 1739 1745 Cum
1762 1717 1853 1751 utique

1065 1776 1189 1804 homines
1210 1781 1262 1800 non
1284 1771 1386 1798 faciant
1404 1776 1464 1804 (tua:
1479 1767 1584 1798 dicunt,
1598 1770 1627 1792 et
1643 1765 1710 1792 vitio
1729 1765 1852 1791 humanm.

1067 1821 1221 1857 fragilitatis
1243 1820 1268 1846 in
1283 1818 1318 1846 iis
1333 1825 1386 1845 nou
1404 1818 1580 1851 permaneant
1597 1819 1659 1847 quae
1680 1811 1830 1845 loquuntur
1846 1818 1851 1835 :

1066 1867 1204 1896 mutabilis
1220 1865 1301 1901 330
1311 1863 1382 1891 enim
1399 1867 1442 1889 est
1456 1860 1550 1891 horno,
1566 1858 1637 1885 Deus
1653 1865 1718 1884 vero
1730 1857 1854 1884 immuta—

1065 1917 1138 1944 bilis.
1154 1914 1207 1942 Sed
1232 1916 1320 1947 potest
1332 1909 1429 1944 aliquis
1442 1913 1596 1939 occurrere,
1612 1910 1640 1932 et
1651 1905 1746 1932 dicere
1762 1912 1770 1930 :
1784 1903 1855 1936 Quo-

1067 1963 1147 1991 modo
1158 1969 1224 1996 ergo
1238 1968 1290 1988 non
1304 1957 1457 1994 permansit
1478 1956 1549 1982 Deus
1565 1953 1591 1980 in
1611 1952 1656 1985 iis,
1672 1958 1733 1986 qua:
1750 1950 1855 1978 locutus

1066 2013 1108 2036 est
1128 2007 1163 2034 de
1190 1995 1286 2033 Ninivc
1307 2009 1339 2031 ut
1365 2007 1426 2038 post
1451 2001 1569 2029 triduum
1594 1999 1801 2026 subverteretur
1815 1995 1855 2020 “3

1067 2054 1159 2088 Neque
1178 2053 1207 2079 in
1228 2052 1262 2078 iis
1281 2058 1341 2085 quae
1356 2050 1461 2077 loeutus
1474 2051 1517 2075 est
1531 2047 1564 2074 de
1588 2045 1682 2076 David,
1701 2044 1746 2071 ubi
1772 2043 1854 2070 tribus

1067 2101 1162 2127 diebus
1178 2098 1310 2133 promissa
1325 2096 1414 2123 fuerat
1429 2103 1512 2126 mors.
1530 2099 1559 2121 ut
1581 2096 1702 2120 vastaret
1717 2090 1852 2126 populum.

1068 2151 1095 2174 et
1109 2146 1179 2172 intra
1198 2152 1283 2171 unum
1310 2143 1392 2174 diem,
1416 2146 1444 2169 et
1465 2147 1553 2175 usque
1580 2139 1612 2165 ad
1631 2139 1728 2165 horam
1751 2135 1853 2171 prandii

1069 2192 1187 2220 cessavit
1211 2190 1252 2217 "7
1268 2188 1450 2216 Etvidebitur
1477 2185 1611 2216 fortassis,
1634 2184 1697 2218 quia
1719 2183 1778 2210 haec
1796 2189 1855 2216 qua:

1069 2247 1118 2274 per
1135 2236 1373 2270 interrogationem
1389 2234 1525 2264 dicuntur,
1543 2238 1595 2257 non
1609 2230 1715 2265 penitus
1729 2236 1778 2263 pro
1793 2228 1856 2253 deti.

1070 2273 1127 2313 nilo
1139 2283 1296 2318 accipienda
1310 2282 1381 2314 sitit;
1397 2280 1443 2307 sed
1469 2279 1528 2305 talis
1541 2278 1664 2312 quzedam
1683 2275 1771 2310 ﬁgura
1783 2273 1854 2300 verbi

1070 2331 1115 2362 sit,
1139 2338 1200 2365 quae
1222 2329 1341 2356 medium
1357 2326 1459 2361 aliquid
1480 2325 1606 2351 videatur
1623 2322 1781 2352 ostendere,
1805 2327 1854 2347 non

1072 2382 1163 2404 tamen
1187 2374 1304 2403 definita:
1325 2377 1352 2400 ct
1368 2370 1555 2399 irrevocabilis
1571 2368 1716 2397 sententia
1737 2366 1855 2393 declaret

1070 2423 1195 2451 affectum
1209 2431 1215 2448 :
1232 2429 1286 2457 quo
1297 2419 1492 2455 temperantius
1507 2417 1607 2453 aliquid
1621 2416 1723 2443 dictum
1735 2415 1857 2442 videatur

1074 2472 1101 2498 in
1120 2478 1152 2497 co
1162 2469 1234 2504 quod
1251 2468 1381 2502 scriptum
1398 2471 1450 2497 est,
1466 2474 1475 2490 ι
1488 2465 1547 2498 Ipse
1565 2471 1627 2490 cum
1642 2462 1755 2494 dixerit,
1771 2466 1857 2488 nonne

1071 2515 1171 2543 faciet?
1191 2526 1201 2540 ι
1217 2521 1298 2548 quam
1313 2512 1335 2539 si
1352 2511 1480 2545 scriptum
1495 2513 1578 2542 esset,
1595 2509 1652 2543 Ipse
1667 2515 1730 2535 cum
1747 2507 1856 2537 dixerit,

1071 2561 1226 2590 omnimode
1235 2560 1326 2587 faciet.
1339 2559 1391 2585 Sed
1404 2563 1591 2584 recenseamus
1604 2560 1629 2582 et
1642 2555 1699 2589 ipsa
1712 2553 1857 2588 Scriptura:

1073 2610 1143 2641 loca,
1168 2615 1228 2642 qua:
1245 2605 1286 2632 vel
1302 2606 1327 2632 in
1345 2603 1412 2631 Jona
1429 2603 1470 2630 vel
1485 2602 1511 2629 in
1528 2601 1681 2635 Regnorum
1694 2599 1773 2626 libris
1786 2598 1858 2634 posi-

1073 2661 1100 2682 ta
1117 2660 1189 2686 sntit,
1202 2661 1235 2679 ne
1252 2653 1320 2679 forte
1335 2655 1361 2678 et
1379 2650 1426 2682 ibi,
1445 2653 1474 2675 ut
1487 2648 1571 2676 moris
1587 2652 1638 2678 est,
1660 2646 1809 2680 Scriptura:
1821 2643 1858 2670 di-

1074 2702 1142 2728 vina:
1158 2699 1254 2727 secreti
1276 2696 1376 2732 aliquid
1393 2696 1522 2722 habeant.
1539 2693 1676 2727 Scriptum
1698 2697 1741 2720 est
1755 2699 1821 2724 ergo
1834 2689 1859 2715 in

1318 2743 1340 2758 "
1355 2742 1418 2769 ibid.
1445 2741 1486 2768 I8.
1537 2740 1560 2755 “
1580 2739 1645 2767 ibid.
1660 2738 1705 2766 I9.
1753 2738 1775 2754 ³⁸
1795 2736 1859 2764 ibid.

273 2835 328 2871 (65)
350 2835 433 2868 Idem,
462 2844 471 2859 ι
492 2834 605 2869 geritur,
629 2839 656 2861 et
679 2833 810 2860 divinatio
836 2832 937 2867 magica
964 2836 1022 2858 arte
1035 2829 1209 2866 perquiritur.
1231 2836 1239 2853 ι
