1903 3052
177 72 229 100 695

894 72 1053 100 ORIGI‘INIS

1752 79 1811 107 696

179 134 229 159 bus
247 131 341 158 futura‘
360 130 422 158 vitae
436 130 579 158 denuntiat
599 135 710 158 statum.
730 130 796 163 Quis
814 130 885 158 enim
909 135 962 160 est.
980 132 1001 159 Λ
1016 134 1058 156 cst
1072 130 1155 164 gloria
1177 129 1327 157 unicornis.
1347 129 1393 157 Sic
1411 129 1484 156 enim
1496 124 1523 156 et
1542 132 1600 162 ipse
1617 128 1643 156 in
1660 128 1809 163 Evangelia

178 178 226 212 qui
243 177 314 204 hanc
330 177 412 203 vitam
429 177 488 204 sine
510 176 603 203 labore
626 181 653 203 et
667 176 761 204 dolore
775 177 964 203 transcurrat?

180 223 234 251 Nec
251 224 273 250 si
288 222 386 250 Petrus
400 221 507 256 aliquis,
524 225 570 248 aut
595 222 617 248 si
644 221 742 248 Paulus
757 222 804 250 sit.
823 222 964 255 Quomodo

180 277 233 296 non
252 269 278 296 in
295 268 386 295 labore
403 271 429 294 et
444 267 537 294 dolore
549 271 590 294 est
607 275 668 294 cum
681 273 724 294 ter
739 267 824 302 virgis
833 268 962 300 caeditur,

178 314 262 342 semel
275 313 417 348 lapidatnr,
431 318 472 339 ter
484 312 657 347 naufragium
683 313 760 346 facit,
788 314 813 340 in
830 313 964 348 profundo

180 361 264 387 maris
280 360 323 386 die
336 367 367 387 ac
374 363 452 386 nocte
462 362 514 390 est,
527 358 633 393 aliaque
646 359 787 386 innumera
803 360 962 394 perpetitur,

178 413 238 440 quae
251 405 283 432 de
301 405 437 432 laboribus
458 405 515 432 suis
534 412 566 432 ac
583 404 723 432 doloribus
745 405 842 432 scribit
855 405 896 432 ‘9?
911 405 963 433 Sed

179 451 214 477 ibi
238 450 308 478 istud
323 450 513 485 complebitur,
530 450 576 477 ubi
600 450 702 477 dictum
723 455 764 477 est
783 459 789 477 :
809 460 819 476 ί
839 451 964 486 Aulugiet

177 496 263 528 dolor,
280 500 308 524 et
324 497 447 528 tristitia,
462 502 489 524 et
503 496 619 531 gemitus
633 496 667 523 ".
688 505 698 522 ι
720 496 796 529 Quod
809 501 898 524 tamen
910 504 962 524 non

176 541 208 568 ad
223 548 329 573 omnes,
342 541 390 569 sed
406 542 439 568 ad
457 549 505 568 eos
522 545 640 574 tantum,
653 542 698 575 qui
721 542 825 569 meritis
837 541 921 569 Jacob
937 547 964 569 et

177 586 261 613 Israel
276 586 387 620 fuerint,
400 586 536 614 refertur:
554 591 583 613 ιιι
597 587 647 614 fuit
659 587 703 615 ille
720 594 822 622 pauper
833 587 962 619 Lazarus,

178 632 225 666 qui
243 637 405 666 prmentem
422 632 532 667 quidem
550 628 633 660 vitam
652 633 678 660 in
697 633 790 660 labore
813 641 846 660 ac
871 633 964 661 dolore

178 678 321 712 transegit,
340 678 376 705 ibi
391 682 480 705 autem
492 678 592 705 dicitur
608 679 640 706 ad
653 679 780 706 divitem:
793 688 803 704 ι
814 678 961 712 Memento,

176 722 225 754 fili,
241 722 304 756 quia
323 727 348 749 tu
365 723 494 757 recepisti
516 724 585 750 bona
602 723 629 750 in
650 724 706 750 vita
724 729 782 756 tua,
802 728 829 751 et
844 723 963 751 Lazarus

175 768 304 795 similiter
315 768 395 794 mala.
411 767 488 796 Nunc
503 773 593 796 atttetn
619 769 662 796 hic
678 769 836 804 requiescit,
852 775 878 797 lu
898 778 963 797 vero

176 812 308 840 cruciaris
325 813 358 840 “.
379 822 388 839 ι
407 812 455 840 Ille
479 821 545 848 ergo
572 818 615 841 est
641 813 733 846 Israel,
763 819 790 841 et
807 814 902 847 Iacob,
935 816 961 842 in

176 866 256 893 quem
279 866 334 886 non
357 859 431 887 venit
447 859 533 889 labor,
557 864 586 886 et
601 860 688 886 dolor.
710 859 789 887 Dives
812 865 901 888 autem
919 861 962 888 ille

177 909 237 932 erat
250 905 359 939 quidem
375 910 403 932 et
417 905 474 939 ipse
494 905 643 933 secundum
657 913 765 933 carnem
780 907 871 940 Israel,
893 907 961 934 dici-

180 955 224 977 tur
238 950 311 977 enim
327 950 362 983 ei,
383 951 446 985 quia
471 950 572 978 fratres
590 951 632 978 sui
655 951 755 978 habent
770 951 842 986 leges
858 956 885 979 et
899 959 962 987 pro-

177 995 285 1031 phetas,
296 995 525 1029 audiantillos";
541 996 588 1023 sed
601 997 663 1031 quia
681 1002 801 1025 non°erat
812 997 960 1025 secundum

176 1042 302 1081 spiritqu
313 1042 407 1075 Israel,
420 1043 480 1070 ideo
494 1043 567 1070 venit
575 1050 657 1077 super
666 1043 741 1070 illum
750 1044 827 1071 labor
837 1048 864 1071 et
872 1043 959 1071 dolor.

209 1088 237 1116 6.
248 1097 258 1113 ο
272 1088 400 1116 Dominus
417 1088 489 1116 Deus
505 1096 571 1116 suos
587 1097 648 1116 cum
662 1089 730 1124 ipso,
744 1090 873 1125 praeclara
887 1090 961 1125 prin-

175 1133 266 1168 cipum
298 1141 359 1161 cum
377 1135 436 1169 ipso
461 1140 525 1163 sunt
539 1135 573 1162 ⁵³.
591 1144 600 1161 ι
626 1135 770 1170 Nunquam
785 1135 858 1162 enim
878 1135 960 1163 Israel

174 1187 253 1207 suum
268 1181 371 1208 deserit
387 1180 468 1208 Deus.
484 1181 604 1214 Quorum
623 1187 712 1208 autem
726 1181 876 1216 principum
889 1189 960 1216 prae.

175 1225 250 1252 clara
270 1233 332 1253 cum
362 1226 420 1261 ipso
445 1225 528 1253 Israel
556 1226 628 1258 sint,
653 1226 801 1254 videamus.
827 1225 959 1253 Praeclara

174 1271 339 1306 principum,
359 1276 482 1306 potestas
508 1276 562 1304 est,
591 1271 757 1307 principatus
781 1277 809 1299 et
836 1279 959 1307 regnum.

177 1316 275 1344 Verum
290 1317 419 1352 quoniam
435 1322 498 1344 sunt
517 1322 546 1344 et
569 1317 652 1352 aliqui
679 1317 832 1352 principes,
856 1317 901 1352 qui
927 1318 961 1344 de

174 1363 329 1398 principatu
353 1371 413 1395 suo,
429 1363 470 1390 vel
487 1364 622 1399 pellendi,
639 1364 679 1391 vel
691 1364 746 1398 jam
763 1363 835 1392 forte
855 1364 960 1399 depulsi

177 1414 249 1441 sunt,
272 1414 299 1436 et
321 1409 348 1436 in
369 1409 458 1436 Iocunt
477 1417 509 1436 ac
529 1410 710 1444 principatum
726 1417 820 1437 eorum
835 1409 959 1437 introdu-

1018 176 1147 203 Dominus
1164 175 1229 203 dicit
1248 184 1255 202 :
1273 186 1282 201 ‹
1302 176 1394 208 Pater,
1412 176 1443 202 da
1461 175 1525 207 illis,
1540 176 1654 203 utsicut
1667 183 1719 209 ego
1733 181 1759 203 et
1775 181 1808 203 tn

1016 230 1098 249 unum
1119 229 1230 253 sumus,
1247 223 1284 249 ita
1299 226 1328 249 et
1349 221 1391 248 isti
1417 221 1443 248 in
1471 221 1550 248 nobis
1565 229 1651 248 unum
1670 221 1725 248 siut
1738 221 1773 248 ".
1792 232 1804 248 ι

1015 268 1048 295 Et
1063 268 1124 295 ideo
1140 268 1237 295 similis
1253 268 1339 302 gloria
1357 267 1470 294 dahitttr
1482 267 1585 298 Israeli.
1601 267 1673 294 sicut
1689 271 1733 294 est
1746 267 1807 302 glo-

1016 314 1053 340 ria
1070 314 1222 346 uuicornis,
1244 313 1362 342 maxime
1390 320 1452 339 cum
1479 312 1688 339 transformabit
1704 320 1807 346 corpus

1015 358 1178 386 Itumilitatis
1191 363 1291 386 nostra}
1306 358 1448 386 conformo
1461 358 1571 392 corpori
1587 358 1681 392 gloriae
1696 366 1754 384 sua:
1769 359 1806 384 “.

1050 405 1075 431 7.
1092 413 1102 430 ‹
1123 404 1182 432 Non
1195 405 1247 431 erit
1261 404 1402 439 auguratio
1417 404 1443 430 in
1459 403 1552 436 Jacob,
1567 411 1655 438 neque
1674 404 1808 431 divinatio

1015 451 1042 478 in
1059 451 1154 478 Israel.
1176 451 1205 478 In
1234 455 1357 485 tempore
1375 450 1483 477 dicetur
1499 451 1532 476 ad
1555 449 1641 477 Jacob
1667 455 1696 477 et
1722 451 1807 478 Israel

1013 496 1078 530 quid
1106 496 1231 530 perficiet
1251 496 1323 522 Deus
1340 496 1376 522 “.
1394 504 1404 520 ι
1418 494 1501 529 Igitur
1515 495 1643 529 quoniam
1660 495 1749 522 visum
1763 499 1808 522 est

1011 541 1068 575 iam
1088 541 1167 569 nobis
1185 541 1341 576 diligentius
1354 541 1387 568 dc
1405 540 1524 574 singulis
1538 541 1694 575 quibusque
1710 541 1804 568 [Περιι-

1015 592 1083 620 tere,
1099 594 1152 614 non
1164 587 1301 614 videbitur
1317 586 1476 618 absurdum,
1490 587 1513 613 si
1524 587 1605 613 etiam
1619 586 1685 621 quid
1703 587 1740 614 sit
1754 594 1805 613 au-

1014 633 1139 668 guratio,
1171 632 1213 660 vel
1241 631 1384 664 divinatio,
1411 632 1541 666 quoniam
1566 632 1676 666 quidem
1704 632 1806 667 placuit

1014 679 1164 713 Scriptura:
1178 685 1391 707 commemorare
1403 678 1436 705 de
1456 678 1501 710 iis,
1518 685 1552 705 ne
1565 678 1626 712 quis
1639 678 1710 704 forte
1728 678 1806 712 igno-

1014 729 1109 752 ranter
1125 726 1152 752 in
1169 727 1227 753 hac
1252 725 1364 757 incidat,
1394 724 1575 758 requiramus.
1606 722 1724 750 Videtur
1739 730 1806 757 ergo

1014 771 1080 798 mihi
1095 771 1250 798 Iuturorum
1268 770 1440 804 praescientia
1451 773 1582 804 quantum
1598 769 1632 796 ad
1646 769 1733 803 ipsam
1747 775 1805 796 rem

1014 822 1129 852 spectat,
1146 817 1265 844 medium
1281 816 1411 851 quiddam
1433 823 1504 848 esse,
1528 815 1553 842 id
1573 820 1615 842 est
1632 822 1722 850 neque
1743 823 1806 849 pro-

1013 864 1070 898 prie
1084 864 1196 895 bonum,
1215 869 1301 896 neque
1316 862 1424 897 proprie
1438 862 1538 888 malum
1554 869 1561 888 :
1579 862 1803 896 quandoquidem

1013 914 1104 945 potest
1121 909 1257 936 interdum
1271 908 1353 936 etiam
1372 915 1387 935 a
1401 912 1479 942 parte
1491 906 1591 934 diaboli
1609 907 1641 933 ad
1660 907 1802 933 hominum

1014 957 1139 984 notitiam
1159 956 1313 982 Iuturorum
1328 955 1423 982 venire
1439 953 1622 989 prazscientia.
1637 953 1704 980 Sine
1720 953 1804 980 dubio

1011 1007 1102 1029 autem
1117 1009 1180 1029 cum
1199 1005 1304 1035 tempus
1327 1005 1354 1027 et
1368 999 1560 1035 opportunitas
1575 999 1674 1034 poscit.
1702 1004 1731 1025 et
1755 1007 1804 1026 vo—

1013 1048 1103 1075 luntas
1121 1047 1165 1074 Dei
1181 1046 1273 1079 fuerit,
1292 1046 1373 1073 datur
1383 1045 1464 1074 etiam
1481 1053 1495 1072 a
1520 1045 1575 1073 Deo
1589 1053 1639 1080 per
1654 1046 1803 1080 prophetas

1013 1094 1169 1121 hominibus
1181 1093 1365 1128 praescientia;
1378 1096 1407 1119 et
1418 1092 1477 1119 ideo
1486 1091 1615 1124 diximus,
1632 1092 1696 1126 quia
1714 1099 1805 1126 neque

1014 1139 1123 1174 proprie
1139 1139 1239 1166 bonum
1261 1138 1314 1166 dici
1331 1141 1432 1172 potest,
1447 1137 1519 1172 quod
1535 1136 1681 1171 aliquando
1697 1145 1711 1164 a
1733 1137 1805 1164 malo

1012 1185 1102 1216 venit;
1119 1191 1205 1219 neqtte
1221 1183 1328 1218 proprie
1339 1183 1450 1214 malttm,
1468 1183 1540 1217 quod
1557 1182 1703 1216 aliquando
1717 1190 1732 1209 a
1750 1182 1806 1209 Deo

1014 1229 1165 1256 descendit.
1182 1228 1215 1255 Et
1227 1228 1351 1263 quamvis
1362 1229 1394 1255 de
1407 1228 1458 1255 hoc
1473 1227 1644 1255 abundanter
1668 1229 1755 1255 etiam
1771 1236 1806 1255 ex

1013 1273 1164 1308 Scripturis
1189 1273 1288 1300 divinis
1314 1273 1436 1307 exempla
1466 1273 1650 1307 suppeditent,
1679 1273 1808 1301 sufﬁcere

1014 1324 1105 1347 tamen
1121 1319 1260 1346 credimus
1284 1319 1306 1346 si
1322 1323 1430 1345 utamur
1443 1325 1486 1350 eo,
1510 1318 1583 1352 quod
1601 1317 1627 1344 in
1646 1317 1806 1352 Regnorum

1013 1366 1084 1393 libro
1099 1366 1231 1400 scriptum
1248 1364 1364 1400 legimus
1377 1372 1383 1390 :
1400 1364 1446 1391 ubi
1463 1371 1528 1391 arca
1542 1363 1587 1390 Dei
1601 1363 1635 1390 ab
1649 1363 1808 1399 Allopbylis

1013 1416 1090 1447 capta
1104 1416 1156 1444 est,
1175 1415 1202 1438 et
1219 1401 1334 1439 deducta
1351 1410 1378 1437 in
1392 1411 1520 1440 Azotum,
1535 1414 1563 1436 et
1587 1409 1625 1437 ibi
1643 1418 1652 1434 ι
1671 1409 1803 1436 introdu-

175 1455 253 1482 cendi
269 1454 298 1487 ii,
316 1454 362 1489 qtti
380 1462 445 1481 vere
464 1454 592 1482 Israelitte
607 1459 680 1488 sunt,
698 1454 828 1490 praeclara
843 1454 888 1482 illa
900 1462 958 1482 om-
972 1462 993 1492 (ι
1011 1457 1129 1489 xerunt,‘
1141 1457 1229 1492 inquit
1251 1457 1288 1490 θ’,
1305 1464 1365 1484 eam
1381 1456 1407 1483 in
1428 1455 1537 1483 domum
1548 1455 1653 1490 Dagon,
1665 1460 1694 1482 et
1707 1455 1806 1482 inven-

175 1502 231 1533 uia,
247 1509 307 1536 quae
322 1501 476 1528 habuerunt
491 1500 517 1528 in
529 1500 606 1528 cmlis
619 1500 655 1528 illi
674 1500 821 1536 principes,
837 1501 884 1535 qui
906 1509 959 1528 non

174 1552 352 1575 servaverqu
365 1547 547 1582 principatum
563 1554 641 1574 suum
653 1566 660 1578 ,
685 1546 733 1574 sed
759 1547 961 1581 dereliqueruttt

176 1597 277 1620 aeterna
289 1592 437 1626 domicilia,
453 1592 536 1620 Israel
549 1592 601 1620 iste
623 1597 650 1619 et
660 1591 754 1624 Jacob,
770 1593 815 1627 qui
830 1592 958 1620 collucta-

175 1643 218 1666 tus
237 1642 279 1666 est
293 1643 320 1666 et
330 1638 406 1671 vicit,
421 1638 547 1673 accipiet,
559 1644 586 1666 et
602 1639 642 1666 sic
654 1646 713 1666 cum
728 1639 788 1674 ipso
800 1644 878 1666 erunt
891 1647 961 1673 pra:-

173 1684 247 1711 clara
264 1685 428 1720 principum.
442 1694 451 1710 ι
466 1685 536 1712 Deus
549 1684 595 1719 qui
606 1685 700 1713 eduxit
713 1692 775 1712 eum
788 1691 822 1712 ex
841 1684 961 1722 :Egypto

173 1729 244 1757 sicut
260 1729 345 1763 gloria
362 1729 503 1757 unicoruis
515 1730 540 1757 ei
551 1729 586 1756 ³⁸.
613 1739 622 1755 ι
645 1729 764 1757 Eductus
779 1735 820 1757 est
838 1729 882 1758 ille
897 1731 959 1765 qui-

174 1777 234 1804 dem
255 1776 338 1804 lsrael
352 1776 387 1804 de
403 1776 522 1812 Egypto
538 1776 587 1804 ista
605 1781 722 1808 terrena,
740 1775 784 1803 hic
800 1780 890 1804 autem
904 1777 959 1811 spi-

174 1823 260 1850 ritalis
275 1823 358 1850 Israel
374 1823 406 1850 dc
415 1823 534 1858 Egypto
548 1822 651 1855 saeculi,
672 1827 699 1850 ct
713 1822 746 1849 de
760 1827 894 1857 potestate
918 1827 959 1850 te-

173 1871 331 1903 nebrarum,
355 1875 383 1897 et
406 1873 449 1896 est
469 1869 555 1904 gloria
574 1868 634 1903 ejus
656 1873 785 1903 tauquam
808 1867 959 1895 unicornis.

175 1916 322 1944 Unicornis
335 1917 443 1952 quidem
463 1915 549 1944 fertur
563 1923 624 1943 esse
638 1915 739 1943 animal
751 1922 784 1942 eo
796 1915 889 1942 habitu
906 1915 961 1942 for-

172 1968 286 1996 malum,
299 1971 353 1998 quo
369 1962 488 1991 nominis
502 1962 586 1996 ipsius
594 1961 718 1997 designat
732 1961 870 1988 indicium.
882 1959 960 1993 Quod

172 2010 274 2037 animal
289 2009 447 2044 frequenter
461 2009 488 2036 in
502 2007 654 2043 Scripturis
667 2006 766 2034 divinis
782 2007 900 2041 positum
919 2006 959 2032 le-

172 2057 271 2091 gimus,
288 2056 335 2083 scd
353 2055 489 2090 praecipue
504 2055 574 2090 apud
591 2054 642 2082 .Iob
657 2054 680 2070 "
695 2054 740 2081 Dei
752 2053 837 2087 ipsius
850 2053 962 2080 vocibus

173 2101 294 2137 potentia
312 2102 370 2136 ejus
388 2105 416 2128 et
430 2101 516 2128 virtus
527 2101 689 2136 exponitur,
710 2101 735 2126 iu
756 2099 864 2134 quibus,
890 2102 918 2124 ιιι
933 2098 960 2124 iu

1014 1509 1057 1531 tus
1071 1508 1113 1531 est
1131 1502 1223 1537 Dagon
1240 1502 1368 1529 recidisse
1376 1508 1477 1536 pronus
1490 1501 1517 1528 in
1528 1505 1627 1528 terram
1638 1505 1703 1528 ante
1711 1509 1806 1528 arcam

1013 1549 1168 1578 testatnenti
1184 1548 1302 1576 Domini.
1319 1547 1350 1574 Et
1372 1552 1487 1582 gravata
1509 1551 1552 1574 est
1579 1554 1677 1574 manus
1695 1546 1806 1573 Domini

1013 1603 1096 1629 super
1108 1594 1223 1626 Azotos,
1243 1598 1270 1621 ct
1286 1593 1425 1628 dissipavit
1440 1600 1498 1625 eos,
1520 1596 1547 1620 et
1562 1593 1699 1627 percussit
1712 1600 1762 1620 eos
1778 1593 1805 1619 in

1014 1641 1133 1668 natibus.
1149 1649 1158 1665 ι
1174 1639 1240 1667 Post
1263 1639 1331 1672 haec,
1357 1639 1455 1673 inquit,
1481 1638 1602 1673 ingressa
1625 1643 1668 1665 est
1686 1645 1753 1665 arca
1777 1639 1806 1664 itt

1012 1688 1147 1720 Aecaron,
1163 1690 1191 1713 et
1210 1685 1342 1712 miserunt
1356 1684 1585 1716 Accaronienscs,
1609 1687 1636 1710 et
1650 1691 1805 1719 congrega-

1013 1736 1109 1760 veruttt
1123 1738 1217 1759 omnes
1231 1731 1359 1765 Satrapas
1378 1729 1595 1765 Allopbylorum.
1614 1738 1623 1754 σ
1643 1733 1673 1756 et
1686 1735 1806 1763 congre-

1011 1781 1145 1813 gaverunt
1160 1776 1315 1804 sacerdotes
1329 1780 1355 1803 et
1369 1775 1478 1802 divinos
1490 1781 1555 1802 suos
1569 1774 1694 1802 dicentes
1710 1782 1716 1800 :
1732 1775 1806 1808 Quid

1012 1823 1146 1850 faciemus
1157 1821 1237 1856 332
1255 1829 1327 1848 arcae
1342 1820 1468 1849 Domini?
1484 1820 1605 1847 lndicate
1631 1820 1712 1847 nobis
1734 1828 1806 1854 quo-

1013 1869 1092 1896 modo
1111 1869 1281 1895 remittamus
1299 1875 1358 1894 eam
1379 1867 1406 1894 in
1424 1866 1512 1893 locutu
1528 1873 1616 1893 suum.
1640 1865 1806 1900 Responde-

1014 1919 1077 1942 runt
1092 1913 1249 1942 sacerdotes
1264 1918 1292 1940 et
1308 1912 1394 1940 divini
1409 1921 1416 1940 :
1439 1911 1467 1939 Si
1483 1912 1622 1939 retnittitis
1636 1920 1733 1940 arcam
1751 1912 1806 1939 Do-

1012 1959 1077 1987 mini
1096 1959 1142 1986 Dei
1159 1957 1252 1990 Israel,
1269 1957 1351 1985 nolite
1371 1965 1432 1984 eam
1457 1957 1593 1984 dimittere
1609 1956 1731 1990 inanem,
1753 1957 1802 1984 sed

1012 2006 1107 2032 dantes
1124 2004 1223 2032 dabitis
1237 2004 1260 2031 ei
1279 2011 1328 2038 pro
1349 2003 1459 2035 delicto,
1484 2007 1512 2030 ct
1533 2007 1598 2029 tttnc
1621 2002 1804 2032 sanabimini.

1013 2056 1040 2079 et
1056 2051 1208 2087 innotescet
1221 2049 1307 2077 vobis.
1320 2048 1367 2075 Sin
1383 2053 1484 2081 autem,
1499 2055 1551 2075 non
1564 2047 1686 2075 discedet
1703 2055 1805 2074 manus

1013 2098 1072 2133 ejus
1095 2105 1109 2124 a
1131 2097 1210 2124 vobis
1226 2096 1259 2123 “.
1278 2105 1287 2122 ι
1307 2096 1338 2123 Ει
1359 2099 1419 2130 post
1438 2101 1522 2129 pauca
1545 2102 1553 2120 :
1575 2103 1585 2120 ‹
1611 2094 1644 2120 Et
1657 2101 1740 2125 nttnc,
1762 2093 1806 2120 in-

172 2147 394 2182 quamplurimis,
410 2147 535 2174 Christus
547 2146 703 2181 intelligitur
716 2145 865 2180 designari.
885 2144 919 2172 Et
933 2145 958 2171 in
976 2145 998 2174 D
1014 2143 1073 2178 quit
1086 2143 1118 2175 “,
1137 2142 1218 2169 facite
1241 2148 1352 2168 carrum
1376 2139 1571 2182 novutn,_duas
1598 2145 1695 2165 vaccas
1719 2137 1807 2164 {(Blas

174 2193 326 2228 Scripturis
340 2193 442 2221 divinis
469 2200 552 2220 cornu
572 2199 620 2227 pro
642 2199 725 2226 regno
751 2191 866 2226 positum
891 2197 962 2224 saepe

178 2240 341 2275 reperimus,
359 2239 431 2268 sicut
449 2244 476 2267 et
492 2239 622 2275 propheta
638 2239 704 2266 dicit
723 2247 729 2264 :
750 2248 759 2263 ι
774 2238 894 2270 Quatuor
911 2244 961 2263 att-

178 2291 232 2313 tem
248 2293 363 2318 cornua,
379 2290 495 2320 quatuor
520 2293 601 2320 regna
618 2289 682 2312 sunt
696 2284 730 2310 “.
752 2293 761 2310 ι
777 2283 835 2311 Sub
852 2282 962 2310 nomine

174 2333 268 2367 itaque
283 2333 434 2365 unicornis,
456 2333 481 2360 itt
498 2331 608 2360 Christo
636 2332 687 2358 hoc
711 2330 817 2357 videtur
841 2329 960 2361 ostendi,

173 2376 236 2411 quia
257 2383 338 2404 omne
350 2376 421 2410 quod
437 2381 489 2409 est,
509 2384 591 2403 unum
605 2375 663 2411 ejus
679 2382 763 2403 cornu
777 2379 829 2407 est,
844 2374 895 2402 hoc
918 2378 962 2402 est

173 2430 257 2450 unum
284 2430 396 2458 regnum
422 2422 490 2457 ejus.
520 2422 616 2450 Otunia
643 2421 716 2450 enim
744 2421 822 2449 Pater
844 2420 961 2455 subjecit

173 2469 224 2496 sub
237 2469 350 2504 pedibus
363 2468 387 2484 "
400 2468 459 2503 ejus
480 2475 622 2503 usqttequo
638 2472 665 2495 et
686 2467 850 2495 novissimus
866 2466 960 2494 Inimi-

173 2521 222 2542 cus
240 2515 400 2542 destruatur
419 2521 502 2547 ntors,
524 2519 551 2542 et
572 2519 700 2548 tanquam
722 2513 862 2541 uuicornis
874 2519 958 2540 unum

172 2561 294 2587 omnittm
315 2568 430 2595 regnum
451 2564 542 2587 teneat
564 2559 701 2592 Christus,
717 2559 781 2593 quia
798 2559 868 2585 sicut
890 2556 959 2584 scri-

173 2610 248 2639 ptum
264 2610 304 2633 est
318 2613 325 2632 :
342 2615 351 2631 t
369 2605 453 2640 Regni
468 2605 526 2640 ejus
535 2613 588 2632 non
604 2606 656 2632 erit
669 2605 729 2632 Iittis
739 2604 799 2637 ⁵⁸.,›
814 2603 958 2636 Eritergo,

175 2651 274 2685 inquit,
288 2652 324 2684 ei,
339 2652 389 2680 hoc
405 2657 447 2679 est
466 2651 560 2679 Israeli
572 2651 610 2678 illi
627 2650 754 2686 spiritali,
771 2649 868 2685 gloria,
888 2648 959 2675 sicut

210 2732 232 2747 "
244 2732 263 2759 Il
281 2732 343 2759 Cor.
360 2742 398 2760 xl.

178 2774 271 2797 χχιιι,
293 2767 320 2794 9.
358 2769 381 2784 "
399 2768 500 2796 Daniel.
513 2777 570 2798 νιιι.
589 2770 635 2798 2'2.
684 2770 706 2789 '7
722 2769 729 2796 Ι
743 2769 807 2796 Cor.
822 2776 866 2801 xv,
882 2768 927 2794 20.

175 2802 198 2817 “
212 2800 290 2828 Num.
307 2810 384 2834 χχιιι,
397 2804 443 2830 ‘23.
497 2805 518 2820 "
533 2804 540 2831 l
558 2804 623 2838 llcg.
642 2812 668 2837 ν,
680 2804 708 2837 2,
721 2804 747 2836 5,
769 2804 811 2831 IO.

444 2735 466 2750 '°
479 2735 538 2762 lsai.
553 2735 692 2767 xxxv,10.
731 2736 752 2750 “
770 2734 834 2761 an.
848 2741 903 2765 xvr,
917 2733 960 2759 ‘25.

444 2769 570 2794 1iel.vttt_
589 2770 635 2794 Ἡ..
684 2770 706 2789 ⁵⁷
722 2769 729 2794 Ι
743 2769 807 2794 Cur.
822 2776 866 2794 xv.
882 2768 927 2794 20.

1023 2731 1104 2758 ‘ibid.
1125 2730 1171 2757 29.
1210 2729 1232 2744 "
1264 2729 1343 2756 Num.
1370 2735 1448 2759 χχιιι,
1471 2726 1518 2753 21.

1023 2775 1076 2793 .nc.
1093 2774 1112 2794 ι.
1126 2765 1170 2793 55.
1209 2765 1231 2779 ⁵⁹
1244 2763 1322 2792 Joan.
1343 2771 1410 2794 xvn,
1424 2763 1468 2789 2i.
1508 2761 1518 2776 ‘

877 2803 918 2830 “I
935 2802 1001 2838 Ilcg.
1022 2809 1058 2834 vt,
1072 2801 1100 2834 Ξ,
1116 2800 1143 2831 3,
1161 2805 1186 2828 et
1201 2807 1278 2835 seqq.

999 2188 1153 2219 iassumite,
1169 2186 1372 2222 quibusjugum
1390 2193 1444 2212 non
1456 2177 1498 2212 est
1511 2184 1679 2218 impositum,
1693 2187 1722 2210 et
1737 2183 1806 2218 jun-

1012 2235 1068 2271 gite
1087 2240 1184 2261 vacetis
1199 2233 1232 2259 ad
1247 2239 1365 2265 carrum,
1379 2236 1407 2258 et
1420 2231 1501 2259 Iattus
1514 2238 1607 2257 earum
1622 2236 1696 2257 retro
1714 2229 1805 2256 abdu-

1012 2281 1067 2309 cite
1078 2280 1111 2307 ad
1124 2279 1233 2306 domum
1249 2285 1256 2303 :
1275 2281 1302 2304 et
1315 2277 1446 2304 assumite
1460 2283 1552 2303 arcam
1569 2275 1685 2306 Domini,
1704 2279 1732 2301 et
1747 2274 1805 2301 im-

1014 2325 1106 2361 ponite
1123 2332 1182 2352 eam
1197 2331 1279 2358 super
1291 2330 1410 2356 carrum,
1423 2328 1450 2350 et
1470 2329 1534 2349 vasa
1546 2329 1628 2349 aurea
1640 2328 1702 2355 quae
1717 2320 1806 2348 obtu-

1013 2373 1085 2401 listis
1099 2372 1122 2399 ei
1137 2378 1185 2406 pro
1202 2371 1312 2403 delicto,
1326 2369 1406 2397 simul
1429 2369 1519 2404 ponite
1533 2375 1614 2403 super
1636 2375 1760 2400 carrum,
1777 2371 1807 2394 et

1012 2418 1102 2446 omnia
1126 2422 1219 2445 sancta
1251 2417 1328 2448 eius:
1345 2420 1374 2442 et
1399 2414 1528 2442 dimittite
1549 2421 1620 2445 eam,
1642 2417 1670 2440 et
1695 2412 1805 2439 vadat:

1011 2470 1039 2492 et
1048 2464 1148 2496 videte,
1163 2462 1296 2497 siquidem
1313 2461 1388 2488 vadit
1402 2468 1450 2495 per
1465 2460 1535 2487 viam
1549 2466 1630 2486 suam
1642 2462 1670 2486 et
1683 2458 1718 2485 ad
1731 2457 1806 2485 ﬁnes

1013 2518 1079 2539 suos
1105 2508 1227 2537 ascendit
1247 2509 1273 2536 in
1291 2506 1454 2538 Bethsamis,
1471 2505 1527 2539 ipsa
1556 2504 1634 2531 nobis
1647 2503 1713 2530 fecit
1731 2503 1805 2530 mala

1013 2558 1071 2585 hazc
1081 2562 1188 2590 magna.
1201 2555 1232 2582 Si
1247 2559 1336 2582 autem
1352 2562 1404 2581 non
1420 2552 1494 2579 vadit
1505 2550 1583 2582 illuc,
1600 2549 1720 2577 sciemus
1736 2549 1803 2585 quia

1013 2609 1110 2629 manus
1124 2601 1182 2634 ejus
1197 2607 1249 2627 non
1263 2599 1377 2634 contigit
1393 2605 1454 2630 nos,
1466 2597 1512 2624 sed
1524 2595 1637 2624 fortuitu
1653 2595 1710 2622 lucc
1723 2595 1807 2622 nobis

1014 2647 1182 2675 acciderunt.
1203 2655 1212 2671 ι
1226 2645 1344 2673 Observa
1361 2651 1426 2679 ergo
1450 2643 1478 2670 in
1492 2642 1537 2674 iis,
1557 2640 1693 2676 quomodo
1707 2647 1800 2667 sacer-

1566 2724 1590 2740 “
1605 2724 1671 2751 ibid.
1717 2723 1742 2739 "
1754 2723 1808 2751 Joh

1508 2761 1530 2776 ‘°
1555 2760 1674 2794 Philipp.
1694 2767 1737 2792 nt,
1755 2759 1806 2786 ‘ll.

1320 2799 1340 2814 "'
1358 2798 1422 2826 ibid.
1440 2797 1455 2823 7
1468 2801 1495 2824 ct
1507 2803 1583 2831 seqq.
