  <div class='ocr_page' id='page_1' title='image "/cluster/home/n/w/nwhite01/storage/ocr_20150623/12/njp.32101077772422/376.png"; bbox 0 0 1903 3052; ppageno 0'>
   <div class='ocr_carea' id='block_1_1' title="bbox 45 115 1083 146">
    <p class='ocr_par' dir='ltr' id='par_1_1' title="bbox 45 115 1083 146">
     <span class='ocr_line' id='line_1_1' title="bbox 45 115 1083 146; baseline 0 -1"><span class='ocrx_word' id='word_1_1' title='bbox 45 117 86 145; x_wconf 76' lang='lat'><strong>897</strong></span> <span class='ocrx_word' id='word_1_2' title='bbox 611 117 643 143; x_wconf 77' lang='lat' dir='ltr'><strong>IN</strong></span> <span class='ocrx_word' id='word_1_3' title='bbox 666 115 832 145; x_wconf 75' lang='lat' dir='ltr'><strong>NUMEROS</strong></span> <span class='ocrx_word' id='word_1_4' title='bbox 851 117 994 146; x_wconf 71' lang='lat' dir='ltr'><strong>HOMILIA</strong></span> <span class='ocrx_word' id='word_1_5' title='bbox 1014 117 1083 145; x_wconf 74' lang='lat' dir='ltr'><strong>XVI.</strong></span> 
     </span>
    </p>
   </div>
   <div class='ocr_carea' id='block_1_2' title="bbox 1602 119 1656 147">
    <p class='ocr_par' dir='ltr' id='par_1_2' title="bbox 1602 119 1656 147">
     <span class='ocr_line' id='line_1_2' title="bbox 1602 119 1656 147; baseline 0 0"><span class='ocrx_word' id='word_1_6' title='bbox 1602 119 1656 147; x_wconf 84' lang='lat'><strong>698</strong></span> 
     </span>
    </p>
   </div>
   <div class='ocr_carea' id='block_1_3' title="bbox 46 174 1656 212">
    <p class='ocr_par' dir='ltr' id='par_1_3' title="bbox 46 174 1656 212">
     <span class='ocr_line' id='line_1_3' title="bbox 46 174 1656 212; baseline 0.002 -11"><span class='ocrx_word' id='word_1_7' title='bbox 46 176 108 202; x_wconf 82' lang='lat' dir='ltr'><strong>dotes</strong></span> <span class='ocrx_word' id='word_1_8' title='bbox 126 180 152 202; x_wconf 87' lang='lat' dir='ltr'><strong>et</strong></span> <span class='ocrx_word' id='word_1_9' title='bbox 168 174 252 203; x_wconf 80' lang='lat' dir='ltr'><strong>divini</strong></span> <span class='ocrx_word' id='word_1_10' title='bbox 272 182 386 203; x_wconf 78' lang='lat' dir='ltr'><strong>causam</strong></span> <span class='ocrx_word' id='word_1_11' title='bbox 409 175 554 208; x_wconf 76' lang='lat' dir='ltr'><strong>malorum,</strong></span> <span class='ocrx_word' id='word_1_12' title='bbox 572 183 632 210; x_wconf 70' lang='lat' dir='ltr'><strong>qua:</strong></span> <span class='ocrx_word' id='word_1_13' title='bbox 661 176 819 203; x_wconf 86' lang='lat' dir='ltr'><strong>acciderant</strong></span> <span class='ocrx_word' id='word_1_14' title='bbox 835 178 856 206; x_wconf 83' lang='lat' dir='ltr'><strong>A</strong></span> <span class='ocrx_word' id='word_1_15' title='bbox 872 184 936 204; x_wconf 88' lang='lat' dir='ltr'><strong>suos</strong></span> <span class='ocrx_word' id='word_1_16' title='bbox 954 177 980 204; x_wconf 90' lang='lat' dir='ltr'><strong>in</strong></span> <span class='ocrx_word' id='word_1_17' title='bbox 997 177 1058 212; x_wconf 84' lang='lat' dir='ltr'><strong>igne</strong></span> <span class='ocrx_word' id='word_1_18' title='bbox 1076 177 1102 203; x_wconf 91' lang='lat' dir='ltr'><strong>in</strong></span> <span class='ocrx_word' id='word_1_19' title='bbox 1124 176 1292 210; x_wconf 84' lang='lat' dir='ltr'><strong>Gebennom,</strong></span> <span class='ocrx_word' id='word_1_20' title='bbox 1312 181 1339 204; x_wconf 86' lang='lat' dir='ltr'><strong>et</strong></span> <span class='ocrx_word' id='word_1_21' title='bbox 1361 177 1539 210; x_wconf 86' lang='lat' dir='ltr'><strong>sortiebatur,</strong></span> <span class='ocrx_word' id='word_1_22' title='bbox 1552 185 1579 205; x_wconf 84' lang='lat' dir='ltr'><strong>et</strong></span> <span class='ocrx_word' id='word_1_23' title='bbox 1597 187 1656 206; x_wconf 84' lang='lat' dir='ltr'><strong>ma-</strong></span> 
     </span>
    </p>
   </div>
   <div class='ocr_carea' id='block_1_4' title="bbox 46 221 815 257">
    <p class='ocr_par' dir='ltr' id='par_1_4' title="bbox 46 221 815 257">
     <span class='ocr_line' id='line_1_4' title="bbox 46 221 815 257; baseline 0.003 -9"><span class='ocrx_word' id='word_1_24' title='bbox 46 221 189 256; x_wconf 84' lang='lat' dir='ltr'><strong>Allophylis,</strong></span> <span class='ocrx_word' id='word_1_25' title='bbox 204 227 294 248; x_wconf 88' lang='lat' dir='ltr'><strong>tttrttm</strong></span> <span class='ocrx_word' id='word_1_26' title='bbox 309 229 341 248; x_wconf 80' lang='lat' dir='ltr'><strong>ex</strong></span> <span class='ocrx_word' id='word_1_27' title='bbox 358 229 438 249; x_wconf 85' lang='lat' dir='ltr'><strong>manu</strong></span> <span class='ocrx_word' id='word_1_28' title='bbox 458 222 515 254; x_wconf 96' lang='lat' dir='ltr'><strong>Dei,</strong></span> <span class='ocrx_word' id='word_1_29' title='bbox 530 226 557 249; x_wconf 84' lang='lat' dir='ltr'><strong>et</strong></span> <span class='ocrx_word' id='word_1_30' title='bbox 571 229 619 255; x_wconf 89' lang='lat' dir='ltr'><strong>pro</strong></span> <span class='ocrx_word' id='word_1_31' title='bbox 634 230 704 249; x_wconf 71' lang='lat' dir='ltr'><strong>areae</strong></span> <span class='ocrx_word' id='word_1_32' title='bbox 716 223 815 257; x_wconf 82' lang='lat' dir='ltr'><strong>injuria</strong></span> 
     </span>
    </p>
   </div>
   <div class='ocr_carea' id='block_1_5' title="bbox 46 265 815 301">
    <p class='ocr_par' dir='ltr' id='par_1_5' title="bbox 46 265 815 301">
     <span class='ocr_line' id='line_1_5' title="bbox 46 265 815 301; baseline 0.003 -9"><span class='ocrx_word' id='word_1_33' title='bbox 46 267 145 300; x_wconf 80' lang='lat' dir='ltr'><strong>venerit,</strong></span> <span class='ocrx_word' id='word_1_34' title='bbox 161 273 195 292; x_wconf 93' lang='lat' dir='ltr'><strong>an</strong></span> <span class='ocrx_word' id='word_1_35' title='bbox 217 265 329 293; x_wconf 80' lang='lat' dir='ltr'><strong>fortuitu</strong></span> <span class='ocrx_word' id='word_1_36' title='bbox 354 266 496 299; x_wconf 84' lang='lat' dir='ltr'><strong>acciderit,</strong></span> <span class='ocrx_word' id='word_1_37' title='bbox 519 266 664 301; x_wconf 72' lang='lat' dir='ltr'><strong>propositis</strong></span> <span class='ocrx_word' id='word_1_38' title='bbox 692 273 815 294; x_wconf 85' lang='lat' dir='ltr'><strong>content-</strong></span> 
     </span>
    </p>
   </div>
   <div class='ocr_carea' id='block_1_6' title="bbox 46 311 816 346">
    <p class='ocr_par' dir='ltr' id='par_1_6' title="bbox 46 311 816 346">
     <span class='ocr_line' id='line_1_6' title="bbox 46 311 816 346; baseline 0.004 -10"><span class='ocrx_word' id='word_1_39' title='bbox 46 312 138 345; x_wconf 77' lang='lat' dir='ltr'><strong>piantur</strong></span> <span class='ocrx_word' id='word_1_40' title='bbox 153 311 270 341; x_wconf 86' lang='lat' dir='ltr'><strong>indiciis.</strong></span> <span class='ocrx_word' id='word_1_41' title='bbox 289 311 432 339; x_wconf 72' lang='lat' dir='ltr'><strong>dicentes:</strong></span> <span class='ocrx_word' id='word_1_42' title='bbox 451 321 461 337; x_wconf 79' lang='grc' dir='ltr'><strong>ι</strong></span> <span class='ocrx_word' id='word_1_43' title='bbox 481 311 509 339; x_wconf 86' lang='lat' dir='ltr'><strong>Si</strong></span> <span class='ocrx_word' id='word_1_44' title='bbox 530 320 576 346; x_wconf 91' lang='lat' dir='ltr'><strong>per</strong></span> <span class='ocrx_word' id='word_1_45' title='bbox 591 313 661 339; x_wconf 90' lang='lat' dir='ltr'><strong>viam</strong></span> <span class='ocrx_word' id='word_1_46' title='bbox 687 320 761 340; x_wconf 86' lang='lat' dir='ltr'><strong>suam</strong></span> <span class='ocrx_word' id='word_1_47' title='bbox 783 313 816 339; x_wconf 86' lang='lat' dir='ltr'><strong>ad</strong></span> 
     </span>
    </p>
   </div>
   <div class='ocr_carea' id='block_1_7' title="bbox 47 356 818 393">
    <p class='ocr_par' dir='ltr' id='par_1_7' title="bbox 47 356 818 393">
     <span class='ocr_line' id='line_1_7' title="bbox 47 356 818 393; baseline 0.005 -11"><span class='ocrx_word' id='word_1_48' title='bbox 47 357 100 383; x_wconf 86' lang='lat' dir='ltr'><strong>ﬂnes</strong></span> <span class='ocrx_word' id='word_1_49' title='bbox 118 363 179 383; x_wconf 89' lang='lat' dir='ltr'><strong>suos</strong></span> <span class='ocrx_word' id='word_1_50' title='bbox 198 357 321 384; x_wconf 85' lang='lat' dir='ltr'><strong>ascendit</strong></span> <span class='ocrx_word' id='word_1_51' title='bbox 342 357 368 384; x_wconf 93' lang='lat' dir='ltr'><strong>in</strong></span> <span class='ocrx_word' id='word_1_52' title='bbox 387 356 541 385; x_wconf 87' lang='lat' dir='ltr'><strong>Bcthsamis</strong></span> <span class='ocrx_word' id='word_1_53' title='bbox 555 378 562 390; x_wconf 92' lang='lat'><strong>,</strong></span> <span class='ocrx_word' id='word_1_54' title='bbox 585 359 641 393; x_wconf 86' lang='lat' dir='ltr'><strong>ipsa</strong></span> <span class='ocrx_word' id='word_1_55' title='bbox 656 359 734 386; x_wconf 88' lang='lat' dir='ltr'><strong>nobis</strong></span> <span class='ocrx_word' id='word_1_56' title='bbox 754 358 818 386; x_wconf 83' lang='lat' dir='ltr'><strong>fecit</strong></span> 
     </span>
    </p>
   </div>
   <div class='ocr_carea' id='block_1_8' title="bbox 46 401 814 438">
    <p class='ocr_par' dir='ltr' id='par_1_8' title="bbox 46 401 814 438">
     <span class='ocr_line' id='line_1_8' title="bbox 46 401 814 438; baseline 0.004 -10"><span class='ocrx_word' id='word_1_57' title='bbox 46 403 92 430; x_wconf 63' lang='lat' dir='ltr'><strong>haec</strong></span> <span class='ocrx_word' id='word_1_58' title='bbox 115 402 224 429; x_wconf 76' lang='lat' dir='ltr'><strong>mala“.</strong></span> <span class='ocrx_word' id='word_1_59' title='bbox 248 412 258 428; x_wconf 78' lang='grc' dir='ltr'><strong>ι</strong></span> <span class='ocrx_word' id='word_1_60' title='bbox 275 401 395 437; x_wconf 91' lang='lat' dir='ltr'><strong>Denique</strong></span> <span class='ocrx_word' id='word_1_61' title='bbox 420 403 446 430; x_wconf 91' lang='lat' dir='ltr'><strong>in</strong></span> <span class='ocrx_word' id='word_1_62' title='bbox 471 405 646 438; x_wconf 75' lang='lat' dir='ltr'><strong>sequentibus</strong></span> <span class='ocrx_word' id='word_1_63' title='bbox 673 405 814 432; x_wconf 75' lang='lat' dir='ltr'><strong>refertur:</strong></span> 
     </span>
    </p>
   </div>
   <div class='ocr_carea' id='block_1_9' title="bbox 48 448 816 484">
    <p class='ocr_par' dir='ltr' id='par_1_9' title="bbox 48 448 816 484">
     <span class='ocr_line' id='line_1_9' title="bbox 48 448 816 484; baseline 0.007 -11"><span class='ocrx_word' id='word_1_64' title='bbox 48 448 97 474; x_wconf 69' lang='lat' dir='ltr'><strong>«Et</strong></span> <span class='ocrx_word' id='word_1_65' title='bbox 118 455 174 474; x_wconf 78' lang='lat' dir='ltr'><strong>cum</strong></span> <span class='ocrx_word' id='word_1_66' title='bbox 202 448 407 481; x_wconf 90' lang='lat' dir='ltr'><strong>imposuissent,</strong></span> <span class='ocrx_word' id='word_1_67' title='bbox 429 449 515 484; x_wconf 88' lang='lat' dir='ltr'><strong>inquit</strong></span> <span class='ocrx_word' id='word_1_68' title='bbox 537 450 571 483; x_wconf 81' lang='lat'><strong>°‘,</strong></span> <span class='ocrx_word' id='word_1_69' title='bbox 591 458 682 478; x_wconf 85' lang='lat' dir='ltr'><strong>arcam</strong></span> <span class='ocrx_word' id='word_1_70' title='bbox 711 450 816 478; x_wconf 85' lang='lat' dir='ltr'><strong>Domini</strong></span> 
     </span>
    </p>
   </div>
   <div class='ocr_carea' id='block_1_10' title="bbox 46 493 816 527">
    <p class='ocr_par' dir='ltr' id='par_1_10' title="bbox 46 493 816 527">
     <span class='ocr_line' id='line_1_10' title="bbox 46 493 816 527; baseline 0.004 -7"><span class='ocrx_word' id='word_1_71' title='bbox 46 501 114 527; x_wconf 86' lang='lat' dir='ltr'><strong>super</strong></span> <span class='ocrx_word' id='word_1_72' title='bbox 127 501 244 526; x_wconf 91' lang='lat' dir='ltr'><strong>carrum,</strong></span> <span class='ocrx_word' id='word_1_73' title='bbox 258 493 419 521; x_wconf 82' lang='lat' dir='ltr'><strong>dircxerttnt</strong></span> <span class='ocrx_word' id='word_1_74' title='bbox 435 494 517 522; x_wconf 86' lang='lat' dir='ltr'><strong>boves</strong></span> <span class='ocrx_word' id='word_1_75' title='bbox 530 495 555 522; x_wconf 94' lang='lat' dir='ltr'><strong>in</strong></span> <span class='ocrx_word' id='word_1_76' title='bbox 569 496 622 527; x_wconf 84' lang='lat' dir='ltr'><strong>via,</strong></span> <span class='ocrx_word' id='word_1_77' title='bbox 639 501 733 523; x_wconf 88' lang='lat' dir='ltr'><strong>contra</strong></span> <span class='ocrx_word' id='word_1_78' title='bbox 746 496 816 523; x_wconf 88' lang='lat' dir='ltr'><strong>viam</strong></span> 
     </span>
    </p>
   </div>
   <div class='ocr_carea' id='block_1_11' title="bbox 46 537 818 572">
    <p class='ocr_par' dir='ltr' id='par_1_11' title="bbox 46 537 818 572">
     <span class='ocr_line' id='line_1_11' title="bbox 46 537 818 572; baseline 0.006 -9"><span class='ocrx_word' id='word_1_79' title='bbox 46 546 93 572; x_wconf 72' lang='lat' dir='ltr'><strong>qua:</strong></span> <span class='ocrx_word' id='word_1_80' title='bbox 109 538 179 565; x_wconf 94' lang='lat' dir='ltr'><strong>dttcit</strong></span> <span class='ocrx_word' id='word_1_81' title='bbox 193 537 358 570; x_wconf 86' lang='lat' dir='ltr'><strong>Bcthsamis,</strong></span> <span class='ocrx_word' id='word_1_82' title='bbox 370 542 398 565; x_wconf 90' lang='lat' dir='ltr'><strong>et</strong></span> <span class='ocrx_word' id='word_1_83' title='bbox 418 547 470 566; x_wconf 89' lang='lat' dir='ltr'><strong>non</strong></span> <span class='ocrx_word' id='word_1_84' title='bbox 488 540 694 568; x_wconf 85' lang='lat' dir='ltr'><strong>declinaverunt</strong></span> <span class='ocrx_word' id='word_1_85' title='bbox 706 541 738 568; x_wconf 89' lang='lat' dir='ltr'><strong>ad</strong></span> <span class='ocrx_word' id='word_1_86' title='bbox 751 541 818 568; x_wconf 85' lang='lat' dir='ltr'><strong>dex-</strong></span> 
     </span>
    </p>
   </div>
   <div class='ocr_carea' id='block_1_12' title="bbox 46 585 816 622">
    <p class='ocr_par' dir='ltr' id='par_1_12' title="bbox 46 585 816 622">
     <span class='ocr_line' id='line_1_12' title="bbox 46 585 816 622; baseline 0.005 -12"><span class='ocrx_word' id='word_1_87' title='bbox 46 589 112 617; x_wconf 84' lang='lat' dir='ltr'><strong>tram,</strong></span> <span class='ocrx_word' id='word_1_88' title='bbox 127 590 171 612; x_wconf 88' lang='lat' dir='ltr'><strong>attt</strong></span> <span class='ocrx_word' id='word_1_89' title='bbox 185 585 217 612; x_wconf 85' lang='lat' dir='ltr'><strong>ad</strong></span> <span class='ocrx_word' id='word_1_90' title='bbox 233 586 385 614; x_wconf 82' lang='lat' dir='ltr'><strong>sinistram.</strong></span> <span class='ocrx_word' id='word_1_91' title='bbox 404 594 414 611; x_wconf 71' lang='grc' dir='ltr'><strong>ι</strong></span> <span class='ocrx_word' id='word_1_92' title='bbox 432 586 499 618; x_wconf 86' lang='lat' dir='ltr'><strong>Quis</strong></span> <span class='ocrx_word' id='word_1_93' title='bbox 515 593 582 622; x_wconf 84' lang='lat' dir='ltr'><strong>ergo</strong></span> <span class='ocrx_word' id='word_1_94' title='bbox 599 587 626 614; x_wconf 92' lang='lat' dir='ltr'><strong>in</strong></span> <span class='ocrx_word' id='word_1_95' title='bbox 645 587 696 619; x_wconf 85' lang='lat' dir='ltr'><strong>his,</strong></span> <span class='ocrx_word' id='word_1_96' title='bbox 714 587 736 614; x_wconf 90' lang='lat' dir='ltr'><strong>si</strong></span> <span class='ocrx_word' id='word_1_97' title='bbox 754 588 816 614; x_wconf 89' lang='lat' dir='ltr'><strong>dili-</strong></span> 
     </span>
    </p>
   </div>
   <div class='ocr_carea' id='block_1_13' title="bbox 46 633 818 668">
    <p class='ocr_par' dir='ltr' id='par_1_13' title="bbox 46 633 818 668">
     <span class='ocr_line' id='line_1_13' title="bbox 46 633 818 668; baseline 0.005 -11"><span class='ocrx_word' id='word_1_98' title='bbox 46 637 124 665; x_wconf 72' lang='lat' dir='ltr'><strong>genter</strong></span> <span class='ocrx_word' id='word_1_99' title='bbox 149 633 275 666; x_wconf 84' lang='lat' dir='ltr'><strong>inspiciat</strong></span> <span class='ocrx_word' id='word_1_100' title='bbox 300 633 368 668; x_wconf 85' lang='lat'><strong>(67),</strong></span> <span class='ocrx_word' id='word_1_101' title='bbox 393 633 591 667; x_wconf 67' lang='lat' dir='ltr'><strong>prmscientiam</strong></span> <span class='ocrx_word' id='word_1_102' title='bbox 610 633 680 660; x_wconf 90' lang='lat' dir='ltr'><strong>hanc</strong></span> <span class='ocrx_word' id='word_1_103' title='bbox 696 641 757 668; x_wconf 71' lang='lat' dir='ltr'><strong>qua:</strong></span> <span class='ocrx_word' id='word_1_104' title='bbox 784 634 818 662; x_wconf 87' lang='lat' dir='ltr'><strong>de</strong></span> 
     </span>
    </p>
   </div>
   <div class='ocr_carea' id='block_1_14' title="bbox 47 677 814 717">
    <p class='ocr_par' dir='ltr' id='par_1_14' title="bbox 47 677 814 717">
     <span class='ocr_line' id='line_1_14' title="bbox 47 677 814 717; baseline 0.005 -14"><span class='ocrx_word' id='word_1_105' title='bbox 47 677 113 704; x_wconf 79' lang='lat' dir='ltr'><strong>boum</strong></span> <span class='ocrx_word' id='word_1_106' title='bbox 130 678 279 706; x_wconf 81' lang='lat' dir='ltr'><strong>directione</strong></span> <span class='ocrx_word' id='word_1_107' title='bbox 300 680 432 717; x_wconf 62' lang='lat' dir='ltr'><strong>praedicta</strong></span> <span class='ocrx_word' id='word_1_108' title='bbox 449 683 501 712; x_wconf 87' lang='lat' dir='ltr'><strong>est,</strong></span> <span class='ocrx_word' id='word_1_109' title='bbox 515 679 558 706; x_wconf 85' lang='lat' dir='ltr'><strong>vel</strong></span> <span class='ocrx_word' id='word_1_110' title='bbox 575 678 713 706; x_wconf 80' lang='lat' dir='ltr'><strong>fortuitam</strong></span> <span class='ocrx_word' id='word_1_111' title='bbox 732 679 814 711; x_wconf 87' lang='lat' dir='ltr'><strong>dicat,</strong></span> 
     </span>
    </p>
   </div>
   <div class='ocr_carea' id='block_1_15' title="bbox 46 723 817 761">
    <p class='ocr_par' dir='ltr' id='par_1_15' title="bbox 46 723 817 761">
     <span class='ocr_line' id='line_1_15' title="bbox 46 723 817 761; baseline 0.008 -14"><span class='ocrx_word' id='word_1_112' title='bbox 46 723 78 748; x_wconf 81' lang='lat' dir='ltr'><strong>vel</strong></span> <span class='ocrx_word' id='word_1_113' title='bbox 103 723 186 758; x_wconf 87' lang='lat' dir='ltr'><strong>aliqua</strong></span> <span class='ocrx_word' id='word_1_114' title='bbox 217 730 278 752; x_wconf 86' lang='lat' dir='ltr'><strong>arte</strong></span> <span class='ocrx_word' id='word_1_115' title='bbox 303 726 497 761; x_wconf 84' lang='lat' dir='ltr'><strong>compositam,</strong></span> <span class='ocrx_word' id='word_1_116' title='bbox 524 730 552 752; x_wconf 86' lang='lat' dir='ltr'><strong>et</strong></span> <span class='ocrx_word' id='word_1_117' title='bbox 577 733 629 753; x_wconf 88' lang='lat' dir='ltr'><strong>non</strong></span> <span class='ocrx_word' id='word_1_118' title='bbox 657 727 817 760; x_wconf 86' lang='lat' dir='ltr'><strong>operatione</strong></span> 
     </span>
    </p>
   </div>
   <div class='ocr_carea' id='block_1_16' title="bbox 46 769 817 806">
    <p class='ocr_par' dir='ltr' id='par_1_16' title="bbox 46 769 817 806">
     <span class='ocr_line' id='line_1_16' title="bbox 46 769 817 806; baseline 0.006 -13"><span class='ocrx_word' id='word_1_119' title='bbox 46 769 145 802; x_wconf 84' lang='lat' dir='ltr'><strong>quadam</strong></span> <span class='ocrx_word' id='word_1_120' title='bbox 167 769 322 798; x_wconf 64' lang='lat' dir='ltr'><strong>diemonum</strong></span> <span class='ocrx_word' id='word_1_121' title='bbox 343 771 538 803; x_wconf 85' lang='lat' dir='ltr'><strong>ministratam,</strong></span> <span class='ocrx_word' id='word_1_122' title='bbox 564 770 610 806; x_wconf 88' lang='lat' dir='ltr'><strong>qui</strong></span> <span class='ocrx_word' id='word_1_123' title='bbox 627 771 817 805; x_wconf 87' lang='lat' dir='ltr'><strong>pertinuteriut</strong></span> 
     </span>
    </p>
   </div>
   <div class='ocr_carea' id='block_1_17' title="bbox 47 814 815 851">
    <p class='ocr_par' dir='ltr' id='par_1_17' title="bbox 47 814 815 851">
     <span class='ocr_line' id='line_1_17' title="bbox 47 814 815 851; baseline 0.007 -13"><span class='ocrx_word' id='word_1_124' title='bbox 47 820 103 839; x_wconf 69' lang='lat' dir='ltr'><strong>arcte</strong></span> <span class='ocrx_word' id='word_1_125' title='bbox 116 814 215 842; x_wconf 90' lang='lat' dir='ltr'><strong>Domini</strong></span> <span class='ocrx_word' id='word_1_126' title='bbox 229 815 372 843; x_wconf 89' lang='lat' dir='ltr'><strong>virtutem:</strong></span> <span class='ocrx_word' id='word_1_127' title='bbox 383 822 436 850; x_wconf 85' lang='lat' dir='ltr'><strong>qua</strong></span> <span class='ocrx_word' id='word_1_128' title='bbox 450 823 503 843; x_wconf 92' lang='lat' dir='ltr'><strong>non</strong></span> <span class='ocrx_word' id='word_1_129' title='bbox 518 815 604 842; x_wconf 86' lang='lat' dir='ltr'><strong>solum</strong></span> <span class='ocrx_word' id='word_1_130' title='bbox 616 815 815 851; x_wconf 79' lang='lat' dir='ltr'><strong>aﬂligehantur,</strong></span> 
     </span>
    </p>
   </div>
   <div class='ocr_carea' id='block_1_18' title="bbox 868 223 1654 257">
    <p class='ocr_par' dir='ltr' id='par_1_18' title="bbox 868 223 1654 257">
     <span class='ocr_line' id='line_1_18' title="bbox 868 223 1654 257; baseline 0.003 -8"><span class='ocrx_word' id='word_1_131' title='bbox 868 223 958 250; x_wconf 83' lang='lat' dir='ltr'><strong>leﬁeia</strong></span> <span class='ocrx_word' id='word_1_132' title='bbox 985 223 1111 254; x_wconf 78' lang='lat' dir='ltr'><strong>faciebat,</strong></span> <span class='ocrx_word' id='word_1_133' title='bbox 1128 228 1156 250; x_wconf 88' lang='lat' dir='ltr'><strong>et</strong></span> <span class='ocrx_word' id='word_1_134' title='bbox 1170 223 1372 257; x_wconf 75' lang='lat' dir='ltr'><strong>augurabatur,</strong></span> <span class='ocrx_word' id='word_1_135' title='bbox 1391 227 1419 250; x_wconf 92' lang='lat' dir='ltr'><strong>et</strong></span> <span class='ocrx_word' id='word_1_136' title='bbox 1437 223 1503 250; x_wconf 78' lang='lat' dir='ltr'><strong>fecit</strong></span> <span class='ocrx_word' id='word_1_137' title='bbox 1522 225 1654 252; x_wconf 89' lang='lat' dir='ltr'><strong>ventrilo-</strong></span> 
     </span>
    </p>
   </div>
   <div class='ocr_carea' id='block_1_19' title="bbox 869 268 1657 303">
    <p class='ocr_par' dir='ltr' id='par_1_19' title="bbox 869 268 1657 303">
     <span class='ocr_line' id='line_1_19' title="bbox 869 268 1657 303; baseline 0.006 -10"><span class='ocrx_word' id='word_1_138' title='bbox 869 275 948 303; x_wconf 88' lang='lat' dir='ltr'><strong>quos,</strong></span> <span class='ocrx_word' id='word_1_139' title='bbox 968 268 1163 299; x_wconf 80' lang='lat' dir='ltr'><strong>ineantatores,</strong></span> <span class='ocrx_word' id='word_1_140' title='bbox 1181 273 1209 295; x_wconf 90' lang='lat' dir='ltr'><strong>et</strong></span> <span class='ocrx_word' id='word_1_141' title='bbox 1229 269 1419 303; x_wconf 88' lang='lat' dir='ltr'><strong>tnnltiplicavit</strong></span> <span class='ocrx_word' id='word_1_142' title='bbox 1434 273 1464 296; x_wconf 91' lang='lat' dir='ltr'><strong>ut</strong></span> <span class='ocrx_word' id='word_1_143' title='bbox 1483 269 1583 297; x_wconf 82' lang='lat' dir='ltr'><strong>faceret</strong></span> <span class='ocrx_word' id='word_1_144' title='bbox 1600 279 1657 298; x_wconf 47' lang='lat' dir='ltr'><strong>tua-</strong></span> 
     </span>
    </p>
   </div>
   <div class='ocr_carea' id='block_1_20' title="bbox 870 313 1653 348">
    <p class='ocr_par' dir='ltr' id='par_1_20' title="bbox 870 313 1653 348">
     <span class='ocr_line' id='line_1_20' title="bbox 870 313 1653 348; baseline 0.005 -9"><span class='ocrx_word' id='word_1_145' title='bbox 870 314 971 348; x_wconf 79' lang='lat' dir='ltr'><strong>lignum</strong></span> <span class='ocrx_word' id='word_1_146' title='bbox 990 313 1015 340; x_wconf 92' lang='lat' dir='ltr'><strong>in</strong></span> <span class='ocrx_word' id='word_1_147' title='bbox 1032 318 1177 348; x_wconf 86' lang='lat' dir='ltr'><strong>conspectu</strong></span> <span class='ocrx_word' id='word_1_148' title='bbox 1198 314 1315 345; x_wconf 89' lang='lat' dir='ltr'><strong>Domini,</strong></span> <span class='ocrx_word' id='word_1_149' title='bbox 1328 319 1358 340; x_wconf 90' lang='lat' dir='ltr'><strong>ttt</strong></span> <span class='ocrx_word' id='word_1_150' title='bbox 1372 315 1631 343; x_wconf 76' lang='lat' dir='ltr'><strong>exacerbaretcum.</strong></span> <span class='ocrx_word' id='word_1_151' title='bbox 1644 327 1653 343; x_wconf 81' lang='grc' dir='ltr'><strong>ι</strong></span> 
     </span>
    </p>
   </div>
   <div class='ocr_carea' id='block_1_21' title="bbox 869 357 1657 393">
    <p class='ocr_par' dir='ltr' id='par_1_21' title="bbox 869 357 1657 393">
     <span class='ocr_line' id='line_1_21' title="bbox 869 357 1657 393; baseline 0.004 -9"><span class='ocrx_word' id='word_1_152' title='bbox 869 357 932 385; x_wconf 68' lang='lat' dir='ltr'><strong>Haec</strong></span> <span class='ocrx_word' id='word_1_153' title='bbox 944 365 1010 393; x_wconf 80' lang='lat' dir='ltr'><strong>ergo</strong></span> <span class='ocrx_word' id='word_1_154' title='bbox 1027 358 1130 390; x_wconf 90' lang='lat' dir='ltr'><strong>omnia,</strong></span> <span class='ocrx_word' id='word_1_155' title='bbox 1154 358 1179 384; x_wconf 83' lang='lat' dir='ltr'><strong>id</strong></span> <span class='ocrx_word' id='word_1_156' title='bbox 1194 363 1246 390; x_wconf 88' lang='lat' dir='ltr'><strong>est,</strong></span> <span class='ocrx_word' id='word_1_157' title='bbox 1263 357 1319 384; x_wconf 83' lang='lat' dir='ltr'><strong>sive</strong></span> <span class='ocrx_word' id='word_1_158' title='bbox 1330 360 1486 393; x_wconf 77' lang='lat' dir='ltr'><strong>auguratio,</strong></span> <span class='ocrx_word' id='word_1_159' title='bbox 1506 360 1563 387; x_wconf 85' lang='lat' dir='ltr'><strong>sive</strong></span> <span class='ocrx_word' id='word_1_160' title='bbox 1585 361 1657 387; x_wconf 75' lang='lat' dir='ltr'><strong>exti-</strong></span> 
     </span>
    </p>
   </div>
   <div class='ocr_carea' id='block_1_22' title="bbox 869 403 1656 438">
    <p class='ocr_par' dir='ltr' id='par_1_22' title="bbox 869 403 1656 438">
     <span class='ocr_line' id='line_1_22' title="bbox 869 403 1656 438; baseline 0.003 -8"><span class='ocrx_word' id='word_1_161' title='bbox 869 404 996 438; x_wconf 90' lang='lat' dir='ltr'><strong>spieium,</strong></span> <span class='ocrx_word' id='word_1_162' title='bbox 1011 404 1067 430; x_wconf 84' lang='lat' dir='ltr'><strong>sive</strong></span> <span class='ocrx_word' id='word_1_163' title='bbox 1082 403 1208 438; x_wconf 68' lang='lat' dir='ltr'><strong>quaelibet</strong></span> <span class='ocrx_word' id='word_1_164' title='bbox 1225 404 1386 437; x_wconf 89' lang='lat' dir='ltr'><strong>immolatio,</strong></span> <span class='ocrx_word' id='word_1_165' title='bbox 1403 405 1461 432; x_wconf 86' lang='lat' dir='ltr'><strong>sive</strong></span> <span class='ocrx_word' id='word_1_166' title='bbox 1475 405 1558 432; x_wconf 86' lang='lat' dir='ltr'><strong>etiam</strong></span> <span class='ocrx_word' id='word_1_167' title='bbox 1574 405 1656 432; x_wconf 90' lang='lat' dir='ltr'><strong>sorti-</strong></span> 
     </span>
    </p>
   </div>
   <div class='ocr_carea' id='block_1_23' title="bbox 869 449 1654 484">
    <p class='ocr_par' dir='ltr' id='par_1_23' title="bbox 869 449 1654 484">
     <span class='ocr_line' id='line_1_23' title="bbox 869 449 1654 484; baseline -0.001 -7"><span class='ocrx_word' id='word_1_168' title='bbox 869 449 918 482; x_wconf 88' lang='lat' dir='ltr'><strong>tio,</strong></span> <span class='ocrx_word' id='word_1_169' title='bbox 936 454 982 476; x_wconf 91' lang='lat' dir='ltr'><strong>aut</strong></span> <span class='ocrx_word' id='word_1_170' title='bbox 994 450 1149 483; x_wconf 88' lang='lat' dir='ltr'><strong>quicunque</strong></span> <span class='ocrx_word' id='word_1_171' title='bbox 1164 453 1252 476; x_wconf 86' lang='lat' dir='ltr'><strong>motus</strong></span> <span class='ocrx_word' id='word_1_172' title='bbox 1269 449 1371 482; x_wconf 89' lang='lat' dir='ltr'><strong>avium,</strong></span> <span class='ocrx_word' id='word_1_173' title='bbox 1392 450 1435 477; x_wconf 88' lang='lat' dir='ltr'><strong>vel</strong></span> <span class='ocrx_word' id='word_1_174' title='bbox 1455 451 1599 484; x_wconf 84' lang='lat' dir='ltr'><strong>pecudum.</strong></span> <span class='ocrx_word' id='word_1_175' title='bbox 1615 450 1654 478; x_wconf 88' lang='lat' dir='ltr'><strong>vel</strong></span> 
     </span>
    </p>
   </div>
   <div class='ocr_carea' id='block_1_24' title="bbox 869 494 1655 529">
    <p class='ocr_par' dir='ltr' id='par_1_24' title="bbox 869 494 1655 529">
     <span class='ocr_line' id='line_1_24' title="bbox 869 494 1655 529; baseline 0.003 -8"><span class='ocrx_word' id='word_1_176' title='bbox 869 494 1002 528; x_wconf 87' lang='lat' dir='ltr'><strong>inspectio</strong></span> <span class='ocrx_word' id='word_1_177' title='bbox 1018 502 1186 529; x_wconf 54' lang='lat' dir='ltr'><strong>quacunque</strong></span> <span class='ocrx_word' id='word_1_178' title='bbox 1203 495 1344 528; x_wconf 86' lang='lat' dir='ltr'><strong>librarum,</strong></span> <span class='ocrx_word' id='word_1_179' title='bbox 1357 495 1497 529; x_wconf 84' lang='lat' dir='ltr'><strong>utaliquid</strong></span> <span class='ocrx_word' id='word_1_180' title='bbox 1512 495 1545 522; x_wconf 92' lang='lat' dir='ltr'><strong>de</strong></span> <span class='ocrx_word' id='word_1_181' title='bbox 1558 495 1655 523; x_wconf 80' lang='lat' dir='ltr'><strong>futuris</strong></span> 
     </span>
    </p>
   </div>
   <div class='ocr_carea' id='block_1_25' title="bbox 869 539 1653 574">
    <p class='ocr_par' dir='ltr' id='par_1_25' title="bbox 869 539 1653 574">
     <span class='ocr_line' id='line_1_25' title="bbox 869 539 1653 574; baseline 0.004 -9"><span class='ocrx_word' id='word_1_182' title='bbox 869 540 1014 567; x_wconf 79' lang='lat' dir='ltr'><strong>videantur</strong></span> <span class='ocrx_word' id='word_1_183' title='bbox 1028 541 1184 572; x_wconf 88' lang='lat' dir='ltr'><strong>ostendere,</strong></span> <span class='ocrx_word' id='word_1_184' title='bbox 1202 541 1228 566; x_wconf 92' lang='lat' dir='ltr'><strong>iu</strong></span> <span class='ocrx_word' id='word_1_185' title='bbox 1255 539 1416 574; x_wconf 84' lang='lat' dir='ltr'><strong>operatione</strong></span> <span class='ocrx_word' id='word_1_186' title='bbox 1429 541 1579 568; x_wconf 78' lang='lat' dir='ltr'><strong>daemonum</strong></span> <span class='ocrx_word' id='word_1_187' title='bbox 1596 541 1653 568; x_wconf 89' lang='lat' dir='ltr'><strong>ﬁeri</strong></span> 
     </span>
    </p>
   </div>
   <div class='ocr_carea' id='block_1_26' title="bbox 869 585 1656 621">
    <p class='ocr_par' dir='ltr' id='par_1_26' title="bbox 869 585 1656 621">
     <span class='ocr_line' id='line_1_26' title="bbox 869 585 1656 621; baseline 0 -8"><span class='ocrx_word' id='word_1_188' title='bbox 869 593 921 613; x_wconf 92' lang='lat' dir='ltr'><strong>non</strong></span> <span class='ocrx_word' id='word_1_189' title='bbox 943 585 1047 618; x_wconf 89' lang='lat' dir='ltr'><strong>dubito,</strong></span> <span class='ocrx_word' id='word_1_190' title='bbox 1071 586 1247 621; x_wconf 78' lang='lat' dir='ltr'><strong>dirigentium</strong></span> <span class='ocrx_word' id='word_1_191' title='bbox 1263 586 1305 613; x_wconf 85' lang='lat' dir='ltr'><strong>vel</strong></span> <span class='ocrx_word' id='word_1_192' title='bbox 1321 586 1423 619; x_wconf 89' lang='lat' dir='ltr'><strong>avium,</strong></span> <span class='ocrx_word' id='word_1_193' title='bbox 1449 586 1490 613; x_wconf 89' lang='lat' dir='ltr'><strong>vel</strong></span> <span class='ocrx_word' id='word_1_194' title='bbox 1512 586 1656 620; x_wconf 88' lang='lat' dir='ltr'><strong>pecudum,</strong></span> 
     </span>
    </p>
   </div>
   <div class='ocr_carea' id='block_1_27' title="bbox 868 631 1658 664">
    <p class='ocr_par' dir='ltr' id='par_1_27' title="bbox 868 631 1658 664">
     <span class='ocr_line' id='line_1_27' title="bbox 868 631 1658 664; baseline 0 -6"><span class='ocrx_word' id='word_1_195' title='bbox 868 632 909 659; x_wconf 89' lang='lat' dir='ltr'><strong>vel</strong></span> <span class='ocrx_word' id='word_1_196' title='bbox 924 631 1056 659; x_wconf 89' lang='lat' dir='ltr'><strong>ﬁbrarum</strong></span> <span class='ocrx_word' id='word_1_197' title='bbox 1073 635 1171 663; x_wconf 82' lang='lat' dir='ltr'><strong>motusI</strong></span> <span class='ocrx_word' id='word_1_198' title='bbox 1200 636 1245 658; x_wconf 89' lang='lat' dir='ltr'><strong>aut</strong></span> <span class='ocrx_word' id='word_1_199' title='bbox 1260 631 1386 664; x_wconf 85' lang='lat' dir='ltr'><strong>sortium,</strong></span> <span class='ocrx_word' id='word_1_200' title='bbox 1402 632 1550 659; x_wconf 90' lang='lat' dir='ltr'><strong>secundum</strong></span> <span class='ocrx_word' id='word_1_201' title='bbox 1574 638 1606 659; x_wconf 88' lang='lat' dir='ltr'><strong>ea</strong></span> <span class='ocrx_word' id='word_1_202' title='bbox 1622 632 1658 658; x_wconf 91' lang='lat' dir='ltr'><strong>si-</strong></span> 
     </span>
    </p>
   </div>
   <div class='ocr_carea' id='block_1_28' title="bbox 867 676 1656 711">
    <p class='ocr_par' dir='ltr' id='par_1_28' title="bbox 867 676 1656 711">
     <span class='ocr_line' id='line_1_28' title="bbox 867 676 1656 711; baseline 0 -9"><span class='ocrx_word' id='word_1_203' title='bbox 867 684 918 711; x_wconf 85' lang='lat' dir='ltr'><strong>gna</strong></span> <span class='ocrx_word' id='word_1_204' title='bbox 933 684 994 711; x_wconf 69' lang='lat' dir='ltr'><strong>quae</strong></span> <span class='ocrx_word' id='word_1_205' title='bbox 1005 679 1159 704; x_wconf 84' lang='lat' dir='ltr'><strong>docuerunt</strong></span> <span class='ocrx_word' id='word_1_206' title='bbox 1173 676 1256 703; x_wconf 87' lang='lat' dir='ltr'><strong>iidem</strong></span> <span class='ocrx_word' id='word_1_207' title='bbox 1269 677 1405 704; x_wconf 61' lang='lat' dir='ltr'><strong>daemones</strong></span> <span class='ocrx_word' id='word_1_208' title='bbox 1417 676 1556 704; x_wconf 82' lang='lat' dir='ltr'><strong>obser&#39;vari</strong></span> <span class='ocrx_word' id='word_1_209' title='bbox 1566 676 1599 703; x_wconf 85' lang='lat' dir='ltr'><strong>ab</strong></span> <span class='ocrx_word' id='word_1_210' title='bbox 1613 676 1656 707; x_wconf 80' lang='lat' dir='ltr'><strong>iis,</strong></span> 
     </span>
    </p>
   </div>
   <div class='ocr_carea' id='block_1_29' title="bbox 868 721 1657 758">
    <p class='ocr_par' dir='ltr' id='par_1_29' title="bbox 868 721 1657 758">
     <span class='ocr_line' id='line_1_29' title="bbox 868 721 1657 758; baseline 0 -10"><span class='ocrx_word' id='word_1_211' title='bbox 868 722 966 757; x_wconf 89' lang='lat' dir='ltr'><strong>quibus</strong></span> <span class='ocrx_word' id='word_1_212' title='bbox 980 723 1050 750; x_wconf 91' lang='lat' dir='ltr'><strong>artis</strong></span> <span class='ocrx_word' id='word_1_213' title='bbox 1064 723 1144 758; x_wconf 89' lang='lat' dir='ltr'><strong>hujus</strong></span> <span class='ocrx_word' id='word_1_214' title='bbox 1160 723 1304 750; x_wconf 89' lang='lat' dir='ltr'><strong>scietttiatn</strong></span> <span class='ocrx_word' id='word_1_215' title='bbox 1320 723 1502 750; x_wconf 87' lang='lat' dir='ltr'><strong>tradiderttnt.</strong></span> <span class='ocrx_word' id='word_1_216' title='bbox 1521 723 1543 749; x_wconf 85' lang='lat' dir='ltr'><strong>A</strong></span> <span class='ocrx_word' id='word_1_217' title='bbox 1557 721 1657 756; x_wconf 85' lang='lat' dir='ltr'><strong>quibus</strong></span> 
     </span>
    </p>
   </div>
   <div class='ocr_carea' id='block_1_30' title="bbox 867 766 1657 803">
    <p class='ocr_par' dir='ltr' id='par_1_30' title="bbox 867 766 1657 803">
     <span class='ocr_line' id='line_1_30' title="bbox 867 766 1657 803; baseline -0.004 -7"><span class='ocrx_word' id='word_1_218' title='bbox 867 769 1007 801; x_wconf 90' lang='lat' dir='ltr'><strong>omnibus,</strong></span> <span class='ocrx_word' id='word_1_219' title='bbox 1032 769 1055 796; x_wconf 91' lang='lat' dir='ltr'><strong>is</strong></span> <span class='ocrx_word' id='word_1_220' title='bbox 1077 770 1122 803; x_wconf 92' lang='lat' dir='ltr'><strong>qui</strong></span> <span class='ocrx_word' id='word_1_221' title='bbox 1145 768 1228 796; x_wconf 84' lang='lat' dir='ltr'><strong>horno</strong></span> <span class='ocrx_word' id='word_1_222' title='bbox 1247 768 1295 795; x_wconf 88' lang='lat' dir='ltr'><strong>Dei</strong></span> <span class='ocrx_word' id='word_1_223' title='bbox 1312 773 1365 801; x_wconf 89' lang='lat' dir='ltr'><strong>est,</strong></span> <span class='ocrx_word' id='word_1_224' title='bbox 1379 773 1406 795; x_wconf 90' lang='lat' dir='ltr'><strong>et</strong></span> <span class='ocrx_word' id='word_1_225' title='bbox 1424 769 1449 796; x_wconf 94' lang='lat' dir='ltr'><strong>in</strong></span> <span class='ocrx_word' id='word_1_226' title='bbox 1470 768 1594 803; x_wconf 88' lang='lat' dir='ltr'><strong>portione</strong></span> <span class='ocrx_word' id='word_1_227' title='bbox 1610 766 1657 794; x_wconf 88' lang='lat' dir='ltr'><strong>Dei</strong></span> 
     </span>
    </p>
   </div>
   <div class='ocr_carea' id='block_1_31' title="bbox 869 813 1657 849">
    <p class='ocr_par' dir='ltr' id='par_1_31' title="bbox 869 813 1657 849">
     <span class='ocr_line' id='line_1_31' title="bbox 869 813 1657 849; baseline -0.001 -9"><span class='ocrx_word' id='word_1_228' title='bbox 869 820 1038 848; x_wconf 91' lang='lat' dir='ltr'><strong>nttmeratur,</strong></span> <span class='ocrx_word' id='word_1_229' title='bbox 1058 815 1165 849; x_wconf 88' lang='lat' dir='ltr'><strong>penitus</strong></span> <span class='ocrx_word' id='word_1_230' title='bbox 1182 823 1241 842; x_wconf 85' lang='lat' dir='ltr'><strong>esse</strong></span> <span class='ocrx_word' id='word_1_231' title='bbox 1254 814 1335 842; x_wconf 84' lang='lat' dir='ltr'><strong>debet</strong></span> <span class='ocrx_word' id='word_1_232' title='bbox 1351 814 1466 845; x_wconf 85' lang='lat' dir='ltr'><strong>alienus,</strong></span> <span class='ocrx_word' id='word_1_233' title='bbox 1492 821 1542 841; x_wconf 86' lang='lat' dir='ltr'><strong>nec</strong></span> <span class='ocrx_word' id='word_1_234' title='bbox 1556 813 1657 847; x_wconf 91' lang='lat' dir='ltr'><strong>aliquid</strong></span> 
     </span>
    </p>
   </div>
   <div class='ocr_carea' id='block_1_32' title="bbox 46 854 1657 896">
    <p class='ocr_par' dir='ltr' id='par_1_32' title="bbox 46 854 1657 896">
     <span class='ocr_line' id='line_1_32' title="bbox 46 854 1657 896; baseline -0.001 -11"><span class='ocrx_word' id='word_1_235' title='bbox 46 866 65 886; x_wconf 86' lang='lat' dir='ltr'><strong>et</strong></span> <span class='ocrx_word' id='word_1_236' title='bbox 80 860 250 893; x_wconf 82' lang='lat' dir='ltr'><strong>puniebantur</strong></span> <span class='ocrx_word' id='word_1_237' title='bbox 262 860 409 896; x_wconf 83' lang='lat' dir='ltr'><strong>Allophyli,</strong></span> <span class='ocrx_word' id='word_1_238' title='bbox 428 868 521 889; x_wconf 86' lang='lat' dir='ltr'><strong>verum</strong></span> <span class='ocrx_word' id='word_1_239' title='bbox 542 865 568 888; x_wconf 89' lang='lat' dir='ltr'><strong>et</strong></span> <span class='ocrx_word' id='word_1_240' title='bbox 589 862 677 889; x_wconf 90' lang='lat' dir='ltr'><strong>cultus</strong></span> <span class='ocrx_word' id='word_1_241' title='bbox 691 862 747 896; x_wconf 90' lang='lat' dir='ltr'><strong>ipse</strong></span> <span class='ocrx_word' id='word_1_242' title='bbox 760 863 815 889; x_wconf 70' lang='lat' dir='ltr'><strong>dre-</strong></span> <span class='ocrx_word' id='word_1_243' title='bbox 832 854 853 881; x_wconf 79' lang='grc' dir='ltr'><strong><em>Β</em></strong></span> <span class='ocrx_word' id='word_1_244' title='bbox 871 861 897 887; x_wconf 88' lang='lat' dir='ltr'><strong>in</strong></span> <span class='ocrx_word' id='word_1_245' title='bbox 914 860 947 888; x_wconf 86' lang='lat' dir='ltr'><strong>iis</strong></span> <span class='ocrx_word' id='word_1_246' title='bbox 966 861 1068 889; x_wconf 88' lang='lat' dir='ltr'><strong>habere</strong></span> <span class='ocrx_word' id='word_1_247' title='bbox 1085 868 1239 893; x_wconf 89' lang='lat' dir='ltr'><strong>contmune,</strong></span> <span class='ocrx_word' id='word_1_248' title='bbox 1254 867 1315 894; x_wconf 67' lang='lat' dir='ltr'><strong>quae</strong></span> <span class='ocrx_word' id='word_1_249' title='bbox 1328 859 1443 887; x_wconf 87' lang='lat' dir='ltr'><strong>occultis</strong></span> <span class='ocrx_word' id='word_1_250' title='bbox 1454 858 1509 895; x_wconf 84' lang='lat'><strong>(68)</strong></span> <span class='ocrx_word' id='word_1_251' title='bbox 1524 858 1657 886; x_wconf 87' lang='lat' dir='ltr'><strong>machinis</strong></span> 
     </span>
    </p>
   </div>
   <div class='ocr_carea' id='block_1_33' title="bbox 47 906 815 942">
    <p class='ocr_par' dir='ltr' id='par_1_33' title="bbox 47 906 815 942">
     <span class='ocr_line' id='line_1_33' title="bbox 47 906 815 942; baseline 0.004 -12"><span class='ocrx_word' id='word_1_252' title='bbox 47 913 137 932; x_wconf 81' lang='lat' dir='ltr'><strong>menum</strong></span> <span class='ocrx_word' id='word_1_253' title='bbox 164 906 377 939; x_wconf 88' lang='lat' dir='ltr'><strong>destruebatur,</strong></span> <span class='ocrx_word' id='word_1_254' title='bbox 407 911 502 942; x_wconf 88' lang='lat' dir='ltr'><strong>utpote</strong></span> <span class='ocrx_word' id='word_1_255' title='bbox 528 907 681 934; x_wconf 85' lang='lat' dir='ltr'><strong>simulacris</strong></span> <span class='ocrx_word' id='word_1_256' title='bbox 704 914 815 939; x_wconf 85' lang='lat' dir='ltr'><strong>eorum,</strong></span> 
     </span>
    </p>
   </div>
   <div class='ocr_carea' id='block_1_34' title="bbox 48 950 818 988">
    <p class='ocr_par' dir='ltr' id='par_1_34' title="bbox 48 950 818 988">
     <span class='ocr_line' id='line_1_34' title="bbox 48 950 818 988; baseline 0.005 -13"><span class='ocrx_word' id='word_1_257' title='bbox 48 950 199 984; x_wconf 82' lang='lat' dir='ltr'><strong>templisque.</strong></span> <span class='ocrx_word' id='word_1_258' title='bbox 216 952 250 979; x_wconf 89' lang='lat' dir='ltr'><strong>ad</strong></span> <span class='ocrx_word' id='word_1_259' title='bbox 272 953 426 988; x_wconf 83' lang='lat' dir='ltr'><strong>ingressum</strong></span> <span class='ocrx_word' id='word_1_260' title='bbox 453 958 524 978; x_wconf 68' lang='lat' dir='ltr'><strong>arcae</strong></span> <span class='ocrx_word' id='word_1_261' title='bbox 539 951 645 978; x_wconf 91' lang='lat' dir='ltr'><strong>Domini</strong></span> <span class='ocrx_word' id='word_1_262' title='bbox 664 952 818 979; x_wconf 89' lang='lat' dir='ltr'><strong>corruenti-</strong></span> 
     </span>
    </p>
   </div>
   <div class='ocr_carea' id='block_1_35' title="bbox 49 995 816 1032">
    <p class='ocr_par' dir='ltr' id='par_1_35' title="bbox 49 995 816 1032">
     <span class='ocr_line' id='line_1_35' title="bbox 49 995 816 1032; baseline 0.003 -11"><span class='ocrx_word' id='word_1_263' title='bbox 49 995 104 1022; x_wconf 76' lang='lat' dir='ltr'><strong>bus?</strong></span> <span class='ocrx_word' id='word_1_264' title='bbox 117 996 161 1023; x_wconf 87' lang='lat' dir='ltr'><strong>Est</strong></span> <span class='ocrx_word' id='word_1_265' title='bbox 172 1005 236 1032; x_wconf 89' lang='lat' dir='ltr'><strong>ergo</strong></span> <span class='ocrx_word' id='word_1_266' title='bbox 250 998 312 1025; x_wconf 83' lang='lat' dir='ltr'><strong>talis</strong></span> <span class='ocrx_word' id='word_1_267' title='bbox 324 998 446 1032; x_wconf 70' lang='lat' dir='ltr'><strong>quaadam</strong></span> <span class='ocrx_word' id='word_1_268' title='bbox 462 997 489 1024; x_wconf 96' lang='lat' dir='ltr'><strong>in</strong></span> <span class='ocrx_word' id='word_1_269' title='bbox 503 997 657 1025; x_wconf 90' lang='lat' dir='ltr'><strong>ministerio</strong></span> <span class='ocrx_word' id='word_1_270' title='bbox 670 997 816 1031; x_wconf 61' lang='lat' dir='ltr'><strong>praescicu-</strong></span> 
     </span>
    </p>
   </div>
   <div class='ocr_carea' id='block_1_36' title="bbox 48 1040 815 1077">
    <p class='ocr_par' dir='ltr' id='par_1_36' title="bbox 48 1040 815 1077">
     <span class='ocr_line' id='line_1_36' title="bbox 48 1040 815 1077; baseline 0.005 -11"><span class='ocrx_word' id='word_1_271' title='bbox 48 1040 82 1067; x_wconf 78' lang='lat' dir='ltr'><strong>tia:</strong></span> <span class='ocrx_word' id='word_1_272' title='bbox 95 1043 207 1075; x_wconf 83' lang='lat' dir='ltr'><strong>operatio</strong></span> <span class='ocrx_word' id='word_1_273' title='bbox 224 1043 389 1074; x_wconf 69' lang='lat' dir='ltr'><strong>dmtnonum,</strong></span> <span class='ocrx_word' id='word_1_274' title='bbox 414 1050 474 1077; x_wconf 68' lang='lat' dir='ltr'><strong>qum</strong></span> <span class='ocrx_word' id='word_1_275' title='bbox 488 1042 593 1069; x_wconf 90' lang='lat' dir='ltr'><strong>artibus</strong></span> <span class='ocrx_word' id='word_1_276' title='bbox 607 1041 766 1076; x_wconf 86' lang='lat' dir='ltr'><strong>quibusdam</strong></span> <span class='ocrx_word' id='word_1_277' title='bbox 782 1043 815 1070; x_wconf 88' lang='lat' dir='ltr'><strong>ab</strong></span> 
     </span>
    </p>
   </div>
   <div class='ocr_carea' id='block_1_37' title="bbox 48 1086 817 1123">
    <p class='ocr_par' dir='ltr' id='par_1_37' title="bbox 48 1086 817 1123">
     <span class='ocr_line' id='line_1_37' title="bbox 48 1086 817 1123; baseline 0.005 -11"><span class='ocrx_word' id='word_1_278' title='bbox 48 1086 82 1118; x_wconf 89' lang='lat' dir='ltr'><strong>iis,</strong></span> <span class='ocrx_word' id='word_1_279' title='bbox 93 1088 133 1122; x_wconf 90' lang='lat' dir='ltr'><strong>qui</strong></span> <span class='ocrx_word' id='word_1_280' title='bbox 148 1096 176 1116; x_wconf 91' lang='lat' dir='ltr'><strong>se</strong></span> <span class='ocrx_word' id='word_1_281' title='bbox 189 1089 356 1116; x_wconf 79' lang='lat' dir='ltr'><strong>daemonibus</strong></span> <span class='ocrx_word' id='word_1_282' title='bbox 383 1089 608 1123; x_wconf 83' lang='lat' dir='ltr'><strong>mancipavcrinl,</strong></span> <span class='ocrx_word' id='word_1_283' title='bbox 624 1089 770 1123; x_wconf 74' lang='lat' dir='ltr'><strong>colligitur,</strong></span> <span class='ocrx_word' id='word_1_284' title='bbox 789 1093 817 1116; x_wconf 87' lang='lat' dir='ltr'><strong>et</strong></span> 
     </span>
    </p>
   </div>
   <div class='ocr_carea' id='block_1_38' title="bbox 49 1136 814 1169">
    <p class='ocr_par' dir='ltr' id='par_1_38' title="bbox 49 1136 814 1169">
     <span class='ocr_line' id='line_1_38' title="bbox 49 1136 814 1169; baseline 0.004 -11"><span class='ocrx_word' id='word_1_285' title='bbox 49 1140 106 1160; x_wconf 82' lang='lat' dir='ltr'><strong>llllllC</strong></span> <span class='ocrx_word' id='word_1_286' title='bbox 124 1141 168 1167; x_wconf 86' lang='lat' dir='ltr'><strong>per</strong></span> <span class='ocrx_word' id='word_1_287' title='bbox 192 1141 239 1161; x_wconf 85' lang='lat' dir='ltr'><strong>eas</strong></span> <span class='ocrx_word' id='word_1_288' title='bbox 261 1142 330 1168; x_wconf 85' lang='lat' dir='ltr'><strong>quas</strong></span> <span class='ocrx_word' id='word_1_289' title='bbox 346 1140 434 1162; x_wconf 90' lang='lat' dir='ltr'><strong>sortes</strong></span> <span class='ocrx_word' id='word_1_290' title='bbox 452 1136 604 1167; x_wconf 81' lang='lat' dir='ltr'><strong>nominant,</strong></span> <span class='ocrx_word' id='word_1_291' title='bbox 627 1142 699 1162; x_wconf 92' lang='lat' dir='ltr'><strong>nunc</strong></span> <span class='ocrx_word' id='word_1_292' title='bbox 718 1142 767 1169; x_wconf 90' lang='lat' dir='ltr'><strong>per</strong></span> <span class='ocrx_word' id='word_1_293' title='bbox 783 1141 814 1162; x_wconf 88' lang='lat' dir='ltr'><strong>ea</strong></span> 
     </span>
    </p>
   </div>
   <div class='ocr_carea' id='block_1_39' title="bbox 47 1179 815 1215">
    <p class='ocr_par' dir='ltr' id='par_1_39' title="bbox 47 1179 815 1215">
     <span class='ocr_line' id='line_1_39' title="bbox 47 1179 815 1215; baseline 0.005 -11"><span class='ocrx_word' id='word_1_294' title='bbox 47 1185 94 1211; x_wconf 55' lang='lat' dir='ltr'><strong>quat</strong></span> <span class='ocrx_word' id='word_1_295' title='bbox 102 1180 364 1215; x_wconf 79' lang='lat' dir='ltr'><strong>auguriaappellant,</strong></span> <span class='ocrx_word' id='word_1_296' title='bbox 373 1187 444 1208; x_wconf 87' lang='lat' dir='ltr'><strong>nunc</strong></span> <span class='ocrx_word' id='word_1_297' title='bbox 452 1180 533 1208; x_wconf 87' lang='lat' dir='ltr'><strong>etiam</strong></span> <span class='ocrx_word' id='word_1_298' title='bbox 543 1187 574 1207; x_wconf 83' lang='lat' dir='ltr'><strong>ex</strong></span> <span class='ocrx_word' id='word_1_299' title='bbox 585 1179 815 1215; x_wconf 87' lang='lat' dir='ltr'><strong>contemplatione</strong></span> 
     </span>
    </p>
   </div>
   <div class='ocr_carea' id='block_1_40' title="bbox 49 1222 813 1260">
    <p class='ocr_par' dir='ltr' id='par_1_40' title="bbox 49 1222 813 1260">
     <span class='ocr_line' id='line_1_40' title="bbox 49 1222 813 1260; baseline 0.005 -12"><span class='ocrx_word' id='word_1_300' title='bbox 49 1222 169 1256; x_wconf 85' lang='lat' dir='ltr'><strong>librarum,</strong></span> <span class='ocrx_word' id='word_1_301' title='bbox 195 1232 255 1259; x_wconf 67' lang='lat' dir='ltr'><strong>quae</strong></span> <span class='ocrx_word' id='word_1_302' title='bbox 279 1225 420 1260; x_wconf 80' lang='lat' dir='ltr'><strong>extispicia</strong></span> <span class='ocrx_word' id='word_1_303' title='bbox 447 1229 555 1258; x_wconf 82' lang='lat' dir='ltr'><strong>vocant,</strong></span> <span class='ocrx_word' id='word_1_304' title='bbox 585 1225 700 1259; x_wconf 84' lang='lat' dir='ltr'><strong>aliisque</strong></span> <span class='ocrx_word' id='word_1_305' title='bbox 717 1225 813 1252; x_wconf 89' lang='lat' dir='ltr'><strong>ltorum</strong></span> 
     </span>
    </p>
   </div>
   <div class='ocr_carea' id='block_1_41' title="bbox 47 1266 816 1304">
    <p class='ocr_par' dir='ltr' id='par_1_41' title="bbox 47 1266 816 1304">
     <span class='ocr_line' id='line_1_41' title="bbox 47 1266 816 1304; baseline 0.005 -12"><span class='ocrx_word' id='word_1_306' title='bbox 47 1266 158 1295; x_wconf 65' lang='lat' dir='ltr'><strong>similibus</strong></span> <span class='ocrx_word' id='word_1_307' title='bbox 172 1269 317 1304; x_wconf 65' lang='lat' dir='ltr'><strong>praestigiis</strong></span> <span class='ocrx_word' id='word_1_308' title='bbox 333 1270 530 1304; x_wconf 84' lang='lat' dir='ltr'><strong>comprehendi</strong></span> <span class='ocrx_word' id='word_1_309' title='bbox 556 1270 674 1301; x_wconf 87' lang='lat' dir='ltr'><strong>videtur,</strong></span> <span class='ocrx_word' id='word_1_310' title='bbox 696 1273 722 1296; x_wconf 88' lang='lat' dir='ltr'><strong>ct</strong></span> <span class='ocrx_word' id='word_1_311' title='bbox 736 1270 816 1297; x_wconf 88' lang='lat' dir='ltr'><strong>intel-</strong></span> 
     </span>
    </p>
   </div>
   <div class='ocr_carea' id='block_1_42' title="bbox 49 1311 814 1350">
    <p class='ocr_par' dir='ltr' id='par_1_42' title="bbox 49 1311 814 1350">
     <span class='ocr_line' id='line_1_42' title="bbox 49 1311 814 1350; baseline 0.004 -11"><span class='ocrx_word' id='word_1_312' title='bbox 49 1311 95 1346; x_wconf 71' lang='lat' dir='ltr'><strong>ligi.</strong></span> <span class='ocrx_word' id='word_1_313' title='bbox 111 1313 170 1346; x_wconf 68' lang='lat' dir='ltr'><strong>Quae</strong></span> <span class='ocrx_word' id='word_1_314' title='bbox 193 1319 268 1342; x_wconf 89' lang='lat' dir='ltr'><strong>artes</strong></span> <span class='ocrx_word' id='word_1_315' title='bbox 294 1315 321 1342; x_wconf 89' lang='lat' dir='ltr'><strong>in</strong></span> <span class='ocrx_word' id='word_1_316' title='bbox 351 1319 454 1342; x_wconf 89' lang='lat' dir='ltr'><strong>tantum</strong></span> <span class='ocrx_word' id='word_1_317' title='bbox 472 1315 505 1342; x_wconf 88' lang='lat' dir='ltr'><strong>ad</strong></span> <span class='ocrx_word' id='word_1_318' title='bbox 520 1315 710 1350; x_wconf 84' lang='lat' dir='ltr'><strong>decipiendum</strong></span> <span class='ocrx_word' id='word_1_319' title='bbox 730 1323 814 1350; x_wconf 86' lang='lat' dir='ltr'><strong>genus</strong></span> 
     </span>
    </p>
   </div>
   <div class='ocr_carea' id='block_1_43' title="bbox 48 1356 814 1396">
    <p class='ocr_par' dir='ltr' id='par_1_43' title="bbox 48 1356 814 1396">
     <span class='ocr_line' id='line_1_43' title="bbox 48 1356 814 1396; baseline 0.009 -14"><span class='ocrx_word' id='word_1_320' title='bbox 48 1356 165 1387; x_wconf 89' lang='lat' dir='ltr'><strong>hominum</strong></span> <span class='ocrx_word' id='word_1_321' title='bbox 182 1361 370 1396; x_wconf 81' lang='lat' dir='ltr'><strong>profecerunt,</strong></span> <span class='ocrx_word' id='word_1_322' title='bbox 390 1365 419 1388; x_wconf 89' lang='lat' dir='ltr'><strong>ttt</strong></span> <span class='ocrx_word' id='word_1_323' title='bbox 434 1361 517 1388; x_wconf 88' lang='lat' dir='ltr'><strong>etiam</strong></span> <span class='ocrx_word' id='word_1_324' title='bbox 529 1361 673 1396; x_wconf 89' lang='lat' dir='ltr'><strong>justissimi</strong></span> <span class='ocrx_word' id='word_1_325' title='bbox 691 1361 814 1389; x_wconf 75' lang='lat' dir='ltr'><strong>Ezechize</strong></span> 
     </span>
    </p>
   </div>
   <div class='ocr_carea' id='block_1_44' title="bbox 48 1403 814 1444">
    <p class='ocr_par' dir='ltr' id='par_1_44' title="bbox 48 1403 814 1444">
     <span class='ocr_line' id='line_1_44' title="bbox 48 1403 814 1444; baseline 0.007 -13"><span class='ocrx_word' id='word_1_326' title='bbox 48 1403 106 1432; x_wconf 80' lang='lat' dir='ltr'><strong>ﬁlius</strong></span> <span class='ocrx_word' id='word_1_327' title='bbox 119 1406 237 1435; x_wconf 78' lang='lat' dir='ltr'><strong>Manasse</strong></span> <span class='ocrx_word' id='word_1_328' title='bbox 256 1408 308 1435; x_wconf 90' lang='lat' dir='ltr'><strong>hoc</strong></span> <span class='ocrx_word' id='word_1_329' title='bbox 322 1415 414 1435; x_wconf 89' lang='lat' dir='ltr'><strong>errore</strong></span> <span class='ocrx_word' id='word_1_330' title='bbox 432 1408 571 1443; x_wconf 83' lang='lat' dir='ltr'><strong>deceptus,</strong></span> <span class='ocrx_word' id='word_1_331' title='bbox 587 1408 760 1436; x_wconf 68' lang='lat' dir='ltr'><strong>mdiﬁeavcrit</strong></span> <span class='ocrx_word' id='word_1_332' title='bbox 774 1408 814 1444; x_wconf 94' lang='lat' dir='ltr'><strong>(ut</strong></span> 
     </span>
    </p>
   </div>
   <div class='ocr_carea' id='block_1_45' title="bbox 47 1449 813 1485">
    <p class='ocr_par' dir='ltr' id='par_1_45' title="bbox 47 1449 813 1485">
     <span class='ocr_line' id='line_1_45' title="bbox 47 1449 813 1485; baseline 0.009 -9"><span class='ocrx_word' id='word_1_333' title='bbox 47 1449 167 1485; x_wconf 74' lang='lat' dir='ltr'><strong>Scriptura</strong></span> <span class='ocrx_word' id='word_1_334' title='bbox 195 1454 277 1485; x_wconf 86' lang='lat' dir='ltr'><strong>dicit)</strong></span> <span class='ocrx_word' id='word_1_335' title='bbox 294 1463 303 1480; x_wconf 77' lang='grc' dir='ltr'><strong>ι</strong></span> <span class='ocrx_word' id='word_1_336' title='bbox 322 1453 408 1481; x_wconf 88' lang='lat' dir='ltr'><strong>altare</strong></span> <span class='ocrx_word' id='word_1_337' title='bbox 437 1454 510 1481; x_wconf 89' lang='lat' dir='ltr'><strong>omni</strong></span> <span class='ocrx_word' id='word_1_338' title='bbox 536 1455 666 1482; x_wconf 81' lang='lat' dir='ltr'><strong>exercitui</strong></span> <span class='ocrx_word' id='word_1_339' title='bbox 694 1455 755 1483; x_wconf 72' lang='lat' dir='ltr'><strong>cmli</strong></span> <span class='ocrx_word' id='word_1_340' title='bbox 786 1455 813 1483; x_wconf 90' lang='lat' dir='ltr'><strong>in</strong></span> 
     </span>
    </p>
   </div>
   <div class='ocr_carea' id='block_1_46' title="bbox 47 1493 814 1532">
    <p class='ocr_par' dir='ltr' id='par_1_46' title="bbox 47 1493 814 1532">
     <span class='ocr_line' id='line_1_46' title="bbox 47 1493 814 1532; baseline 0.007 -9"><span class='ocrx_word' id='word_1_341' title='bbox 47 1501 144 1532; x_wconf 81' lang='lat' dir='ltr'><strong>Utraque</strong></span> <span class='ocrx_word' id='word_1_342' title='bbox 163 1493 242 1528; x_wconf 71' lang='lat' dir='ltr'><strong>domo</strong></span> <span class='ocrx_word' id='word_1_343' title='bbox 268 1499 376 1527; x_wconf 91' lang='lat' dir='ltr'><strong>Domini</strong></span> <span class='ocrx_word' id='word_1_344' title='bbox 387 1500 421 1527; x_wconf 83' lang='lat'><strong>&quot;.</strong></span> <span class='ocrx_word' id='word_1_345' title='bbox 441 1510 450 1527; x_wconf 82' lang='grc' dir='ltr'><strong>ι</strong></span> <span class='ocrx_word' id='word_1_346' title='bbox 469 1499 546 1528; x_wconf 90' lang='lat' dir='ltr'><strong>Httnc</strong></span> <span class='ocrx_word' id='word_1_347' title='bbox 565 1506 654 1529; x_wconf 90' lang='lat' dir='ltr'><strong>autem</strong></span> <span class='ocrx_word' id='word_1_348' title='bbox 668 1509 727 1528; x_wconf 86' lang='lat' dir='ltr'><strong>esse</strong></span> <span class='ocrx_word' id='word_1_349' title='bbox 741 1501 814 1528; x_wconf 89' lang='lat' dir='ltr'><strong>arbi-</strong></span> 
     </span>
    </p>
   </div>
   <div class='ocr_carea' id='block_1_47' title="bbox 46 1545 812 1582">
    <p class='ocr_par' dir='ltr' id='par_1_47' title="bbox 46 1545 812 1582">
     <span class='ocr_line' id='line_1_47' title="bbox 46 1545 812 1582; baseline 0.009 -15"><span class='ocrx_word' id='word_1_350' title='bbox 46 1546 91 1568; x_wconf 88' lang='lat' dir='ltr'><strong>tror</strong></span> <span class='ocrx_word' id='word_1_351' title='bbox 107 1545 250 1572; x_wconf 82' lang='lat' dir='ltr'><strong>exercitum</strong></span> <span class='ocrx_word' id='word_1_352' title='bbox 271 1545 344 1578; x_wconf 74' lang='lat' dir='ltr'><strong>cmli,</strong></span> <span class='ocrx_word' id='word_1_353' title='bbox 358 1545 551 1580; x_wconf 71' lang='lat' dir='ltr'><strong>quem&#39;Paulus</strong></span> <span class='ocrx_word' id='word_1_354' title='bbox 564 1547 700 1581; x_wconf 74' lang='lat' dir='ltr'><strong>spiritales</strong></span> <span class='ocrx_word' id='word_1_355' title='bbox 719 1548 812 1582; x_wconf 88' lang='lat' dir='ltr'><strong>ncqui-</strong></span> 
     </span>
    </p>
   </div>
   <div class='ocr_carea' id='block_1_48' title="bbox 47 1588 813 1629">
    <p class='ocr_par' dir='ltr' id='par_1_48' title="bbox 47 1588 813 1629">
     <span class='ocr_line' id='line_1_48' title="bbox 47 1588 813 1629; baseline 0.007 -15"><span class='ocrx_word' id='word_1_356' title='bbox 47 1588 88 1615; x_wconf 85' lang='lat' dir='ltr'><strong>tias</strong></span> <span class='ocrx_word' id='word_1_357' title='bbox 98 1590 121 1616; x_wconf 92' lang='lat' dir='ltr'><strong>in</strong></span> <span class='ocrx_word' id='word_1_358' title='bbox 135 1591 292 1619; x_wconf 58' lang='lat' dir='ltr'><strong>ewlestibus</strong></span> <span class='ocrx_word' id='word_1_359' title='bbox 305 1592 410 1627; x_wconf 87' lang='lat' dir='ltr'><strong>positas</strong></span> <span class='ocrx_word' id='word_1_360' title='bbox 421 1593 531 1627; x_wconf 86' lang='lat' dir='ltr'><strong>scripsit</strong></span> <span class='ocrx_word' id='word_1_361' title='bbox 551 1592 583 1619; x_wconf 79' lang='grc'><strong>⁸⁸.</strong></span> <span class='ocrx_word' id='word_1_362' title='bbox 598 1592 653 1620; x_wconf 84' lang='lat' dir='ltr'><strong>Nisi</strong></span> <span class='ocrx_word' id='word_1_363' title='bbox 667 1601 731 1629; x_wconf 84' lang='lat' dir='ltr'><strong>ergo</strong></span> <span class='ocrx_word' id='word_1_364' title='bbox 745 1593 813 1620; x_wconf 87' lang='lat' dir='ltr'><strong>mul-</strong></span> 
     </span>
    </p>
   </div>
   <div class='ocr_carea' id='block_1_49' title="bbox 47 1636 812 1673">
    <p class='ocr_par' dir='ltr' id='par_1_49' title="bbox 47 1636 812 1673">
     <span class='ocr_line' id='line_1_49' title="bbox 47 1636 812 1673; baseline 0.007 -13"><span class='ocrx_word' id='word_1_365' title='bbox 47 1639 90 1661; x_wconf 90' lang='lat' dir='ltr'><strong>tum</strong></span> <span class='ocrx_word' id='word_1_366' title='bbox 107 1636 130 1663; x_wconf 93' lang='lat' dir='ltr'><strong>in</strong></span> <span class='ocrx_word' id='word_1_367' title='bbox 143 1637 180 1671; x_wconf 84' lang='lat' dir='ltr'><strong>iis</strong></span> <span class='ocrx_word' id='word_1_368' title='bbox 199 1638 308 1665; x_wconf 87' lang='lat' dir='ltr'><strong>artibus</strong></span> <span class='ocrx_word' id='word_1_369' title='bbox 328 1642 356 1665; x_wconf 90' lang='lat' dir='ltr'><strong>et</strong></span> <span class='ocrx_word' id='word_1_370' title='bbox 373 1638 543 1673; x_wconf 88' lang='lat' dir='ltr'><strong>deceptiouis</strong></span> <span class='ocrx_word' id='word_1_371' title='bbox 561 1644 633 1666; x_wconf 83' lang='lat' dir='ltr'><strong>esset</strong></span> <span class='ocrx_word' id='word_1_372' title='bbox 650 1643 677 1666; x_wconf 90' lang='lat' dir='ltr'><strong>et</strong></span> <span class='ocrx_word' id='word_1_373' title='bbox 699 1639 812 1669; x_wconf 85' lang='lat' dir='ltr'><strong>erroris,</strong></span> 
     </span>
    </p>
   </div>
   <div class='ocr_carea' id='block_1_50' title="bbox 47 1683 812 1719">
    <p class='ocr_par' dir='ltr' id='par_1_50' title="bbox 47 1683 812 1719">
     <span class='ocr_line' id='line_1_50' title="bbox 47 1683 812 1719; baseline 0.005 -13"><span class='ocrx_word' id='word_1_374' title='bbox 47 1687 87 1706; x_wconf 88' lang='lat' dir='ltr'><strong>non</strong></span> <span class='ocrx_word' id='word_1_375' title='bbox 99 1686 157 1715; x_wconf 89' lang='lat' dir='ltr'><strong>puto</strong></span> <span class='ocrx_word' id='word_1_376' title='bbox 169 1683 234 1710; x_wconf 88' lang='lat' dir='ltr'><strong>tanti</strong></span> <span class='ocrx_word' id='word_1_377' title='bbox 250 1683 301 1710; x_wconf 93' lang='lat' dir='ltr'><strong>viri</strong></span> <span class='ocrx_word' id='word_1_378' title='bbox 314 1683 399 1711; x_wconf 91' lang='lat' dir='ltr'><strong>ﬁlium</strong></span> <span class='ocrx_word' id='word_1_379' title='bbox 416 1685 442 1711; x_wconf 93' lang='lat' dir='ltr'><strong>in</strong></span> <span class='ocrx_word' id='word_1_380' title='bbox 458 1684 517 1719; x_wconf 84' lang='lat' dir='ltr'><strong>lege</strong></span> <span class='ocrx_word' id='word_1_381' title='bbox 529 1684 636 1711; x_wconf 87' lang='lat' dir='ltr'><strong>Domini</strong></span> <span class='ocrx_word' id='word_1_382' title='bbox 656 1685 812 1716; x_wconf 76' lang='lat' dir='ltr'><strong>educatum,</strong></span> 
     </span>
    </p>
   </div>
   <div class='ocr_carea' id='block_1_51' title="bbox 45 1725 813 1765">
    <p class='ocr_par' dir='ltr' id='par_1_51' title="bbox 45 1725 813 1765">
     <span class='ocr_line' id='line_1_51' title="bbox 45 1725 813 1765; baseline 0.009 -15"><span class='ocrx_word' id='word_1_383' title='bbox 45 1725 65 1751; x_wconf 90' lang='lat' dir='ltr'><strong>in</strong></span> <span class='ocrx_word' id='word_1_384' title='bbox 78 1726 129 1754; x_wconf 88' lang='lat' dir='ltr'><strong>illas</strong></span> <span class='ocrx_word' id='word_1_385' title='bbox 139 1728 291 1763; x_wconf 85' lang='lat' dir='ltr'><strong>impietates</strong></span> <span class='ocrx_word' id='word_1_386' title='bbox 307 1731 428 1764; x_wconf 82' lang='lat' dir='ltr'><strong>patuisse</strong></span> <span class='ocrx_word' id='word_1_387' title='bbox 444 1738 584 1763; x_wconf 87' lang='lat' dir='ltr'><strong>corruere,</strong></span> <span class='ocrx_word' id='word_1_388' title='bbox 600 1738 660 1765; x_wconf 76' lang='lat' dir='ltr'><strong>qua:</strong></span> <span class='ocrx_word' id='word_1_389' title='bbox 673 1731 698 1757; x_wconf 93' lang='lat' dir='ltr'><strong>in</strong></span> <span class='ocrx_word' id='word_1_390' title='bbox 715 1736 813 1765; x_wconf 86' lang='lat' dir='ltr'><strong>quarto</strong></span> 
     </span>
    </p>
   </div>
   <div class='ocr_carea' id='block_1_52' title="bbox 48 1769 810 1811">
    <p class='ocr_par' dir='ltr' id='par_1_52' title="bbox 48 1769 810 1811">
     <span class='ocr_line' id='line_1_52' title="bbox 48 1769 810 1811; baseline 0.008 -15"><span class='ocrx_word' id='word_1_391' title='bbox 48 1769 179 1805; x_wconf 78' lang='lat' dir='ltr'><strong>Regnorum</strong></span> <span class='ocrx_word' id='word_1_392' title='bbox 194 1775 263 1803; x_wconf 88' lang='lat' dir='ltr'><strong>libro</strong></span> <span class='ocrx_word' id='word_1_393' title='bbox 281 1775 315 1803; x_wconf 89' lang='lat' dir='ltr'><strong>de</strong></span> <span class='ocrx_word' id='word_1_394' title='bbox 329 1783 362 1803; x_wconf 92' lang='lat' dir='ltr'><strong>eo</strong></span> <span class='ocrx_word' id='word_1_395' title='bbox 374 1776 483 1811; x_wconf 61' lang='lat' dir='ltr'><strong>scriptae</strong></span> <span class='ocrx_word' id='word_1_396' title='bbox 492 1775 709 1803; x_wconf 84' lang='lat' dir='ltr'><strong>releruntur.Ait</strong></span> <span class='ocrx_word' id='word_1_397' title='bbox 723 1776 810 1803; x_wconf 91' lang='lat' dir='ltr'><strong>enim:</strong></span> 
     </span>
    </p>
   </div>
   <div class='ocr_carea' id='block_1_53' title="bbox 48 1817 811 1857">
    <p class='ocr_par' dir='ltr' id='par_1_53' title="bbox 48 1817 811 1857">
     <span class='ocr_line' id='line_1_53' title="bbox 48 1817 811 1857; baseline 0.007 -13"><span class='ocrx_word' id='word_1_398' title='bbox 48 1824 55 1840; x_wconf 82' lang='grc' dir='ltr'><strong>ι</strong></span> <span class='ocrx_word' id='word_1_399' title='bbox 71 1817 99 1845; x_wconf 87' lang='lat' dir='ltr'><strong>Et</strong></span> <span class='ocrx_word' id='word_1_400' title='bbox 112 1820 286 1854; x_wconf 89' lang='lat' dir='ltr'><strong>sortiebatur,</strong></span> <span class='ocrx_word' id='word_1_401' title='bbox 303 1826 330 1848; x_wconf 87' lang='lat' dir='ltr'><strong>et</strong></span> <span class='ocrx_word' id='word_1_402' title='bbox 342 1822 537 1857; x_wconf 84' lang='lat' dir='ltr'><strong>augurabatur,</strong></span> <span class='ocrx_word' id='word_1_403' title='bbox 550 1826 577 1849; x_wconf 90' lang='lat' dir='ltr'><strong>et</strong></span> <span class='ocrx_word' id='word_1_404' title='bbox 593 1822 657 1849; x_wconf 83' lang='lat' dir='ltr'><strong>fecit</strong></span> <span class='ocrx_word' id='word_1_405' title='bbox 668 1822 811 1857; x_wconf 76' lang='grc' dir='ltr'><strong>τεμένη,ρι</strong></span> 
     </span>
    </p>
   </div>
   <div class='ocr_carea' id='block_1_54' title="bbox 48 1866 811 1902">
    <p class='ocr_par' dir='ltr' id='par_1_54' title="bbox 48 1866 811 1902">
     <span class='ocr_line' id='line_1_54' title="bbox 48 1866 811 1902; baseline 0.008 -14"><span class='ocrx_word' id='word_1_406' title='bbox 48 1866 216 1894; x_wconf 86' lang='lat' dir='ltr'><strong>trattsducebat</strong></span> <span class='ocrx_word' id='word_1_407' title='bbox 231 1867 304 1894; x_wconf 89' lang='lat' dir='ltr'><strong>ﬁlios</strong></span> <span class='ocrx_word' id='word_1_408' title='bbox 321 1875 384 1894; x_wconf 88' lang='lat' dir='ltr'><strong>suos</strong></span> <span class='ocrx_word' id='word_1_409' title='bbox 401 1868 427 1894; x_wconf 91' lang='lat' dir='ltr'><strong>iu</strong></span> <span class='ocrx_word' id='word_1_410' title='bbox 443 1868 520 1902; x_wconf 83' lang='lat' dir='ltr'><strong>igne,</strong></span> <span class='ocrx_word' id='word_1_411' title='bbox 536 1873 563 1894; x_wconf 90' lang='lat' dir='ltr'><strong>et</strong></span> <span class='ocrx_word' id='word_1_412' title='bbox 579 1868 709 1902; x_wconf 72' lang='lat' dir='ltr'><strong>praescios</strong></span> <span class='ocrx_word' id='word_1_413' title='bbox 723 1868 811 1895; x_wconf 62' lang='lat' dir='ltr'><strong>abuu«</strong></span> 
     </span>
    </p>
   </div>
   <div class='ocr_carea' id='block_1_55' title="bbox 46 1908 810 1950">
    <p class='ocr_par' dir='ltr' id='par_1_55' title="bbox 46 1908 810 1950">
     <span class='ocr_line' id='line_1_55' title="bbox 46 1908 810 1950; baseline 0.007 -15"><span class='ocrx_word' id='word_1_414' title='bbox 46 1908 98 1936; x_wconf 86' lang='lat' dir='ltr'><strong>dare</strong></span> <span class='ocrx_word' id='word_1_415' title='bbox 113 1910 181 1944; x_wconf 78' lang='lat' dir='ltr'><strong>fecit,</strong></span> <span class='ocrx_word' id='word_1_416' title='bbox 202 1918 230 1940; x_wconf 89' lang='lat' dir='ltr'><strong>ut</strong></span> <span class='ocrx_word' id='word_1_417' title='bbox 253 1913 358 1941; x_wconf 82' lang='lat' dir='ltr'><strong>faceret</strong></span> <span class='ocrx_word' id='word_1_418' title='bbox 376 1913 522 1950; x_wconf 89' lang='lat' dir='ltr'><strong>malignum</strong></span> <span class='ocrx_word' id='word_1_419' title='bbox 548 1914 574 1941; x_wconf 92' lang='lat' dir='ltr'><strong>in</strong></span> <span class='ocrx_word' id='word_1_420' title='bbox 591 1918 738 1949; x_wconf 84' lang='lat' dir='ltr'><strong>conspectu</strong></span> <span class='ocrx_word' id='word_1_421' title='bbox 756 1914 810 1941; x_wconf 86' lang='lat' dir='ltr'><strong>Do-</strong></span> 
     </span>
    </p>
   </div>
   <div class='ocr_carea' id='block_1_56' title="bbox 45 1954 811 1996">
    <p class='ocr_par' dir='ltr' id='par_1_56' title="bbox 45 1954 811 1996">
     <span class='ocr_line' id='line_1_56' title="bbox 45 1954 811 1996; baseline 0.007 -16"><span class='ocrx_word' id='word_1_422' title='bbox 45 1954 105 1987; x_wconf 89' lang='lat' dir='ltr'><strong>mini,</strong></span> <span class='ocrx_word' id='word_1_423' title='bbox 118 1963 142 1983; x_wconf 89' lang='lat' dir='ltr'><strong>et</strong></span> <span class='ocrx_word' id='word_1_424' title='bbox 153 1960 331 1986; x_wconf 77' lang='lat' dir='ltr'><strong>exacerbaret</strong></span> <span class='ocrx_word' id='word_1_425' title='bbox 345 1967 406 1987; x_wconf 86' lang='lat' dir='ltr'><strong>eum</strong></span> <span class='ocrx_word' id='word_1_426' title='bbox 422 1960 454 1986; x_wconf 71' lang='grc' dir='ltr'><strong>θ’.</strong></span> <span class='ocrx_word' id='word_1_427' title='bbox 469 1969 478 1986; x_wconf 83' lang='grc' dir='ltr'><strong>ι</strong></span> <span class='ocrx_word' id='word_1_428' title='bbox 490 1960 565 1987; x_wconf 87' lang='lat' dir='ltr'><strong>Talia</strong></span> <span class='ocrx_word' id='word_1_429' title='bbox 584 1968 649 1996; x_wconf 83' lang='lat' dir='ltr'><strong>ergo</strong></span> <span class='ocrx_word' id='word_1_430' title='bbox 663 1964 742 1987; x_wconf 90' lang='lat' dir='ltr'><strong>erant</strong></span> <span class='ocrx_word' id='word_1_431' title='bbox 753 1968 811 1994; x_wconf 68' lang='lat' dir='ltr'><strong>quae</strong></span> 
     </span>
    </p>
   </div>
   <div class='ocr_carea' id='block_1_57' title="bbox 45 2002 812 2041">
    <p class='ocr_par' dir='ltr' id='par_1_57' title="bbox 45 2002 812 2041">
     <span class='ocr_line' id='line_1_57' title="bbox 45 2002 812 2041; baseline 0.007 -13"><span class='ocrx_word' id='word_1_432' title='bbox 45 2002 165 2036; x_wconf 74' lang='lat' dir='ltr'><strong>peccabat,</strong></span> <span class='ocrx_word' id='word_1_433' title='bbox 181 2004 212 2032; x_wconf 90' lang='lat' dir='ltr'><strong>de</strong></span> <span class='ocrx_word' id='word_1_434' title='bbox 220 2005 324 2039; x_wconf 89' lang='lat' dir='ltr'><strong>quibus</strong></span> <span class='ocrx_word' id='word_1_435' title='bbox 339 2005 390 2032; x_wconf 89' lang='lat' dir='ltr'><strong>tlici</strong></span> <span class='ocrx_word' id='word_1_436' title='bbox 409 2007 505 2040; x_wconf 91' lang='lat' dir='ltr'><strong>possit,</strong></span> <span class='ocrx_word' id='word_1_437' title='bbox 522 2006 586 2041; x_wconf 84' lang='lat' dir='ltr'><strong>quia</strong></span> <span class='ocrx_word' id='word_1_438' title='bbox 604 2006 630 2033; x_wconf 92' lang='lat' dir='ltr'><strong>iu</strong></span> <span class='ocrx_word' id='word_1_439' title='bbox 642 2006 747 2033; x_wconf 82' lang='lat' dir='ltr'><strong>omni&quot;</strong></span> <span class='ocrx_word' id='word_1_440' title='bbox 761 2006 812 2032; x_wconf 89' lang='lat' dir='ltr'><strong>vir-</strong></span> 
     </span>
    </p>
   </div>
   <div class='ocr_carea' id='block_1_58' title="bbox 46 2047 812 2084">
    <p class='ocr_par' dir='ltr' id='par_1_58' title="bbox 46 2047 812 2084">
     <span class='ocr_line' id='line_1_58' title="bbox 46 2047 812 2084; baseline 0.012 -16"><span class='ocrx_word' id='word_1_441' title='bbox 46 2048 98 2076; x_wconf 86' lang='lat' dir='ltr'><strong>tute,</strong></span> <span class='ocrx_word' id='word_1_442' title='bbox 116 2047 197 2082; x_wconf 81' lang='lat' dir='ltr'><strong>signis</strong></span> <span class='ocrx_word' id='word_1_443' title='bbox 211 2053 238 2076; x_wconf 86' lang='lat' dir='ltr'><strong>et</strong></span> <span class='ocrx_word' id='word_1_444' title='bbox 255 2049 389 2084; x_wconf 84' lang='lat' dir='ltr'><strong>prodigiis</strong></span> <span class='ocrx_word' id='word_1_445' title='bbox 408 2051 584 2078; x_wconf 87' lang='lat' dir='ltr'><strong>mendacibus</strong></span> <span class='ocrx_word' id='word_1_446' title='bbox 599 2050 812 2078; x_wconf 75' lang='lat' dir='ltr'><strong>ﬁerent.&quot;itaut</strong></span> 
     </span>
    </p>
   </div>
   <div class='ocr_carea' id='block_1_59' title="bbox 45 2089 811 2133">
    <p class='ocr_par' dir='ltr' id='par_1_59' title="bbox 45 2089 811 2133">
     <span class='ocr_line' id='line_1_59' title="bbox 45 2089 811 2133; baseline 0.01 -17"><span class='ocrx_word' id='word_1_447' title='bbox 45 2089 212 2126; x_wconf 80' lang='lat' dir='ltr'><strong>deciperentur</strong></span> <span class='ocrx_word' id='word_1_448' title='bbox 222 2096 318 2133; x_wconf 52' lang='lat' dir='ltr'><strong>letiam</strong></span> <span class='ocrx_word' id='word_1_449' title='bbox 339 2096 431 2123; x_wconf 88' lang='lat' dir='ltr'><strong>electi.</strong></span> <span class='ocrx_word' id='word_1_450' title='bbox 453 2097 588 2131; x_wconf 88' lang='lat' dir='ltr'><strong>Deceptus</strong></span> <span class='ocrx_word' id='word_1_451' title='bbox 608 2103 649 2124; x_wconf 90' lang='lat' dir='ltr'><strong>est</strong></span> <span class='ocrx_word' id='word_1_452' title='bbox 673 2097 745 2124; x_wconf 87' lang='lat' dir='ltr'><strong>ettim</strong></span> <span class='ocrx_word' id='word_1_453' title='bbox 762 2105 811 2132; x_wconf 89' lang='lat' dir='ltr'><strong>per</strong></span> 
     </span>
    </p>
   </div>
   <div class='ocr_carea' id='block_1_60' title="bbox 45 2141 809 2178">
    <p class='ocr_par' dir='ltr' id='par_1_60' title="bbox 45 2141 809 2178">
     <span class='ocr_line' id='line_1_60' title="bbox 45 2141 809 2178; baseline 0.007 -13"><span class='ocrx_word' id='word_1_454' title='bbox 45 2143 92 2164; x_wconf 70' lang='lat' dir='ltr'><strong>tum</strong></span> <span class='ocrx_word' id='word_1_455' title='bbox 103 2144 127 2166; x_wconf 87' lang='lat' dir='ltr'><strong>et</strong></span> <span class='ocrx_word' id='word_1_456' title='bbox 139 2141 260 2175; x_wconf 86' lang='lat' dir='ltr'><strong>populus,</strong></span> <span class='ocrx_word' id='word_1_457' title='bbox 282 2147 310 2168; x_wconf 93' lang='lat' dir='ltr'><strong>ut</strong></span> <span class='ocrx_word' id='word_1_458' title='bbox 325 2142 428 2170; x_wconf 78' lang='lat' dir='ltr'><strong>faceret</strong></span> <span class='ocrx_word' id='word_1_459' title='bbox 452 2143 599 2178; x_wconf 88' lang='lat' dir='ltr'><strong>malignutn</strong></span> <span class='ocrx_word' id='word_1_460' title='bbox 621 2143 646 2169; x_wconf 93' lang='lat' dir='ltr'><strong>in</strong></span> <span class='ocrx_word' id='word_1_461' title='bbox 663 2147 809 2178; x_wconf 72' lang='lat' dir='ltr'><strong>conspectu</strong></span> 
     </span>
    </p>
   </div>
   <div class='ocr_carea' id='block_1_61' title="bbox 868 905 1658 941">
    <p class='ocr_par' dir='ltr' id='par_1_61' title="bbox 868 905 1658 941">
     <span class='ocr_line' id='line_1_61' title="bbox 868 905 1658 941; baseline -0.001 -8"><span class='ocrx_word' id='word_1_462' title='bbox 868 906 1004 934; x_wconf 66' lang='lat' dir='ltr'><strong>daemones</strong></span> <span class='ocrx_word' id='word_1_463' title='bbox 1018 912 1182 941; x_wconf 91' lang='lat' dir='ltr'><strong>operantur:</strong></span> <span class='ocrx_word' id='word_1_464' title='bbox 1193 914 1226 934; x_wconf 93' lang='lat' dir='ltr'><strong>ne</strong></span> <span class='ocrx_word' id='word_1_465' title='bbox 1242 907 1310 933; x_wconf 77' lang='lat' dir='ltr'><strong>torte</strong></span> <span class='ocrx_word' id='word_1_466' title='bbox 1321 914 1415 934; x_wconf 88' lang='lat' dir='ltr'><strong>rursus</strong></span> <span class='ocrx_word' id='word_1_467' title='bbox 1427 913 1474 941; x_wconf 89' lang='lat' dir='ltr'><strong>per</strong></span> <span class='ocrx_word' id='word_1_468' title='bbox 1490 906 1547 932; x_wconf 71' lang='lat' dir='ltr'><strong>hzec</strong></span> <span class='ocrx_word' id='word_1_469' title='bbox 1558 905 1658 933; x_wconf 61' lang='lat' dir='ltr'><strong>daatno-</strong></span> 
     </span>
    </p>
   </div>
   <div class='ocr_carea' id='block_1_62' title="bbox 869 952 1658 988">
    <p class='ocr_par' dir='ltr' id='par_1_62' title="bbox 869 952 1658 988">
     <span class='ocr_line' id='line_1_62' title="bbox 869 952 1658 988; baseline 0.001 -10"><span class='ocrx_word' id='word_1_470' title='bbox 869 952 948 978; x_wconf 88' lang='lat' dir='ltr'><strong>nibtts</strong></span> <span class='ocrx_word' id='word_1_471' title='bbox 970 954 1101 985; x_wconf 90' lang='lat' dir='ltr'><strong>societur,</strong></span> <span class='ocrx_word' id='word_1_472' title='bbox 1130 957 1211 987; x_wconf 90' lang='lat' dir='ltr'><strong>atque</strong></span> <span class='ocrx_word' id='word_1_473' title='bbox 1224 960 1319 980; x_wconf 90' lang='lat' dir='ltr'><strong>eorum</strong></span> <span class='ocrx_word' id='word_1_474' title='bbox 1335 953 1434 988; x_wconf 89' lang='lat' dir='ltr'><strong>spiritu</strong></span> <span class='ocrx_word' id='word_1_475' title='bbox 1454 957 1481 980; x_wconf 84' lang='lat' dir='ltr'><strong>et</strong></span> <span class='ocrx_word' id='word_1_476' title='bbox 1498 953 1598 980; x_wconf 90' lang='lat' dir='ltr'><strong>virtute</strong></span> <span class='ocrx_word' id='word_1_477' title='bbox 1616 959 1658 979; x_wconf 90' lang='lat' dir='ltr'><strong>re—</strong></span> 
     </span>
    </p>
   </div>
   <div class='ocr_carea' id='block_1_63' title="bbox 867 996 1655 1033">
    <p class='ocr_par' dir='ltr' id='par_1_63' title="bbox 867 996 1655 1033">
     <span class='ocr_line' id='line_1_63' title="bbox 867 996 1655 1033; baseline 0.001 -10"><span class='ocrx_word' id='word_1_478' title='bbox 867 996 982 1031; x_wconf 84' lang='lat' dir='ltr'><strong>pleatur,</strong></span> <span class='ocrx_word' id='word_1_479' title='bbox 999 1003 1027 1025; x_wconf 86' lang='lat' dir='ltr'><strong>et</strong></span> <span class='ocrx_word' id='word_1_480' title='bbox 1042 999 1075 1025; x_wconf 90' lang='lat' dir='ltr'><strong>ad</strong></span> <span class='ocrx_word' id='word_1_481' title='bbox 1094 998 1230 1025; x_wconf 89' lang='lat' dir='ltr'><strong>idolortttn</strong></span> <span class='ocrx_word' id='word_1_482' title='bbox 1257 999 1360 1026; x_wconf 92' lang='lat' dir='ltr'><strong>cultum</strong></span> <span class='ocrx_word' id='word_1_483' title='bbox 1386 999 1476 1026; x_wconf 91' lang='lat' dir='ltr'><strong>denuo</strong></span> <span class='ocrx_word' id='word_1_484' title='bbox 1500 1003 1655 1033; x_wconf 79' lang='lat' dir='ltr'><strong>reparetur.</strong></span> 
     </span>
    </p>
   </div>
   <div class='ocr_carea' id='block_1_64' title="bbox 867 1042 1657 1079">
    <p class='ocr_par' dir='ltr' id='par_1_64' title="bbox 867 1042 1657 1079">
     <span class='ocr_line' id='line_1_64' title="bbox 867 1042 1657 1079; baseline 0.003 -10"><span class='ocrx_word' id='word_1_485' title='bbox 867 1042 929 1070; x_wconf 63' lang='lat' dir='ltr'><strong>llaec</strong></span> <span class='ocrx_word' id='word_1_486' title='bbox 944 1044 1015 1070; x_wconf 91' lang='lat' dir='ltr'><strong>enim</strong></span> <span class='ocrx_word' id='word_1_487' title='bbox 1030 1044 1121 1071; x_wconf 88' lang='lat' dir='ltr'><strong>omnia</strong></span> <span class='ocrx_word' id='word_1_488' title='bbox 1142 1044 1238 1079; x_wconf 78' lang='lat' dir='ltr'><strong>religio</strong></span> <span class='ocrx_word' id='word_1_489' title='bbox 1263 1049 1355 1071; x_wconf 89' lang='lat' dir='ltr'><strong>nostra</strong></span> <span class='ocrx_word' id='word_1_490' title='bbox 1380 1045 1471 1071; x_wconf 89' lang='lat' dir='ltr'><strong>divina</strong></span> <span class='ocrx_word' id='word_1_491' title='bbox 1496 1049 1523 1072; x_wconf 92' lang='lat' dir='ltr'><strong>et</strong></span> <span class='ocrx_word' id='word_1_492' title='bbox 1538 1044 1657 1072; x_wconf 75' lang='lat' dir='ltr'><strong>cmlestis</strong></span> 
     </span>
    </p>
   </div>
   <div class='ocr_carea' id='block_1_65' title="bbox 867 1088 1656 1125">
    <p class='ocr_par' dir='ltr' id='par_1_65' title="bbox 867 1088 1656 1125">
     <span class='ocr_line' id='line_1_65' title="bbox 867 1088 1656 1125; baseline 0.003 -10"><span class='ocrx_word' id='word_1_493' title='bbox 867 1088 985 1123; x_wconf 82' lang='lat' dir='ltr'><strong>abjurat,</strong></span> <span class='ocrx_word' id='word_1_494' title='bbox 1003 1090 1030 1116; x_wconf 95' lang='lat' dir='ltr'><strong>in</strong></span> <span class='ocrx_word' id='word_1_495' title='bbox 1049 1089 1170 1117; x_wconf 84' lang='lat' dir='ltr'><strong>Levitico</strong></span> <span class='ocrx_word' id='word_1_496' title='bbox 1187 1090 1297 1125; x_wconf 85' lang='lat' dir='ltr'><strong>quidem</strong></span> <span class='ocrx_word' id='word_1_497' title='bbox 1313 1094 1407 1124; x_wconf 84' lang='lat' dir='ltr'><strong>aperta</strong></span> <span class='ocrx_word' id='word_1_498' title='bbox 1424 1090 1483 1124; x_wconf 88' lang='lat' dir='ltr'><strong>lege</strong></span> <span class='ocrx_word' id='word_1_499' title='bbox 1499 1090 1656 1124; x_wconf 82' lang='lat' dir='ltr'><strong>designans,</strong></span> 
     </span>
    </p>
   </div>
   <div class='ocr_carea' id='block_1_66' title="bbox 866 1135 1654 1169">
    <p class='ocr_par' dir='ltr' id='par_1_66' title="bbox 866 1135 1654 1169">
     <span class='ocr_line' id='line_1_66' title="bbox 866 1135 1654 1169; baseline 0 -8"><span class='ocrx_word' id='word_1_500' title='bbox 866 1140 893 1161; x_wconf 90' lang='lat' dir='ltr'><strong>et</strong></span> <span class='ocrx_word' id='word_1_501' title='bbox 903 1135 1011 1163; x_wconf 84' lang='lat' dir='ltr'><strong>dicens:</strong></span> <span class='ocrx_word' id='word_1_502' title='bbox 1025 1144 1034 1161; x_wconf 82' lang='grc' dir='ltr'><strong>ι</strong></span> <span class='ocrx_word' id='word_1_503' title='bbox 1048 1135 1105 1163; x_wconf 78' lang='lat' dir='ltr'><strong>Non</strong></span> <span class='ocrx_word' id='word_1_504' title='bbox 1116 1135 1283 1167; x_wconf 89' lang='lat' dir='ltr'><strong>divinabitis,</strong></span> <span class='ocrx_word' id='word_1_505' title='bbox 1297 1142 1383 1169; x_wconf 90' lang='lat' dir='ltr'><strong>neque</strong></span> <span class='ocrx_word' id='word_1_506' title='bbox 1396 1135 1654 1169; x_wconf 68' lang='lat' dir='ltr'><strong>augurabimini&quot;.n</strong></span> 
     </span>
    </p>
   </div>
   <div class='ocr_carea' id='block_1_67' title="bbox 867 1180 1657 1216">
    <p class='ocr_par' dir='ltr' id='par_1_67' title="bbox 867 1180 1657 1216">
     <span class='ocr_line' id='line_1_67' title="bbox 867 1180 1657 1216; baseline 0.003 -9"><span class='ocrx_word' id='word_1_507' title='bbox 867 1181 900 1207; x_wconf 89' lang='lat' dir='ltr'><strong>Et</strong></span> <span class='ocrx_word' id='word_1_508' title='bbox 925 1187 988 1216; x_wconf 91' lang='lat' dir='ltr'><strong>post</strong></span> <span class='ocrx_word' id='word_1_509' title='bbox 1004 1189 1091 1216; x_wconf 86' lang='lat' dir='ltr'><strong>pauca</strong></span> <span class='ocrx_word' id='word_1_510' title='bbox 1105 1189 1112 1208; x_wconf 92' lang='lat'><strong>:</strong></span> <span class='ocrx_word' id='word_1_511' title='bbox 1128 1190 1137 1206; x_wconf 78' lang='grc' dir='ltr'><strong>ι</strong></span> <span class='ocrx_word' id='word_1_512' title='bbox 1152 1180 1210 1208; x_wconf 84' lang='lat' dir='ltr'><strong>Non</strong></span> <span class='ocrx_word' id='word_1_513' title='bbox 1236 1181 1502 1215; x_wconf 83' lang='lat' dir='ltr'><strong>sequemiui,inquit,</strong></span> <span class='ocrx_word' id='word_1_514' title='bbox 1525 1182 1657 1209; x_wconf 85' lang='lat' dir='ltr'><strong>ventrilo—</strong></span> 
     </span>
    </p>
   </div>
   <div class='ocr_carea' id='block_1_68' title="bbox 866 1226 1657 1262">
    <p class='ocr_par' dir='ltr' id='par_1_68' title="bbox 866 1226 1657 1262">
     <span class='ocr_line' id='line_1_68' title="bbox 866 1226 1657 1262; baseline 0 -8"><span class='ocrx_word' id='word_1_515' title='bbox 866 1234 946 1261; x_wconf 86' lang='lat' dir='ltr'><strong>quos,</strong></span> <span class='ocrx_word' id='word_1_516' title='bbox 960 1235 1008 1255; x_wconf 90' lang='lat' dir='ltr'><strong>nec</strong></span> <span class='ocrx_word' id='word_1_517' title='bbox 1024 1226 1209 1262; x_wconf 78' lang='lat' dir='ltr'><strong>adjungemini</strong></span> <span class='ocrx_word' id='word_1_518' title='bbox 1226 1227 1463 1260; x_wconf 86' lang='lat' dir='ltr'><strong>adincantatores,</strong></span> <span class='ocrx_word' id='word_1_519' title='bbox 1480 1231 1509 1254; x_wconf 95' lang='lat' dir='ltr'><strong>ut</strong></span> <span class='ocrx_word' id='word_1_520' title='bbox 1521 1229 1657 1255; x_wconf 82' lang='lat' dir='ltr'><strong>cantanti-</strong></span> 
     </span>
    </p>
   </div>
   <div class='ocr_carea' id='block_1_69' title="bbox 866 1272 1656 1307">
    <p class='ocr_par' dir='ltr' id='par_1_69' title="bbox 866 1272 1656 1307">
     <span class='ocr_line' id='line_1_69' title="bbox 866 1272 1656 1307; baseline 0 -7"><span class='ocrx_word' id='word_1_521' title='bbox 866 1274 967 1300; x_wconf 87' lang='lat' dir='ltr'><strong>ttetuini</strong></span> <span class='ocrx_word' id='word_1_522' title='bbox 986 1275 1012 1300; x_wconf 92' lang='lat' dir='ltr'><strong>in</strong></span> <span class='ocrx_word' id='word_1_523' title='bbox 1026 1273 1076 1306; x_wconf 80' lang='lat' dir='ltr'><strong>eis,</strong></span> <span class='ocrx_word' id='word_1_524' title='bbox 1092 1280 1143 1307; x_wconf 79' lang='lat' dir='ltr'><strong>ego</strong></span> <span class='ocrx_word' id='word_1_525' title='bbox 1156 1272 1286 1300; x_wconf 88' lang='lat' dir='ltr'><strong>Dominus</strong></span> <span class='ocrx_word' id='word_1_526' title='bbox 1302 1272 1374 1300; x_wconf 90' lang='lat' dir='ltr'><strong>Deus</strong></span> <span class='ocrx_word' id='word_1_527' title='bbox 1385 1277 1475 1300; x_wconf 86' lang='lat' dir='ltr'><strong>vester</strong></span> <span class='ocrx_word' id='word_1_528' title='bbox 1486 1273 1520 1300; x_wconf 76' lang='grc'><strong>⁷⁸.</strong></span> <span class='ocrx_word' id='word_1_529' title='bbox 1537 1282 1546 1299; x_wconf 79' lang='grc' dir='ltr'><strong>ι</strong></span> <span class='ocrx_word' id='word_1_530' title='bbox 1563 1274 1595 1300; x_wconf 83' lang='grc' dir='ltr'>Ει</span> <span class='ocrx_word' id='word_1_531' title='bbox 1608 1274 1656 1300; x_wconf 90' lang='lat' dir='ltr'><strong>ite-</strong></span> 
     </span>
    </p>
   </div>
   <div class='ocr_carea' id='block_1_70' title="bbox 865 1318 1657 1354">
    <p class='ocr_par' dir='ltr' id='par_1_70' title="bbox 865 1318 1657 1354">
     <span class='ocr_line' id='line_1_70' title="bbox 865 1318 1657 1354; baseline 0.001 -9"><span class='ocrx_word' id='word_1_532' title='bbox 865 1326 925 1346; x_wconf 86' lang='lat' dir='ltr'><strong>rum</strong></span> <span class='ocrx_word' id='word_1_533' title='bbox 944 1320 970 1346; x_wconf 93' lang='lat' dir='ltr'><strong>in</strong></span> <span class='ocrx_word' id='word_1_534' title='bbox 986 1319 1216 1347; x_wconf 89' lang='lat' dir='ltr'><strong>Deulcronomio:</strong></span> <span class='ocrx_word' id='word_1_535' title='bbox 1236 1327 1245 1344; x_wconf 77' lang='grc' dir='ltr'><strong>ι</strong></span> <span class='ocrx_word' id='word_1_536' title='bbox 1263 1318 1290 1346; x_wconf 91' lang='lat' dir='ltr'><strong>Si</strong></span> <span class='ocrx_word' id='word_1_537' title='bbox 1307 1324 1396 1345; x_wconf 87' lang='lat' dir='ltr'><strong>autem</strong></span> <span class='ocrx_word' id='word_1_538' title='bbox 1409 1323 1449 1352; x_wconf 85' lang='lat' dir='ltr'><strong>tu,</strong></span> <span class='ocrx_word' id='word_1_539' title='bbox 1469 1319 1602 1354; x_wconf 83' lang='lat' dir='ltr'><strong>inquit&quot;,</strong></span> <span class='ocrx_word' id='word_1_540' title='bbox 1616 1319 1657 1346; x_wconf 94' lang='lat' dir='ltr'><strong>in-</strong></span> 
     </span>
    </p>
   </div>
   <div class='ocr_carea' id='block_1_71' title="bbox 867 1363 1657 1399">
    <p class='ocr_par' dir='ltr' id='par_1_71' title="bbox 867 1363 1657 1399">
     <span class='ocr_line' id='line_1_71' title="bbox 867 1363 1657 1399; baseline 0 -7"><span class='ocrx_word' id='word_1_541' title='bbox 867 1366 974 1393; x_wconf 87' lang='lat' dir='ltr'><strong>troieris</strong></span> <span class='ocrx_word' id='word_1_542' title='bbox 985 1365 1012 1392; x_wconf 95' lang='lat' dir='ltr'><strong>in</strong></span> <span class='ocrx_word' id='word_1_543' title='bbox 1037 1370 1138 1392; x_wconf 86' lang='lat' dir='ltr'><strong>terram</strong></span> <span class='ocrx_word' id='word_1_544' title='bbox 1172 1372 1253 1399; x_wconf 90' lang='lat' dir='ltr'><strong>qttam</strong></span> <span class='ocrx_word' id='word_1_545' title='bbox 1269 1363 1401 1392; x_wconf 90' lang='lat' dir='ltr'><strong>Dominus</strong></span> <span class='ocrx_word' id='word_1_546' title='bbox 1415 1364 1487 1392; x_wconf 91' lang='lat' dir='ltr'><strong>Deus</strong></span> <span class='ocrx_word' id='word_1_547' title='bbox 1506 1371 1567 1392; x_wconf 91' lang='lat' dir='ltr'><strong>tuus</strong></span> <span class='ocrx_word' id='word_1_548' title='bbox 1581 1365 1657 1393; x_wconf 84' lang='lat' dir='ltr'><strong>dabit</strong></span> 
     </span>
    </p>
   </div>
   <div class='ocr_carea' id='block_1_72' title="bbox 867 1411 1654 1443">
    <p class='ocr_par' dir='ltr' id='par_1_72' title="bbox 867 1411 1654 1443">
     <span class='ocr_line' id='line_1_72' title="bbox 867 1411 1654 1443; baseline -0.001 -5"><span class='ocrx_word' id='word_1_549' title='bbox 867 1411 929 1443; x_wconf 89' lang='lat' dir='ltr'><strong>tibi,</strong></span> <span class='ocrx_word' id='word_1_550' title='bbox 945 1419 997 1438; x_wconf 89' lang='lat' dir='ltr'><strong>non</strong></span> <span class='ocrx_word' id='word_1_551' title='bbox 1025 1411 1114 1438; x_wconf 86' lang='lat' dir='ltr'><strong>discas</strong></span> <span class='ocrx_word' id='word_1_552' title='bbox 1145 1411 1236 1438; x_wconf 77' lang='lat' dir='ltr'><strong>facere</strong></span> <span class='ocrx_word' id='word_1_553' title='bbox 1259 1411 1409 1438; x_wconf 89' lang='lat' dir='ltr'><strong>secundttm</strong></span> <span class='ocrx_word' id='word_1_554' title='bbox 1433 1411 1654 1438; x_wconf 86' lang='lat' dir='ltr'><strong>aboutiuatioues</strong></span> 
     </span>
    </p>
   </div>
   <div class='ocr_carea' id='block_1_73' title="bbox 867 1457 1656 1492">
    <p class='ocr_par' dir='ltr' id='par_1_73' title="bbox 867 1457 1656 1492">
     <span class='ocr_line' id='line_1_73' title="bbox 867 1457 1656 1492; baseline -0.001 -8"><span class='ocrx_word' id='word_1_555' title='bbox 867 1458 987 1492; x_wconf 84' lang='lat' dir='ltr'><strong>gentium</strong></span> <span class='ocrx_word' id='word_1_556' title='bbox 1004 1457 1124 1488; x_wconf 89' lang='lat' dir='ltr'><strong>illarutn,</strong></span> <span class='ocrx_word' id='word_1_557' title='bbox 1152 1465 1205 1483; x_wconf 89' lang='lat' dir='ltr'><strong>non</strong></span> <span class='ocrx_word' id='word_1_558' title='bbox 1232 1457 1387 1483; x_wconf 75' lang='lat' dir='ltr'><strong>inveniatur</strong></span> <span class='ocrx_word' id='word_1_559' title='bbox 1408 1457 1433 1483; x_wconf 93' lang='lat' dir='ltr'><strong>in</strong></span> <span class='ocrx_word' id='word_1_560' title='bbox 1453 1461 1477 1483; x_wconf 90' lang='lat' dir='ltr'><strong>te</strong></span> <span class='ocrx_word' id='word_1_561' title='bbox 1492 1457 1536 1491; x_wconf 93' lang='lat' dir='ltr'><strong>qui</strong></span> <span class='ocrx_word' id='word_1_562' title='bbox 1560 1457 1656 1484; x_wconf 90' lang='lat' dir='ltr'><strong>lustret</strong></span> 
     </span>
    </p>
   </div>
   <div class='ocr_carea' id='block_1_74' title="bbox 872 1502 1656 1537">
    <p class='ocr_par' dir='ltr' id='par_1_74' title="bbox 872 1502 1656 1537">
     <span class='ocr_line' id='line_1_74' title="bbox 872 1502 1656 1537; baseline 0 -7"><span class='ocrx_word' id='word_1_563' title='bbox 872 1503 955 1531; x_wconf 87' lang='lat' dir='ltr'><strong>tilium</strong></span> <span class='ocrx_word' id='word_1_564' title='bbox 972 1511 1058 1534; x_wconf 87' lang='lat' dir='ltr'><strong>suum,</strong></span> <span class='ocrx_word' id='word_1_565' title='bbox 1074 1507 1120 1529; x_wconf 84' lang='lat' dir='ltr'><strong>aut</strong></span> <span class='ocrx_word' id='word_1_566' title='bbox 1138 1502 1220 1528; x_wconf 88' lang='lat' dir='ltr'><strong>ﬁliam</strong></span> <span class='ocrx_word' id='word_1_567' title='bbox 1237 1509 1312 1529; x_wconf 91' lang='lat' dir='ltr'><strong>suam</strong></span> <span class='ocrx_word' id='word_1_568' title='bbox 1340 1502 1405 1537; x_wconf 84' lang='lat' dir='ltr'><strong>igni,</strong></span> <span class='ocrx_word' id='word_1_569' title='bbox 1424 1509 1512 1537; x_wconf 87' lang='lat' dir='ltr'><strong>neque</strong></span> <span class='ocrx_word' id='word_1_570' title='bbox 1530 1502 1656 1530; x_wconf 86' lang='lat' dir='ltr'><strong>divinans</strong></span> 
     </span>
    </p>
   </div>
   <div class='ocr_carea' id='block_1_75' title="bbox 865 1547 1653 1582">
    <p class='ocr_par' dir='ltr' id='par_1_75' title="bbox 865 1547 1653 1582">
     <span class='ocr_line' id='line_1_75' title="bbox 865 1547 1653 1582; baseline -0.004 -4"><span class='ocrx_word' id='word_1_571' title='bbox 865 1549 1044 1579; x_wconf 87' lang='lat' dir='ltr'><strong>divinatione,</strong></span> <span class='ocrx_word' id='word_1_572' title='bbox 1054 1555 1140 1582; x_wconf 86' lang='lat' dir='ltr'><strong>neque</strong></span> <span class='ocrx_word' id='word_1_573' title='bbox 1146 1548 1263 1574; x_wconf 84' lang='lat' dir='ltr'><strong>sortiens</strong></span> <span class='ocrx_word' id='word_1_574' title='bbox 1274 1548 1403 1580; x_wconf 88' lang='lat' dir='ltr'><strong>sortibus,</strong></span> <span class='ocrx_word' id='word_1_575' title='bbox 1412 1547 1653 1582; x_wconf 85' lang='lat' dir='ltr'><strong>nequemalellcns,</strong></span> 
     </span>
    </p>
   </div>
   <div class='ocr_carea' id='block_1_76' title="bbox 865 1593 1654 1630">
    <p class='ocr_par' dir='ltr' id='par_1_76' title="bbox 865 1593 1654 1630">
     <span class='ocr_line' id='line_1_76' title="bbox 865 1593 1654 1630; baseline -0.004 -8"><span class='ocrx_word' id='word_1_576' title='bbox 865 1602 953 1630; x_wconf 90' lang='lat' dir='ltr'><strong>neque</strong></span> <span class='ocrx_word' id='word_1_577' title='bbox 962 1595 1126 1626; x_wconf 86' lang='lat' dir='ltr'><strong>incantator,</strong></span> <span class='ocrx_word' id='word_1_578' title='bbox 1137 1601 1226 1628; x_wconf 88' lang='lat' dir='ltr'><strong>neqttc</strong></span> <span class='ocrx_word' id='word_1_579' title='bbox 1236 1593 1434 1629; x_wconf 87' lang='lat' dir='ltr'><strong>ventriloquus,</strong></span> <span class='ocrx_word' id='word_1_580' title='bbox 1448 1600 1535 1627; x_wconf 90' lang='lat' dir='ltr'><strong>neque</strong></span> <span class='ocrx_word' id='word_1_581' title='bbox 1543 1597 1654 1627; x_wconf 90' lang='lat' dir='ltr'><strong>porten-</strong></span> 
     </span>
    </p>
   </div>
   <div class='ocr_carea' id='block_1_77' title="bbox 865 1638 1654 1674">
    <p class='ocr_par' dir='ltr' id='par_1_77' title="bbox 865 1638 1654 1674">
     <span class='ocr_line' id='line_1_77' title="bbox 865 1638 1654 1674; baseline -0.004 -7"><span class='ocrx_word' id='word_1_582' title='bbox 865 1647 952 1668; x_wconf 90' lang='lat' dir='ltr'><strong>torum</strong></span> <span class='ocrx_word' id='word_1_583' title='bbox 963 1641 1194 1674; x_wconf 81' lang='lat' dir='ltr'><strong>inspeetor,ncque</strong></span> <span class='ocrx_word' id='word_1_584' title='bbox 1205 1640 1377 1674; x_wconf 77' lang='lat' dir='ltr'><strong>interrogans</strong></span> <span class='ocrx_word' id='word_1_585' title='bbox 1387 1643 1517 1666; x_wconf 90' lang='lat' dir='ltr'><strong>mortuos.</strong></span> <span class='ocrx_word' id='word_1_586' title='bbox 1526 1638 1573 1665; x_wconf 89' lang='lat' dir='ltr'><strong>Est</strong></span> <span class='ocrx_word' id='word_1_587' title='bbox 1582 1638 1654 1665; x_wconf 90' lang='lat' dir='ltr'><strong>eniut</strong></span> 
     </span>
    </p>
   </div>
   <div class='ocr_carea' id='block_1_78' title="bbox 864 1683 1655 1718">
    <p class='ocr_par' dir='ltr' id='par_1_78' title="bbox 864 1683 1655 1718">
     <span class='ocr_line' id='line_1_78' title="bbox 864 1683 1655 1718; baseline -0.003 -6"><span class='ocrx_word' id='word_1_588' title='bbox 864 1685 1029 1712; x_wconf 87' lang='lat' dir='ltr'><strong>abominatio</strong></span> <span class='ocrx_word' id='word_1_589' title='bbox 1035 1684 1160 1717; x_wconf 88' lang='lat' dir='ltr'><strong>Domino,</strong></span> <span class='ocrx_word' id='word_1_590' title='bbox 1168 1684 1256 1711; x_wconf 88' lang='lat' dir='ltr'><strong>omnis</strong></span> <span class='ocrx_word' id='word_1_591' title='bbox 1264 1685 1307 1718; x_wconf 87' lang='lat' dir='ltr'><strong>qui</strong></span> <span class='ocrx_word' id='word_1_592' title='bbox 1319 1683 1384 1711; x_wconf 84' lang='lat' dir='ltr'><strong>facit</strong></span> <span class='ocrx_word' id='word_1_593' title='bbox 1392 1685 1457 1711; x_wconf 64' lang='lat' dir='ltr'><strong>haec.</strong></span> <span class='ocrx_word' id='word_1_594' title='bbox 1467 1683 1581 1718; x_wconf 90' lang='lat' dir='ltr'><strong>Propter</strong></span> <span class='ocrx_word' id='word_1_595' title='bbox 1590 1684 1655 1711; x_wconf 87' lang='lat' dir='ltr'><strong>istas</strong></span> 
     </span>
    </p>
   </div>
   <div class='ocr_carea' id='block_1_79' title="bbox 863 1727 1655 1762">
    <p class='ocr_par' dir='ltr' id='par_1_79' title="bbox 863 1727 1655 1762">
     <span class='ocr_line' id='line_1_79' title="bbox 863 1727 1655 1762; baseline 0.001 -8"><span class='ocrx_word' id='word_1_596' title='bbox 863 1728 935 1755; x_wconf 93' lang='lat' dir='ltr'><strong>cnim</strong></span> <span class='ocrx_word' id='word_1_597' title='bbox 945 1728 1159 1755; x_wconf 87' lang='lat' dir='ltr'><strong>abominationes</strong></span> <span class='ocrx_word' id='word_1_598' title='bbox 1167 1727 1297 1755; x_wconf 88' lang='lat' dir='ltr'><strong>Dominus</strong></span> <span class='ocrx_word' id='word_1_599' title='bbox 1307 1728 1377 1756; x_wconf 86' lang='lat' dir='ltr'><strong>Deus</strong></span> <span class='ocrx_word' id='word_1_600' title='bbox 1388 1732 1449 1755; x_wconf 92' lang='lat' dir='ltr'><strong>tuus</strong></span> <span class='ocrx_word' id='word_1_601' title='bbox 1458 1728 1554 1755; x_wconf 85' lang='lat' dir='ltr'><strong>evertit</strong></span> <span class='ocrx_word' id='word_1_602' title='bbox 1561 1732 1655 1762; x_wconf 80' lang='lat' dir='ltr'><strong>gentes</strong></span> 
     </span>
    </p>
   </div>
   <div class='ocr_carea' id='block_1_80' title="bbox 863 1773 1654 1808">
    <p class='ocr_par' dir='ltr' id='par_1_80' title="bbox 863 1773 1654 1808">
     <span class='ocr_line' id='line_1_80' title="bbox 863 1773 1654 1808; baseline -0.001 -7"><span class='ocrx_word' id='word_1_603' title='bbox 863 1774 1107 1808; x_wconf 88' lang='lat' dir='ltr'><strong>istasaconspectu</strong></span> <span class='ocrx_word' id='word_1_604' title='bbox 1118 1778 1171 1801; x_wconf 88' lang='lat' dir='ltr'><strong>tuo.</strong></span> <span class='ocrx_word' id='word_1_605' title='bbox 1188 1783 1197 1799; x_wconf 86' lang='grc' dir='ltr'><strong>ι</strong></span> <span class='ocrx_word' id='word_1_606' title='bbox 1215 1773 1243 1800; x_wconf 88' lang='lat' dir='ltr'><strong>In</strong></span> <span class='ocrx_word' id='word_1_607' title='bbox 1268 1774 1367 1808; x_wconf 84' lang='lat' dir='ltr'><strong>quibus</strong></span> <span class='ocrx_word' id='word_1_608' title='bbox 1393 1774 1520 1801; x_wconf 87' lang='lat' dir='ltr'><strong>omnibus</strong></span> <span class='ocrx_word' id='word_1_609' title='bbox 1547 1774 1654 1800; x_wconf 76' lang='lat' dir='ltr'><strong>videtur</strong></span> 
     </span>
    </p>
   </div>
   <div class='ocr_carea' id='block_1_81' title="bbox 863 1818 1653 1853">
    <p class='ocr_par' dir='ltr' id='par_1_81' title="bbox 863 1818 1653 1853">
     <span class='ocr_line' id='line_1_81' title="bbox 863 1818 1653 1853; baseline -0.004 -6"><span class='ocrx_word' id='word_1_610' title='bbox 863 1819 1018 1850; x_wconf 87' lang='lat' dir='ltr'><strong>ostendere,</strong></span> <span class='ocrx_word' id='word_1_611' title='bbox 1031 1818 1111 1853; x_wconf 82' lang='lat'><strong>333</strong></span> <span class='ocrx_word' id='word_1_612' title='bbox 1120 1819 1183 1853; x_wconf 84' lang='lat' dir='ltr'><strong>quia</strong></span> <span class='ocrx_word' id='word_1_613' title='bbox 1195 1820 1284 1846; x_wconf 88' lang='lat' dir='ltr'><strong>omnis</strong></span> <span class='ocrx_word' id='word_1_614' title='bbox 1296 1818 1341 1853; x_wconf 91' lang='lat' dir='ltr'><strong>qtti</strong></span> <span class='ocrx_word' id='word_1_615' title='bbox 1353 1819 1379 1845; x_wconf 90' lang='lat' dir='ltr'><strong>in</strong></span> <span class='ocrx_word' id='word_1_616' title='bbox 1390 1818 1424 1845; x_wconf 89' lang='lat' dir='ltr'><strong>iis</strong></span> <span class='ocrx_word' id='word_1_617' title='bbox 1436 1823 1571 1849; x_wconf 86' lang='lat' dir='ltr'><strong>versatur,</strong></span> <span class='ocrx_word' id='word_1_618' title='bbox 1585 1818 1653 1844; x_wconf 91' lang='lat' dir='ltr'><strong>nihil</strong></span> 
     </span>
    </p>
   </div>
   <div class='ocr_carea' id='block_1_82' title="bbox 862 1863 1653 1899">
    <p class='ocr_par' dir='ltr' id='par_1_82' title="bbox 862 1863 1653 1899">
     <span class='ocr_line' id='line_1_82' title="bbox 862 1863 1653 1899; baseline -0.004 -6"><span class='ocrx_word' id='word_1_619' title='bbox 862 1866 934 1893; x_wconf 85' lang='lat' dir='ltr'><strong>aliud</strong></span> <span class='ocrx_word' id='word_1_620' title='bbox 949 1865 1034 1892; x_wconf 82' lang='lat' dir='ltr'><strong>faciat</strong></span> <span class='ocrx_word' id='word_1_621' title='bbox 1055 1865 1106 1892; x_wconf 91' lang='lat' dir='ltr'><strong>nisi</strong></span> <span class='ocrx_word' id='word_1_622' title='bbox 1128 1869 1250 1893; x_wconf 90' lang='lat' dir='ltr'><strong>mortuos</strong></span> <span class='ocrx_word' id='word_1_623' title='bbox 1276 1865 1435 1899; x_wconf 79' lang='lat' dir='ltr'><strong>interroget.</strong></span> <span class='ocrx_word' id='word_1_624' title='bbox 1462 1863 1560 1891; x_wconf 82' lang='lat' dir='ltr'><strong>Mortui</strong></span> <span class='ocrx_word' id='word_1_625' title='bbox 1590 1868 1653 1890; x_wconf 86' lang='lat' dir='ltr'><strong>sunt</strong></span> 
     </span>
    </p>
   </div>
   <div class='ocr_carea' id='block_1_83' title="bbox 862 1909 1651 1945">
    <p class='ocr_par' dir='ltr' id='par_1_83' title="bbox 862 1909 1651 1945">
     <span class='ocr_line' id='line_1_83' title="bbox 862 1909 1651 1945; baseline -0.005 -6"><span class='ocrx_word' id='word_1_626' title='bbox 862 1912 947 1944; x_wconf 90' lang='lat' dir='ltr'><strong>enim,</strong></span> <span class='ocrx_word' id='word_1_627' title='bbox 960 1911 1022 1945; x_wconf 89' lang='lat' dir='ltr'><strong>quia</strong></span> <span class='ocrx_word' id='word_1_628' title='bbox 1041 1918 1094 1938; x_wconf 93' lang='lat' dir='ltr'><strong>non</strong></span> <span class='ocrx_word' id='word_1_629' title='bbox 1121 1914 1183 1937; x_wconf 86' lang='lat' dir='ltr'><strong>sunt</strong></span> <span class='ocrx_word' id='word_1_630' title='bbox 1198 1911 1259 1938; x_wconf 82' lang='lat' dir='ltr'><strong>vitae</strong></span> <span class='ocrx_word' id='word_1_631' title='bbox 1286 1910 1441 1944; x_wconf 85' lang='lat' dir='ltr'><strong>participes.</strong></span> <span class='ocrx_word' id='word_1_632' title='bbox 1470 1909 1540 1936; x_wconf 87' lang='lat' dir='ltr'><strong>Deus</strong></span> <span class='ocrx_word' id='word_1_633' title='bbox 1562 1914 1651 1936; x_wconf 86' lang='lat' dir='ltr'><strong>autem</strong></span> 
     </span>
    </p>
   </div>
   <div class='ocr_carea' id='block_1_84' title="bbox 862 1955 1648 1992">
    <p class='ocr_par' dir='ltr' id='par_1_84' title="bbox 862 1955 1648 1992">
     <span class='ocr_line' id='line_1_84' title="bbox 862 1955 1648 1992; baseline -0.004 -8"><span class='ocrx_word' id='word_1_634' title='bbox 862 1963 955 1985; x_wconf 89' lang='lat' dir='ltr'><strong>noster</strong></span> <span class='ocrx_word' id='word_1_635' title='bbox 964 1957 1031 1992; x_wconf 84' lang='lat'><strong>(69),</strong></span> <span class='ocrx_word' id='word_1_636' title='bbox 1042 1956 1162 1983; x_wconf 86' lang='lat' dir='ltr'><strong>vivorum</strong></span> <span class='ocrx_word' id='word_1_637' title='bbox 1177 1956 1247 1983; x_wconf 89' lang='lat' dir='ltr'><strong>Deus</strong></span> <span class='ocrx_word' id='word_1_638' title='bbox 1263 1960 1314 1988; x_wconf 88' lang='lat' dir='ltr'><strong>est,</strong></span> <span class='ocrx_word' id='word_1_639' title='bbox 1331 1960 1358 1983; x_wconf 87' lang='lat' dir='ltr'><strong>et</strong></span> <span class='ocrx_word' id='word_1_640' title='bbox 1372 1963 1423 1982; x_wconf 91' lang='lat' dir='ltr'><strong>non</strong></span> <span class='ocrx_word' id='word_1_641' title='bbox 1436 1960 1604 1982; x_wconf 86' lang='lat' dir='ltr'><strong>mortuorum</strong></span> <span class='ocrx_word' id='word_1_642' title='bbox 1614 1955 1648 1982; x_wconf 79' lang='grc' dir='ltr'><strong>τ’.</strong></span> 
     </span>
    </p>
   </div>
   <div class='ocr_carea' id='block_1_85' title="bbox 862 2001 1652 2036">
    <p class='ocr_par' dir='ltr' id='par_1_85' title="bbox 862 2001 1652 2036">
     <span class='ocr_line' id='line_1_85' title="bbox 862 2001 1652 2036; baseline -0.004 -6"><span class='ocrx_word' id='word_1_643' title='bbox 862 2003 910 2030; x_wconf 89' lang='lat' dir='ltr'><strong>llis</strong></span> <span class='ocrx_word' id='word_1_644' title='bbox 927 2007 1016 2030; x_wconf 87' lang='lat' dir='ltr'><strong>autem</strong></span> <span class='ocrx_word' id='word_1_645' title='bbox 1034 2002 1161 2030; x_wconf 91' lang='lat' dir='ltr'><strong>oumibus</strong></span> <span class='ocrx_word' id='word_1_646' title='bbox 1176 2001 1281 2036; x_wconf 84' lang='lat' dir='ltr'><strong>legibus</strong></span> <span class='ocrx_word' id='word_1_647' title='bbox 1298 2002 1406 2029; x_wconf 84' lang='lat' dir='ltr'><strong>additur</strong></span> <span class='ocrx_word' id='word_1_648' title='bbox 1424 2002 1505 2029; x_wconf 89' lang='lat' dir='ltr'><strong>etiam</strong></span> <span class='ocrx_word' id='word_1_649' title='bbox 1534 2001 1611 2034; x_wconf 89' lang='lat' dir='ltr'><strong>illud,</strong></span> <span class='ocrx_word' id='word_1_650' title='bbox 1623 2007 1652 2028; x_wconf 91' lang='lat' dir='ltr'><strong>ut</strong></span> 
     </span>
    </p>
   </div>
   <div class='ocr_carea' id='block_1_86' title="bbox 862 2047 1653 2084">
    <p class='ocr_par' dir='ltr' id='par_1_86' title="bbox 862 2047 1653 2084">
     <span class='ocr_line' id='line_1_86' title="bbox 862 2047 1653 2084; baseline -0.001 -9"><span class='ocrx_word' id='word_1_651' title='bbox 862 2049 974 2084; x_wconf 89' lang='lat' dir='ltr'><strong>quivult</strong></span> <span class='ocrx_word' id='word_1_652' title='bbox 991 2056 1051 2076; x_wconf 87' lang='lat' dir='ltr'><strong>esse</strong></span> <span class='ocrx_word' id='word_1_653' title='bbox 1068 2048 1215 2083; x_wconf 81' lang='lat' dir='ltr'><strong>perfectus,</strong></span> <span class='ocrx_word' id='word_1_654' title='bbox 1236 2056 1251 2075; x_wconf 85' lang='lat' dir='ltr'><strong>a</strong></span> <span class='ocrx_word' id='word_1_655' title='bbox 1269 2047 1342 2074; x_wconf 92' lang='lat' dir='ltr'><strong>nullo</strong></span> <span class='ocrx_word' id='word_1_656' title='bbox 1368 2048 1421 2075; x_wconf 86' lang='lat' dir='ltr'><strong>alio</strong></span> <span class='ocrx_word' id='word_1_657' title='bbox 1439 2048 1535 2080; x_wconf 88' lang='lat' dir='ltr'><strong>discat,</strong></span> <span class='ocrx_word' id='word_1_658' title='bbox 1554 2048 1604 2075; x_wconf 88' lang='lat' dir='ltr'><strong>nisi</strong></span> <span class='ocrx_word' id='word_1_659' title='bbox 1619 2049 1653 2074; x_wconf 87' lang='lat' dir='ltr'><strong>ab</strong></span> 
     </span>
    </p>
   </div>
   <div class='ocr_carea' id='block_1_87' title="bbox 861 2091 1652 2128">
    <p class='ocr_par' dir='ltr' id='par_1_87' title="bbox 861 2091 1652 2128">
     <span class='ocr_line' id='line_1_87' title="bbox 861 2091 1652 2128; baseline -0.001 -8"><span class='ocrx_word' id='word_1_660' title='bbox 861 2101 894 2120; x_wconf 92' lang='lat' dir='ltr'><strong>eo</strong></span> <span class='ocrx_word' id='word_1_661' title='bbox 906 2093 951 2128; x_wconf 89' lang='lat' dir='ltr'><strong>qui</strong></span> <span class='ocrx_word' id='word_1_662' title='bbox 968 2101 1015 2128; x_wconf 89' lang='lat' dir='ltr'><strong>per</strong></span> <span class='ocrx_word' id='word_1_663' title='bbox 1031 2093 1075 2120; x_wconf 84' lang='lat' dir='ltr'><strong>Dei</strong></span> <span class='ocrx_word' id='word_1_664' title='bbox 1096 2094 1222 2120; x_wconf 86' lang='lat' dir='ltr'><strong>virtutem</strong></span> <span class='ocrx_word' id='word_1_665' title='bbox 1236 2091 1318 2119; x_wconf 77' lang='lat' dir='ltr'><strong>fuerit</strong></span> <span class='ocrx_word' id='word_1_666' title='bbox 1335 2092 1438 2120; x_wconf 90' lang='lat' dir='ltr'><strong>electus</strong></span> <span class='ocrx_word' id='word_1_667' title='bbox 1464 2092 1608 2128; x_wconf 89' lang='lat' dir='ltr'><strong>propheta,</strong></span> <span class='ocrx_word' id='word_1_668' title='bbox 1623 2098 1652 2119; x_wconf 89' lang='grc' dir='ltr'><strong>ιιι</strong></span> 
     </span>
    </p>
   </div>
   <div class='ocr_carea' id='block_1_88' title="bbox 863 2138 1651 2174">
    <p class='ocr_par' dir='ltr' id='par_1_88' title="bbox 863 2138 1651 2174">
     <span class='ocr_line' id='line_1_88' title="bbox 863 2138 1651 2174; baseline -0.003 -8"><span class='ocrx_word' id='word_1_669' title='bbox 863 2139 999 2166; x_wconf 88' lang='lat' dir='ltr'><strong>ministret</strong></span> <span class='ocrx_word' id='word_1_670' title='bbox 1021 2139 1130 2173; x_wconf 92' lang='lat' dir='ltr'><strong>populo.</strong></span> <span class='ocrx_word' id='word_1_671' title='bbox 1145 2139 1189 2166; x_wconf 85' lang='lat' dir='ltr'><strong>Ait</strong></span> <span class='ocrx_word' id='word_1_672' title='bbox 1203 2147 1268 2174; x_wconf 86' lang='lat' dir='ltr'><strong>ergo</strong></span> <span class='ocrx_word' id='word_1_673' title='bbox 1282 2139 1304 2155; x_wconf 90' lang='grc'><strong>⁷⁷</strong></span> <span class='ocrx_word' id='word_1_674' title='bbox 1324 2147 1331 2166; x_wconf 87' lang='lat'><strong>:</strong></span> <span class='ocrx_word' id='word_1_675' title='bbox 1357 2148 1366 2164; x_wconf 84' lang='lat'><strong>(</strong></span> <span class='ocrx_word' id='word_1_676' title='bbox 1387 2138 1526 2166; x_wconf 81' lang='lat' dir='ltr'><strong>Perfectus</strong></span> <span class='ocrx_word' id='word_1_677' title='bbox 1548 2143 1605 2165; x_wconf 88' lang='lat' dir='ltr'><strong>esto</strong></span> <span class='ocrx_word' id='word_1_678' title='bbox 1626 2138 1651 2165; x_wconf 88' lang='lat' dir='ltr'><strong>in</strong></span> 
     </span>
    </p>
   </div>
   <div class='ocr_carea' id='block_1_89' title="bbox 46 2180 1653 2223">
    <p class='ocr_par' dir='ltr' id='par_1_89' title="bbox 46 2180 1653 2223">
     <span class='ocr_line' id='line_1_89' title="bbox 46 2180 1653 2223; baseline 0.002 -16"><span class='ocrx_word' id='word_1_679' title='bbox 46 2180 131 2210; x_wconf 87' lang='lat' dir='ltr'><strong>Domini</strong></span> <span class='ocrx_word' id='word_1_680' title='bbox 156 2193 236 2220; x_wconf 83' lang='lat' dir='ltr'><strong>super</strong></span> <span class='ocrx_word' id='word_1_681' title='bbox 263 2191 360 2222; x_wconf 81' lang='lat' dir='ltr'><strong>gentes</strong></span> <span class='ocrx_word' id='word_1_682' title='bbox 390 2188 458 2220; x_wconf 80' lang='lat' dir='ltr'><strong>illas,</strong></span> <span class='ocrx_word' id='word_1_683' title='bbox 486 2195 556 2223; x_wconf 85' lang='lat' dir='ltr'><strong>quas</strong></span> <span class='ocrx_word' id='word_1_684' title='bbox 580 2189 811 2215; x_wconf 79' lang='lat' dir='ltr'><strong>exterminaverat</strong></span> <span class='ocrx_word' id='word_1_685' title='bbox 827 2189 850 2218; x_wconf 90' lang='lat' dir='ltr'><strong>D</strong></span> <span class='ocrx_word' id='word_1_686' title='bbox 864 2191 1009 2220; x_wconf 89' lang='lat' dir='ltr'><strong>conspectu</strong></span> <span class='ocrx_word' id='word_1_687' title='bbox 1028 2185 1192 2213; x_wconf 90' lang='lat' dir='ltr'><strong>DominiDei</strong></span> <span class='ocrx_word' id='word_1_688' title='bbox 1210 2186 1248 2212; x_wconf 92' lang='lat' dir='ltr'><strong>tui</strong></span> <span class='ocrx_word' id='word_1_689' title='bbox 1267 2194 1274 2213; x_wconf 85' lang='lat'><strong>:</strong></span> <span class='ocrx_word' id='word_1_690' title='bbox 1294 2190 1387 2220; x_wconf 81' lang='lat' dir='ltr'><strong>gentes</strong></span> <span class='ocrx_word' id='word_1_691' title='bbox 1401 2185 1474 2212; x_wconf 87' lang='lat' dir='ltr'><strong>enim</strong></span> <span class='ocrx_word' id='word_1_692' title='bbox 1497 2185 1565 2216; x_wconf 68' lang='lat' dir='ltr'><strong>istm,</strong></span> <span class='ocrx_word' id='word_1_693' title='bbox 1587 2192 1653 2219; x_wconf 87' lang='lat' dir='ltr'><strong>qua-</strong></span> 
     </span>
    </p>
   </div>
   <div class='ocr_carea' id='block_1_90' title="bbox 46 2225 810 2261">
    <p class='ocr_par' dir='ltr' id='par_1_90' title="bbox 46 2225 810 2261">
     <span class='ocr_line' id='line_1_90' title="bbox 46 2225 810 2261; baseline 0.008 -8"><span class='ocrx_word' id='word_1_694' title='bbox 46 2225 126 2256; x_wconf 83' lang='lat' dir='ltr'><strong>Deusa</strong></span> <span class='ocrx_word' id='word_1_695' title='bbox 145 2231 213 2259; x_wconf 81' lang='lat' dir='ltr'><strong>faeie</strong></span> <span class='ocrx_word' id='word_1_696' title='bbox 230 2233 350 2260; x_wconf 88' lang='lat' dir='ltr'><strong>ﬁliorum</strong></span> <span class='ocrx_word' id='word_1_697' title='bbox 384 2232 477 2259; x_wconf 85' lang='lat' dir='ltr'><strong>Israel.</strong></span> <span class='ocrx_word' id='word_1_698' title='bbox 506 2233 558 2261; x_wconf 87' lang='lat' dir='ltr'><strong>Sed</strong></span> <span class='ocrx_word' id='word_1_699' title='bbox 584 2237 610 2261; x_wconf 90' lang='lat' dir='ltr'><strong>ct</strong></span> <span class='ocrx_word' id='word_1_700' title='bbox 641 2233 666 2260; x_wconf 93' lang='lat' dir='ltr'><strong>in</strong></span> <span class='ocrx_word' id='word_1_701' title='bbox 690 2234 810 2260; x_wconf 85' lang='lat' dir='ltr'><strong>secundo</strong></span> 
     </span>
    </p>
   </div>
   <div class='ocr_carea' id='block_1_91' title="bbox 45 2270 808 2312">
    <p class='ocr_par' dir='ltr' id='par_1_91' title="bbox 45 2270 808 2312">
     <span class='ocr_line' id='line_1_91' title="bbox 45 2270 808 2312; baseline 0.01 -16"><span class='ocrx_word' id='word_1_702' title='bbox 45 2270 97 2300; x_wconf 82' lang='lat' dir='ltr'><strong>libro</strong></span> <span class='ocrx_word' id='word_1_703' title='bbox 116 2274 337 2312; x_wconf 84' lang='lat' dir='ltr'><strong>Paralipomenon</strong></span> <span class='ocrx_word' id='word_1_704' title='bbox 366 2277 466 2304; x_wconf 90' lang='lat' dir='ltr'><strong>similia</strong></span> <span class='ocrx_word' id='word_1_705' title='bbox 494 2277 670 2305; x_wconf 90' lang='lat' dir='ltr'><strong>nihilominus</strong></span> <span class='ocrx_word' id='word_1_706' title='bbox 692 2278 725 2305; x_wconf 90' lang='lat' dir='ltr'><strong>de</strong></span> <span class='ocrx_word' id='word_1_707' title='bbox 751 2278 808 2304; x_wconf 82' lang='lat' dir='ltr'><strong>Ma-</strong></span> 
     </span>
    </p>
   </div>
   <div class='ocr_carea' id='block_1_92' title="bbox 45 2322 808 2357">
    <p class='ocr_par' dir='ltr' id='par_1_92' title="bbox 45 2322 808 2357">
     <span class='ocr_line' id='line_1_92' title="bbox 45 2322 808 2357; baseline 0.01 -15"><span class='ocrx_word' id='word_1_708' title='bbox 45 2324 107 2347; x_wconf 82' lang='lat' dir='ltr'><strong>ttasse</strong></span> <span class='ocrx_word' id='word_1_709' title='bbox 127 2322 282 2350; x_wconf 87' lang='lat' dir='ltr'><strong>scribuntur</strong></span> <span class='ocrx_word' id='word_1_710' title='bbox 305 2333 310 2349; x_wconf 94' lang='lat'><em>:</em></span> <span class='ocrx_word' id='word_1_711' title='bbox 333 2333 341 2348; x_wconf 83' lang='grc' dir='ltr'><strong>ι</strong></span> <span class='ocrx_word' id='word_1_712' title='bbox 368 2323 400 2350; x_wconf 87' lang='grc' dir='ltr'>Ει</span> <span class='ocrx_word' id='word_1_713' title='bbox 416 2323 490 2355; x_wconf 73' lang='lat' dir='ltr'><strong>fecit,</strong></span> <span class='ocrx_word' id='word_1_714' title='bbox 512 2322 602 2357; x_wconf 87' lang='lat' dir='ltr'><strong>inquit</strong></span> <span class='ocrx_word' id='word_1_715' title='bbox 620 2323 655 2355; x_wconf 69' lang='lat'><strong>7&#39;,</strong></span> <span class='ocrx_word' id='word_1_716' title='bbox 677 2323 761 2356; x_wconf 88' lang='lat' dir='ltr'><strong>lucos,</strong></span> <span class='ocrx_word' id='word_1_717' title='bbox 781 2328 808 2350; x_wconf 83' lang='lat' dir='ltr'><strong>et</strong></span> 
     </span>
    </p>
   </div>
   <div class='ocr_carea' id='block_1_93' title="bbox 45 2364 807 2402">
    <p class='ocr_par' dir='ltr' id='par_1_93' title="bbox 45 2364 807 2402">
     <span class='ocr_line' id='line_1_93' title="bbox 45 2364 807 2402; baseline 0.01 -14"><span class='ocrx_word' id='word_1_718' title='bbox 45 2364 145 2394; x_wconf 80' lang='lat' dir='ltr'><strong>adoravit</strong></span> <span class='ocrx_word' id='word_1_719' title='bbox 158 2376 266 2397; x_wconf 91' lang='lat' dir='ltr'><strong>omnem</strong></span> <span class='ocrx_word' id='word_1_720' title='bbox 287 2369 410 2396; x_wconf 85' lang='lat' dir='ltr'><strong>militiam</strong></span> <span class='ocrx_word' id='word_1_721' title='bbox 433 2369 508 2401; x_wconf 60' lang='lat' dir='ltr'><strong>caeli,</strong></span> <span class='ocrx_word' id='word_1_722' title='bbox 527 2374 553 2396; x_wconf 88' lang='lat' dir='ltr'><strong>et</strong></span> <span class='ocrx_word' id='word_1_723' title='bbox 578 2369 690 2396; x_wconf 83' lang='lat' dir='ltr'><strong>servivit</strong></span> <span class='ocrx_word' id='word_1_724' title='bbox 707 2369 758 2402; x_wconf 88' lang='lat' dir='ltr'><strong>eis,</strong></span> <span class='ocrx_word' id='word_1_725' title='bbox 779 2374 807 2397; x_wconf 94' lang='lat' dir='ltr'><strong>ct</strong></span> 
     </span>
    </p>
   </div>
   <div class='ocr_carea' id='block_1_94' title="bbox 45 2415 805 2443">
    <p class='ocr_par' dir='ltr' id='par_1_94' title="bbox 45 2415 805 2443">
     <span class='ocr_line' id='line_1_94' title="bbox 45 2415 805 2443; baseline 0.009 -8"><span class='ocrx_word' id='word_1_726' title='bbox 45 2415 172 2440; x_wconf 65' lang='lat' dir='ltr'><strong>construxit</strong></span> <span class='ocrx_word' id='word_1_727' title='bbox 185 2415 283 2442; x_wconf 85' lang='lat' dir='ltr'><strong>altaria</strong></span> <span class='ocrx_word' id='word_1_728' title='bbox 299 2415 324 2441; x_wconf 93' lang='lat' dir='ltr'><strong>in</strong></span> <span class='ocrx_word' id='word_1_729' title='bbox 340 2415 419 2442; x_wconf 90' lang='lat' dir='ltr'><strong>domo</strong></span> <span class='ocrx_word' id='word_1_730' title='bbox 437 2415 483 2443; x_wconf 89' lang='lat' dir='ltr'><strong>Dei</strong></span> <span class='ocrx_word' id='word_1_731' title='bbox 501 2415 546 2442; x_wconf 92' lang='lat' dir='ltr'><strong>ubi</strong></span> <span class='ocrx_word' id='word_1_732' title='bbox 567 2415 635 2441; x_wconf 78' lang='lat' dir='ltr'><strong>dixit</strong></span> <span class='ocrx_word' id='word_1_733' title='bbox 651 2415 781 2442; x_wconf 87' lang='lat' dir='ltr'><strong>Dominus</strong></span> <span class='ocrx_word' id='word_1_734' title='bbox 798 2424 805 2442; x_wconf 92' lang='lat'><strong><em>:</em></strong></span> 
     </span>
    </p>
   </div>
   <div class='ocr_carea' id='block_1_95' title="bbox 45 2452 806 2493">
    <p class='ocr_par' dir='ltr' id='par_1_95' title="bbox 45 2452 806 2493">
     <span class='ocr_line' id='line_1_95' title="bbox 45 2452 806 2493; baseline 0.011 -14"><span class='ocrx_word' id='word_1_735' title='bbox 45 2452 64 2480; x_wconf 86' lang='lat' dir='ltr'><strong>ht</strong></span> <span class='ocrx_word' id='word_1_736' title='bbox 72 2455 208 2487; x_wconf 74' lang='lat' dir='ltr'><strong>Jerusalem</strong></span> <span class='ocrx_word' id='word_1_737' title='bbox 229 2461 284 2488; x_wconf 90' lang='lat' dir='ltr'><strong>erit</strong></span> <span class='ocrx_word' id='word_1_738' title='bbox 309 2468 404 2488; x_wconf 87' lang='lat' dir='ltr'><strong>nomen</strong></span> <span class='ocrx_word' id='word_1_739' title='bbox 421 2468 510 2488; x_wconf 93' lang='lat' dir='ltr'><strong>meum</strong></span> <span class='ocrx_word' id='word_1_740' title='bbox 530 2461 556 2487; x_wconf 94' lang='lat' dir='ltr'><strong>in</strong></span> <span class='ocrx_word' id='word_1_741' title='bbox 570 2465 712 2493; x_wconf 70' lang='lat' dir='ltr'><strong>aeternum,</strong></span> <span class='ocrx_word' id='word_1_742' title='bbox 730 2465 758 2487; x_wconf 86' lang='lat' dir='ltr'><strong>et</strong></span> <span class='ocrx_word' id='word_1_743' title='bbox 771 2460 806 2487; x_wconf 91' lang='lat' dir='ltr'><strong>ibi</strong></span> 
     </span>
    </p>
   </div>
   <div class='ocr_carea' id='block_1_96' title="bbox 45 2500 806 2542">
    <p class='ocr_par' dir='ltr' id='par_1_96' title="bbox 45 2500 806 2542">
     <span class='ocr_line' id='line_1_96' title="bbox 45 2500 806 2542; baseline 0.011 -16"><span class='ocrx_word' id='word_1_744' title='bbox 45 2500 150 2532; x_wconf 80' lang='lat' dir='ltr'><strong>instruxit</strong></span> <span class='ocrx_word' id='word_1_745' title='bbox 160 2507 256 2533; x_wconf 84' lang='lat' dir='ltr'><strong>altaria</strong></span> <span class='ocrx_word' id='word_1_746' title='bbox 270 2507 344 2534; x_wconf 92' lang='lat' dir='ltr'><strong>omni</strong></span> <span class='ocrx_word' id='word_1_747' title='bbox 360 2506 568 2542; x_wconf 65' lang='lat' dir='ltr'><strong>magniﬁcentiae</strong></span> <span class='ocrx_word' id='word_1_748' title='bbox 580 2506 654 2538; x_wconf 74' lang='lat' dir='ltr'><strong>cteli,</strong></span> <span class='ocrx_word' id='word_1_749' title='bbox 669 2507 695 2533; x_wconf 79' lang='grc' dir='ltr'><strong>ιιι</strong></span> <span class='ocrx_word' id='word_1_750' title='bbox 712 2507 806 2534; x_wconf 87' lang='lat' dir='ltr'><strong>amba-</strong></span> 
     </span>
    </p>
   </div>
   <div class='ocr_carea' id='block_1_97' title="bbox 30 2542 804 2587">
    <p class='ocr_par' dir='ltr' id='par_1_97' title="bbox 30 2542 804 2587">
     <span class='ocr_line' id='line_1_97' title="bbox 30 2542 804 2587; baseline 0.014 -19"><span class='ocrx_word' id='word_1_751' title='bbox 30 2542 81 2571; x_wconf 71' lang='lat' dir='ltr'><strong>bus</strong></span> <span class='ocrx_word' id='word_1_752' title='bbox 101 2548 219 2578; x_wconf 87' lang='lat' dir='ltr'><strong>domibus</strong></span> <span class='ocrx_word' id='word_1_753' title='bbox 235 2550 355 2579; x_wconf 88' lang='lat' dir='ltr'><strong>Doutini.</strong></span> <span class='ocrx_word' id='word_1_754' title='bbox 371 2550 404 2577; x_wconf 84' lang='lat' dir='ltr'><strong>Et</strong></span> <span class='ocrx_word' id='word_1_755' title='bbox 427 2552 483 2587; x_wconf 88' lang='lat' dir='ltr'><strong>ipse</strong></span> <span class='ocrx_word' id='word_1_756' title='bbox 511 2551 708 2579; x_wconf 85' lang='lat' dir='ltr'><strong>transdttcebat</strong></span> <span class='ocrx_word' id='word_1_757' title='bbox 735 2551 804 2579; x_wconf 91' lang='lat' dir='ltr'><strong>ﬁlios</strong></span> 
     </span>
    </p>
   </div>
   <div class='ocr_carea' id='block_1_98' title="bbox 69 2617 265 2654">
    <p class='ocr_par' dir='ltr' id='par_1_98' title="bbox 69 2617 265 2654">
     <span class='ocr_line' id='line_1_98' title="bbox 69 2617 265 2654; baseline 0.02 -9"><span class='ocrx_word' id='word_1_758' title='bbox 69 2617 99 2645; x_wconf 83' lang='grc'><strong>⁸⁵1</strong></span> <span class='ocrx_word' id='word_1_759' title='bbox 111 2618 172 2654; x_wconf 80' lang='lat' dir='ltr'><strong>Reg.</strong></span> <span class='ocrx_word' id='word_1_760' title='bbox 185 2627 222 2652; x_wconf 77' lang='lat' dir='ltr'><strong>vr,</strong></span> <span class='ocrx_word' id='word_1_761' title='bbox 236 2622 265 2649; x_wconf 90' lang='lat'><strong>9.</strong></span> 
     </span>
    </p>
   </div>
   <div class='ocr_carea' id='block_1_99' title="bbox 43 2655 482 2690">
    <p class='ocr_par' dir='ltr' id='par_1_99' title="bbox 43 2655 482 2690">
     <span class='ocr_line' id='line_1_99' title="bbox 43 2655 482 2690; baseline 0.016 -13"><span class='ocrx_word' id='word_1_762' title='bbox 43 2657 116 2690; x_wconf 38' lang='grc' dir='ltr'>ξξινη</span> <span class='ocrx_word' id='word_1_763' title='bbox 135 2655 156 2670; x_wconf 85' lang='grc'><strong>⁷²</strong></span> <span class='ocrx_word' id='word_1_764' title='bbox 173 2655 192 2682; x_wconf 93' lang='grc'><strong>11</strong></span> <span class='ocrx_word' id='word_1_765' title='bbox 205 2656 294 2683; x_wconf 84' lang='lat' dir='ltr'><strong>Paral.</strong></span> <span class='ocrx_word' id='word_1_766' title='bbox 309 2664 407 2689; x_wconf 61' lang='grc' dir='ltr'>χχχιιι,</span> <span class='ocrx_word' id='word_1_767' title='bbox 422 2657 439 2683; x_wconf 77' lang='grc'>3</span> <span class='ocrx_word' id='word_1_768' title='bbox 454 2656 482 2684; x_wconf 91' lang='grc'><strong>6.</strong></span> 
     </span>
    </p>
   </div>
   <div class='ocr_carea' id='block_1_100' title="bbox 43 2686 445 2722">
    <p class='ocr_par' dir='ltr' id='par_1_100' title="bbox 43 2686 445 2722">
     <span class='ocr_line' id='line_1_100' title="bbox 43 2686 445 2722; baseline 0.015 -10"><span class='ocrx_word' id='word_1_769' title='bbox 43 2686 76 2713; x_wconf 75' lang='lat'><strong>32.</strong></span> <span class='ocrx_word' id='word_1_770' title='bbox 109 2689 129 2704; x_wconf 87' lang='grc'><strong>⁷⁷</strong></span> <span class='ocrx_word' id='word_1_771' title='bbox 151 2691 230 2718; x_wconf 88' lang='lat' dir='ltr'><strong>Deut.</strong></span> <span class='ocrx_word' id='word_1_772' title='bbox 251 2698 328 2722; x_wconf 80' lang='lat' dir='ltr'><strong>xvut,</strong></span> <span class='ocrx_word' id='word_1_773' title='bbox 354 2686 445 2718; x_wconf 49' lang='grc'><strong>1546.</strong></span> 
     </span>
    </p>
   </div>
   <div class='ocr_carea' id='block_1_101' title="bbox 67 2743 800 2782">
    <p class='ocr_par' dir='ltr' id='par_1_101' title="bbox 67 2743 800 2782">
     <span class='ocr_line' id='line_1_101' title="bbox 67 2743 800 2782; baseline 0.008 -10"><span class='ocrx_word' id='word_1_774' title='bbox 67 2743 116 2782; x_wconf 62' lang='grc'><strong>167)</strong></span> <span class='ocrx_word' id='word_1_775' title='bbox 132 2746 270 2779; x_wconf 80' lang='lat' dir='ltr'><strong>Impiciat.</strong></span> <span class='ocrx_word' id='word_1_776' title='bbox 286 2747 330 2776; x_wconf 88' lang='lat' dir='ltr'><strong>Sic</strong></span> <span class='ocrx_word' id='word_1_777' title='bbox 346 2752 420 2776; x_wconf 88' lang='lat' dir='ltr'><strong>recte</strong></span> <span class='ocrx_word' id='word_1_778' title='bbox 433 2749 515 2778; x_wconf 86' lang='lat' dir='ltr'><strong>habet</strong></span> <span class='ocrx_word' id='word_1_779' title='bbox 523 2750 608 2777; x_wconf 79' lang='lat' dir='ltr'><strong>codex</strong></span> <span class='ocrx_word' id='word_1_780' title='bbox 617 2749 800 2778; x_wconf 87' lang='lat' dir='ltr'><strong>Corbcicnsis.</strong></span> 
     </span>
    </p>
   </div>
   <div class='ocr_carea' id='block_1_102' title="bbox 43 2777 341 2817">
    <p class='ocr_par' dir='ltr' id='par_1_102' title="bbox 43 2777 341 2817">
     <span class='ocr_line' id='line_1_102' title="bbox 43 2777 341 2817; baseline 0.034 -15"><span class='ocrx_word' id='word_1_781' title='bbox 43 2777 112 2817; x_wconf 60' lang='lat' dir='ltr'><strong>Alias,</strong></span> <span class='ocrx_word' id='word_1_782' title='bbox 122 2790 138 2817; x_wconf 77' lang='lat'><strong>|_</strong></span> <span class='ocrx_word' id='word_1_783' title='bbox 150 2777 308 2817; x_wconf 79' lang='lat' dir='ltr'><strong>inspiciens.</strong></span> <span class='ocrx_word' id='word_1_784' title='bbox 333 2794 341 2809; x_wconf 82' lang='grc' dir='ltr'><strong>ι</strong></span> 
     </span>
    </p>
   </div>
   <div class='ocr_carea' id='block_1_103' title="bbox 69 2815 800 2852">
    <p class='ocr_par' dir='ltr' id='par_1_103' title="bbox 69 2815 800 2852">
     <span class='ocr_line' id='line_1_103' title="bbox 69 2815 800 2852; baseline 0.008 -10"><span class='ocrx_word' id='word_1_785' title='bbox 69 2815 116 2850; x_wconf 78' lang='lat'><strong>(68)</strong></span> <span class='ocrx_word' id='word_1_786' title='bbox 130 2815 201 2845; x_wconf 69' lang='lat' dir='ltr'><strong>hie-ui</strong></span> <span class='ocrx_word' id='word_1_787' title='bbox 213 2819 310 2852; x_wconf 80' lang='lat' dir='ltr'><strong>codex,</strong></span> <span class='ocrx_word' id='word_1_788' title='bbox 330 2828 338 2844; x_wconf 78' lang='grc' dir='ltr'><strong>ι</strong></span> <span class='ocrx_word' id='word_1_789' title='bbox 362 2818 485 2847; x_wconf 79' lang='lat' dir='ltr'><strong>occultis.</strong></span> <span class='ocrx_word' id='word_1_790' title='bbox 509 2829 518 2846; x_wconf 75' lang='grc' dir='ltr'><strong>ι</strong></span> <span class='ocrx_word' id='word_1_791' title='bbox 533 2820 606 2848; x_wconf 82' lang='lat' dir='ltr'><strong>Alias</strong></span> <span class='ocrx_word' id='word_1_792' title='bbox 623 2829 631 2846; x_wconf 75' lang='grc' dir='ltr'><strong>ι</strong></span> <span class='ocrx_word' id='word_1_793' title='bbox 655 2820 770 2849; x_wconf 84' lang='lat' dir='ltr'><strong>occulto.</strong></span> <span class='ocrx_word' id='word_1_794' title='bbox 791 2831 800 2848; x_wconf 81' lang='grc' dir='ltr'><strong>ι</strong></span> 
     </span>
    </p>
   </div>
   <div class='ocr_carea' id='block_1_104' title="bbox 531 2657 790 2690">
    <p class='ocr_par' dir='ltr' id='par_1_104' title="bbox 531 2657 790 2690">
     <span class='ocr_line' id='line_1_104' title="bbox 531 2657 790 2690; baseline 0.012 -8"><span class='ocrx_word' id='word_1_795' title='bbox 531 2657 554 2673; x_wconf 90' lang='grc'><strong>⁷³</strong></span> <span class='ocrx_word' id='word_1_796' title='bbox 571 2657 634 2685; x_wconf 78' lang='lat' dir='ltr'><strong>[.ev.</strong></span> <span class='ocrx_word' id='word_1_797' title='bbox 661 2666 718 2690; x_wconf 81' lang='lat' dir='ltr'><strong>xtx,</strong></span> <span class='ocrx_word' id='word_1_798' title='bbox 746 2658 790 2686; x_wconf 72' lang='lat'><strong>26.</strong></span> 
     </span>
    </p>
   </div>
   <div class='ocr_carea' id='block_1_105' title="bbox 863 2231 1650 2266">
    <p class='ocr_par' dir='ltr' id='par_1_105' title="bbox 863 2231 1650 2266">
     <span class='ocr_line' id='line_1_105' title="bbox 863 2231 1650 2266; baseline -0.004 -6"><span class='ocrx_word' id='word_1_799' title='bbox 863 2240 921 2260; x_wconf 89' lang='lat' dir='ltr'><strong>rum</strong></span> <span class='ocrx_word' id='word_1_800' title='bbox 938 2237 964 2259; x_wconf 92' lang='lat' dir='ltr'><strong>tu</strong></span> <span class='ocrx_word' id='word_1_801' title='bbox 983 2232 1169 2260; x_wconf 77' lang='lat' dir='ltr'><strong>ltrcreditatem</strong></span> <span class='ocrx_word' id='word_1_802' title='bbox 1188 2232 1295 2266; x_wconf 88' lang='lat' dir='ltr'><strong>cepisti,</strong></span> <span class='ocrx_word' id='word_1_803' title='bbox 1309 2232 1367 2259; x_wconf 77' lang='lat' dir='ltr'><strong>istae</strong></span> <span class='ocrx_word' id='word_1_804' title='bbox 1399 2232 1512 2258; x_wconf 85' lang='lat' dir='ltr'><strong>audiunt</strong></span> <span class='ocrx_word' id='word_1_805' title='bbox 1539 2231 1650 2258; x_wconf 89' lang='lat' dir='ltr'><strong>sortile-</strong></span> 
     </span>
    </p>
   </div>
   <div class='ocr_carea' id='block_1_106' title="bbox 861 2276 1651 2313">
    <p class='ocr_par' dir='ltr' id='par_1_106' title="bbox 861 2276 1651 2313">
     <span class='ocr_line' id='line_1_106' title="bbox 861 2276 1651 2313; baseline -0.003 -8"><span class='ocrx_word' id='word_1_806' title='bbox 861 2286 910 2313; x_wconf 89' lang='lat' dir='ltr'><strong>gos</strong></span> <span class='ocrx_word' id='word_1_807' title='bbox 923 2282 950 2304; x_wconf 92' lang='lat' dir='ltr'><strong>et</strong></span> <span class='ocrx_word' id='word_1_808' title='bbox 964 2278 1079 2310; x_wconf 89' lang='lat' dir='ltr'><strong>divittos,</strong></span> <span class='ocrx_word' id='word_1_809' title='bbox 1097 2278 1143 2305; x_wconf 87' lang='lat' dir='ltr'><strong>tibi</strong></span> <span class='ocrx_word' id='word_1_810' title='bbox 1170 2282 1260 2305; x_wconf 85' lang='lat' dir='ltr'><strong>autem</strong></span> <span class='ocrx_word' id='word_1_811' title='bbox 1280 2285 1335 2305; x_wconf 87' lang='lat' dir='ltr'><strong>non</strong></span> <span class='ocrx_word' id='word_1_812' title='bbox 1363 2277 1400 2304; x_wconf 79' lang='lat' dir='ltr'><strong>ita</strong></span> <span class='ocrx_word' id='word_1_813' title='bbox 1425 2277 1498 2304; x_wconf 86' lang='lat' dir='ltr'><strong>dedit</strong></span> <span class='ocrx_word' id='word_1_814' title='bbox 1522 2276 1651 2304; x_wconf 89' lang='lat' dir='ltr'><strong>Dominus</strong></span> 
     </span>
    </p>
   </div>
   <div class='ocr_carea' id='block_1_107' title="bbox 861 2321 1652 2358">
    <p class='ocr_par' dir='ltr' id='par_1_107' title="bbox 861 2321 1652 2358">
     <span class='ocr_line' id='line_1_107' title="bbox 861 2321 1652 2358; baseline -0.003 -8"><span class='ocrx_word' id='word_1_815' title='bbox 861 2324 932 2351; x_wconf 89' lang='lat' dir='ltr'><strong>Deus</strong></span> <span class='ocrx_word' id='word_1_816' title='bbox 950 2329 1023 2351; x_wconf 88' lang='lat' dir='ltr'><strong>ttttts.</strong></span> <span class='ocrx_word' id='word_1_817' title='bbox 1037 2323 1199 2358; x_wconf 86' lang='lat' dir='ltr'><strong>Prophetam</strong></span> <span class='ocrx_word' id='word_1_818' title='bbox 1217 2324 1289 2352; x_wconf 89' lang='lat' dir='ltr'><strong>enim</strong></span> <span class='ocrx_word' id='word_1_819' title='bbox 1314 2323 1347 2350; x_wconf 90' lang='lat' dir='ltr'><strong>de</strong></span> <span class='ocrx_word' id='word_1_820' title='bbox 1360 2323 1448 2350; x_wconf 88' lang='lat' dir='ltr'><strong>medio</strong></span> <span class='ocrx_word' id='word_1_821' title='bbox 1480 2323 1516 2349; x_wconf 88' lang='lat' dir='ltr'><strong>tui</strong></span> <span class='ocrx_word' id='word_1_822' title='bbox 1535 2330 1570 2349; x_wconf 78' lang='lat' dir='ltr'><strong>ex</strong></span> <span class='ocrx_word' id='word_1_823' title='bbox 1597 2321 1652 2348; x_wconf 75' lang='grc' dir='ltr'>[ιιι-</span> 
     </span>
    </p>
   </div>
   <div class='ocr_carea' id='block_1_108' title="bbox 862 2368 1648 2402">
    <p class='ocr_par' dir='ltr' id='par_1_108' title="bbox 862 2368 1648 2402">
     <span class='ocr_line' id='line_1_108' title="bbox 862 2368 1648 2402; baseline -0.003 -7"><span class='ocrx_word' id='word_1_824' title='bbox 862 2369 947 2396; x_wconf 89' lang='lat' dir='ltr'><strong>tribtts</strong></span> <span class='ocrx_word' id='word_1_825' title='bbox 960 2370 1013 2396; x_wconf 90' lang='lat' dir='ltr'><strong>tuis</strong></span> <span class='ocrx_word' id='word_1_826' title='bbox 1025 2370 1169 2397; x_wconf 87' lang='lat' dir='ltr'><strong>suscitabit</strong></span> <span class='ocrx_word' id='word_1_827' title='bbox 1183 2370 1229 2397; x_wconf 93' lang='lat' dir='ltr'><strong>tibi</strong></span> <span class='ocrx_word' id='word_1_828' title='bbox 1247 2371 1378 2398; x_wconf 89' lang='lat' dir='ltr'><strong>Dominus</strong></span> <span class='ocrx_word' id='word_1_829' title='bbox 1388 2369 1457 2397; x_wconf 88' lang='lat' dir='ltr'><strong>Deus</strong></span> <span class='ocrx_word' id='word_1_830' title='bbox 1473 2373 1544 2400; x_wconf 86' lang='lat' dir='ltr'><strong>tuus,</strong></span> <span class='ocrx_word' id='word_1_831' title='bbox 1561 2368 1648 2402; x_wconf 87' lang='lat' dir='ltr'><strong>ipsutn</strong></span> 
     </span>
    </p>
   </div>
   <div class='ocr_carea' id='block_1_109' title="bbox 863 2414 1648 2451">
    <p class='ocr_par' dir='ltr' id='par_1_109' title="bbox 863 2414 1648 2451">
     <span class='ocr_line' id='line_1_109' title="bbox 863 2414 1648 2451; baseline -0.003 -9"><span class='ocrx_word' id='word_1_832' title='bbox 863 2415 980 2442; x_wconf 86' lang='lat' dir='ltr'><strong>audietis</strong></span> <span class='ocrx_word' id='word_1_833' title='bbox 1001 2422 1049 2449; x_wconf 91' lang='lat' dir='ltr'><strong>per</strong></span> <span class='ocrx_word' id='word_1_834' title='bbox 1068 2416 1159 2443; x_wconf 87' lang='lat' dir='ltr'><strong>omnia</strong></span> <span class='ocrx_word' id='word_1_835' title='bbox 1177 2423 1348 2451; x_wconf 62' lang='lat' dir='ltr'><strong>quaecunque</strong></span> <span class='ocrx_word' id='word_1_836' title='bbox 1371 2415 1473 2451; x_wconf 85' lang='lat' dir='ltr'><strong>petiisti</strong></span> <span class='ocrx_word' id='word_1_837' title='bbox 1491 2422 1506 2441; x_wconf 88' lang='lat' dir='ltr'><strong>a</strong></span> <span class='ocrx_word' id='word_1_838' title='bbox 1535 2414 1648 2440; x_wconf 89' lang='lat' dir='ltr'><strong>Domino</strong></span> 
     </span>
    </p>
   </div>
   <div class='ocr_carea' id='block_1_110' title="bbox 863 2459 1648 2494">
    <p class='ocr_par' dir='ltr' id='par_1_110' title="bbox 863 2459 1648 2494">
     <span class='ocr_line' id='line_1_110' title="bbox 863 2459 1648 2494; baseline -0.004 -6"><span class='ocrx_word' id='word_1_839' title='bbox 863 2462 916 2489; x_wconf 87' lang='lat' dir='ltr'><strong>Deo</strong></span> <span class='ocrx_word' id='word_1_840' title='bbox 931 2465 976 2488; x_wconf 91' lang='lat' dir='ltr'><strong>tuo</strong></span> <span class='ocrx_word' id='word_1_841' title='bbox 995 2462 1021 2488; x_wconf 92' lang='lat' dir='ltr'><strong>in</strong></span> <span class='ocrx_word' id='word_1_842' title='bbox 1034 2462 1105 2489; x_wconf 86' lang='lat' dir='ltr'><strong>Orcb</strong></span> <span class='ocrx_word' id='word_1_843' title='bbox 1117 2462 1144 2489; x_wconf 89' lang='lat' dir='ltr'><strong>in</strong></span> <span class='ocrx_word' id='word_1_844' title='bbox 1154 2462 1198 2489; x_wconf 91' lang='lat' dir='ltr'><strong>die</strong></span> <span class='ocrx_word' id='word_1_845' title='bbox 1212 2462 1350 2494; x_wconf 85' lang='lat' dir='ltr'><strong>Ecclesiae,</strong></span> <span class='ocrx_word' id='word_1_846' title='bbox 1365 2469 1427 2488; x_wconf 92' lang='lat' dir='ltr'><strong>cum</strong></span> <span class='ocrx_word' id='word_1_847' title='bbox 1445 2460 1552 2487; x_wconf 77' lang='lat' dir='ltr'><strong>dixistis</strong></span> <span class='ocrx_word' id='word_1_848' title='bbox 1567 2469 1573 2487; x_wconf 91' lang='lat'><strong>:</strong></span> <span class='ocrx_word' id='word_1_849' title='bbox 1591 2459 1648 2486; x_wconf 84' lang='lat' dir='ltr'><strong>Non</strong></span> 
     </span>
    </p>
   </div>
   <div class='ocr_carea' id='block_1_111' title="bbox 860 2505 1648 2542">
    <p class='ocr_par' dir='ltr' id='par_1_111' title="bbox 860 2505 1648 2542">
     <span class='ocr_line' id='line_1_111' title="bbox 860 2505 1648 2542; baseline -0.005 -8"><span class='ocrx_word' id='word_1_850' title='bbox 860 2515 1024 2542; x_wconf 90' lang='lat' dir='ltr'><strong>apponemus</strong></span> <span class='ocrx_word' id='word_1_851' title='bbox 1037 2508 1132 2535; x_wconf 89' lang='lat' dir='ltr'><strong>audire</strong></span> <span class='ocrx_word' id='word_1_852' title='bbox 1143 2516 1237 2536; x_wconf 89' lang='lat' dir='ltr'><strong>vocem</strong></span> <span class='ocrx_word' id='word_1_853' title='bbox 1251 2507 1357 2535; x_wconf 92' lang='lat' dir='ltr'><strong>Domini</strong></span> <span class='ocrx_word' id='word_1_854' title='bbox 1368 2507 1414 2533; x_wconf 84' lang='lat' dir='ltr'><strong>Dei</strong></span> <span class='ocrx_word' id='word_1_855' title='bbox 1427 2506 1522 2539; x_wconf 88' lang='lat' dir='ltr'><strong>nostri,</strong></span> <span class='ocrx_word' id='word_1_856' title='bbox 1531 2511 1558 2532; x_wconf 91' lang='lat' dir='ltr'><strong>et</strong></span> <span class='ocrx_word' id='word_1_857' title='bbox 1568 2505 1648 2532; x_wconf 90' lang='lat' dir='ltr'><strong>istum</strong></span> 
     </span>
    </p>
   </div>
   <div class='ocr_carea' id='block_1_112' title="bbox 859 2550 1648 2588">
    <p class='ocr_par' dir='ltr' id='par_1_112' title="bbox 859 2550 1648 2588">
     <span class='ocr_line' id='line_1_112' title="bbox 859 2550 1648 2588; baseline -0.004 -8"><span class='ocrx_word' id='word_1_858' title='bbox 859 2553 948 2587; x_wconf 78' lang='lat' dir='ltr'><strong>ignem</strong></span> <span class='ocrx_word' id='word_1_859' title='bbox 976 2561 1102 2588; x_wconf 83' lang='lat' dir='ltr'><strong>magnum</strong></span> <span class='ocrx_word' id='word_1_860' title='bbox 1132 2561 1184 2581; x_wconf 89' lang='lat' dir='ltr'><strong>non</strong></span> <span class='ocrx_word' id='word_1_861' title='bbox 1209 2554 1361 2582; x_wconf 81' lang='lat' dir='ltr'><strong>videbimus</strong></span> <span class='ocrx_word' id='word_1_862' title='bbox 1396 2553 1464 2580; x_wconf 85' lang='lat' dir='ltr'><strong>ultra</strong></span> <span class='ocrx_word' id='word_1_863' title='bbox 1490 2559 1523 2578; x_wconf 91' lang='lat' dir='ltr'><strong>ne</strong></span> <span class='ocrx_word' id='word_1_864' title='bbox 1547 2550 1648 2578; x_wconf 87' lang='lat' dir='ltr'><strong>moria-</strong></span> 
     </span>
    </p>
   </div>
   <div class='ocr_carea' id='block_1_113' title="bbox 305 2620 812 2687">
    <p class='ocr_par' dir='ltr' id='par_1_113' title="bbox 305 2620 812 2687">
     <span class='ocr_line' id='line_1_113' title="bbox 305 2620 812 2659; baseline 0.004 -11"><span class='ocrx_word' id='word_1_865' title='bbox 305 2621 327 2636; x_wconf 84' lang='lat'><strong>“</strong></span> <span class='ocrx_word' id='word_1_866' title='bbox 337 2621 401 2648; x_wconf 89' lang='lat' dir='ltr'><strong>ibid.</strong></span> <span class='ocrx_word' id='word_1_867' title='bbox 411 2621 455 2648; x_wconf 72' lang='lat'><strong>12.</strong></span> <span class='ocrx_word' id='word_1_868' title='bbox 476 2620 531 2648; x_wconf 74' lang='grc'><strong>’⁸⁷1</strong></span> <span class='ocrx_word' id='word_1_869' title='bbox 543 2620 607 2656; x_wconf 80' lang='lat' dir='ltr'><strong>Reg.</strong></span> <span class='ocrx_word' id='word_1_870' title='bbox 620 2630 677 2653; x_wconf 75' lang='lat' dir='ltr'><strong>ut,</strong></span> <span class='ocrx_word' id='word_1_871' title='bbox 690 2622 716 2649; x_wconf 83' lang='lat'><strong>5.</strong></span> <span class='ocrx_word' id='word_1_872' title='bbox 740 2623 762 2639; x_wconf 78' lang='grc'><strong>⁸⁸</strong></span> <span class='ocrx_word' id='word_1_873' title='bbox 777 2623 812 2659; x_wconf 85' lang='lat' dir='ltr'><strong>Ep</strong></span> 
     </span>
     <span class='ocr_line' id='line_1_114' title="bbox 309 2656 790 2687; baseline 0.006 -5"><span class='ocrx_word' id='word_1_874' title='bbox 309 2664 407 2687; x_wconf 61' lang='grc' dir='ltr'>χχχιιι,</span> <span class='ocrx_word' id='word_1_875' title='bbox 422 2657 439 2683; x_wconf 77' lang='grc'>3</span> <span class='ocrx_word' id='word_1_876' title='bbox 454 2656 482 2684; x_wconf 91' lang='grc'><strong>6.</strong></span> <span class='ocrx_word' id='word_1_877' title='bbox 531 2657 554 2673; x_wconf 91' lang='grc'><strong>⁷³</strong></span> <span class='ocrx_word' id='word_1_878' title='bbox 571 2657 634 2685; x_wconf 81' lang='lat' dir='ltr'><strong>Lev.</strong></span> <span class='ocrx_word' id='word_1_879' title='bbox 661 2666 718 2687; x_wconf 66' lang='grc' dir='ltr'>χιιι.</span> <span class='ocrx_word' id='word_1_880' title='bbox 746 2658 790 2686; x_wconf 73' lang='grc'><strong>26.</strong></span> 
     </span>
    </p>
   </div>
   <div class='ocr_carea' id='block_1_114' title="bbox 866 2620 1648 2687">
    <p class='ocr_par' dir='ltr' id='par_1_114' title="bbox 866 2620 1648 2687">
     <span class='ocr_line' id='line_1_115' title="bbox 866 2620 1648 2656; baseline -0.003 -6"><span class='ocrx_word' id='word_1_881' title='bbox 866 2631 896 2655; x_wconf 75' lang='grc' dir='ltr'><strong>ιι,</strong></span> <span class='ocrx_word' id='word_1_882' title='bbox 912 2623 954 2651; x_wconf 66' lang='lat' dir='ltr'><strong>l2.</strong></span> <span class='ocrx_word' id='word_1_883' title='bbox 986 2625 1008 2641; x_wconf 82' lang='grc'><strong>⁶⁶</strong></span> <span class='ocrx_word' id='word_1_884' title='bbox 1023 2624 1056 2651; x_wconf 85' lang='lat' dir='ltr'><strong>iV</strong></span> <span class='ocrx_word' id='word_1_885' title='bbox 1072 2624 1138 2656; x_wconf 70' lang='lat' dir='ltr'><strong>Reg.</strong></span> <span class='ocrx_word' id='word_1_886' title='bbox 1153 2624 1239 2654; x_wconf 61' lang='lat' dir='ltr'><strong>sxw.</strong></span> <span class='ocrx_word' id='word_1_887' title='bbox 1271 2624 1294 2639; x_wconf 88' lang='grc'><strong>⁷⁰</strong></span> <span class='ocrx_word' id='word_1_888' title='bbox 1309 2623 1329 2650; x_wconf 94' lang='lat' dir='ltr'><strong>ll</strong></span> <span class='ocrx_word' id='word_1_889' title='bbox 1344 2622 1442 2649; x_wconf 85' lang='lat' dir='ltr'><strong>Thess.</strong></span> <span class='ocrx_word' id='word_1_890' title='bbox 1455 2628 1482 2648; x_wconf 84' lang='grc' dir='ltr'>ιι.</span> <span class='ocrx_word' id='word_1_891' title='bbox 1515 2621 1537 2637; x_wconf 91' lang='grc'><strong>⁷¹</strong></span> <span class='ocrx_word' id='word_1_892' title='bbox 1554 2620 1648 2648; x_wconf 87' lang='lat' dir='ltr'><strong>Matth.</strong></span> 
     </span>
     <span class='ocr_line' id='line_1_116' title="bbox 883 2656 1648 2687; baseline -0.005 -1"><span class='ocrx_word' id='word_1_893' title='bbox 883 2659 948 2687; x_wconf 89' lang='lat' dir='ltr'><strong>ibid.</strong></span> <span class='ocrx_word' id='word_1_894' title='bbox 972 2659 1017 2687; x_wconf 76' lang='lat' dir='ltr'><strong>5i.</strong></span> <span class='ocrx_word' id='word_1_895' title='bbox 1066 2660 1092 2676; x_wconf 81' lang='lat'>”</span> <span class='ocrx_word' id='word_1_896' title='bbox 1110 2660 1186 2687; x_wconf 87' lang='lat' dir='ltr'><strong>Deut.</strong></span> <span class='ocrx_word' id='word_1_897' title='bbox 1200 2659 1317 2687; x_wconf 78' lang='lat' dir='ltr'><strong>xvttt.9.</strong></span> <span class='ocrx_word' id='word_1_898' title='bbox 1333 2657 1376 2684; x_wconf 74' lang='lat' dir='ltr'><strong>l2.</strong></span> <span class='ocrx_word' id='word_1_899' title='bbox 1415 2657 1438 2672; x_wconf 80' lang='lat'>&quot;</span> <span class='ocrx_word' id='word_1_900' title='bbox 1452 2656 1548 2685; x_wconf 83' lang='lat' dir='ltr'><strong>Matth.</strong></span> <span class='ocrx_word' id='word_1_901' title='bbox 1576 2663 1648 2687; x_wconf 83' lang='lat' dir='ltr'><strong>xxu,</strong></span> 
     </span>
    </p>
   </div>
   <div class='ocr_carea' id='block_1_115' title="bbox 883 2667 1017 2686">
    <p class='ocr_par' dir='ltr' id='par_1_115' title="bbox 883 2667 1017 2686">
     <span class='ocr_line' id='line_1_117' title="bbox 883 2667 1017 2686; baseline 0 0"><span class='ocrx_word' id='word_1_902' title='bbox 883 2667 948 2686; x_wconf 76' lang='lat' dir='ltr'><strong>IDIG.</strong></span> <span class='ocrx_word' id='word_1_903' title='bbox 972 2667 1002 2686; x_wconf 78' lang='lat' dir='ltr'><strong>Ol</strong></span> <span class='ocrx_word' id='word_1_904' title='bbox 1010 2678 1017 2686; x_wconf 77' lang='grc' dir='ltr'><strong>ι</strong></span> 
     </span>
    </p>
   </div>
   <div class='ocr_carea' id='block_1_116' title="bbox 1066 2656 1649 2692">
    <p class='ocr_par' dir='ltr' id='par_1_116' title="bbox 1066 2656 1649 2692">
     <span class='ocr_line' id='line_1_118' title="bbox 1066 2656 1649 2692; baseline -0.007 -6"><span class='ocrx_word' id='word_1_905' title='bbox 1066 2660 1092 2676; x_wconf 79' lang='grc'><strong>⁷⁵</strong></span> <span class='ocrx_word' id='word_1_906' title='bbox 1110 2660 1186 2687; x_wconf 84' lang='lat' dir='ltr'><strong>Deut.</strong></span> <span class='ocrx_word' id='word_1_907' title='bbox 1200 2666 1278 2692; x_wconf 78' lang='lat' dir='ltr'><strong>xvttt,</strong></span> <span class='ocrx_word' id='word_1_908' title='bbox 1290 2659 1317 2692; x_wconf 79' lang='lat'><strong>9,</strong></span> <span class='ocrx_word' id='word_1_909' title='bbox 1333 2657 1376 2684; x_wconf 74' lang='lat' dir='ltr'><strong>l2.</strong></span> <span class='ocrx_word' id='word_1_910' title='bbox 1415 2657 1438 2672; x_wconf 80' lang='lat'>&quot;</span> <span class='ocrx_word' id='word_1_911' title='bbox 1452 2656 1548 2685; x_wconf 83' lang='lat' dir='ltr'><strong>Matth.</strong></span> <span class='ocrx_word' id='word_1_912' title='bbox 1576 2663 1631 2683; x_wconf 82' lang='lat' dir='ltr'><strong>xxu</strong></span> <span class='ocrx_word' id='word_1_913' title='bbox 1642 2676 1649 2689; x_wconf 94' lang='lat'><strong>,</strong></span> 
     </span>
    </p>
   </div>
   <div class='ocr_carea' id='block_1_117' title="bbox 859 2749 1650 2793">
    <p class='ocr_par' dir='ltr' id='par_1_117' title="bbox 859 2749 1650 2793">
     <span class='ocr_line' id='line_1_119' title="bbox 859 2749 1650 2793; baseline -0.003 -13"><span class='ocrx_word' id='word_1_914' title='bbox 859 2787 863 2793; x_wconf 41' lang='lat'><em>&#39;</em></span> <span class='ocrx_word' id='word_1_915' title='bbox 894 2752 952 2787; x_wconf 81' lang='lat'><strong>(69)</strong></span> <span class='ocrx_word' id='word_1_916' title='bbox 973 2752 1080 2781; x_wconf 73' lang='lat' dir='ltr'><strong>Noster.</strong></span> <span class='ocrx_word' id='word_1_917' title='bbox 1113 2753 1193 2781; x_wconf 83' lang='lat' dir='ltr'><strong>Deest</strong></span> <span class='ocrx_word' id='word_1_918' title='bbox 1218 2753 1244 2780; x_wconf 91' lang='lat' dir='ltr'><strong>in</strong></span> <span class='ocrx_word' id='word_1_919' title='bbox 1270 2757 1349 2781; x_wconf 84' lang='lat' dir='ltr'><strong>antea</strong></span> <span class='ocrx_word' id='word_1_920' title='bbox 1366 2751 1454 2786; x_wconf 85' lang='lat' dir='ltr'><strong>editis,</strong></span> <span class='ocrx_word' id='word_1_921' title='bbox 1471 2750 1516 2779; x_wconf 89' lang='lat' dir='ltr'><strong>sed</strong></span> <span class='ocrx_word' id='word_1_922' title='bbox 1535 2749 1650 2778; x_wconf 82' lang='lat' dir='ltr'><strong>habetur</strong></span> 
     </span>
    </p>
   </div>
   <div class='ocr_carea' id='block_1_118' title="bbox 859 2796 967 2815">
    <p class='ocr_par' dir='ltr' id='par_1_118' title="bbox 859 2796 967 2815">
     <span class='ocr_line' id='line_1_120' title="bbox 859 2796 967 2815; baseline 0.009 -1"><span class='ocrx_word' id='word_1_923' title='bbox 859 2796 884 2815; x_wconf 80' lang='lat' dir='ltr'><strong>ll]</strong></span> <span class='ocrx_word' id='word_1_924' title='bbox 903 2796 967 2815; x_wconf 76' lang='lat' dir='ltr'><strong>lllSS.</strong></span> 
     </span>
    </p>
   </div>
  </div>
