1886 3051
93 126 139 153 701

641 129 674 156 IN
688 129 855 157 NUMEROS
875 128 1020 156 lIOMILIA
1041 128 1120 158 XVII.

1670 137 1720 164 ’1οἹ

88 192 156 212 cum
188 183 230 210 vir
252 184 404 224 perfectus,
430 192 490 220 quae
511 187 616 220 parvuli
640 192 719 214 erant
743 187 875 222 deposuit.
893 189 916 216 Δ
932 186 974 213 ltic
985 193 1050 221 ergo
1065 187 1175 221 sanguis
1190 182 1235 221 qui
1259 188 1414 217 nominatur
1437 198 1505 222 uvzc,
1521 191 1591 219 illius
1610 200 1666 220 uva-
1678 203 1719 223 est

126 228 154 257 9.
181 237 192 254 ι
220 228 277 256 Non
311 230 428 257 dormiet
453 229 540 258 donec
563 232 689 259 comedat
708 233 836 266 praedam,
855 237 882 260 et

91 275 253 309 sanguinem
274 276 475 304 vulneratorum
501 278 576 305 bibat
594 278 629 305 ⁸⁸.
648 289 657 305 ι
676 278 704 305 In
727 279 767 306 his
793 279 882 307 verbis

90 320 157 355 quis
175 320 210 347 ita
227 321 280 348 erit
298 321 435 350 historica:
457 324 622 352 narrationis
636 326 821 353 contentiosus
837 333 882 353 as-

90 371 194 399 sertor,
211 366 266 394 imo
278 368 340 401 quis
357 368 392 395 ita
405 369 502 397 brutus
522 369 578 405 (70)
601 370 747 403 invenitur,
764 371 808 406 qui
829 379 881 398 non

90 413 258 442 horrescens
271 421 366 442 sonum
379 414 488 450 litterzc,
505 417 538 444 ad
554 417 688 453 allegoria:
710 418 880 446 dulcediuent

89 459 150 494 ipsa
167 461 330 488 necessitate
347 459 504 496 confugiat?
519 462 658 496 Quomodo
680 463 753 490 enim
771 464 820 491 iste
835 471 882 497 pov

87 506 172 540 pulns
189 512 243 534 tam
259 507 410 541 laudabilis,
427 513 481 536 tant
495 509 661 544 magnificus,
681 510 715 537 de
737 517 790 544 quo
806 514 879 536 tanta

87 550 229 582 prtcconia
243 557 335 579 sermo
351 551 397 578 Dei
419 557 570 586 enumerat,
601 553 627 580 in
654 553 706 581 hoc
734 553 832 586 veniet,
853 558 882 580 ut

85 597 250 632 sanguinem
266 598 468 626 vulneratorum
495 599 592 627 bibat?
617 600 686 628 Cum
714 605 768 627 tant
784 600 881 628 validis

88 644 235 678 praeceptis
262 644 341 672 cibus
369 645 509 679 sanguinis
537 645 715 673 iuterdicatur
737 653 752 673 a
772 646 836 677 Deo,
852 650 881 673 ut

90 689 178 716 etiam
191 697 241 717 nos
257 690 303 725 qui
318 698 350 718 ex
369 691 496 725 gentibus
510 692 597 720 vocati
615 699 709 720 sumus
729 692 762 725 ⁸⁵,
783 699 879 720 neces-

87 736 167 763 sario
178 735 322 770 jubeamur
336 737 484 768 abstinere,
501 738 571 765 sicut
598 738 630 765 iis
653 745 713 773 qua“:
737 738 816 766 idolis
830 739 880 765 im-

88 783 237 814 molantur,
262 782 300 808 ita
324 786 351 810 et
377 789 392 809 a
418 783 560 817 sanguine.
580 783 674 811 Dieant
696 791 762 818 ergo
788 783 877 817 nobis,

86 826 151 861 quis
165 832 206 854 est
218 827 269 855 iste
285 827 409 862 populus,
429 828 475 863 qui
496 829 524 856 in
542 836 591 855 usu
618 829 699 857 habet
718 831 876 864 sanguinem

87 871 193 898 bibere.
212 871 274 899 llrcc
289 875 367 898 erant
379 879 439 906 qum
454 877 481 900 et
500 872 524 899 in
542 872 688 908 Evangelio
704 873 842 900 audientes
858 873 875 900 ii

87 915 136 950 qui
152 923 184 942 ex
207 915 306 943 Iudaeis
321 916 462 943 Dominum
486 917 676 951 sequebantur,
703 917 876 945 scandalizati

89 966 165 994 sunt,
183 967 208 989 et
220 962 346 989 dixerunt
361 971 367 989 :
380 962 445 995 Quis
461 967 549 997 potest
571 963 735 990 manducare
753 971 876 997 carnem,

87 1012 116 1034 et
130 1007 290 1042 sanguinem
305 1007 415 1035 bibere?
432 1007 485 1035 Sed
500 1007 614 1043 populus
629 1008 813 1041 Christianus,
825 1016 876 1043 po-

85 1053 167 1087 pulus
184 1053 270 1080 ﬁdelis
286 1053 361 1081 audit
371 1053 438 1086 haec,
456 1057 483 1080 et
506 1053 688 1088 amplectitur,
709 1058 737 1081 et
755 1054 877 1088 sequitur

85 1107 151 1127 eum
162 1099 208 1134 qui
222 1099 287 1126 dicit
299 1107 305 1126 :
323 1109 331 1125 ι
347 1098 404 1126 Nisi
417 1098 644 1126 manducaveritis
656 1106 767 1126 carnem
775 1106 874 1131 meam,

85 1148 114 1170 et
134 1143 259 1170 biberitis
273 1143 433 1178 sanguinem
445 1150 547 1177 meum,
562 1151 614 1171 non
633 1143 766 1171 habebitis
792 1144 875 1170 vitam

86 1190 114 1215 in
126 1189 203 1216 vobis
220 1189 307 1224 ipsis;
338 1189 401 1224 quia
421 1196 485 1216 caro
511 1197 570 1216 mea
589 1196 653 1216 vere
680 1189 758 1216 cibus
783 1193 834 1221 est,
850 1194 877 1216 et

85 1236 198 1271 sanguis
216 1243 292 1263 meus
303 1243 366 1263 vere
390 1240 431 1262 est
455 1241 535 1269 potus
551 1236 585 1262 ".
617 1245 627 1262 ι
652 1235 686 1262 Ει
715 1235 805 1269 utique
828 1236 874 1270 qui

85 1284 145 1309 tunc
158 1281 266 1309 dicebat
284 1281 441 1309 vulneratus
456 1285 497 1308 est
512 1288 563 1316 pro
575 1281 729 1308 hominibus
743 1282 875 1317 (7i),ipse

83 1329 158 1355 cnim
178 1337 189 1353 ‹
205 1327 363 1355 vulneratus
392 1331 434 1355 est
458 1335 506 1363 pro
533 1328 653 1362 peccatis
684 1328 784 1355 nostris
809 1328 842 1360 ",
863 1337 872 1353 ι

84 1374 158 1402 sicut
173 1374 256 1402 Isaias
269 1374 344 1401 dicit.
362 1373 457 1400 Bibere
471 1378 560 1400 autem
581 1373 697 1400 dicintttr
715 1374 875 1407 sanguinem

87 1420 204 1452 Christi,
220 1427 272 1447 non
287 1419 372 1447 solum
383 1423 616 1446 sacramentorum
636 1418 703 1450 ritu,
715 1418 761 1445 sed
774 1423 801 1445 et
814 1425 875 1444 cuin

84 1472 228 1493 sermones
238 1466 295 1499 ejus
308 1464 464 1498 recipimus,
485 1464 512 1490 in
538 1464 636 1499 quibus
660 1464 714 1490 vita
738 1463 873 1495 consistit,

934 240 994 267 quze
1020 233 1142 260 nascitur
1160 242 1192 261 ex
1214 235 1258 262 illa
1279 236 1344 269 vite,
1367 237 1400 264 de
1416 245 1467 272 qua
1486 237 1610 266 Salvator
1631 240 1719 269 dicit:

937 289 946 305 ι
965 280 1022 314 Ego
1040 287 1098 306 sum
1115 280 1176 308 vitis
1191 288 1265 313 vera,
1290 290 1300 308 )
1320 282 1443 317 discipuli
1463 291 1526 310 vero
1551 295 1560 310 ι
1586 285 1718 319 palmites.

933 323 1013 351 Pater
1028 329 1116 351 autem
1134 325 1249 360 agricola
1267 331 1310 354 est
1323 328 1357 360 ",
1386 337 1396 353 ι
1422 328 1467 362 qui
1489 335 1584 363 purgat
1613 338 1671 363 eos,
1690 336 1720 358 ut

933 366 1049 394 fructum
1066 367 1209 401 plurimum
1228 367 1350 399 afferant.
1362 370 1401 398 'I'.u
1417 379 1483 407 ergo
1496 381 1524 400 cs
1538 381 1617 401 verus
1631 381 1717 410 popu-

933 412 973 439 lus
981 411 1074 445 Israel,
1086 413 1131 447 qui
1142 414 1194 441 scis
1203 416 1362 449 sanguinem
1374 416 1476 450 bibere,
1489 423 1516 445 et
1528 419 1596 446 nosti
1610 427 1719 447 carnem

933 456 1016 484 Verbi
1029 457 1074 485 Dei
1085 459 1436 495 comedere,etsanguinem
1447 463 1549 496 bibere,
1558 469 1586 491 et
1594 472 1651 491 uvae
1660 472 1718 492 san-

932 501 1039 537 guinem
1053 502 1124 530 illius
1139 510 1198 538 quae
1208 508 1293 531 estex
1307 513 1371 532 vera
1386 506 1439 534 vite
1452 512 1479 534 et
1496 507 1547 535 illis
1564 508 1719 543 palmitibus

932 555 999 583 quos
1005 549 1081 576 Pater
1087 553 1192 585 purgat,
1200 549 1318 578 Itaurire.
1325 551 1444 585 Quorum
1454 553 1593 588 palmitum
1603 555 1716 588 fructus,

932 592 1132 621 vulneratorum
1139 595 1250 630 sanguis
1263 596 1360 624 merito
1375 597 1484 631 dicitur,
1495 606 1574 634 quem
1585 607 1617 626 ex
1629 601 1718 628 verbis

929 645 1023 667 eorum
1035 645 1062 668 et
1073 641 1196 668 doctrina
1214 641 1344 675 bibimus,
1358 643 1381 671 si
1394 648 1483 671 tamen
1501 645 1586 674 simus
1597 651 1625 673 ut
1636 648 1717 675 catuli

930 683 1016 711 leonis
1024 691 1211 721 exsurgentes,
1220 691 1247 713 et
1258 693 1286 714 ut
1298 687 1340 715 leo
1348 689 1525 718 exsultantes.
1537 689 1599 718 Haec
1609 691 1716 719 interim

929 730 964 757 de
978 733 1097 758 secumla
1118 731 1223 760 visione
1236 733 1345 760 Balaam
1357 734 1428 762 dicta
1444 735 1586 763 suﬂiciant.
1603 737 1718 764 Oremus

929 780 1021 802 autent
1035 776 1176 804 Dominum
1198 783 1227 805 ut
1242 778 1320 806 nobis
1334 779 1415 806 etiaut
1431 780 1464 807 ad
1479 785 1588 813 uetera,
1609 789 1669 816 quae
1683 783 1718 809 ab

929 830 962 850 eo
978 823 1135 858 prophetata
1149 830 1223 857 sunt,
1240 824 1417 860 intelligenda
1439 826 1584 854 lucidiores
1596 835 1718 863 quosque

894 861 915 888 Β
928 873 956 895 et
973 868 1080 896 veritati
1094 869 1233 903 proximos
1244 877 1344 898 sensus
1365 871 1472 905 aperire
1486 861 1621 907 dignetur,
1644 861 1716 901 utin

930 913 1032 948 Spiritu
1047 919 1141 941 sancto
1158 914 1213 950 (72)
1229 916 1433 944 considerantes
1453 924 1511 951 qua:
1527 925 1575 952 per
1588 918 1716 952 spiritum

928 959 1029 993 scripta
1042 964 1117 990 sunt,
1130 964 1158 987 et
1173 960 1340 994 spiritalibus
1359 962 1493 997 spiritalia
1513 970 1716 998 comparantes,

928 1004 1007 1039 digne
1024 1005 1077 1031 Deo
1096 1009 1123 1031 et
1147 1010 1243 1033 sancto
1267 1006 1390 1041 Spiritu,
1409 1008 1455 1042 qui
1478 1009 1535 1035 haec
1564 1008 1716 1043 inspiravit,

928 1055 987 1083 qum
997 1049 1099 1084 scripta
1115 1054 1178 1077 sunt
1191 1051 1368 1086 explicemus,
1383 1052 1409 1080 in
1427 1053 1538 1082 Christo
1548 1054 1610 1082 Jesu
1623 1055 1716 1083 Domi-

927 1103 962 1123 no
978 1100 1080 1128 nostro,
1096 1097 1137 1124 cui
1151 1102 1195 1124 est
1208 1097 1295 1132 gloria
1311 1103 1339 1126 et
1354 1098 1497 1134 imperium
1509 1101 1535 1128 in
1553 1101 1652 1129 saecula
1665 1109 1716 1129 saa-

927 1142 1059 1169 culorum.
1071 1141 1168 1169 Amen.

1203 1187 1344 1217 HOMILIA
1363 1189 1443 1218 XVII.

1105 1233 1143 1261 De
1159 1234 1279 1268 ejusdem
1291 1235 1368 1261 tertia
1386 1235 1536 1270 prophetia.

963 1281 989 1308 l.
1005 1279 1124 1307 Tertiam
1149 1287 1221 1307 nunc
1241 1281 1413 1315 prophetiam
1434 1288 1467 1309 ex
1489 1282 1522 1309 iis
1537 1289 1597 1317 qua:
1626 1290 1717 1311 sermo

927 1326 973 1353 Dei
991 1333 1039 1360 per
1053 1325 1163 1353 Balaam
1185 1325 1306 1360 protulit,
1326 1325 1458 1354 habemus
1481 1326 1507 1353 in
1536 1327 1662 1355 manibus
1689 1334 1717 1355 ut

926 1371 1008 1398 etiam
1034 1371 1066 1399 tle
1092 1372 1150 1406 ipsa
1180 1371 1278 1406 (prout
1308 1371 1439 1400 Dominus
1471 1372 1595 1408 dederit)
1626 1374 1716 1408 aliqua

926 1417 1101 1445 disseramus.
1129 1416 1235 1444 Etenim
1262 1417 1356 1445 infelix
1396 1418 1448 1445 iste
1482 1417 1582 1446 Balaclt
1619 1424 1717 1453 putans

925 1462 996 1496 quod
1024 1462 1134 1489 Balaam
1164 1462 1256 1490 divino
1285 1463 1318 1490 ad
1345 1462 1559 1491 tualediccndum
1585 1464 1638 1492 Ioci
1668 1471 1718 1500 op-

85 1510 156 1536 sicul
171 1514 200 1536 ct
212 1509 269 1543 ipse
286 1508 351 1541 dicit
367 1517 375 1535 :
391 1517 401 1534 ι
419 1507 507 1535 Verba
525 1514 588 1542 qua:
610 1507 716 1535 locutus
730 1515 802 1540 sum,
820 1507 874 1541 spi-
888 1532 911 1563 ο
927 1507 1077 1542 portuuitas
1109 1506 1193 1541 magis
1220 1506 1336 1535 defuerit
1366 1515 1449 1542 quam
1485 1509 1627 1542 voluntas,
1663 1511 1717 1538 uti-

85 1556 155 1583 ritus
166 1560 196 1582 et
210 1555 266 1582 vita
282 1559 324 1582 est
336 1554 369 1581 ”.
387 1563 397 1581 ι
412 1553 461 1590 Est
473 1560 538 1588 ergo
548 1553 605 1587 ipse
618 1553 784 1585 vulneratus,
796 1553 875 1589 cujus

83 1611 135 1630 nos
149 1602 309 1637 sanguinem
325 1601 453 1634 bibimus,
469 1601 495 1628 id
511 1605 563 1632 est,
579 1600 710 1628 doctrinm
721 1600 779 1632 ejus
789 1601 872 1629 verba

82 1648 260 1682 suscipimus.
278 1646 331 1674 Sed
350 1651 378 1674 et
398 1646 434 1673 illi
451 1645 626 1673 nihilominus
647 1645 782 1672 vulnerati
811 1650 876 1673 sunt

83 1702 129 1728 qui
148 1692 228 1719 nobis
240 1692 350 1719 verbum
365 1690 423 1726 ejus
437 1690 632 1726 praedicarunt.
651 1689 772 1724 Ipsorum
787 1690 873 1722 enim,

85 1741 110 1766 id
126 1743 181 1770 est,
197 1737 379 1773 apostolorum
395 1736 455 1771 ejus
473 1736 554 1763 verba
565 1743 626 1764 cum
641 1735 769 1770 legimus,
786 1739 815 1763 et
837 1736 875 1763 vi-

84 1792 142 1813 tam
154 1792 190 1812 es
209 1783 250 1811 eis
268 1782 471 1817 consequintur,
488 1781 689 1809 vulneratorum
716 1781 873 1816 sanguinem

86 1832 216 1858 Iul-imus.
239 1839 249 1856 ι
273 1828 330 1856 Non
346 1836 428 1864 ergo,
456 1828 544 1862 inquit
571 1827 603 1860 “,
632 1827 767 1860 dormiet,
789 1827 875 1855 donec

85 1877 213 1905 comedat
229 1875 357 1910 praedam.
375 1884 385 1901 ι
409 1874 462 1902 Iste
487 1874 559 1902 enim
586 1873 699 1909 populus
724 1873 769 1907 qui
786 1873 875 1902 catulo

83 1923 186 1954 leonis,
207 1921 250 1949 vel
275 1921 344 1948 leoni
374 1924 558 1955 comparatur,
588 1926 640 1946 non
659 1919 793 1953 quiescet,
826 1926 876 1947 nec

84 1968 206 1996 dormiet
224 1968 310 1995 donec
326 1966 412 2002 rapiat
438 1965 566 2000 praedam,
580 1964 606 1992 id
621 1968 672 1997 est,
688 1965 774 1991 donec
790 1964 876 1999 rapiat

87 2020 201 2048 regnum
215 2012 365 2044 ctelorum;
379 2011 442 2047 quia
463 2019 472 2036 tl
495 2018 510 2037 a
528 2009 624 2037 diebus
639 2008 752 2037 Ioannis
764 2016 875 2044 regnum

84 2059 221 2086 ett-lorum
236 2059 288 2084 vim
304 2058 413 2092 patitur,
427 2061 455 2084 et
474 2056 528 2083 vim
549 2055 678 2083 facientes
702 2055 833 2090 diripiunt
847 2055 876 2082 il.

84 2105 131 2131 lud
149 2104 184 2130 “.
209 2113 219 2130 ι
241 2102 276 2130 Ut
298 2107 388 2130 autem
420 2101 572 2129 evidentius
603 2107 750 2135 cognoscas
775 2101 832 2129 hac
842 2101 877 2130 de

86 2155 184 2179 nostro
196 2149 304 2185 populo,
321 2149 367 2184 qui
383 2149 408 2176 in
427 2148 607 2176 sacramentis
620 2147 723 2175 Christi
738 2146 875 2175 conftndeo

927 1554 978 1582 lius
992 1561 1051 1581 esse
1064 1557 1138 1580 ratus
1152 1553 1174 1581 si
1189 1557 1306 1581 mutaret
1317 1553 1405 1581 locum
1422 1563 1429 1581 :
1444 1564 1453 1580 ι
1476 1553 1555 1587 Vetti,
1575 1555 1662 1590 inquit
1682 1557 1717 1589 ’⁷,

926 1602 953 1625 et
972 1598 1084 1626 educant
1105 1603 1130 1626 te
1150 1598 1177 1625 in
1189 1598 1275 1626 locant
1289 1599 1412 1633 alium,si
1423 1599 1509 1634 placet
1520 1600 1585 1633 Deo,
1598 1605 1625 1628 et
1635 1601 1719 1628 male-

926 1643 1002 1670 dices
1016 1651 1077 1671 eum
1093 1643 1167 1676 inde,
1183 1648 1210 1671 et
1230 1645 1378 1679 assumpsit
1393 1645 1491 1674 Balach
1505 1646 1592 1681 ipsum
1603 1646 1717 1674 Balaam

925 1689 1006 1724 335
1030 1690 1056 1716 in
1073 1690 1205 1717 verticem
1226 1691 1326 1718 montis
1346 1691 1444 1726 Fogor,
1462 1692 1509 1726 qui
1523 1692 1609 1720 tendit
1627 1693 1655 1720 in
1667 1694 1718 1721 de-

925 1739 1038 1762 sertum.
1055 1744 1064 1761 ι
1086 1735 1139 1763 Eos
1152 1735 1262 1770 quidem
1277 1744 1346 1771 quos
1367 1737 1440 1765 Deus
1454 1742 1542 1769 vocat,
1559 1737 1673 1773 imponit
1689 1739 1716 1766 in

925 1781 1057 1809 verticem
1077 1782 1176 1810 montis
1200 1781 1264 1809 Sina
1282 1790 1289 1810 :
1305 1783 1349 1810 hic
1367 1787 1458 1810 autem
1474 1783 1587 1816 Balach,
1600 1785 1647 1819 qui
1663 1785 1717 1812 Deo

923 1829 1076 1856 contrarius
1090 1831 1148 1859 est,
1163 1827 1278 1861 imponit
1293 1826 1400 1854 Balaam
1421 1827 1448 1854 in
1471 1827 1600 1855 verticem
1613 1829 1719 1856 montis

926 1873 1023 1908 Fogor.
1049 1872 1136 1907 Fogor
1160 1876 1250 1899 autem
1271 1872 1466 1907 interpretatur
1488 1872 1626 1899 delectatio
1646 1873 1715 1908 (75).

925 1919 955 1947 In
973 1918 1102 1946 verticem
1127 1926 1192 1953 ergo
1215 1918 1404 1947 delectationis
1421 1922 1449 1946 et
1468 1918 1587 1946 libidinis
1600 1919 1717 1954 imponit

925 1965 1050 1994 homines
1074 1965 1125 1992 iste
1147 1965 1253 1993 Balach.
1276 1965 1391 1992 Amator
1413 1965 1486 1992 enim
1508 1969 1550 1992 est
1570 1965 1719 2001 voluptatis

925 2011 1010 2047 magis
1029 2019 1109 2046 quatn
1131 2011 1196 2044 Dei,
1218 2015 1246 2040 et
1270 2011 1370 2038 idcirco
1384 2011 1499 2046 imponit
1519 2019 1567 2039 eos
1588 2011 1615 2038 in
1638 2020 1720 2039 sum-

926 2057 1047 2085 mitatem
1065 2061 1094 2084 et
1115 2057 1243 2086 verticem
1264 2057 1420 2093 voluptatis,
1436 2062 1467 2085 ut
1486 2058 1611 2085 excludat
1632 2066 1681 2086 eos
1700 2068 1716 2086 a

926 2103 998 2140 Deo._
1023 2102 1170 2130 Excludeus
1198 2103 1270 2131 enim
1300 2108 1329 2131 et
1361 2104 1495 2131 deuoratio
1522 2104 1718 2139 interpretatur

927 2148 1026 2176 Balach
1040 2147 1107 2184 (Ἡ).
1128 2148 1188 2176 Ideo
1203 2149 1322 2182 denique
1338 2153 1366 2176 et
1379 2149 1406 2176 in
1423 2156 1545 2177 cremum
1563 2149 1649 2176 tendit
1664 2149 1717 2176 Fo-

86 2203 165 2225 ratus
180 2201 234 2228 est,
249 2196 342 2228 scribi,
358 2194 418 2223 audi
435 2195 570 2230 quomodo
592 2197 619 2221 et
639 2194 665 2221 in
689 2193 749 2221 aliis
768 2193 874 2229 Moyses
890 2202 912 2231 ο
926 2201 985 2230 gor,
1003 2194 1029 2222 id
1053 2198 1103 2227 est,
1120 2194 1153 2221 ad
1174 2202 1204 2221 ea
1233 2201 1293 2228 qnze
1312 2195 1338 2221 in
1365 2202 1457 2223 eretno
1473 2199 1547 2226 sunt,
1567 2199 1594 2222 et
1610 2195 1717 2222 deserta

85 2243 188 2270 similia
209 2242 364 2274 pronuntiat
390 2241 482 2269 dicens
505 2248 513 2268 :
539 2249 549 2266 ι
573 2239 703 2275 Butyrum
723 2240 802 2268 boum
817 2261 825 2273 ,
846 2245 876 2269 et

85 2291 128 2318 lac
145 2291 251 2321 ovium,
266 2297 326 2316 cum
347 2289 425 2323 adipe
450 2295 592 2322 agnorum,
612 2291 642 2315 et
658 2287 783 2320 arietum,
808 2286 877 2315 ﬁlio-

87 2344 147 2363 rum
167 2341 308 2363 laurorum
331 2339 358 2362 et
385 2334 534 2366 hircorum,
562 2341 624 2360 cum
655 2332 734 2367 adipe
759 2332 875 2365 renium,

87 2381 229 2414 fnuncnti,
245 2385 273 2408 et
283 2379 440 2415 sanguinem
464 2386 523 2407 uvae
538 2378 632 2406 bibent
653 2378 744 2405 vinum
760 2377 792 2404 ".
814 2385 824 2403 ι
844 2377 878 2404 Ει

122 2471 145 2487 ⁸·
156 2468 240 2497 Num.
259 2477 337 2500 χχιιι,
351 2468 397 2496 24.
446 2467 468 2484 ⁸³
483 2467 543 2496 Act.
561 2474 604 2494 xv.
642 2465 665 2482 '°
680 2465 756 2494 Joan.
773 2473 809 2496 vt,
826 2465 870 2493 54.

88 2507 109 2522 ’⁸
123 2505 222 2533 Matth.
240 2513 278 2538 XI,
299 2504 342 2531 t2.
380 2503 402 2519 "
417 2502 495 2530 Deut.
510 2509 596 2536 uxu,
613 2501 656 2528 14.

124 2588 182 2624 (70)
204 2586 247 2614 Im
268 2586 371 2624 brutus.
399 2585 445 2624 Sic
467 2585 570 2624 habent
597 2591 661 2624 mss.
691 2584 777 2616 Alias,
801 2592 811 2610 ι
833 2584 873 2611 sic

91 2619 236 2658 abruptus.
252 2620 348 2658 [Infra
363 2621 449 2648 codex
464 2619 645 2653 Corbeiensis,
665 2628 674 2645 ι
691 2623 766 2646 tanta
776 2626 872 2654 praeco-

90 2660 134 2686 nia
148 2666 241 2685 sermo
252 2657 417 2684 dinumerat.
436 2664 446 2680 ι

126 2693 184 2728 (Ἠ)
203 2692 256 2720 Mss
272 2711 279 2724 ,
302 2700 311 2716 ι
335 2690 498 2720 hominibus.
520 2698 529 2715 ι
551 2687 628 2716 Libb.
658 2689 733 2720 editi,
759 2698 769 2715 ι
789 2689 877 2716 omni-

90 2729 182 2798 huf'iz’)
197 2763 226 2790 In
245 2769 310 2789 mss.
338 2759 493 2788 Corbeiensi
519 2763 547 2786 et
566 2758 721 2787 Belvacensi
745 2759 878 2786 omittitur

93 2808 102 2824 ι
118 2803 295 2869 δόιὲῗῗοέιον
308 2835 394 2858 autem
418 2830 604 2864 interpretatur
613 2835 789 2855 DELEC'I'ATIU.
799 2827 878 2857 Unde

917 2467 938 2482 ⁹¹
954 2465 1005 2494 lsa.
1019 2475 1076 2497 LIII.
1101 2468 1128 2495 5.

702 2501 725 2516 ³⁸
740 2500 819 2528 Joau.
837 2509 882 2534 xv,
895 2501 921 2535 l,
938 2501 954 2529 5
965 2507 992 2529 et
1007 2502 1034 2530 8.
1073 2503 1095 2519 "
1109 2502 1188 2531 Num.
1201 2511 1280 2537 xxtu,
1292 2500 1392 2537 «ξι-ιλιι.

929 2240 983 2267 Deo
1002 2241 1122 2276 negotia.
1146 2249 1155 2267 l
1171 2240 1203 2267 Et
1225 2240 1294 2268 dixit
1313 2240 1424 2269 Balaam
1446 2241 1479 2268 ad
1505 2241 1603 2268 Balaeh
1621 2249 1628 2268 :
1647 2240 1718 2268 Con-

929 2289 1005 2313 strue
1020 2286 1086 2313 mihi
1099 2286 1143 2314 hic
1158 2292 1262 2321 septem
1276 2293 1350 2319 aras,
1369 2291 1398 2314 et
1416 2286 1459 2315 fac
1474 2287 1539 2315 tnilti
1556 2287 1600 2314 hic
1613 2290 1717 2320 septem

931 2332 1041 2365 vitulos,
1065 2337 1094 2360 et
1119 2339 1221 2368 septem
1242 2333 1342 2362 arietes
1362 2343 1368 2360 :
1386 2338 1411 2361 et
1437 2333 1501 2361 fecit
1525 2332 1624 2361 Balach
1648 2332 1718 2360 sicut

932 2379 1002 2406 dixit
1013 2379 1038 2407 ei
1052 2379 1172 2413 Balaam,
1189 2386 1216 2408 et
1240 2380 1338 2409 obtulit
1351 2379 1476 2412 vitulum,
1504 2385 1532 2408 et
1546 2380 1660 2407 arietem
1673 2386 1720 2405 su-

1171 2469 1194 2484 "
1207 2467 1285 2496 Joan.
1302 2477 1339 2502 ιιι,
1353 2467 1398 2496 δι.
1436 2468 1459 2486 ’³
1471 2467 1550 2497 Num.
1572 2475 1650 2501 mn.
1671 2467 1717 2495 24.

928 2584 1016 2620 Fogor
1035 2587 1227 2621 interpretetur
1244 2587 1404 2621 delectatio,
1425 2586 1512 2613 lateor
1540 2592 1583 2613 me
1599 2586 1716 2614 nescire.

929 2626 1011 2654 Tum
1023 2623 1097 2649 enim
1107 2620 1229 2650 radicem
1243 2623 1343 2648 habere
1364 2620 1470 2648 videtur
1488 2625 1547 2653 ηπ)
1564 2630 1573 2646 ι
1600 2622 1717 2655 aperuit,

932 2656 1071 2692 distendit,
1095 2666 1104 2684 ι
1123 2657 1194 2692 quod
1220 2656 1321 2685 nullant
1342 2655 1426 2684 habet
1447 2664 1509 2683 cum
1538 2655 1719 2685 delectatione

933 2691 1104 2719 aﬂinitatem.

967 2737 1023 2772 (7t)
1052 2738 1209 2772 Excwncus
1227 2736 1297 2762 enim
1319 2740 1343 2763 et
1363 2742 1516 2764 DEVORATIO
1533 2736 1720 2771 interpretatur

932 2771 1042 2806 Balarlt.
1069 2778 1115 2805 Vel
1132 2785 1146 2804 a
1171 2771 1236 2820 p52,
1256 2787 1265 2803 ι
1287 2777 1439 2805 exiuanivit
1462 2786 1471 2804 ι
1487 2778 1527 2806 vel
1545 2786 1559 2806 a
1575 2772 1629 2811 95)
1648 2787 1657 2805 ‹
1672 2779 1720 2806 ab-

932 2821 1044 2855 sorpsit,
1061 2820 1213 2853 devoravit,
1230 2829 1239 2845 ι
1258 2824 1309 2847 etc.
