1886 3051
193 110 243 137 705

192 177 239 204 per
263 169 408 196 enimn.»
439 168 540 203 Aperta
567 167 677 201 quidem
703 165 826 201 Apostoli
852 164 988 191 sententia

192 219 234 242 est
247 215 364 242 dicentis
376 216 398 232 η
417 224 424 241 :
445 224 454 240 Ι
466 214 531 247 Quae
547 213 619 240 enim
636 212 796 240 sacriﬁcant
809 215 916 244 gentes,
930 210 986 236 dze-

194 260 308 290 Inoniis,
334 265 360 287 et
376 268 428 287 non
447 259 500 285 Deo
524 257 692 285 sacriﬁcant.
707 267 716 282 ι
739 256 792 283 Sed
812 261 838 283 et
855 255 985 290 propheta

193 306 318 333 similiter
333 306 397 334 dicit
411 306 418 321 ¹
435 314 441 332 ;
458 314 467 330 ι
483 305 714 332 Sacriﬁcaverunt
726 303 876 335 daemoniis,
890 307 915 329 et
932 309 984 328 non

196 353 282 379 Deo.)
312 352 413 378 Tamen
441 359 570 385 quomam
590 356 618 378 et
640 351 682 378 lex
708 351 754 377 Dei
783 351 816 376 de
844 349 986 376 sacriﬁciis

194 399 326 433 pt'a‘eipit,
350 403 377 425 et
401 399 482 424 ritum
507 398 680 425 sacriﬁcandi
704 397 787 424 tradit
804 397 866 423 ﬁliis
891 396 984 429 Israel,

194 444 346 475 requiratur
361 443 498 476 fortassis,
522 451 572 470 cur
587 444 643 470 luec
660 452 721 471 cum
741 443 882 470 dmmoniis
897 443 984 470 dicata

193 491 347 522 rideantur,
367 490 448 516 etiam
466 490 519 517 Deo
531 489 677 524 iubeantur
693 489 796 517 olTerri.
819 490 850 517 Et
864 490 916 517 erit
930 489 987 523 qui-

192 536 253 562 dem
282 536 397 569 simplex
417 542 445 563 et
463 541 516 563 cita
542 537 692 571 responsio,
710 542 738 564 ut
758 537 984 572 quemadmodum

193 582 220 608 in
237 581 298 608 aliis
318 582 499 615 ostendimus,
514 583 584 616 quod
599 582 719 609 libellum
738 582 841 616 repudii
857 583 914 608 dari
932 589 984 608 non

192 627 240 655 Dei
261 628 410 655 voluntatis
435 628 492 660 l'nit,
525 629 570 664 qui
596 629 667 663 quod
695 629 876 663 coniunxerat
899 628 986 655 noluit

193 675 328 708 separari,
346 675 393 702 sed
410 675 514 710 Moyses
530 675 586 702 haec
602 676 711 710 proprie
728 676 760 702 ad
777 675 906 702 duritiam
925 683 986 702 cor—

193 721 235 747 dis
251 720 406 747 Jtnlworum
423 722 535 755 scripsit
555 731 560 748 :
584 723 619 748 ita
638 722 720 749 etiam
737 727 764 748 ct
781 722 813 748 de
834 723 885 749 hoc
900 722 984 750 videri

193 767 289 800 possit,
317 767 379 801 quia
399 767 480 800 Deus,
506 767 577 794 sicut
595 775 643 802 per
664 768 746 794 alium
762 767 926 802 Prophetam
943 768 984 794 di-

194 812 232 839 cit
243 813 265 844 ’,
285 819 337 839 non
357 813 504 839 manducat
529 819 628 840 carnes
645 817 794 846 taurorum,
809 820 859 840 nec
877 813 986 848 sangui-

196 864 256 884 nem
280 856 418 884 hircorum
445 862 531 892 potat.
565 857 596 884 Et
624 858 689 884 item
713 863 742 885 ut
765 859 828 885 alibi
854 859 985 893 scriptum

195 907 237 929 est
249 903 269 934 ³,
298 903 359 937 quia
392 912 465 930 «non
493 904 618 931 mandavi
645 905 740 931 tibide
764 906 918 938 sacriliciis,
946 906 986 933 vel

195 949 324 981 victimis,
345 949 370 976 in
385 950 428 977 die
451 958 503 984 qua
530 950 609 977 eduxi
639 955 665 977 te
688 951 720 978 de
745 956 815 979 terra
839 952 959 988 Aigypti.
975 964 984 980 ι

196 993 250 1021 Sed
265 993 371 1030 Moyses
385 995 442 1022 inec
456 995 489 1022 ad
502 995 629 1022 duritiam
645 997 734 1024 cordis
746 1004 838 1024 eorum
857 1006 905 1032 pro
923 1006 988 1026 con-

196 1040 343 1066 suetudine
360 1041 476 1074 pessima
502 1048 555 1075 qua
574 1041 668 1068 imbuti
693 1041 802 1069 fuerant
816 1042 841 1069 in
858 1043 986 1079 Egypto,

195 1085 388 1113 mandaviteis
415 1095 422 1113 :
440 1091 469 1114 ut
484 1080 528 1121 qui
547 1087 685 1115 abstinere
710 1095 739 1115 se
759 1096 812 1115 non
828 1095 938 1123 possent
954 1092 987 1117 ab

195 1131 372 1164 immolando,
390 1133 444 1160 Deo
460 1133 567 1165 saltem,
583 1138 610 1161 et
633 1141 686 1161 nou
703 1134 844 1163 daemoniis
864 1136 987 1165 immola-

195 1182 266 1204 rent.
289 1177 440 1205 Videndum
459 1183 549 1205 tamen
571 1183 623 1210 est,
651 1187 685 1207 ne
705 1180 773 1208 forte
790 1181 828 1208 sit
853 1186 880 1208 et
896 1182 986 1216 aliqua

193 1223 366 1250 sacriﬁcandi
392 1224 448 1250 Deo
472 1224 605 1251 occultior
638 1232 670 1252 ac
696 1226 826 1253 secretior
841 1228 918 1253 ratio.
949 1227 988 1255 Ne

195 1269 274 1302 forte,
300 1270 423 1304 inquam,
450 1270 585 1297 sacriﬁcia
615 1278 674 1305 qua:
700 1273 756 1299 Deo
774 1272 935 1306 oﬂ'eruntur,
952 1274 986 1300 ad

194 1315 410 1343 destructionem
437 1316 503 1343 ﬁant
516 1323 611 1343 eorum
630 1316 842 1350 sacriﬁciorum,
860 1326 920 1352 qua:
934 1319 988 1346 da:-

195 1361 322 1388 monibns
348 1361 525 1389 immolantur
547 1371 553 1389 :
574 1367 603 1390 ut
629 1363 693 1397 quia
711 1371 759 1398 per
777 1363 821 1391 illa
836 1364 986 1392 vulnerau-

195 1411 239 1433 tur
253 1406 361 1438 animm,
389 1415 436 1441 per
463 1408 515 1434 ista
537 1413 688 1441 sanentur;
716 1409 786 1436 sicut
809 1410 868 1437 etii
886 1411 986 1439 conﬁr-

195 1457 281 1483 mant,
302 1453 347 1486 qui
374 1453 516 1480 medicintc
541 1453 667 1488 peritiam
690 1460 798 1489 gerunt.
821 1455 983 1490 Serpentum

196 1505 312 1532 namque
337 1506 439 1526 venena
456 1499 553 1534 depelli
581 1501 786 1530 medicamentis
801 1503 985 1532 'nihilominus

195 1544 329 1572 confectis
344 1552 376 1572 ex
394 1547 577 1581 serpentibus,
591 1548 746 1582 perhibent.
774 1549 812 1576 Ita
827 1550 890 1584 ergo
905 1556 932 1578 et
945 1559 988 1578 sa-

194 1590 360 1618 criﬁciorum
378 1591 594 1620 dtemonicorum
612 1594 688 1621 virus
717 1602 765 1628 per
784 1596 918 1623 sacriﬁcia
935 1597 989 1625 Deo

194 1636 283 1664 oblata
302 1637 453 1672 depellitur,
479 1640 550 1666 sicut
565 1644 592 1666 et
616 1647 689 1667 mors
711 1640 774 1668 Jesn
791 1647 904 1670 mortem
930 1651 990 1678 pec-

195 1682 248 1708 cati
267 1683 440 1710 credentibus
456 1691 509 1711 non
525 1685 589 1711 sinit
603 1685 749 1713 dominari.
768 1687 799 1714 Et
816 1688 925 1722 quidem
942 1690 990 1716 do—

197 1734 247 1754 nec
263 1731 369 1763 tempus
385 1729 549 1763 patiebatur,
566 1730 701 1757 sacriﬁcia
714 1732 857 1761 sacriﬁciis
871 1741 991 1769 oppone-

196 1773 318 1800 bantur:
345 1775 389 1801 ubi
416 1782 482 1802 vero
497 1775 574 1802 venit
592 1775 715 1810 perfecta
740 1776 842 1810 hostia,
859 1785 886 1806 et
902 1787 989 1814 agnus

197 1817 395 1851 immaculatus,
424 1819 470 1853 qui
499 1820 582 1847 totius
603 1821 695 1848 mundi
715 1822 822 1850 tolleret
836 1830 987 1859 peccatum,

196 1864 336 1891 sacriﬁcia
349 1865 394 1892 illa
409 1872 469 1899 quae
480 1865 638 1900 singillatim
653 1866 840 1896 oﬁ‘ercbanlur
855 1870 917 1903 Deo,
931 1870 987 1905 jam

196 1909 332 1944 Superﬁua
350 1911 407 1937 visa
434 1915 507 1942 sunt,
525 1919 585 1938 cum
604 1919 658 1938 una
674 1913 764 1941 hostia
778 1915 869 1943 onmis
890 1917 990 1945 daemo—

196 1963 260 1982 num
275 1955 381 1983 cultura
398 1956 510 1990 depulsa
534 1957 581 1984 sit.
610 1957 711 1985 Verum
729 1959 839 1987 Balaam
857 1961 918 1994 iste,
933 1962 989 1990 sive

196 2001 343 2028 scentulum
359 2003 451 2029 cordis
465 2003 505 2029 sui
526 2004 694 2038 propositum
710 2006 780 2040 quod
795 2015 846 2034 non
862 2010 990 2036 emenda-

197 2051 284 2079 vcral,
314 2048 371 2074 sive
395 2049 545 2076 secundum
563 2050 637 2076 illam
662 2050 787 2086 ﬁguram,
806 2061 858 2087 qua
871 2054 989 2083 diximus

196 2101 258 2120 eum
287 2097 381 2120 tenere
399 2102 543 2128 personam
567 2095 720 2128 doctortnn,
744 2104 774 2124 ac
787 2097 988 2128 Pharisaeorum

198 2139 286 2174 plebis
315 2139 472 2173 incredulae,
496 2141 630 2168 instaurat
645 2142 733 2170 adhuc
749 2144 864 2178 hostias,
878 2153 906 2173 et
919 2155 989 2181 prte-

198 2185 289 2220 parari
305 2186 440 2213 sacriﬁcia
464 2186 551 2220 jubet.
582 2188 608 2215 ln
633 2190 675 2217 his
699 2191 772 2217 enim
791 2199 898 2219 onmem
914 2201 988 2228 spem

199 2237 295 2265 gerunt
311 2232 339 2264 ii,
357 2240 476 2267 quorum
493 2241 541 2261 cor
557 2242 609 2261 non
627 2235 723 2270 recipit
744 2237 823 2264 ﬁdem
838 2238 952 2268 Christi.

233 2278 261 2304 ‘2.
279 2277 333 2305 Sed
351 2278 414 2312 quid
434 2279 577 2313 sequitur?
600 2289 610 2306 ‹
627 2281 660 2308 Et
670 2282 774 2315 videns,
790 2284 877 2319 inquit
894 2286 915 2320 ⁸,
936 2286 988 2314 Ba-

199 2324 281 2356 laam,
309 2325 370 2359 quia
390 2326 489 2353 bonum
505 2327 588 2353 estin
605 2333 753 2363 conspectu
776 2329 880 2358 Domini
904 2332 989 2359 benc-

198 2369 291 2397 dicere
308 2369 401 2404 lsrael,
418 2378 470 2398 non
481 2371 589 2400 abiitex
606 2381 682 2400 more
696 2374 722 2401 in
738 2382 882 2403 occursum
898 2378 989 2411 auspi—

198 2416 260 2447 ciis,
279 2416 326 2444 sed
350 2417 487 2444 convertit
512 2417 607 2445 l‘aciem
628 2427 705 2446 suam
731 2420 757 2446 in
782 2421 919 2450 desertum
936 2431 943 2450 ε
962 2428 989 2451 et

199 2462 308 2490 elevans
334 2462 442 2490 Balaam
466 2464 558 2492 oculos
573 2472 637 2492 suos
664 2465 783 2492 intuetur
805 2467 989 2497 lsraelcastra

199 2508 374 2536 constituisse
400 2517 448 2544 per
477 2510 576 2543 tribus,
602 2516 629 2538 et
654 2510 742 2539 factus
764 2517 806 2540 est
830 2520 911 2548 super
928 2523 990 2542 ettm

199 2555 313 2589 spiritus
339 2555 397 2587 Dei,
421 2561 450 2583 et
469 2561 606 2590 assumpta
628 2558 754 2591 parabola
772 2565 832 2593 sua,
847 2560 894 2587 ait.
907 2570 915 2586 ι
940 2560 991 2588 ﬂe-

201 2599 323 2632 qniratur
346 2599 464 2628 fortasse
485 2601 559 2629 unde
574 2602 640 2629 vidit
657 2602 777 2635 Balaam,
803 2605 867 2639 quia
890 2606 989 2634 bonum

201 2649 242 2671 est
256 2645 283 2671 in
299 2651 445 2681 conspectu
463 2647 568 2674 Domini
583 2648 744 2678 benedicere
761 2651 852 2683 Israel,
873 2656 900 2679 et
914 2656 992 2686 puta-

203 2691 274 2717 bitur
292 2699 325 2718 ex
353 2692 495 2721 sacriﬁciis
522 2694 691 2723 intellexisse
716 2697 990 2732 qumimmolaverat.

205 2736 254 2765 Ubi
280 2737 352 2764 cnim
370 2738 436 2765 vidit
460 2740 561 2767 nullum
577 2741 674 2770 adesse
690 2743 864 2776 daemonium,
889 2744 990 2770 nullam

239 2795 260 2810 ον’
272 2792 349 2831 Num.
367 2802 444 2831 sun,
455 2795 500 2828 29,
513 2797 558 2822 '50.
597 2799 619 2814 ³ο
632 2799 640 2826 Ι
652 2800 716 2828 Cor.
731 2809 758 2831 χ,
770 2801 815 2828 20.

206 2838 278 2865 lxtv,
294 2831 316 2863 l,
328 2829 356 2861 ‘2,
369 2829 395 2856 5.
433 2831 442 2846 ³
458 2830 522 2857 ibid.
536 2831 561 2863 3,
575 2832 600 2860 4.
641 2835 650 2850 θ
662 2835 727 2862 Dan.
742 2829 756 2862 ti
771 2841 796 2863 et
811 2844 856 2863 \‘u.

935 103 1095 132 ORIGENIS

857 2802 864 2816 ¹
888 2801 964 2828 Deut.
987 2808 1073 2833 mut,
1095 2799 1137 2826 Π.

1783 102 1835 129 704

1005 164 1025 192 Α
1042 162 1210 188 contraria'm
1229 165 1390 195 potestatem
1413 159 1531 188 vietintis
1556 160 1612 188 suis
1638 160 1770 188 assistere
1790 169 1837 188 au-

1039 204 1157 235 dentem,
1188 204 1312 231 exclusos
1338 211 1399 232 esse
1426 212 1522 231 omnes
1547 204 1656 232 malitiae
1682 205 1836 237 ministros,

1038 251 1137 284 quibus
1154 251 1194 277 nti
1211 251 1244 278 ad
1262 250 1477 277 maledicendum
1503 250 1619 284 solebat,
1642 251 1732 285 potuit
1744 258 1779 278 ex
1795 251 1838 278 bis

1038 297 1220 328 intellexisse,
1235 296 1298 331 quia
1318 297 1417 323 bonum
1433 301 1504 324 esset
1518 297 1544 323 in
1561 301 1710 331 conspectu
1728 296 1836 324 Domini

1038 343 1201 370 benedicere
1220 342 1314 370 israel.
1336 342 1392 377 Ego
1409 347 1501 370 tamen
1519 342 1605 376 magis
1622 342 1687 369 illud
1702 342 1835 377 intelligo,

1037 389 1108 424 quod
1136 389 1254 424 populus
1273 389 1327 422 ille,
1349 389 1396 424 qui
1414 396 1486 415 nunc
1505 395 1591 416 vanus
1615 393 1667 421 est,
1685 393 1713 416 et
1733 389 1772 415 illi
1789 389 1837 415 do-

1038 440 1137 466 ctores,
1153 434 1200 468 qui
1217 434 1325 460 Christo
1342 441 1394 461 non
1415 434 1556 461 credentes
1572 434 1597 460 in
1615 434 1738 461 vanitate
1752 442 1838 469 popu-

1037 481 1091 508 lum
1107 481 1242 511 detinent,
1269 479 1416 514 aliquando
1433 480 1517 507 visuri
1532 484 1605 513 sunt,
1626 480 1652 507 id
1668 485 1722 512 est,
1741 480 1769 507 in
1788 488 1837 507 no—

1038 526 1157 553 vissimis
1184 526 1290 559 diebus,
1317 533 1378 553 cum
1397 526 1536 561 plenitudo
1550 526 1671 561 gentium
1686 526 1835 558 introierit,

1037 575 1064 599 et
1083 571 1171 599 omnis
1198 570 1279 598 lsrael
1306 571 1401 598 venire
1417 570 1534 604 cteperit
1558 571 1591 597 ad
1615 571 1697 598 ﬁdem
1720 570 1835 603 Christi,

1038 617 1086 649 illi,
1107 617 1230 651 inquam,
1251 617 1297 651 qui
1313 623 1386 643 nunc
1406 616 1500 644 oculos
1514 616 1646 644 habentes
1662 623 1716 643 non
1732 617 1834 648 vident,

1039 666 1103 689 tunc
1119 662 1261 689 videbunt.
1274 661 1426 690 Elevabunt
1438 662 1509 690 enim
1523 662 1616 690 oculos
1629 669 1696 690 suos
1709 663 1743 689 ad
1760 662 1835 689 altio-

1038 715 1082 734 rcs
1098 712 1126 735 et
1149 707 1286 742 spiritales
1302 715 1412 739 sensus,
1429 712 1456 734 et
1475 707 1617 742 videbunt,
1632 712 1659 735 et
1685 707 1836 742 intelligent

1037 753 1101 788 quia
1125 754 1224 780 bonum
1249 758 1291 781 est
1314 754 1341 781 in
1364 758 1514 788 conspectu
1537 753 1642 781 Domini
1671 753 1835 780 benedicere

1037 799 1186 833 spiritalem
1204 799 1298 827 Israel.
1324 799 1460 826 Videbunt
1484 799 1555 827 enim
1584 807 1646 827 eum
1670 800 1834 834 dispositum

1003 845 1022 871 Β
1040 852 1088 879 per
1105 845 1202 877 tribus,
1222 851 1248 872 et
1265 853 1313 881 per
1328 845 1437 878 domos,
1451 849 1478 872 et
1492 852 1540 880 per
1551 845 1679 876 familias,
1694 850 1723 872 et
1737 853 1837 872 unum-

1039 897 1177 924 quemque
1191 890 1217 917 in
1233 897 1283 917 suo
1296 890 1395 918 ordine
1411 890 1622 918 resurrectionis
1643 890 1762 925 gloriam
1775 892 1835 917 ade-

1039 940 1162 970 pturum.
1181 941 1209 963 et
1228 940 1366 970 assumpta
1384 935 1515 970 parabola
1542 943 1590 963 sua
1608 936 1763 971 intelligent
1779 944 1835 970 qua:

1040 981 1066 1008 in
1085 981 1223 1016 parabolis
1247 981 1349 1016 scripta
1366 985 1429 1008 sunt
1446 990 1453 1008 :
1469 989 1530 1015 quae
1546 989 1618 1009 nunc
1632 987 1748 1017 propter
1762 983 1834 1010 vela-

1039 1035 1099 1054 men
1113 1028 1185 1062 quod
1200 1029 1319 1062 positum
1335 1030 1377 1054 est
1392 1034 1474 1062 super
1488 1034 1536 1055 cor
1553 1035 1660 1060 eorum,
1688 1035 1781 1062 neque
1796 1029 1834 1055 vi-

1039 1075 1113 1106 deut,
1133 1081 1222 1108 neque
1245 1073 1409 1109 intelligunt.
1435 1073 1568 1108 Denique,
1587 1082 1596 1098 ι
1618 1080 1672 1100 non
1689 1074 1782 1105 abiit,
1797 1075 1836 1101 in-

1037 1120 1116 1154 quit,
1137 1127 1171 1147 ex
1190 1126 1265 1146 more
1280 1120 1306 1146 in
1326 1127 1469 1147 occursum
1485 1119 1626 1154 auspiciis.
1649 1129 1659 1145 ι
1680 1119 1742 1147 Non
1764 1121 1834 1148 enim

1038 1173 1114 1193 more
1128 1165 1181 1192 sibi
1196 1165 1287 1198 solito,
1307 1165 1396 1193 stultis
1411 1170 1437 1192 et
1452 1165 1580 1192 inanimis
1605 1165 1733 1193 sensibus
1750 1167 1836 1202 rapic-

1038 1216 1091 1243 tur,
1109 1211 1271 1238 animalibus
1285 1211 1366 1238 mutis
1382 1215 1409 1239 et
1425 1211 1576 1245 pecudibus
1591 1211 1638 1238 Dei
1657 1213 1837 1239 considerans

1040 1257 1220 1290 voluntatem,
1245 1257 1316 1285 sicut
1339 1258 1369 1290 ii,
1386 1258 1433 1292 qui
1457 1265 1490 1284 ex
1509 1257 1568 1284 istis
1589 1257 1693 1285 talibus
1712 1259 1835 1293 auspicia

1038 1303 1171 1338 Colligunt
1188 1312 1195 1330 :
1214 1304 1261 1331 sed
1279 1308 1409 1338 agnoscet
1432 1303 1515 1331 etiam
1533 1303 1601 1337 ipse,
1616 1303 1679 1337 quia
1697 1312 1789 1339 neque
1806 1305 1838 1330 de

1039 1349 1125 1376 bobus
1153 1356 1218 1376 cura
1245 1353 1287 1377 est
1306 1349 1374 1381 Deo,
1402 1349 1528 1377 similiter
1552 1357 1642 1384 neque
1667 1350 1702 1377 de
1728 1350 1837 1383 ovibus,

1038 1402 1126 1429 neque
1152 1395 1185 1422 de
1200 1394 1306 1428 avibus,
1333 1395 1450 1429 aliisque
1471 1395 1649 1427 animalibus.
1665 1395 1714 1422 sed
1731 1395 1756 1422 si
1781 1404 1834 1430 qua

1044 1441 1078 1468 de
1105 1441 1146 1468 his
1180 1441 1282 1476 scripta
1307 1444 1382 1474 sunt,
1411 1446 1523 1476 propter
1550 1441 1676 1469 homines
1703 1441 1838 1477 intelliget

1042 1487 1157 1522 scripta.

1077 1545 1103 1571 5.
1121 1544 1174 1571 Sed
1189 1543 1328 1571 videamus
1339 1543 1395 1578 jam
1410 1551 1471 1579 qua:
1486 1544 1539 1572 sint
1555 1552 1615 1580 quas
1631 1544 1657 1572 in
1674 1547 1757 1572 tertia
1773 1553 1838 1580 pro-

1041 1591 1133 1626 phetia
1160 1591 1339 1625 proloquatur
1364 1590 1484 1618 Balaam.
1516 1601 1525 1617 ε
1542 1591 1625 1623 Dixit,
1641 1593 1733 1626 inquit
1744 1594 1768 1624 ⁸,
1785 1593 1838 1619 Ba-

1043 1637 1112 1664 laam
1129 1636 1199 1664 ﬁlius
1215 1636 1294 1669 Bcor,
1310 1636 1393 1664 homo
1411 1643 1475 1664 vere
1497 1637 1602 1668 videns,
1615 1637 1694 1671 dixit,
1720 1639 1838 1665 audiens

1041 1682 1125 1709 verba
1143 1681 1233 1714 fortis,
1260 1682 1307 1716 qui
1324 1681 1412 1708 visum
1432 1681 1479 1708 Dei
1497 1682 1562 1709 vidit
1581 1682 1606 1709 in
1623 1684 1739 1715 somnis,
1759 1692 1839 1710 reve-

1041 1728 1088 1755 lali
1104 1727 1176 1755 oculi
1191 1727 1261 1762 ejus.
1276 1736 1286 1753 ι
1310 1726 1407 1753 Mirum
1423 1726 1547 1761 profecto
1565 1732 1606 1755 est
1620 1728 1703 1764 336
1719 1736 1838 1762 quomo-

1041 1773 1075 1800 do
1093 1777 1175 1800 tanta:
1193 1772 1279 1800 laudis
1301 1773 1399 1808 dignus
1423 1773 1559 1801 habeatur
1576 1774 1700 1808 Balaam,
1716 1775 1766 1809 qui
1791 1783 1837 1802 ac-

1041 1825 1119 1855 cepta
1139 1820 1266 1856 parabole
1285 1828 1345 1853 sua,
1361 1820 1420 1848 haec
1433 1821 1466 1848 de
1492 1822 1639 1856 semetipso
1661 1823 1838 1856 pronuntiat.

1041 1865 1182 1898 Quomodo
1204 1865 1277 1893 enim
1304 1866 1386 1893 ltomo
1401 1874 1475 1897 ,vere
1489 1867 1583 1894 videns
1597 1867 1708 1894 Balaam
1726 1868 1774 1901 sit,
1790 1869 1838 1903 qui

1042 1910 1342 1946 divinationi,auguriis
1358 1918 1469 1946 operam
1484 1912 1600 1946 dederit,
1615 1913 1659 1946 qui
1674 1913 1759 1939 etiam
1781 1921 1839 1940 ma-

1041 1958 1109 1993 gicte
1121 1958 1266 1991 studuerit,
1296 1958 1367 1986 sicut
1382 1965 1464 1991 supra
1489 1958 1670 1990 ostendimus,
1690 1959 1773 1986 valde
1788 1960 1837 1986 mi-

1041 2012 1100 2030 rum
1119 2009 1171 2036 est,
1194 2004 1245 2031 nisi
1261 2003 1331 2031 forte
1347 2011 1398 2038 pro
1414 2011 1457 2036 eo,
1479 2004 1550 2038 quod
1565 2011 1647 2038 supra
1661 2004 1767 2032 dictum
1783 2010 1835 2037 cst,

1041 2048 1104 2081 quia
1120 2049 1231 2083 spiritus
1249 2049 1295 2076 Dei
1311 2048 1398 2076 factus
1413 2049 1494 2076 fuerit
1510 2049 1536 2076 in
1555 2049 1623 2084 ipso,
1640 2054 1668 2076 et
1688 2051 1754 2084 quia
1776 2058 1833 2077 ver-

1040 2094 1105 2121 bum
1120 2095 1167 2122 Dei
1182 2095 1300 2129 positum
1319 2095 1352 2123 sit
1369 2095 1394 2121 in
1408 2102 1457 2122 ore
1470 2094 1538 2129 ejus,
1562 2095 1619 2122 hzec
1636 2096 1669 2123 de
1687 2103 1720 2124 co
1738 2102 1834 2131 puten-

1042 2142 1086 2165 tur
1112 2143 1164 2165 tam
1204 2147 1301 2174 magna
1328 2139 1481 2174 conscripta
1510 2146 1571 2167 esse
1596 2142 1747 2175 przeeonia.
1783 2142 1836 2170 Nec

1006 2185 1146 2223 DMoyses
1173 2185 1258 2218 enim,
1288 2193 1337 2213 nec
1365 2185 1435 2213 alius
1460 2186 1520 2220 quis
1537 2187 1734 2220 prophetarum
1759 2188 1836 2216 facile

1045 2231 1200 2259 invenietur
1227 2232 1310 2260 tantis
1336 2233 1459 2261 laudibus
1484 2232 1618 2261 elevatus.
1649 2233 1730 2261 Unde
1750 2236 1835 2270 magis

1044 2277 1110 2304 mihi
1127 2278 1233 2305 videtur
1248 2279 1306 2306 haec
1321 2278 1358 2306 illi
1376 2279 1476 2314 populo
1492 2280 1637 2308 convenire
1651 2287 1685 2307 eo
1701 2285 1846 2316 tempore,

1042 2329 1096 2357 quo
1107 2324 1163 2357 jam
1180 2331 1329 2352 conversus
1343 2325 1376 2352 ad
1389 2325 1547 2359 Dominum,
1562 2326 1687 2360 deposuit
1701 2326 1834 2359 velamen,

1043 2370 1115 2404 quod
1130 2375 1190 2397 crat
1214 2377 1296 2405 super
1311 2378 1360 2398 cor
1382 2379 1474 2398 suum.
1504 2371 1634 2398 Dominus
1651 2372 1768 2406 spiritus
1784 2379 1835 2401 est.

1045 2416 1150 2444 Idcirco
1165 2417 1283 2451 denique
1297 2416 1376 2449 dicit,
1404 2427 1413 2442 ε
1428 2418 1537 2445 revelati
1556 2418 1626 2446 oeuli
1645 2418 1717 2453 ejus,
1731 2429 1740 2444 ι
1761 2419 1837 2454 quasi

1043 2463 1089 2498 qui
1116 2471 1187 2491 nunc
1210 2471 1295 2498 usque
1316 2463 1401 2491 clausi
1418 2464 1530 2497 ruerint,
1549 2469 1576 2492 et
1602 2473 1674 2492 nunc
1692 2473 1743 2500 per
1760 2467 1839 2501 spiri-

1045 2514 1099 2536 tum
1115 2509 1171 2542 Dei,
1186 2510 1231 2544 qui
1247 2517 1328 2544 super
1344 2517 1404 2536 eum
1422 2510 1510 2537 factus
1525 2514 1577 2543 est,
1593 2510 1685 2538 ablato
1702 2511 1839 2539 velamine

1045 2556 1214 2584 revelcntur.
1236 2555 1315 2582 Nunc
1340 2563 1405 2590 ergo
1431 2561 1474 2582 est
1495 2557 1603 2590 quando
1618 2563 1682 2584 vere
1705 2557 1793 2590 videt,
1812 2566 1838 2585 ct

1045 2610 1109 2631 vere
1127 2602 1204 2629 audit
1216 2602 1299 2629 verba
1319 2601 1406 2634 tortis,
1422 2606 1449 2628 et
1464 2602 1550 2629 visum
1567 2603 1616 2630 Dei
1631 2602 1703 2630 videt
1720 2603 1748 2630 in
1766 2611 1838 2631 som-

1044 2651 1085 2678 nis
1113 2659 1120 2677 :
1147 2649 1173 2676 id
1197 2654 1248 2681 est,
1273 2656 1304 2676 ea
1329 2656 1388 2683 qua:
1412 2649 1557 2677 insomnis
1576 2650 1679 2677 Danieli
1695 2652 1838 2685 propheta:

1045 2702 1167 2731 tempora
1195 2695 1336 2729 designata
1363 2696 1458 2728 sunt“,
1485 2695 1587 2723 videbit
1603 2695 1713 2730 impleta
1735 2706 1742 2724 :
1761 2698 1838 2724 etvi-

1044 2743 1135 2781 siones
1163 2741 1233 2775 illas,
1259 2749 1319 2776 qua:
1347 2741 1375 2768 in
1390 2741 1494 2769 somnis
1509 2741 1541 2768 ad
1557 2741 1634 2769 illum
1650 2742 1751 2770 delatae
1765 2749 1838 2775 sunt,

1177 2801 1186 2815 ¹
1199 2799 1270 2827 Psal.
1286 2807 1358 2833 xciv,
1374 2799 1415 2827 l5.
1455 2799 1465 2814 ³
1477 2798 1576 2826 Jcrem.
1592 2805 1639 2833 vn,
1650 2799 1680 2827 2.
1734 2801 1744 2815 ⁵
1758 2800 1836 2829 Nunt.
