1903 3052
65 117 117 144 705

611 118 642 145 ΙΝ
663 117 832 145 NUMEROS
853 117 996 146 llOllIlLlA
1019 119 1101 148 XVII.

1644 130 1697 157 706

68 177 172 204 videbit
189 186 196 204 :
211 177 263 204 hoc
288 182 329 205 est
352 177 495 211 intelliget,
513 183 541 205 et
559 184 688 213 agnoscet
702 179 790 206 oculis
815 186 856 205 rc-
873 180 894 208 Α
910 178 977 206 Iaam
993 187 1042 213 pro
1066 187 1098 207 eo
1115 181 1187 215 quod
1204 181 1316 209 rcvclati
1345 183 1452 211 fuerant
1481 185 1551 211 oculi
1571 186 1638 221 ejus,
1657 187 1699 214 di-

67 222 177 249 velatis.
207 222 345 250 Eiiicietur
365 223 437 250 enim
459 223 554 250 similis
573 224 617 255 iis,
642 224 687 258 qtti
708 224 854 251 dicebant:

69 278 79 294 ι
93 268 151 295 Nos
167 273 258 296 autern
273 276 370 296 omnes
394 269 509 296 revelata
536 269 603 297 faeie
617 270 732 304 gloriam
749 269 855 297 Domini

66 313 243 347 speculamur
259 315 354 342 eadem
373 314 490 348 imagine
502 314 558 349 (75)
573 314 756 341 transformati
771 322 786 341 a
800 314 857 348 glo-

67 360 106 385 ria
123 360 149 386 in
167 359 294 394 gloriam,
313 364 440 394 tanquam
459 367 473 385 a
491 360 597 387 Domini
622 360 718 395 spiritu
731 360 752 386 ’.
769 369 778 386 ι
802 359 855 386 Υο-

67 406 111 432 Ιίιη
139 411 229 433 tamen
248 406 397 440 requirere,
425 407 469 440 qui
485 411 549 434 sunt
563 407 606 434 isti
631 407 702 434 oculi
722 407 790 441 ejus,
810 406 854 441 qui

66 451 179 478 revelati
198 452 326 479 dicuntur
352 461 360 480 :
387 460 421 479 ne
437 452 507 480 forte
525 453 576 487 ipsi
602 452 667 484 sint,
693 452 738 487 qui
754 453 779 478 i'n
796 452 854 478 aliis

65 497 217 532 Scriptura
233 498 308 530 locis,
336 504 365 525 ut
387 499 413 525 in
427 499 586 534 quibusdam
602 498 801 533 exemplaribus
815 498 853 524 Ie-

64 544 165 578 gimus,
184 545 255 572 oculi
276 549 353 571 terra:
371 545 550 579 appellantur,
573 551 599 571 et
619 544 674 577 illc,
688 552 767 578 quem
786 544 855 570 Pau-

64 589 105 615 lus
135 597 247 616 sensum
272 590 362 616 carnis
389 590 465 621 dicit,
492 597 553 617 cum
583 590 623 616 ait
645 590 678 616 de
703 589 817 623 quodam
829 588 853 621 ⁸,

64 634 202 662 «Frustra
229 635 337 662 inﬂatus
355 643 369 661 a
396 642 477 662 sensu
501 637 590 663 carnis
615 644 703 663 suae.)
735 637 770 662 De
795 634 854 661 istis

63 680 149 707 credo
165 681 264 713 oculis,
281 681 362 708 etiam
379 689 491 716 serpens
510 681 609 708 dixerit
627 681 658 708 ad
679 681 772 712 Evam,
790 680 852 714 quia

64 727 173 752 Sciebat
190 726 320 754 Dominus
347 735 356 752 ι
368 728 439 762 quod
454 728 480 754 in
504 735 665 761 quacunque
682 727 724 754 die
740 726 854 752 mandu-

62 772 192 799 raveritis
206 779 240 798 ex
255 780 299 804 eo,
319 773 474 807 aperientur
489 773 560 800 octtli
578 773 692 800 vestri’.
707 782 716 798 ι
740 773 771 799 Ει
787 780 853 807 pau-

63 817 87 842 lo
99 822 161 850 post
181 817 203 833 ¹⁹
221 826 228 844 :
247 826 255 843 ι
270 817 304 844 Et
322 818 573 848 manducavcrunt.
594 818 699 852 inquit,
717 823 744 845 et
763 818 850 852 aperti

62 868 126 890 sunt
151 862 223 890 oculi
245 870 373 891 eorum.»
403 863 460 891 Nisi
485 864 556 891 enim
580 868 670 891 essent
693 863 851 892 ditlerentize

60 907 218 940 oculorum,
246 913 275 934 et
297 907 342 934 alii
358 913 450 935 essent
473 909 518 943 qui
535 916 583 943 per
598 909 850 943 praevaricationem

60 953 233 986 aperientur,
258 956 285 980 et
308 953 353 980 alii
367 954 466 988 quibus
482 954 611 981 videbant
627 954 711 981 Adam
739 959 766 981 ct
784 955 850 987 Eva,

62 1003 211 1032 antequam
240 999 282 1026 isti
301 1000 483 1034 aperirentur,
512 1008 649 1035 nunquam
665 1000 757 1035 utique
774 1000 850 1028 Scri-

61 1048 140 1078 ptura
171 1044 293 1072 nondum
319 1045 420 1079 apertis
440 1046 526 1073 oculis
550 1053 654 1079 eorum,
678 1046 730 1074 illis
749 1047 793 1081 qui
816 1054 849 1074 ex

59 1090 285 1125 praevaricatione
297 1091 423 1126 patefacti
439 1097 511 1124 sunt,
528 1092 631 1120 diceret
642 1093 663 1108 “
683 1101 690 1119 :
712 1102 720 1118 ι
735 1093 768 1120 Ει
783 1093 851 1121 vidit

60 1135 162 1162 mulier
179 1136 242 1170 quia
261 1136 361 1164 bonum
379 1142 421 1166 est
445 1138 548 1173 lignum
572 1139 605 1165 ad
621 1139 849 1171 manducandum,

61 1185 88 1206 et
104 1185 214 1215 gratum
229 1181 315 1209 oculis
330 1183 364 1210 ad
378 1182 534 1216 videndum,
550 1187 578 1210 et
591 1185 744 1218 speciosum
759 1188 800 1211 est
815 1184 849 1211 ad

60 1226 306 1261 considerandum,
333 1233 360 1255 et
378 1228 517 1263 accipiens
532 1229 564 1256 de
580 1228 651 1264 ligno
665 1229 849 1260 manducavit,

60 1276 86 1298 et
106 1272 184 1299 dedit
208 1273 269 1300 viro
294 1280 343 1300 suo
370 1281 473 1306 secum,
498 1278 526 1301 et
549 1275 790 1306 manducaverunt,
822 1279 850 1302 et

61 1317 149 1350 aperti
179 1321 243 1344 sunt
266 1317 335 1344 oculi
363 1319 542 1346 amborum.)
574 1318 714 1352 Quomodo
731 1320 803 1346 cuitu
826 1319 848 1346 si

59 1363 179 1389 nondum
193 1363 281 1397 aperti
297 1363 402 1391 fuerant
418 1365 488 1392 oculi
502 1365 654 1397 amborum,
672 1365 737 1392 vidit
752 1365 851 1392 mulier

59 1409 121 1442 quia
147 1408 250 1436 bonum
278 1414 350 1437 esset
378 1410 481 1445 lignum
503 1411 536 1437 ad
566 1411 794 1445 manducandum,
822 1417 850 1439 et

59 1458 168 1487 gratum
183 1454 271 1482 oculis
284 1455 318 1482 ad
335 1455 502 1483 videndum?
521 1456 672 1491 quibusque
685 1457 769 1484 etiam
783 1464 850 1484 ocu-

59 1499 92 1526 lis
107 1501 263 1534 speciosum
279 1500 379 1528 dicitur
389 1501 472 1529 fuisse
487 1494 518 1528 ad
535 1502 779 1529 considerandum?
795 1502 846 1530 Sed
862 1521 883 1549 ο

58 1553 108 1580 ego
124 1546 240 1574 audiens
263 1554 358 1575 vocem
384 1548 490 1575 Domini
520 1548 572 1575 mei
596 1547 658 1575 Jesu
685 1548 797 1580 Christi,
822 1554 850 1576 et

58 1592 188 1619 virtutem
204 1592 336 1620 bonitatis
351 1592 408 1627 ejus
426 1593 590 1628 intelligens,
606 1593 642 1620 ita
658 1594 769 1621 adverto
784 1594 849 1622 illud

57 1639 129 1671 quod
143 1637 211 1664 dicit
224 1638 246 1653 ι’
262 1648 269 1665 :
287 1647 297 1664 ι
308 1638 335 1666 In
348 1637 479 1672 judicium
499 1646 549 1674 ego
565 1639 624 1666 veni
642 1640 668 1666 in
685 1640 756 1667 hunc
770 1647 848 1667 mun-

57 1684 134 1716 dum,
161 1687 192 1710 ut
218 1691 271 1711 non
295 1685 419 1712 videntes
443 1685 562 1718 videant,
587 1689 614 1712 et
640 1685 761 1713 videntes
784 1685 848 1712 caeci

58 1729 140 1761 tiant;
156 1739 166 1755 ι
183 1730 255 1763 quod
278 1730 305 1756 in
319 1730 508 1764 peccatoribus
523 1738 575 1758 non
598 1731 689 1758 vident
711 1731 749 1757 illi
765 1730 845 1764 oculi,

57 1774 103 1808 qui
121 1773 252 1801 meliores
266 1778 347 1805 sunt;
365 1773 412 1801 sed
426 1774 457 1807 ii,
474 1774 519 1808 qui
537 1781 631 1802 sensus
648 1774 739 1801 carnis
754 1773 848 1808 appel-

57 1819 158 1851 lantur,
179 1825 205 1846 et
220 1820 265 1854 qui
281 1820 399 1848 consilio
422 1821 558 1855 serpentis
579 1820 665 1855 aperti
681 1824 754 1846 sunt.
774 1819 846 1853 Opus

56 1873 124 1900 ergo
151 1866 327 1900 tuaguilicutn
342 1867 492 1894 Salvatoris
510 1868 594 1894 nostri
618 1866 723 1893 Domini
742 1871 792 1898 est,
817 1871 846 1894 ut

57 1912 85 1944 ii,
102 1911 149 1946 qui
167 1919 222 1938 non
235 1911 328 1939 vident
345 1912 502 1940 melioribus
516 1912 602 1939 oculis
616 1919 676 1946 quae
688 1911 757 1938 bona
773 1915 845 1943 sunt,

57 1958 103 1984 sed
121 1957 176 1984 illis
203 1957 249 1991 qui
274 1957 389 1985 consilio
414 1958 549 1993 serpentis
576 1956 701 1992 patefacti
721 1962 794 1989 sunt,
819 1961 846 1983 et

57 2009 115 2036 qua:
131 2002 203 2029 tuala
231 2007 296 2030 sunt
310 2003 462 2035 intuentur,
479 2004 543 2031 caeci
571 2003 637 2029 Iiant
654 2011 661 2029 :
676 2007 703 2030 et
717 2002 763 2037 qui
781 2002 845 2029 cazci

57 2047 161 2075 fuerint
176 2048 229 2076 illis
253 2048 352 2081 oculis,
381 2057 449 2083 quos
467 2049 606 2083 persuasio
626 2049 758 2082 serpentis
779 2055 844 2082 ape-

57 2094 122 2125 ruit,
141 2093 254 2120 videant
276 2094 346 2120 bona
371 2094 476 2121 Domini
501 2094 543 2121 bis
565 2093 660 2125 oculis,
687 2100 754 2127 quos
768 2092 846 2120 Jesus

57 2137 183 2164 Salvator
199 2143 292 2165 noster
307 2140 381 2165 venit
398 2139 515 2173 aperire.
535 2138 591 2165 Nisi
608 2138 680 2165 enim
695 2138 769 2172 prius
787 2146 844 2164 ma-

911 231 974 252 ccre
988 225 1022 251 de
1039 227 1186 261 semetipso
1199 227 1233 259 ",
1263 236 1272 253 ‹
1283 228 1363 255 Ιιοιιιο
1381 237 1442 256 rt-rc
1458 230 1568 263 videns;
1582 241 1592 256 υ
1617 237 1645 258 et
1658 233 1698 259 di-

910 278 984 302 cere,
1011 271 1100 298 «dixit
1125 272 1237 299 audiens
1263 274 1344 300 verba
1363 274 1452 302 fortis.
1469 285 1478 301 ι
1512 276 1612 304 Eodem
1626 279 1698 304 enim

909 315 1005 342 ordine
1020 324 1073 349 quo
1089 316 1134 343 alii
1150 317 1220 344 oculi
1234 318 1408 352 clauduntur,
1426 321 1507 347 etalii
1525 322 1697 355 aperiuntur,

909 361 990 388 etiam
1006 369 1086 389 aures
1105 363 1163 390 alia:
1177 363 1346 396 claudcndm,
1370 371 1398 392 et
1412 366 1472 393 alite
1488 367 1641 400 aperiendae
1655 368 1698 394 in-

911 406 1081 440 telliguntur.
1116 408 1214 435 Verttnt
1238 409 1260 435 si
1287 410 1347 443 quis
1371 411 1428 438 hate
1441 412 1522 439 etiam
1549 414 1696 440 secundum

910 452 1049 479 historiam
1067 452 1132 480 velit
1151 453 1223 480 dicta
1238 454 1387 489 suscipere,
1411 462 1500 490 potest
1514 458 1615 490 dicere,
1633 459 1695 492 quia

909 497 936 524 in
960 505 992 524 eo
1017 498 1088 532 quod
1111 499 1177 526 vidit
1193 499 1300 526 Balaam
1325 501 1395 534 quod
1417 502 1516 529 bonunt
1531 507 1572 530 est.
1590 504 1616 530 in
1631 512 1697 532 con-

908 548 1002 577 spectu
1020 543 1126 571 Domini
1145 544 1307 573 benedicere
1319 546 1410 579 Israel,
1426 549 1604 575 ostenduntur
1620 557 1697 576 reve-

909 588 954 614 lati
968 589 1038 615 oculi
1066 590 1134 624 ejus,
1161 595 1187 617 et
1215 591 1304 619 factus
1331 600 1392 619 esse
1416 593 1495 620 homo
1511 601 1574 620 vere
1590 594 1693 622 videns.

908 634 977 661 Vere
989 634 1062 661 cuitu
1078 636 1144 662 vidit
1162 644 1222 670 qum
1240 637 1328 664 l'ntura
1344 644 1422 665 erant
1438 639 1470 665 de
1487 639 1577 671 Israel,
1593 641 1633 668 vel
1649 641 1694 668 ,Ιπι

907 680 968 706 cob.
989 681 1104 707 Audisse
1130 689 1240 716 quoque
1254 690 1314 709 eum
1340 684 1422 710 verba
1439 684 1516 712 fortis
1529 686 1595 712 dicit
1612 686 1636 712 in
1651 694 1694 719 eo,

906 731 966 750 cum
995 725 1071 751 vertit
1098 726 1130 751 ad
1156 733 1217 752 eum
1244 726 1326 759 Deus,
1355 732 1382 754 et
1400 727 1467 754 dixit
1484 728 1509 754 itt
1535 729 1692 755 somnis”:

909 778 917 794 t
931 768 1048 796 Verbum
1072 771 1144 804 quod
1159 771 1260 798 dedero
1278 773 1304 798 in
1329 780 1378 800 ore
1394 777 1450 805 tuo,
1467 773 1518 800 Itoc
1535 775 1647 801 observa
1664 780 1694 801 ut

906 813 1040 848 loquaris;
1055 825 1064 840 ι
1091 820 1118 841 ct
1145 815 1196 842 Imc
1221 821 1279 843 erat
1303 818 1389 844 visum
1405 818 1462 851 Dei,
1489 820 1559 852 quod
1577 819 1643 846 vidit
1666 821 1692 846 in

866 855 888 882 Β
903 860 1014 893 somnis,
1031 865 1065 895 et,
1075 868 1122 895 per
1143 861 1199 888 haec
1215 863 1349 890 rcvclatos
1362 871 1422 890 esse
1438 864 1532 891 oculos
1545 865 1602 898 ejus
1618 872 1691 891 asse-

905 904 949 937 rit,
966 906 1029 940 quia
1047 907 1135 940 potuit
1163 907 1256 935 videre
1282 915 1342 940 qua:
1357 909 1433 936 vidit.
1456 909 1517 937 Ilaec
1534 911 1641 944 quidem
1658 912 1692 938 de

903 951 935 978 iis
951 959 1010 986 qurc
1037 954 1063 980 in
1087 954 1244 988 praefatione
1268 962 1318 982 sua
1336 954 1446 982 Balaam
1471 957 1497 982 in
1516 957 1691 991 semetipsum

901 997 977 1024 visus
990 1003 1031 1025 est
1048 1000 1226 1034 prophetare.

936 1043 963 1070 4.
984 1042 1060 1071 Nunc
1084 1045 1139 1078 jam
1163 1045 1301 1073 videamus
1318 1054 1377 1080 qua:
1403 1051 1476 1078 sunt,
1503 1055 1561 1081 qua:
1576 1048 1601 1074 in
1625 1056 1691 1075 con-

902 1089 1079 1122 sequentibus
1094 1090 1181 1117 dicit:
1203 1100 1212 1116 ι
1233 1091 1322 1124 Quam
1341 1092 1435 1124 bonae,
1464 1092 1549 1126 inquit
1578 1094 1613 1125 ’⁷,
1640 1094 1690 1120 do-

901 1142 961 1162 mus
978 1134 1140 1169 tu:e,.Iacob,
1155 1136 1326 1164 tabernacula
1341 1141 1396 1170 tua,
1416 1137 1514 1164 Israel!
1530 1138 1563 1165 Ut
1579 1146 1689 1166 neruora

901 1181 1065 1214 umbrantia,
1095 1186 1125 1208 ut
1138 1181 1255 1215 paradisi
1273 1189 1355 1216 super
1371 1182 1493 1215 ﬂumina,
1511 1189 1538 1210 et
1562 1184 1632 1211 sicut
1647 1190 1689 1210 ta—

900 1225 1046 1252 bernacula
1067 1233 1127 1260 qua:
1159 1226 1218 1252 ﬁxit
1250 1226 1391 1259 Dominus,
1419 1228 1489 1254 sicut
1514 1229 1587 1255 cedri
1611 1228 1688 1262 juvia

900 1278 996 1305 aquas.
1010 1280 1019 1296 ι
1038 1271 1126 1298 Bonas
1146 1278 1214 1305 quas
1239 1271 1304 1298 dicit
1323 1272 1418 1300 domus
1433 1272 1527 1306 Jacob,
1555 1282 1607 1301 non
1625 1281 1689 1309 puto

900 1317 972 1351 quod
1000 1317 1134 1344 dotnicilia
1159 1324 1252 1344 eorum
1281 1318 1417 1346 collaudct
1443 1324 1563 1353 terrena,
1600 1328 1689 1355 neque

900 1364 971 1390 enim
990 1362 1042 1390 tale
1069 1363 1170 1398 aliquid
1191 1364 1275 1392 fuisse
1301 1365 1372 1399 apud
1393 1373 1439 1393 eos
1467 1371 1567 1401 praeter
1593 1373 1689 1402 gentes

903 1413 1015 1436 steteras
1036 1414 1212 1437 memoratur.
1234 1409 1286 1438 Sed
1307 1411 1446 1439 videamus
1467 1419 1500 1439 ne
1517 1412 1597 1444 forte,
1617 1421 1686 1447 quo-

900 1456 973 1482 niam
993 1456 1107 1490 populus
1127 1463 1175 1490 per
1196 1457 1280 1484 tribus
1298 1462 1356 1484 erat
1378 1458 1490 1490 divisus,
1510 1464 1536 1486 et
1556 1467 1686 1493 nnaqum-

901 1509 953 1535 que
970 1502 1055 1529 tribus
1069 1510 1119 1537 per
1134 1503 1240 1538 plebes,
1260 1507 1287 1530 et
1308 1503 1403 1529 iterum
1421 1503 1511 1537 plebes
1529 1511 1575 1538 per
1589 1512 1689 1539 cogna-

903 1546 1001 1579 tiones,
1023 1551 1050 1574 et
1071 1548 1248 1582 cognationes
1265 1555 1314 1583 per
1340 1549 1433 1576 domos
1459 1549 1636 1582 familiarum,
1660 1555 1688 1577 et

901 1599 1010 1619 rursum
1040 1592 1137 1620 domus
1167 1591 1331 1620 familiarqu
1358 1601 1405 1628 per
1434 1601 1576 1621 numerum
1597 1596 1687 1621 nomi-

899 1645 974 1668 num,
996 1642 1022 1664 et
1048 1645 1098 1673 per
1118 1640 1207 1674 capita
1228 1641 1442 1668 numerabantur
1462 1647 1470 1667 :
1491 1642 1540 1667 hoc
1566 1646 1608 1667 est
1627 1648 1687 1667 om-

900 1684 941 1710 nis
961 1684 1005 1718 qui
1026 1689 1085 1712 erat
1104 1692 1119 1711 a
1136 1686 1231 1720 viginti
1247 1687 1325 1713 annis
1338 1692 1365 1713 et
1382 1695 1472 1721 supra,
1493 1687 1629 1713 masculus
1641 1687 1686 1721 qui

898 1729 1044 1762 procedere
1065 1730 1165 1764 poterit
1185 1731 1218 1758 ad
1238 1731 1336 1758 bellum
1365 1740 1371 1757 :
1393 1732 1442 1758 has
1462 1732 1557 1758 domus
1578 1731 1685 1757 Balaam

898 1775 925 1801 in
954 1775 1053 1809 spiritu
1081 1782 1215 1804 contuens
1240 1776 1392 1811 ntagniiicet
1418 1782 1443 1803 et
1471 1777 1592 1803 extollat.
1633 1776 1686 1803 Sed

898 1827 952 1847 non
977 1821 1003 1847 in
1024 1820 1066 1848 his
1085 1821 1169 1848 solius
1190 1821 1287 1848 littcrm
1307 1821 1457 1848 rontuenda
1478 1821 1611 1848 sententia
1632 1826 1684 1851 est,

898 1867 1026 1900 quoniam
1047 1867 1155 1900 quidem
1181 1874 1241 1901 quis
1265 1867 1383 1901 loquitur
1403 1866 1522 1898 Balaam,
1545 1871 1683 1899 assumpta

896 1912 977 1947 337
991 1912 1118 1947 parahoIa
1146 1920 1193 1940 sua
1210 1912 1338 1946 loquitur.
1367 1911 1393 1938 In
1412 1910 1548 1944 parabolis
1570 1918 1634 1944 ergo
1656 1916 1686 1938 ct

897 1966 946 1985 nos
960 1959 1032 1993 quod
1049 1958 1147 1986 dicitur
1162 1959 1314 1985 audiamus.
1330 1957 1358 1984 Si
1380 1958 1452 1984 enim
1469 1957 1626 1984 consideres
1641 1957 1685 1983 di-

896 2003 1017 2031 visiones
1034 2004 1104 2037 illas,
1121 2009 1148 2030 et
1168 2003 1277 2030 ordines
1298 2002 1457 2036 populorutn
1476 2001 1522 2035 qui
1540 2001 1565 2027 in
1591 2008 1685 2027 resuru

896 2050 1018 2077 rectione
1032 2049 1203 2076 habebuntur
1220 2048 1245 2075 in
1267 2048 1364 2082 popqu
1388 2047 1443 2074 veri
1467 2046 1560 2078 Israel,
1577 2046 1685 2080 quando

895 2095 1082 2129 unusquisque
1097 2099 1220 2128 resurget
1234 2093 1259 2120 in
1280 2101 1329 2120 suo
1344 2093 1441 2120 ordine
1455 2092 1476 2107 ’³
1492 2099 1499 2118 :
1516 2092 1537 2118 si
1551 2097 1626 2125 potes
1642 2091 1685 2117 in-

897 2141 965 2170 tueri
984 2141 1072 2168 tribus
1094 2140 1152 2166 illas
1169 2145 1196 2166 et
1211 2139 1301 2173 plebes
1312 2159 1319 2170 ,
1334 2143 1361 2165 et
1379 2137 1565 2172 cognationes,
1581 2137 1607 2164 in
1624 2137 1685 2171 qui-

57 2183 147 2211 lorum
164 2184 240 2211 visus
253 2184 408 2218 claudatur,
425 2185 556 2212 bonorum
574 2191 626 2211 non
643 2184 745 2219 patebit
759 2184 840 2210 inuti-
858 2183 879 2210 D
894 2186 944 2214 bus
956 2193 1009 2212 non
1027 2191 1082 2212 tam
1099 2185 1190 2211 carnis
1204 2189 1231 2211 et
1249 2183 1389 2218 sanguinis
1403 2188 1445 2209 est
1458 2183 1591 2217 cognatio,
1602 2189 1682 2216 qttam

58 2235 108 2256 tus.
140 2228 187 2256 Sic
201 2236 266 2264 ergo
281 2230 363 2256 etiam
381 2229 444 2256 illud
461 2229 524 2256 boni
549 2229 594 2255 Dei
609 2229 712 2255 dictum
727 2228 840 2262 accipio,

55 2276 128 2310 quod
144 2275 214 2302 dixit
227 2275 248 2290 "
265 2284 273 2304 :
295 2285 304 2301 ι
318 2275 384 2308 Quis
411 2275 475 2302 fecit
491 2275 639 2306 videntem,
656 2279 683 2302 ct
699 2274 817 2301 caecum?
829 2283 838 2300 ι

56 2322 193 2349 videntem
209 2321 319 2357 quidem
333 2322 481 2349 secundum
495 2321 642 2352 Christum,
665 2328 766 2347 CEIECIIIII
779 2327 843 2347 vero

56 2369 206 2395 secundum
223 2368 366 2396 consilium
391 2368 535 2402 serpentis.
568 2367 629 2393 liter.
654 2372 744 2393 autem
771 2373 843 2392 com-

57 2415 223 2446 monuimus,
240 2420 269 2442 ut
283 2416 435 2443 evidentius
446 2415 613 2441 elucesccret
627 2414 672 2448 qui
689 2418 754 2440 sunt
770 2413 840 2440 oculi

55 2461 100 2495 qui
117 2461 291 2493 claudantur,
310 2467 337 2488 et
353 2461 398 2496 qui
417 2465 482 2487 sunt
502 2460 571 2487 oculi
591 2460 638 2494 qui
665 2459 840 2486 revelcntur:

56 2506 135 2533 simul
162 2512 192 2533 ut
208 2512 236 2533 et
251 2506 318 2533 illud
343 2514 376 2533 ex
401 2506 443 2533 his
457 2505 634 2539 intelligatur,
650 2504 721 2538 quod
740 2505 764 2530 in
779 2511 843 2539 pro-

57 2551 135 2585 pheta
151 2551 282 2586 scriptum
302 2556 345 2578 est
357 2552 379 2567 ιδ
399 2561 406 2578 :
431 2560 441 2577 t
455 2550 584 2578 Videntes
601 2550 734 2581 videbitis,
746 2555 773 2577 et
789 2557 842 2576 non

57 2597 200 2631 videbitis;
215 2606 226 2623 ι
243 2602 273 2625 ιιι
286 2597 403 2625 sciamus
414 2597 512 2631 quibus
527 2596 611 2623 oculis
622 2596 725 2628 vident,
744 2599 770 2622 et
783 2596 844 2630 qui-

56 2642 103 2670 bus
115 2643 242 2671 videntes
258 2651 311 2670 non
329 2643 430 2670 vident.
450 2643 570 2678 Apparet
585 2649 650 2676 ergo
664 2645 692 2668 et
709 2641 780 2668 hunc
794 2641 844 2668 Ba-

388 2714 399 2730 ⁸
410 2714 514 2741 Coloss.
525 2721 555 2746 ιι,
567 2713 610 2740 IS.

108 2716 118 2731 τ
131 2715 152 2743 II
164 2716 227 2744 Cor.
241 2723 284 2746 ιιι.
297 2715 340 2742 I8.
388 2715 399 2730 ⁸
410 2715 514 2741 Coloss.
525 2721 555 2746 ιι,
567 2715 610 2740 I8.
649 2715 672 2733 ἰ

108 2752 146 2780 ll.
187 2752 209 2768 “
225 2750 288 2778 Isai.
301 2758 338 2781 vt,
348 2749 375 2778 9.
415 2749 437 2765 "
447 2749 528 2776 Nam.
539 2755 614 2781 xxtv,
627 2747 672 2776 54.

56 2759 88 2784 ιν,
103 2752 146 2780 Il.
187 2752 209 2768 “
225 2750 288 2778 Isai.
301 2758 338 2783 vt,
348 2749 375 2778 9.

649 2713 659 2728 ⁹
670 2711 768 2739 Gcnes.
783 2720 823 2745 ιιι,
835 2712 862 2739 5.

711 2747 732 2762 ¹⁶
743 2746 821 2774 Nunt.
836 2755 902 2780 χχιι,
915 2747 959 2773 55.

896 2231 995 2258 mentis
1012 2234 1038 2257 el.
1054 2229 1136 2256 animi
1157 2238 1164 2257 :
1188 2235 1250 2256 tunc
1272 2228 1406 2262 intelliges
1423 2236 1503 2262 quam
1525 2228 1601 2253 boum
1619 2231 1682 2253 sunt

895 2278 992 2304 domus
1022 2275 1122 2308 Iacob,
1139 2280 1166 2302 et
1191 2282 1270 2310 quam
1296 2274 1366 2301 bona
1390 2272 1564 2300 tabernacula
1587 2272 1681 2298 Israel.

895 2323 972 2357 Quod
994 2322 1016 2349 si
1041 2326 1068 2348 et
1083 2320 1251 2348 diﬂ'crenlias
1276 2320 1434 2350 domorum,
1452 2324 1479 2346 et
1496 2317 1683 2345 tabernaculo-

896 2376 955 2395 rum
973 2367 1106 2402 requiras,
1123 2371 1149 2394 ct
1163 2366 1247 2393 Jacob
1273 2371 1354 2399 atque
1377 2364 1459 2391 Israel
1484 2364 1680 2394 diversitatem,

896 2414 977 2441 etiant
994 2413 1026 2440 de
1041 2414 1090 2439 hoc
1106 2412 1166 2439 talis
1187 2411 1309 2446 quaedam
1328 2410 1449 2437 habenda
1475 2408 1612 2436 distinctio
1628 2412 1678 2432 est.

897 2459 995 2486 Domus
1016 2465 1059 2485 res
1078 2462 1119 2485 cst
1139 2457 1260 2487 fundata,
1285 2464 1316 2483 ac
1336 2455 1449 2485 stabilis,
1476 2458 1502 2480 ct
1524 2453 1605 2479 certis
1627 2458 1681 2478 ter-

896 2505 976 2532 minis
991 2510 1077 2538 septa.
1090 2501 1275 2529 Tabernacula
1292 2505 1428 2527 verosunt
1441 2497 1593 2525 habitacula
1607 2503 1681 2529 qua:-

896 2551 957 2577 dam
975 2556 1080 2581 eorum,
1091 2548 1134 2582 qui
1152 2554 1259 2581 semper
1276 2546 1301 2572 itt
1319 2545 1362 2571 via
1378 2548 1489 2575 sunt,ct
1507 2549 1611 2575 semper
1625 2549 1681 2567 am-

895 2595 999 2626 bulant,
1013 2601 1061 2620 nec
1079 2592 1185 2619 itineris
1199 2592 1240 2619 sui
1256 2591 1398 2618 termintnn
1413 2591 1580 2622 repererunt.
1599 2585 1682 2620 Igitur

896 2641 980 2669 Jaeoh
997 2639 1137 2667 habendus
1151 2638 1234 2666 estin
1253 2643 1347 2664 eorum
1363 2634 1495 2670 personis,
1509 2633 1553 2667 qui
1575 2632 1600 2658 in
1617 2631 1681 2658 acti-

1300 2706 1322 2721 ¹¹
1333 2705 1409 2732 Joan.
1427 2712 1464 2735 lx,
1477 2703 1521 2730 59.
1561 2703 1583 2719 ¹¹
1595 2701 1680 2730 Exod.

902 2712 922 2728 '°
937 2711 1001 2738 ibid.
1015 2711 1042 2736 7.
1080 2709 1100 2724 "
1115 2709 1180 2735 ibid.
1195 2706 1221 2739 ϐ,
1234 2706 1261 2733 7.
1300 2706 1322 2721 ¹¹
1333 2706 1409 2732 Joan.
1427 2712 1464 2735 lx,
1477 2706 1504 2730 5i

915 2747 949 2767 ar.
999 2746 1018 2762 ιτ
1034 2744 1111 2767 Νιιιιι.
1125 2749 1198 2767 mr.
1214 2742 1240 2767 5.
1255 2741 1281 2767 6.
1323 2741 1364 2766 "’l
1380 2740 1441 2767 Cor.
1461 2746 1504 2766 xv.

999 2746 1018 2762 ιτ
1032 2744 1111 2772 Nutu.
1125 2749 1198 2775 xxiv,
1214 2742 1240 2775 5,
1255 2741 1281 2769 6.

86 2835 142 2872 (75)
159 2834 292 2871 Imagine.
313 2833 359 2862 Sic
374 2840 438 2862 mss.
453 2833 531 2861 Lihb.
544 2832 621 2866 editi,
640 2841 649 2858 ‹
667 2831 873 2866 imaginatione.
890 2840 900 2856 ι
