1886 3051
224 118 272 145 707

958 114 1118 142 ORIGENIS
1786 114 1827 140 703

222 175 273 202 bus
291 179 317 202 et
338 180 419 208 opere
434 173 546 209 perfecti
562 178 626 201 sunt
645 182 652 200 :
669 173 751 200 Israel
772 179 836 200 vero
855 172 892 199 illi
909 171 1006 199 intelli-
1022 179 1043 204 Α
1060 174 1169 198 sanctus
1186 177 1239 197 non
1255 169 1341 197 solum
1353 169 1412 204 ipse
1426 167 1524 196 ﬂuvius
1538 168 1583 201 sil,
1598 169 1645 196 sed
1662 172 1688 196 et
1702 168 1734 196 iis
1746 168 1825 203 quibus

221 222 301 257 gendi
319 226 389 252 sunt,
406 222 451 255 qui
467 220 584 248 studium
606 228 668 255 erga
687 219 848 254 sapientiam
865 226 898 246 ac
918 218 1006 246 scien-

225 269 290 294 tiam
303 272 409 303 gerunt.
430 267 497 299 Quia
513 272 579 300 ergo
591 273 702 299 operum
720 270 914 300 gestorumque
927 271 1005 291 exer-

222 312 287 339 citia
301 316 375 338 certo
391 311 444 338 ﬁuc
470 310 635 337 clauduntur
659 313 760 344 (neque
776 310 849 336 enim
876 309 936 337 sine
952 308 1007 336 ﬁne

223 362 264 384 est
281 363 390 391 operum
407 355 558 391 perfectio),
573 355 617 382 ubi
635 355 823 389 adimplcverit
837 356 896 389 quis
915 354 1006 381 omnia

222 411 282 436 qua:
293 402 381 428 facere
398 401 500 433 debuit,
517 406 544 428 et
561 402 594 428 ad
611 401 690 428 ﬂnem
705 400 882 435 perfectionis
894 407 1005 435 operum

222 447 337 478 venerit,
361 447 493 481 perfectio
511 447 568 481 ipsa
589 454 718 481 operutn,
733 446 804 472 bona
829 446 923 473 domus
946 446 1006 480 ejus

222 500 283 520 esse
296 492 411 519 dicetur.
426 492 527 519 Eorum
543 499 606 519 vero
622 492 668 526 qui
686 491 825 525 sapientia:
840 496 866 518 et
886 491 1007 518 scientia:

221 547 332 574 operarii
350 539 426 571 daut,
451 538 579 572 quoniam
604 537 665 564 ﬂnis
688 537 778 564 nulltts
794 541 836 564 est
849 537 921 572 (quis
933 535 1005 563 enim

223 585 353 612 terminus
371 585 417 611 Dei
435 585 575 619 sapientite
597 584 648 610 erit
670 584 740 610 ?ubi
765 587 865 617 qttanto
891 582 1006 616 amplius

221 631 283 665 quis
298 630 451 661 accesserit,
470 635 544 656 tanto
559 628 734 663 profundiora
750 628 912 658 inveniet,ct
924 635 1006 660 quatt-

223 682 250 703 to
267 676 354 711 magis
365 681 501 703 scrutatus
515 675 607 707 fuerit,
622 679 697 700 tanto
725 681 755 700 ea
777 673 954 700 incﬂ‘abiliora
980 676 1006 699 et

222 720 536 755 incomprehensibiliora
557 720 752 753 deprehendet,
771 718 1006 752 incomprehensi—

222 767 283 794 bilis
295 767 400 794 enimet
410 765 607 793 imestimabilis
623 770 665 792 est
676 765 720 791 Dei
733 764 887 799 sapientia),
903 763 1006 790 idcirco

221 818 315 837 eorum
345 811 389 844 qui
410 810 462 837 itcr
490 809 630 843 sapientia:
653 809 698 835 Dei
722 808 864 838 inecdunt,
886 815 937 834 non
956 807 1005 833 do-

1063 218 1143 244 datus
1155 216 1247 247 fuerit,
1265 216 1373 243 ﬂumina
1396 216 1430 243 de
1444 219 1543 242 ventre
1561 221 1656 242 eorum
1675 216 1826 250 procedant:

1061 266 1086 288 et
1101 261 1172 288 Deus
1188 260 1270 288 Pater
1286 260 1358 287 dicat
1369 260 1392 276 '°
1409 267 1415 284 :
1429 269 1439 285 ι
1459 258 1502 286 Me
1514 259 1719 294 dereliquerunt
1742 259 1827 286 fontem

1059 314 1136 340 aqua:
1152 307 1229 338 vivae,
1242 316 1250 332 ι
1265 313 1297 332 ex
1309 313 1363 340 quo
1379 306 1484 334 scilicet
1497 305 1572 333 fonte
1590 305 1701 332 ﬂumina
1717 306 1765 333 ista
1777 313 1828 340 pro-

1059 353 1169 379 cedunt.
1187 351 1233 378 llis
1251 351 1331 386 igitur
1347 352 1474 378 inundata
1497 351 1655 378 ﬂuminibus
1672 350 1826 378 tabernacula

1061 398 1154 429 Israel,
1169 398 1236 424 ﬁunt
1261 396 1436 424 tabernacula
1459 398 1531 424 sicut
1561 402 1622 425 sunt
1640 397 1683 424 illa
1705 404 1761 431 qum
1781 397 1828 422 ﬁxit

1061 443 1201 470 Dominus.
1223 442 1276 470 Sed
1299 443 1432 469 intentum
1461 441 1589 469 forta;sis
1615 449 1723 468 movere
1744 443 1829 476 poterit

1060 489 1220 519 auditorem,
1237 488 1307 522 quod
1323 488 1390 515 duas
1404 488 1535 523 quasdam
1557 487 1662 522 species
1683 486 1827 514 tabernacu-

1060 533 1146 559 lorum
1166 541 1285 567 przrsens
1311 540 1402 560 sermo
1418 537 1624 560 commemorat.
1648 531 1692 559 Ait
1709 532 1775 558 enim
1787 531 1806 546 “
1820 539 1825 557 :

1062 589 1070 606 α
1091 580 1178 612 Quam
1203 579 1278 606 bona:
1302 579 1398 606 domus
1419 578 1585 610 tuanacob,
1608 577 1828 605 tabernaculatua.

1059 625 1157 652 Israel!
1175 625 1206 652 Ut
1228 632 1339 652 nemora
1358 624 1523 658 umbrantia,
1538 629 1566 651 et
1581 628 1608 650 ut
1624 623 1741 658 paradii
1760 629 1826 656 super

1059 671 1180 698 ﬂutnina.
1193 680 1202 696 ι
1217 671 1248 697 Ει
1261 678 1368 697 rursnm
1385 670 1559 698 tabernacula
1574 669 1756 698 tabernaculis
1766 676 1826 695 cont-

1059 721 1183 750 parat,et
1200 717 1265 744 dicit
1282 725 1310 744 ε(
1326 716 1358 743 Ει
1373 717 1443 744 sicut
1456 717 1629 743 tabernacula
1643 723 1703 750 ιμιεε
1718 715 1771 741 ﬁxit
1786 714 1827 741 Do-

1060 763 1161 790 minus.
1183 772 1192 788 »
1209 762 1301 790 Potest
1317 771 1382 798 ergo
1394 767 1421 790 et
1437 763 1491 790 alia
1514 767 1574 797 post
1589 763 1649 789 illas
1670 770 1736 797 quas
1760 769 1827 796 supra

1059 809 1233 842 protulitnus,
1251 809 1332 844 recipi
1349 809 1492 844 expositio,
1510 813 1540 836 ιιι
1553 809 1675 836 dicamus
1689 808 1779 835 domus
1789 807 1827 833 «ΙΑ-

223 864 281 883 mos
300 856 400 887 laudat,
414 863 467 882 non
486 855 558 881 enim
584 857 765 888 pervenerunt
789 853 821 879 ad
848 852 944 884 ﬁnem,
962 852 1007 878 sed
1024 854 1045 881 Β
1060 854 1111 881 cob
1135 861 1194 881 esse
1222 854 1320 889 legem,
1338 861 1366 882 et
1385 855 1557 882 tabernacula
1579 854 1661 882 Israel
1689 855 1827 888 prophetas.

222 901 400 929 tabernacula
426 901 551 931 miratur,
564 899 590 926 in
613 898 711 932 quibus
737 905 843 932 semper
856 897 1007 930 ambulant,

223 952 251 974 et
276 954 383 981 semper
409 945 564 980 proﬁciunt,
582 948 609 971 et
623 948 725 979 quanto
750 944 836 976 magis
850 943 1006 978 proﬁciunt,

223 997 300 1020 tanto
315 993 355 1020 eis
374 991 530 1026 proﬁciendi
546 991 586 1017 via
602 995 725 1024 augetur,
739 993 765 1016 ct
782 989 942 1016 immensum
955 994 1010 1015 tcu-

223 1039 314 1070 ditur;
332 1043 359 1065 et
378 1038 438 1065 ideo
453 1037 518 1064 istos
537 1036 611 1070 ipsos
631 1035 767 1070 profectus
784 1042 877 1061 eorum
897 1041 945 1068 per
957 1035 1009 1068 spi-

223 1085 302 1110 ritum
321 1088 463 1113 contuens.
486 1081 660 1109 tabernacula
681 1088 712 1107 ea
734 1080 855 1107 nominat
871 1080 962 1107 Israel.
976 1080 1010 1107 Et

221 1137 283 1156 vere
295 1129 316 1156 si
331 1128 392 1163 quis
405 1127 526 1155 scientiae
549 1126 622 1161 capit
635 1126 740 1160 aliquos
757 1126 906 1160 profectus,
920 1131 947 1153 ct
962 1134 1010 1153 ex-

222 1175 361 1209 perimenti
375 1174 474 1209 aliquid
497 1174 523 1200 in
549 1172 646 1199 talibus
670 1174 803 1206 sumpsit,
819 1173 870 1200 scit
888 1172 1009 1207 profecto

221 1221 291 1255 quod
308 1220 351 1247 uhi
378 1221 411 1246 ad
431 1219 549 1254 aliquam
578 1223 687 1245 ventum
711 1218 792 1244 fuerit
821 1218 964 1250 theoriatn,
981 1223 1010 1245 ct

221 1267 385 1301 agnitionem
399 1266 589 1300 mysteriorum
601 1264 774 1298 spiritaliutu,
786 1264 822 1290 ibi
837 1264 927 1290 anima
940 1271 1009 1298 qna-

223 1312 243 1338 si
261 1312 287 1338 in
304 1311 420 1345 quodam
440 1310 617 1337 tabernaculo
632 1310 799 1337 demoratur.
817 1309 884 1336 Cum
898 1316 962 1336 vero
975 1316 1009 1336 ex

223 1357 264 1383 Itis
281 1364 340 1390 qum
356 1356 466 1390 reperit,
479 1356 530 1383 alia
544 1363 638 1384 rursus
650 1357 774 1387 rimatur,
786 1359 812 1382 et
822 1355 854 1381 ad
869 1354 935 1382 alios
947 1362 1009 1389 pro-

223 1402 278 1430 ﬁcit
294 1402 456 1436 intellectus,
469 1403 530 1430 inde
548 1404 624 1437 quasi
637 1402 743 1429 elevato
757 1401 930 1428 tabernaculo
949 1406 992 1427 ten
1003 1416 1011 1420 ‘

223 1448 263 1475 dit
276 1450 309 1475 ad
330 1449 481 1483 superiora,
503 1452 531 1475 et
546 1448 581 1475 ibi
605 1447 816 1475 collocatanimi
837 1448 1011 1479 sedetn,sen-

223 1502 301 1521 suum
317 1494 466 1521 stabilitate
484 1493 621 1522 conﬁxam
639 1503 645 1521 :
661 1498 688 1521 et
703 1493 765 1520 inde
783 1494 879 1520 iterum
895 1500 927 1520 ex
945 1494 1010 1528 ipsis

222 1540 290 1568 alios
316 1539 421 1566 invenit
442 1539 579 1574 spiritales
605 1546 712 1571 sensus,
733 1546 801 1573 quos
817 1539 937 1573 priorum
951 1539 1011 1565 sine

224 1585 305 1612 dubio
315 1592 445 1612 sensuum
461 1585 652 1619 consequentia
667 1585 826 1620 patefecerit
839 1595 844 1611 :
855 1589 880 1612 et
892 1585 928 1611 ita
939 1592 1007 1611 sent-

222 1638 270 1665 per
286 1638 317 1658 se
332 1631 365 1657 ad
391 1631 483 1665 priora
500 1631 666 1663 extendens,
693 1630 871 1658 tabernaculis
896 1630 1011 1664 quibus-

223 1676 284 1703 dam
301 1677 408 1703 videtur
428 1676 565 1704 incedere.
581 1676 724 1711 Nunquam
745 1682 787 1704 est
808 1676 881 1703 enim
902 1676 1010 1710 quando

223 1722 314 1749 anima
342 1722 463 1750 scientiae
490 1715 609 1758 igniculo
627 1730 758 1750 succensa
783 1722 863 1750 otiari
888 1723 970 1754 possit
983 1727 1011 1750 et

223 1767 374 1801 quiescere,
385 1768 432 1795 sed
448 1775 556 1802 semper
569 1775 584 1794 a
596 1768 674 1795 bonis
688 1769 721 1795 ad
739 1768 862 1800 meliora,
873 1774 901 1795 et
915 1769 1010 1796 iterum

223 1813 256 1840 ad
273 1813 413 1848 superiora
428 1821 442 1840 a
458 1814 616 1841 melioribus
631 1819 807 1848 provocatur.
821 1813 878 1841 Iloc
892 1821 955 1849 ergo
971 1821 1015 1841 sa-

223 1860 331 1893 pientiae
344 1859 390 1886 Dei
416 1860 468 1887 iter
488 1864 565 1894 grate
589 1860 665 1892 satis,
677 1864 704 1887 et
721 1867 780 1887 cum
802 1860 886 1887 multo
914 1861 1012 1886 decore

223 1905 367 1940 descripsit
382 1905 477 1932 dicens
491 1905 512 1920 “'
529 1913 536 1930 :
551 1914 560 1930 ι
579 1904 614 1932 Ut
634 1912 744 1932 nemora
768 1905 969 1938 obumbrantia,
986 1908 1013 1931 et

223 1955 254 1978 ut
268 1951 385 1985 paradisi
401 1958 484 1985 super
497 1950 619 1981 flumina,
633 1955 661 1977 et
674 1950 745 1978 sicut
761 1951 934 1978 tabernacula
952 1958 1013 1984 quae

225 1995 283 2023 ﬁxit
299 1996 441 2029 Dominus,
459 1997 529 2023 sicut
546 1996 619 2024 cedri
636 1996 711 2030 juxta
729 2003 823 2030 aquas.
846 2005 855 2022 ι
872 1995 922 2028 Qui
939 1997 1012 2022 enim

225 2042 353 2068 incedunt
377 2042 429 2068 hac
451 2042 512 2074 via,
528 2050 575 2076 per
595 2049 705 2069 nemora
732 2041 923 2068 obumbrantia
942 2041 1014 2068 incc-

226 2086 302 2113 dunt.
316 2085 430 2113 Nemora
445 2086 518 2113 enim
532 2091 595 2114 sunt
605 2086 646 2114 eis
658 2086 859 2118 obumbrantia,
872 2086 961 2113 omnis
970 2086 1014 2120 ju-

225 2138 331 2160 storum
347 2138 451 2167 cretus,
469 2138 497 2161 et
515 2138 669 2161 sanctorum
693 2134 887 2168 prophetarum
903 2133 1014 2160 chorus.

1059 899 1118 926 Non
1132 900 1204 926 enim
1219 900 1306 934 ipsum
1321 900 1414 933 Jacoh,
1430 901 1477 928 sed
1492 901 1588 928 domus
1597 900 1654 935 ejus
1665 900 1757 927 laudat
1770 909 1776 926 :
1789 906 1829 926 nec

1058 945 1144 977 ipsum
1158 945 1251 978 Israel,
1265 946 1312 974 sed
1341 946 1515 974 tabernacula
1529 946 1598 980 ejus,
1621 951 1649 974 et
1665 951 1730 973 tunc
1743 953 1771 972 ca
1785 945 1829 971 lau-

1059 990 1116 1022 dat,
1128 998 1188 1018 cum
1203 991 1314 1018 revelati
1329 996 1393 1019 sunt
1402 992 1474 1019 oculi
1490 993 1557 1025 ejus.
1572 991 1699 1025 Quaudiu
1716 991 1781 1018 enim
1794 997 1830 1015 ve-

1059 1036 1146 1063 latnen
1178 1037 1295 1071 positum
1314 1041 1356 1064 est
1382 1044 1465 1071 super
1489 1038 1632 1064 lectionem
1652 1036 1720 1071 legis
1739 1041 1764 1063 et
1779 1042 1829 1070 pro-

1059 1082 1212 1116 phetarum,
1228 1090 1280 1109 non
1301 1083 1426 1110 videntur
1438 1083 1507 1110 bona
1521 1082 1708 1114 tabernacula,
1724 1089 1769 1108 nec
1783 1081 1831 1107 lau-

1059 1126 1164 1154 dabiles
1179 1126 1284 1154 domus.
1306 1126 1355 1154 Ubi
1371 1132 1462 1154 autem
1484 1127 1603 1155 ablatura
1618 1127 1703 1154 fuerit
1716 1126 1832 1156 velamen,

1060 1176 1086 1200 et
1106 1172 1218 1207 intelligi
1244 1173 1358 1207 coeperit
1385 1173 1427 1200 lex
1445 1173 1509 1208 quia
1537 1172 1669 1207 spiritalis
1685 1175 1770 1200 θείνει
1782 1178 1834 1204 ι)το-

1061 1219 1148 1252 pheta:
1165 1226 1172 1244 :
1189 1223 1251 1246 tunc
1269 1219 1345 1245 honre
1361 1223 1388 1246 et
1405 1219 1581 1246 admirabiles
1602 1219 1700 1246 domus
1715 1217 1801 1249 Iacob,
1813 1221 1836 1242 cl

1060 1270 1124 1292 tunc
1155 1264 1315 1291 admiranda
1343 1269 1424 1291 erunt
1452 1264 1627 1291 tabernacula
1658 1263 1760 1296 Israel,
1783 1270 1834 1290 cunt

1061 1315 1148 1337 amota
1161 1310 1251 1337 littera
1264 1317 1325 1345 qua:
1341 1310 1452 1342 occidit,
1465 1309 1646 1337 vivificantem
1657 1318 1692 1337 ex
1707 1310 1745 1337 eis
1762 1309 1836 1343 perci-

1061 1362 1124 1389 pere
1146 1355 1273 1389 spiritum
1293 1354 1420 1388 caeperis.
1441 1353 1532 1381 Potest
1550 1353 1637 1380 adhuc
1657 1358 1687 1380 et
1702 1352 1754 1379 alio
1769 1351 1835 1378 modo

1061 1400 1184 1435 intelligi,
1198 1405 1226 1427 ut
1242 1400 1331 1434 populi
1342 1400 1477 1427 credentis
1489 1404 1517 1426 et
1527 1398 1638 1433 perfecti
1651 1398 1744 1434 hujus,
1757 1397 1798 1432 qui
1810 1395 1834 1422 ad

1061 1445 1198 1474 Christum
1213 1455 1246 1474 cx
1259 1447 1385 1481 gentibus
1407 1450 1585 1480 congregatus
1606 1449 1649 1472 est
1659 1465 1668 1476 ,
1685 1452 1794 1480 corpora
1807 1443 1836 1469 si-

1064 1494 1118 1521 tnul
1135 1494 1235 1521 laudari
1250 1494 1393 1521 videantur
1409 1497 1437 1520 et
1455 1494 1553 1520 animat
1568 1500 1575 1518 :
1591 1497 1618 1519 et
1637 1490 1725 1519 Jacob
1741 1491 1834 1525 quidem

1063 1541 1158 1567 domus
1175 1540 1208 1567 de
1235 1540 1395 1574 corporibus
1424 1539 1547 1572 dicatur,
1563 1539 1635 1566 sicut
1655 1543 1685 1565 et
1712 1539 1737 1565 in
1760 1537 1836 1564 libello

1061 1587 1175 1621 quodam
1193 1587 1302 1620 legitur,
1317 1587 1379 1621 quia
1402 1586 1489 1613 Jacob
1504 1586 1599 1613 domus
1614 1585 1650 1612 sit
1671 1585 1755 1612 Israel
1769 1593 1776 1610 :
1796 1584 1837 1610 hoc

1061 1637 1114 1665 est,
1126 1641 1223 1668 corpus
1233 1632 1290 1666 ejus
1298 1631 1382 1659 Iacob
1397 1632 1514 1665 dicatur,
1526 1635 1552 1658 et
1562 1631 1652 1658 anima
1666 1629 1758 1658 Israel.
1771 1629 1839 1656 Sinti-

1063 1678 1162 1706 militer
1187 1685 1251 1712 ergo
1273 1682 1300 1705 et
1324 1676 1505 1712 perfecturum
1535 1682 1708 1710 qttorumque
1738 1680 1838 1708 corpon

1063 1723 1212 1750 laudabiles
1223 1723 1317 1749 domus
1330 1729 1391 1749 esse
1404 1720 1632 1748 dicantnrJacoh
1647 1726 1693 1748 est
1707 1721 1777 1748 enim
1789 1726 1841 1745 cor-

1062 1778 1112 1805 pus
1136 1769 1280 1801 laudabile,
1296 1776 1358 1796 cutn
1379 1767 1562 1800 continentia,
1577 1772 1605 1794 et
1630 1767 1768 1798 castitate,
1783 1772 1839 1792 non-

1064 1823 1200 1850 nunquam
1214 1820 1304 1842 atttem
1317 1815 1399 1841 etiam
1418 1821 1480 1841 cum
1497 1813 1580 1848 338
1595 1813 1728 1848 martyrio
1743 1812 1842 1840 decora—

1065 1867 1120 1889 tur.
1136 1860 1322 1888 Tabernacula
1341 1867 1407 1887 vero
1427 1859 1461 1886 ad
1484 1860 1589 1886 animas
1603 1857 1741 1893 perfectas
1758 1855 1840 1884 referri

1065 1911 1189 1941 possunt,
1203 1906 1301 1941 quibus
1315 1911 1341 1933 et
1361 1911 1459 1932 nomen
1472 1913 1487 1931 a
1500 1904 1616 1931 videndo
1632 1903 1718 1930 Deum
1728 1901 1842 1930 convenit

1065 1952 1169 1980 Isracli.
1184 1952 1236 1979 Ista
1254 1956 1344 1978 autem
1361 1950 1536 1978 tabernacula
1548 1954 1621 1982 sttnt,
1637 1949 1737 1984 inquit,
1758 1957 1767 1974 ι
1783 1947 1843 1974 sicut

1065 2006 1175 2025 nemora
1193 1997 1395 2029 umbrantia,et
1412 1997 1484 2024 sicut.
1500 1995 1619 2031 paradisi
1631 2003 1716 2030 super
1730 1994 1841 2023 flumina,

1064 2049 1091 2071 et
1105 2044 1176 2071 sicut
1190 2043 1366 2071 tabernacula
1382 2049 1443 2077 quae
1458 2042 1516 2068 ﬁxit
1533 2041 1613 2068 Deus.
1630 2049 1640 2066 ι
1659 2041 1721 2068 Alia
1737 2046 1797 2074 ergo
1808 2044 1842 2064 ta-

1065 2089 1207 2116 bernacula
1221 2089 1340 2116 ostendit
1358 2094 1420 2116 esse
1443 2094 1503 2121 quae
1524 2087 1582 2113 ﬁxit
1599 2086 1742 2118 Dominus,
1758 2084 1843 2119 quibus

1065 2135 1120 2162 sint
1133 2134 1230 2162 similia
1247 2133 1422 2161 tabernacula
1436 2132 1527 2160 Israel.
1543 2131 1625 2158 Extra
1640 2131 1717 2159 hunc
1729 2129 1841 2157 mundum

227 2179 283 2207 Sub
299 2180 393 2206 tunbra
404 2180 476 2207 enirn
492 2187 632 2212 sensuum,
649 2187 718 2214 quos
734 2179 804 2214 apud
823 2179 883 2207 illos
897 2180 1013 2214 scriptos
1030 2193 1051 2220 ο
1067 2188 1110 2208 me
1125 2180 1249 2215 progredi
1267 2179 1403 2210 convenit,
1418 2183 1447 2205 ut
1461 2178 1567 2204 rideam
1581 2184 1641 2212 quae
1658 2177 1715 2204 sint
1731 2176 1843 2203 taberna-

227 2225 380 2258 inveniunt,
406 2224 604 2260 refrigerantur
621 2225 719 2252 animae
736 2225 865 2259 ipsorum,
879 2229 907 2252 et
929 2225 956 2251 in
970 2225 1015 2252 do-

227 2271 322 2298 ctrinis
343 2275 437 2298 eorum
458 2271 537 2305 quasi
565 2270 722 2298 incedentes
742 2277 789 2305 per
815 2277 898 2305 opaca
922 2277 1016 2297 nemo-

229 2324 288 2343 rum
315 2316 497 2349 delectantur,
521 2321 548 2344 et
568 2316 638 2344 sicut
662 2316 781 2351 paradisi
807 2323 888 2351 super
904 2316 1015 2343 Ilttmina

228 2359 412 2387 Inveniuntur.
429 2360 473 2388 [sti
493 2360 567 2388 enim
591 2361 709 2396 paradisi
727 2369 808 2396 super
833 2361 960 2394 ﬂumina,
977 2361 1016 2388 si-

228 2406 305 2433 miles
314 2407 454 2442 etcognati
465 2413 527 2434 sunt
538 2407 574 2434 illi
587 2408 713 2442 paradiso
730 2408 755 2435 in
769 2415 823 2443 quo
839 2408 940 2443 lignum
954 2407 1015 2434 vitae

228 2457 281 2479 est.
304 2451 427 2479 Flumina
452 2460 515 2480 vero
531 2461 674 2488 possumus
691 2453 734 2480 vel
758 2453 915 2488 Scripturas
932 2460 1016 2480 evan-

229 2498 329 2533 gelicas
350 2503 431 2534 atque
451 2499 614 2534 apostolicas
626 2500 760 2533 accipere,
779 2499 823 2525 vel
837 2498 916 2525 etiam
932 2505 1015 2532 ange-

229 2544 328 2577 lorum,
345 2545 385 2573 vel
401 2545 553 2573 ctnlestium
570 2545 700 2572 virtutum
712 2552 775 2579 erga
791 2543 944 2577 lmjusmodi
957 2543 1016 2570 arti-

230 2599 288 2617 ntas
303 2590 435 2625 adjutoria
454 2599 462 2618 :
486 2591 607 2627 rigantur
623 2592 696 2618 enim
715 2591 750 2618 ab
765 2590 817 2617 illis
831 2594 859 2616 et
880 2590 1010 2617 inundan.

231 2639 284 2668 tur.
294 2642 374 2670 atque
385 2637 418 2664 ad
431 2644 540 2664 omnem
552 2637 697 2664 scientiam
707 2641 735 2664 ct
746 2636 911 2671 agnitionem
923 2642 1014 2662 rerum

230 2681 380 2709 cmlestium
393 2683 551 2710 nutriuntur
567 2691 575 2710 :
589 2682 715 2717 quamvis
734 2687 760 2709 et
777 2682 905 2709 Salvator
923 2685 1015 2708 noster

231 2726 327 2753 lluvius
344 2727 378 2753 sit
399 2728 445 2762 qui
463 2728 583 2756 laetificat
604 2729 744 2756 civitatem
765 2727 812 2755 Dei
828 2733 836 2753 ε
851 2731 877 2754 et
894 2726 1014 2760 Spiritus

269 2805 289 2820 "
307 2805 384 2833 Nutu.
400 2815 472 2840 xxrv,
491 2809 517 2835 6.
555 2810 577 2824 ¹⁰
589 2809 642 2836 Ιιξτ.
659 2818 689 2843 ιι,
703 2810 744 2837 17).

784 2810 805 2825 ²¹
818 2809 886 2836 Nunt
902 2817 974 2841 xxiv,
989 2808 1015 2842 5,
1037 2808 1062 2833 ti.

1067 2227 1128 2254 cula
1148 2233 1209 2260 quae
1234 2225 1291 2252 llxit
1315 2225 1454 2252 Dominus.
1473 2223 1518 2250 Illa
1543 2223 1671 2250 nimirum
1700 2227 1772 2253 sunt,
1795 2226 1844 2254 qua

1067 2272 1188 2299 ostendit.
1209 2271 1293 2306 Moysi
1316 2277 1377 2298 cum
1398 2269 1608 2297 tabernaculum
1632 2271 1803 2295 construeret
1822 2266 1844 2291 in

1067 2317 1189 2349 deserto,
1208 2317 1301 2343 dit-ens
1315 2317 1348 2343 ad
1360 2323 1439 2344 eum:
1454 2325 1463 2341 ι
1478 2315 1553 2347 Vide,
1574 2315 1662 2349 inquit
1674 2314 1711 2348 “,
1725 2318 1753 2340 ut
1772 2311 1844 2339 facias

1067 2363 1159 2390 omnia
1176 2363 1324 2390 secundum
1353 2367 1445 2397 typum
1474 2362 1519 2396 qui
1549 2365 1678 2388 ostensus
1701 2365 1745 2387 est
1764 2358 1807 2385 tibi
1823 2357 1844 2383 in

1069 2413 1171 2436 monte.
1190 2417 1200 2434 ι
1223 2407 1262 2435 Ad
1280 2407 1460 2435 imitationem
1475 2414 1543 2441 ergo
1564 2406 1680 2434 istorum
1695 2405 1846 2433 tabernacu—

1069 2455 1153 2481 lorum
1166 2461 1225 2488 qme
1239 2453 1297 2480 fixit
1310 2453 1440 2481 Dominus
1456 2452 1551 2485 Israel,
1563 2452 1696 2487 iubentur
1708 2451 1798 2479 facere
1812 2454 1845 2475 ta-

1068 2500 1226 2532 bernacula,
1240 2504 1267 2526 et
1280 2499 1464 2534 unusquisque
1480 2502 1604 2525 nostrum
1619 2497 1760 2531 expedire,
1776 2500 1801 2522 et
1811 2494 1844 2520 fa-

1069 2546 1177 2573 bricare
1190 2545 1395 2572 tabernaculum
1411 2552 1500 2571 suum.
1510 2543 1586 2571 Unde
1602 2542 1668 2570 mihi
1682 2543 1789 2569 videtur
1801 2546 1846 2566 non

1069 2591 1181 2618 fortuitu
1194 2590 1360 2625 centigisse,
1374 2594 1403 2616 ut
1419 2589 1516 2617 Petrus
1538 2588 1659 2623 quidem,
1678 2592 1708 2616 et
1725 2588 1847 2615 Andreas.

1068 2641 1095 2663 et
1110 2635 1156 2662 ﬁlii
1174 2635 1310 2667 Zebedtei,
1325 2639 1386 2662 arte
1403 2635 1554 2670 piscatores
1573 2633 1772 2664 invenirentur,
1786 2630 1847 2658 Pau-

1069 2682 1111 2709 lus
1123 2688 1190 2709 vero
1210 2686 1269 2709 arte
1284 2681 1359 2708 faber
1375 2681 1622 2708 tabernaculorum.
1636 2679 1668 2707 Et
1681 2679 1747 2713 quia
1760 2677 1797 2705 illi
1810 2682 1848 2701 vo-

1069 2727 1122 2754 cati
1148 2727 1181 2754 ab
1202 2731 1262 2753 arte
1288 2725 1482 2761 capiendorntn
1510 2724 1623 2759 piscium
1637 2743 1644 2757 ,
1663 2725 1805 2750 mutantur
1826 2720 1850 2744 el

1107 2809 1128 2824 "
1143 2808 1227 2835 Exod.
1243 2807 1354 2840 κιννιο.
