1886 3051
38 106 86 133 709
589 104 622 131 lN
642 103 808 131 uuuunos
826 86 968 131 llOMlLlA
985 104 1068 132 xvu.
1613 107 1663 136 7w

39 165 103 190 tiuut
116 161 267 197 piscatores
281 160 433 194 hominum,
449 160 557 189 dicente
570 161 684 188 Domino
696 162 736 189 ’δε
752 171 760 187 t
775 161 826 188 Ve-
842 163 862 191 A
880 162 961 189 Immo
972 163 1004 190 dc
1021 163 1124 190 semine
1144 163 1202 198 ejtts
1214 168 1239 191 ct
1252 164 1436 192 dominabitur
1451 165 1576 201 gentibus
1595 167 1664 194 mul-

38 210 91 236 uite
106 213 168 244 post
179 213 261 238 mc,et
281 207 377 234 faciam
394 213 444 233 vos
466 207 617 240 piscatores
635 208 772 234 hominum
787 216 793 240 ;
812 217 821 233 ›
882 208 918 235 tis
931 212 957 235 et
975 209 1139 236 exultat-itur
1158 209 1215 245 Gng
1233 218 1344 244 regnum
1361 211 1436 245 ejus,
1454 216 1480 238 ct
1495 217 1599 239 creseet
1621 221 1664 240 re-

38 262 88 282 uon
105 254 218 282 dubiutn
231 254 297 288 quin
315 258 342 280 et
357 251 463 281 Paulus,
477 253 540 286 quia
559 257 586 280 et
600 253 657 288 ipse
675 260 723 287 per
739 253 826 279 Domi-
877 262 959 288 gnum
978 253 1046 287 ejus.
1063 255 1133 282 Deus
1145 255 1256 282 deduxit
1275 263 1334 282 eum
1351 264 1383 282 ex
1400 256 1516 292 [Egypto
1531 257 1665 293 sicttlglo—

38 308 99 327 uttm
125 305 250 327 nostrttm
276 300 369 327 Jesum
391 300 529 327 Christum
556 304 670 326 vocatus
687 298 826 333 apostolus
878 299 918 326 ria
933 300 1083 326 unicoruis.
1096 310 1104 326 ι
1117 300 1242 328 Christus
1253 309 1317 336 ergo
1335 307 1386 334 est,
1398 303 1443 337 qui
1459 304 1525 331 exiit
1540 305 1572 330 de
1583 305 1665 331 semi—

37 351 87 379 cst,
104 346 188 374 simili
204 346 272 374 artis
297 354 352 373 sua:
368 345 611 373 transformatione
630 349 748 371 mutatus
766 344 802 371 sit
817 352 825 371 ε
878 352 911 371 ne
924 344 1006 372 Israel
1021 347 1168 373 secundum
1186 354 1308 378 carnem,
1326 348 1371 382 qtti
1387 349 1522 382 quomodo
1537 351 1664 383 gentibus

38 392 149 419 utsicut
164 391 201 419 illi
217 399 249 418 ex
271 392 452 426 piscatoribus
467 390 580 425 piscium
603 390 753 424 piscatores
774 388 825 416 ho—
877 389 1042 424 dominetur,
1061 392 1233 425 expositione
1263 399 1317 418 non
1344 393 1457 427 indiget,
1475 394 1593 421 maxime
1618 395 1663 428 qui

37 437 140 465 minum
155 437 217 465 facti
231 442 307 469 sunt,
321 438 356 464 ita
368 441 394 463 et
408 437 459 464 iste
472 443 487 463 a
511 436 643 463 faciendis
662 436 825 462 tabernacu-
878 433 947 468 leget
971 434 1070 462 dictum
1090 435 1114 462 ei
1143 443 1157 462 a
1183 442 1262 471 patre
1277 437 1299 452 "
1318 446 1326 464 :
1346 446 1355 462 t
1375 437 1440 465 Pete
1455 445 1469 464 a
1490 446 1532 465 me
1549 444 1576 466 et
1593 440 1664 466 dabo

37 483 68 510 lis
83 483 213 515 terrenis,
240 484 273 510 ad
296 482 418 511 cuelesuia
445 483 618 510 tabernacula
643 482 823 510 construenda
877 479 925 506 tibi
936 484 1032 514 gemes
1045 480 1229 508 haereditate!“
1242 486 1363 514 ῑυίιῐηιοῑ
1375 483 1574 515 possessionem
1589 489 1661 511 tuam

35 529 189 557 translatus
202 530 247 557 sit.
264 530 402 557 Construit
424 530 496 557 enim
513 529 635 568 etelestia
650 529 824 556 tabernacula
877 525 1008 552 terminos
1030 531 1117 552 teme.
1135 535 1143 552 ι
1160 526 1228 560 Quid
1250 532 1291 554 est
1307 533 1395 554 autent
1412 529 1482 561 quod
1497 529 1544 562 ait,
1561 539 1570 555 «
1587 530 1663 556 exal-

35 574 137 601 doceus
159 581 379 609 unumquemque
398 575 467 601 riam
482 574 587 607 salutis,
601 578 630 601 et
642 575 781 602 beatorum
797 574 823 600 iu
877 570 981 596 labitur
993 570 1048 604 (Ξοὲ
1064 578 1175 606 regnum
1188 572 1262 605 ejus?
1274 582 1283 598 t
1294 573 1351 608 Gog
1363 581 1441 607 super
1454 578 1519 600 lecta
1531 575 1663 609 interpre-

34 617 196 644 etelcstibus
213 617 385 645 mansionum
406 618 457 645 iter
471 619 627 645 ostendens.
640 618 716 646 Facit
735 618 824 646 taber-
877 619 947 641 lalur
964 614 1019 649 (76)
1036 623 1043 641 τ
1065 619 1091 642 et
1116 616 1142 642 in
1162 615 1220 642 loco
1236 617 1287 644 islo
1305 613 1356 644 non
1369 625 1418 652 pro
1441 618 1528 652 gemis
1547 618 1663 652 alicujus

35 663 132 690 uacula
150 664 249 691 Paulus
261 669 287 692 et
301 672 361 691 cum
376 663 409 691 ab
422 663 590 691 Hierusalem
608 665 632 691 in
649 665 762 691 circttitu
776 673 779 690 ι

922 660 992 692 nine,
1021 665 1050 688 ιιι
1077 665 1198 695 putatur,
1214 662 1329 696 positum
1356 667 1408 696 est,
1435 664 1481 690 sed
1508 669 1536 690 ut
1553 665 1579 691 iu
1603 664 1662 692 aliis

34 717 86 743 que
102 710 138 736 ad
157 710 292 745 Illyricum
311 711 398 745 replet
420 709 596 744 Evangeliutn
616 710 675 742 Dei,
690 711 823 738 Ecelesias
876 705 1022 737 nonnullis,
1036 706 1093 740 ipse
1105 714 1193 733 sermo
1205 707 1336 735 Ilcbraeus
1350 716 1401 735 non
1416 708 1607 742 interpretatus
1620 717 1662 737 re-

34 757 220 784 construendo
232 766 239 784 ε
253 761 281 784 et
298 758 348 785 hoc
361 758 440 785 tnodo
456 757 519 784 facit
533 762 560 784 et
574 757 632 791 ipse
648 757 776 784 tabernae

915 756 953 777 ius
970 756 1021 782 est,
1038 757 1065 778 et
1081 752 1114 778 ob
1137 753 1187 779 hoc
1206 754 1282 787 quasi
1301 754 1334 781 de
1355 759 1435 788 gente
1455 754 1544 789 aliqua
1558 755 1659 782 dictqu

34 800 65 827 ad
86 801 295 828 similitudinem
313 803 550 829 tabernaculorum
579 802 740 834 caelestium,
762 809 777 836 q

917 796 993 823 Ictur.
1010 796 1056 823 Est
1079 805 1144 832 ergo
1168 799 1302 825 sermonis
1326 800 1519 833 consequentia
1535 801 1596 827 talis
1612 808 1621 827 :
1635 806 1661 828 et

33 845 154 872 osleudil
172 845 240 873 Deus
258 847 283 873 in
302 852 392 874 monte
404 847 500 882 Moysi.
522 847 574 875 Sed
597 852 623 874 el
639 847 823 882 unusquisque
840 843 860 872 Β
876 841 1040 868 exaltabitur
1057 850 1137 877 super
1159 848 1227 870 tecta
1246 851 1357 878 regnum
1376 844 1444 878 lelS,
1457 851 1485 872 et
1497 851 1600 872 crescet
1619 854 1662 873 νε-

34 895 171 922 nostrum,
191 892 213 918 si
232 892 292 926 quis
311 897 399 920 tamen
411 894 495 920 exim
512 894 545 920 de
558 892 686 928 Egypto'
704 898 731 919 ει
744 893 821 920 iiabi.
874 896 955 923 gnum
970 888 1039 922 ejus.
1057 888 1175 916 Exaltari
1191 895 1281 916 autem
1295 897 1375 924 super
1389 895 1459 918 tecta
1472 891 1504 918 de
1518 891 1662 925 perfectio-

34 941 71 963 tat
92 936 123 962 in
151 937 270 970 deserto,
287 938 312 965 in
337 939 514 967 tabernaculo
537 939 617 966 debet,
638 939 780 971 habitare,
796 943 823 965 et
875 940 907 960 ue
920 934 1086 960 credentium
1102 935 1210 967 dicitur,
1226 942 1349 963 crescere
1367 939 1456 962 autern
1479 936 1511 962 ad
1537 936 1660 963 multitu-

34 982 102 1009 tlietu
119 982 217 1010 festum
232 983 258 1010 in
272 984 451 1011 tabernaculis
463 991 554 1019 agere.
569 985 645 1011 Sicut
660 985 731 1010 enim
750 990 823 1010 com-
873 979 948 1006 dines
966 978 1093 1007 refertur.
1120 979 1147 1006 In
1170 980 1202 1007 iis
1217 988 1281 1015 ergo
1306 981 1351 1015 qui
1369 980 1480 1014 perfecti
1503 986 1565 1008 sunt
1580 989 1662 1016 super

34 1029 199 1055 memoratio
216 1028 421 1063 ntegrossionis
434 1037 467 1056 εκ
488 1029 606 1065 [Εεγριο
620 1037 667 1064 per
683 1030 782 1064 pascha
796 1033 823 1056 ei
875 1028 945 1051 tecta
963 1024 1100 1051 exaltatur
1129 1033 1241 1059 regnum
1267 1026 1366 1053 Chriin
1379 1045 1386 1058 ,
1405 1026 1430 1053 id
1449 1030 1491 1053 est
1515 1034 1597 1061 super
1613 1034 1661 1054 eos

33 1081 145 1108 azyma,
161 1075 199 1101 ita
222 1078 250 1100 et
274 1076 542 1103 commemorationis
558 1076 584 1102 in
600 1076 708 1103 deserto
723 1075 751 1102 [it
768 1082 823 1101 me.
872 1071 965 1102 etiam,
979 1071 1062 1104 quiin
1076 1072 1200 1104 supernis
1213 1076 1285 1104 sunt,
1297 1077 1324 1098 et
1343 1071 1367 1097 in
1384 1071 1569 1105 superioribus
1582 1073 1658 1099 habi~

34 1118 118 1145 moria
129 1125 179 1153 per
193 1119 380 1147 tabernacula.
395 1120 424 1147 In
441 1121 623 1147 tabernaculis
633 1120 705 1147 enim
715 1120 822 1146 liabita-
874 1120 942 1143 tant.
960 1116 1028 1143 Sunt
1040 1117 1109 1142 enim
1127 1116 1248 1143 fortassis
1266 1116 1347 1150 aliqui
1363 1118 1442 1143 etiam
1460 1117 1487 1143 in
1504 1117 1660 1145 coelestibus

34 1167 135 1190 reruut
152 1169 246 1198 palres
261 1165 348 1192 nostri
365 1165 391 1192 in
411 1165 530 1193 deserto.
546 1165 623 1193 Undc
649 1171 740 1193 autem
764 1166 778 1193 ti

915 1161 999 1194 iuibus
1014 1162 1072 1196 plus
1090 1161 1232 1195 proficiant
1252 1167 1278 1189 et
1296 1162 1376 1188 altius
1398 1163 1554 1190 exaltenlur
1571 1163 1588 1190 ii
1613 1163 1659 1198 qui

32 1213 143 1242 oportet
156 1210 207 1236 ista
228 1209 478 1243 talternacuia,nisi
492 1219 526 1238 ex
540 1211 629 1239 verbis
643 1212 709 1247 legis
723 1217 748 1239 ει
761 1220 823 1245 pio-
874 1209 900 1234 in
917 1215 1000 1242 regno
1024 1208 1125 1235 Christi
1141 1212 1214 1234 sunt.
1232 1208 1263 1234 Et
1288 1208 1347 1234 ideo
1372 1208 1467 1239 etiam,
1492 1209 1583 1241 credo,
1603 1209 1661 1243 ipse

32 1254 189 1288 phetarttm,
204 1262 236 1282 ex
260 1256 430 1284 sermonibus
451 1256 637 1290 Psaltuorum,
654 1262 681 1285 et
703 1259 774 1285 omni

914 1253 996 1281 lvator
1012 1253 1118 1280 dicebat
1129 1254 1150 1268 ¹⁷
1168 1262 1174 1280 :
1194 1262 1203 1278 t
1219 1252 1270 1285 Qui
1285 1253 1310 1279 iu
1326 1258 1395 1279 tecto
1412 1258 1463 1285 est,
1479 1261 1530 1280 ttou
1546 1255 1658 1281 descen-

32 1307 90 1332 qua:
114 1301 295 1328 continentur
321 1302 347 1328 in
374 1301 432 1337 lege
450 1302 542 1330 ?Cutn
560 1304 642 1339 enirn.
659 1311 691 1331 ex
706 1304 740 1330 iis
762 1311 823 1339 qua:
873 1299 918 1325 dat
935 1297 1027 1324 tollere
1041 1298 1142 1332 aliquid
1159 1297 1192 1324 de
1208 1297 1309 1328 domo;
1331 1306 1339 1322 ι
1358 1304 1471 1325 monens
1486 1302 1514 1324 ut
1526 1297 1554 1330 ii,
1567 1298 1613 1333 qui
1626 1300 1660 1325 ad

31 1345 134 1379 scripta
164 1351 239 1378 sinit,
255 1346 363 1381 proiicit
377 1348 469 1375 anima
489 1353 516 1376 et
542 1355 650 1383 semper
666 1349 772 1384 quidm“
789 1357 821 1377 ea
873 1344 1006 1371 excelsam
1026 1343 1220 1378 perfectionem
1250 1347 1392 1374 venerunt,
1417 1351 1469 1369 non
1500 1343 1596 1371 iterum
1626 1344 1661 1371 ad

31 1397 89 1424 quae
108 1395 186 1418 retro
202 1397 265 1420 sunt
278 1393 454 1426 obliviscens,
470 1395 503 1421 ad
514 1402 544 1422 ea
564 1402 623 1429 qum
640 1396 667 1422 in
684 1399 749 1422 ante
760 1399 823 1422 sunt
873 1390 965 1417 mum“
979 1390 1070 1423 huius.
1087 1389 1132 1423 (ιυί
1158 1395 1230 1415 """C
1245 1388 1342 1415 domus
1367 1388 1531 1422 ³1³9611³1υῦ
1550 1389 1661 1416 humilia

31 1443 58 1462 se
87 1438 226 1469 extendit.
243 1443 271 1465 et
293 1439 328 1466 de
342 1439 401 1467 loco
428 1440 558 1468 inferiore
573 1441 750 1476 progrediens
764 1448 775 1468 c

921 1436 1025 1470 abjecta
1051 1434 1228 1462 descendant.
1255 1433 1308 1461 Sed
1330 1438 1356 1460 et
1382 1433 1445 1460 illud
1466 1435 1536 1467 quod
1562 1435 1600 1461 ait
1614 1435 1659 1464 '3:

32 1483 93 1514 εείί,
114 1490 149 1510 ac
168 1485 279 1518 prolicit
298 1486 332 1513 ad
353 1488 507 1522 superiora,
526 1495 559 1515 ex
576 1492 720 1522 augmento
734 1488 820 1514 vii-iu-
838 1516 856 1522 Π
876 1491 885 1507 ‹
904 1482 980 1515 Quod
1004 1481 1118 1508 audistis
1138 1482 1165 1508 iu
1191 1487 1266 1512 aure,
1285 1480 1430 1514 przetlicate
1448 1486 1530 1514 super
1543 1485 1630 1512 tecta,
1649 1491 1658 1506 ι

32 1534 97 1562 tum,
109 1535 138 1558 et
150 1516 184 1558 ex
207 1531 266 1565 ipsa
288 1516 475 1562 immutatione
491 1516 668 1568 profectuutit,
686 1534 712 1561 in
729 1534 821 1561 taber-
835 1516 856 1544 α
874 1528 906 1555 ad
926 1528 976 1554 hoc
993 1527 1168 1554 nihilominus
1187 1525 1304 1560 respicit.
1324 1524 1369 1552 Sic
1385 1532 1449 1559 ergo
1464 1525 1602 1552 exaltatur
1614 1534 1662 1553 su-

31 1577 136 1604 naeulis
153 1577 253 1605 merito
275 1578 379 1606 dicetur
399 1580 534 1609 habitare.
547 1580 613 1608 Vide
625 1585 715 1608 autem
730 1580 751 1607 si
767 1588 820 1607 non
874 1580 922 1608 Per
936 1572 994 1607 εοε
1009 1579 1120 1607 regnum
1141 1571 1209 1605 eius.
1226 1575 1253 1598 ει
1265 1571 1364 1598 ετεδείι
1382 1578 1492 1606 regnum
1513 1570 1582 1605 eius-
1596 1571 1661 1598 Cre-

31 1627 92 1650 suut
122 1623 301 1651 tabernacula
326 1632 386 1659 qua;
409 1625 469 1653 (ixi;
491 1627 571 1658 Deus,
595 1627 679 1653 eiiam
704 1626 747 1653 ίιιε,
764 1634 823 1660 ηοω
873 1617 923 1645 scit
941 1617 1012 1644 enim
1027 1617 1089 1643 dum
1105 1615 1320 1650 multiplicantur
1344 1615 1481 1648 Ecclesiae,
1498 1621 1525 1643 et
1543 1615 1659 1644 lidelium

31 1669 158 1697 δηινειογ
174 1675 372 1698 εοωηιεηιοηι
386 1672 413 1698 in
429 1671 576 1705 Evangelia
593 1672 730 1700 dicens“:
749 1682 758 1699 ι
773 1673 823 1700 ᾗ,
873 1668 1001 1687 numerus
1018 1665 1146 1695 augetur;
1158 1664 1184 1687 et
1199 1660 1330 1686 iutantum
1344 1661 1442 1687 crescit
1454 1667 1566 1694 regnum
1579 1661 1661 1696 339

30 1715 81 1742 (ιίιο
93 1716 175 1743 vobis
188 1716 293 1743 amicos
308 1717 341 1744 de
362 1724 516 1744 mammona
533 1718 695 1752 iniquitatis,
714 1723 743 1746 ul
760 1726 821 1746 cum
873 1706 984 1738 Christi,
1006 1713 1144 1741 usquequo
1160 1711 1242 1740 portat
1259 1707 1334 1733 l‘ater
1351 1713 1445 1733 omnes
1460 1706 1585 1733 inimicos
1602 1707 1660 1740 ejus

30 1761 193 1789 defcceritis
215 1762 348 1796 recipiant
362 1770 412 1791 vos
435 1763 463 1790 in
481 1768 582 1790 :eterua
611 1763 774 1791 tabernaeul:

916 1761 922 1778 )
938 1752 1049 1787 pedibus
1062 1751 1130 1785 ejus,
1147 1751 1193 1778 sed
1209 1755 1236 1778 et
1263 1751 1440 1778 n0rissitnum
1463 1751 1602 1779 inimicum
1617 1753 1659 1780 dc-

31 1805 96 1834 Fixa
115 1811 209 1834 autem
222 1807 350 1836 dicuntur
367 1815 381 1834 a
392 1807 447 1835 Deo
460 1809 537 1842 quasi
554 1816 615 1844 qua:
632 1816 686 1836 non
707 1809 824 1836 circum-
872 1801 960 1824 5""3‘
973 1800 1097 1822 “‘ONem'

30 1851 158 1880 ferantur
171 1852 248 1880 omni
263 1857 345 1880 vento
355 1852 497 1880 doctrinae.
507 1853 575 1880 Sunt
590 1859 681 1880 autem
693 1858 719 1880 et
733 1853 822 1881 adhuc
909 1851 936 1878 6.
957 1851 1019 1878 Posl
1041 1850 1097 1877 hinc
1120 1850 1250 1885 scriptum
1272 1854 1314 1877 est
1338 1850 1426 1877 adhuc
1449 1851 1481 1878 (10
1496 1851 1604 1879 Christo
1616 1854 1654 1886 '-“,

30 1897 212 1925 tabernacula
232 1897 284 1925 ista
300 1903 327 1925 et
337 1900 408 1926 sicut
423 1899 497 1926 cedri
512 1899 589 1934 juxta
609 1906 704 1934 aquas.
720 1897 823 1927 Cedros
875 1905 884 1922 ι
897 1895 961 1930 quia
978 1895 1050 1922 οευε
1067 1894 1178 1922 dediti“
1191 1902 1252 1922 cum
1269 1902 1301 1921 οι
1317 1889 1450 1930 ᾸΕΕΥΝἭ
1464 1904 1474 1921 ι
1492 1897 1562 1930 quod
1579 1898 1605 1924 in
1623 1906 1656 1925 eo

30 1944 73 1972 hic
88 1951 146 1972 non
161 1943 222 1972 illas
240 1945 305 1973 dicit
321 1945 347 1973 in
364 1947 462 1981 quibus
485 1945 628 1981 culpabilis
642 1950 752 1973 notatur
768 1945 823 1973 eta—
873 1940 1035 1975 completum
1048 1939 1166 1971 videtur,
1183 1939 1228 1966 ubi
1244 1945 1305 1973 post
1322 1945 1434 1967 mortem
1452 1939 1565 1968 llerodis
1577 1950 1658 1970 revo-

29 1991 66 2017 tio
83 1999 90 2016 :
107 1990 157 2017 sed
169 1990 266 2018 cedros
281 1991 339 2024 Dei,
351 1999 411 2027 qum
425 1991 574 2026 suscipiunt
589 1991 654 2019 vitis
673 1991 746 2019 illius
762 1999 822 2026 qua:
873 1986 1000 2014 calum-le
1011 1982 1139 2020 Είςγριο,
1153 1989 1180 2013 οι
1193 1985 1317 2020 designat
1329 1985 1504 2022 Evangelium
1517 1986 1657 2017 dicens":

28 2044 58 2064 ex
75 2036 200 2072 Egypto
217 2037 348 2065 translata
365 2042 417 2071 est,
436 2037 571 2072 palmites.
584 2042 611 2065 et
623 2038 649 2065 in
669 2037 766 2072 quibus
784 2045 824 2064 τε.
876 2043 885 2060 t
898 2034 937 2061 Ex
947 2031 1066 2068 [Egypto
1083 2031 1176 2059 vocavi
1193 2030 1276 2058 tilium
1295 2038 1394 2058 mcutn.
1407 2040 1417 2057 ι
1429 2031 1478 2064 Qui
1495 2039 1583 2060 sermo
1597 2034 1658 2067 qui.

28 2083 148 2118 quiescit
163 2082 269 2110 fructus
280 2083 335 2116 ille,
345 2083 423 2117 cujus
439 2085 533 2111 umbra
547 2084 772 2119 operuitmonles

915 2081 1033 2107 sdamcx
1049 2078 1100 2106 hoc
1114 2077 1174 2104 loco
1184 2082 1340 2112 assumptus
1357 2077 1476 2111 videtur,
1491 2081 1518 2104 et
1536 2077 1659 2114 Evange-

28 2127 192 2156 inteliexisti
207 2133 336 2163 quantam
353 2128 473 2164 requiem
490 2129 589 2156 habeat
603 2129 656 2156 iter
669 2129 820 2163 sapientiai,
874 2125 919 2153 liis
938 2125 1068 2155 insertus,
1089 2123 1151 2150 aliis
1171 2127 1261 2150 autem
1277 2122 1311 2150 de
1326 2122 1396 2150 Osee
1410 2123 1550 2157 propheta.
1565 2123 1659 2152 Potest

28 2178 166 2208 quantum
180 2173 287 2209 gratiae,
298 2178 485 2210 quantumque
500 2174 663 2205 dulcedinis.
674 2173 726 2201 noli
740 2174 822 2201 dissi-
838 2199 858 2210 ἢ
874 2176 964 2198 autem
980 2174 1008 2197 et
1024 2169 1172 2196 secundum
1184 2168 1343 2203 allegoriam
1357 2167 1481 2203 intelligi,
1497 2168 1560 2203 quia
1583 2175 1660 2204 post-

35 2199 43 2208 .
140 2199 287 2209 γν
503 2199 704 2205 "mw"-.-
721 2199 726 2200 γ
744 2199 765 2201 η

28 2219 136 2246 mutare
147 2239 156 2251 ,
168 2218 224 2246 noli
236 2219 381 2255 negligere,
400 2219 446 2246 sed
464 2219 612 2255 aggredere
624 2219 675 2246 hoc
692 2219 754 2251 iter,
771 2242 772 2245 η

912 2223 988 2251 quam
1016 2215 1093 2242 venit
1113 2215 1147 2242 ad
1169 2199 1315 2250 Egyptum
1335 2214 1427 2240 mundi
1445 2199 1546 2248 “huius,
1561 2199 1656 2244 eduxit

29 2265 116 2292 eremi
155 2264 327 2292 solitudinem
359 2266 565 2300 perhorrescas.
589 2263 727 2292 llabitanti
748 2265 821 2292 enim
873 2268 934 2289 eum
951 2261 1040 2294 Pater,
1059 2261 1247 2294 etassutupsit
1271 2259 1305 2286 ad
1333 2260 1519 2294 semetipsum,
1538 2264 1567 2287 ut
1583 2260 1654 2287 riam

29 2310 76 2337 tibi
107 2310 135 2337 in
174 2309 328 2342 huiusmodi
356 2310 539 2338 tabernaculis
563 2314 692 2338 occurret
722 2317 821 2338 manna
873 2307 977 2335 facere!
1001 2307 1045 2338 iis.
1060 2306 1105 2340 qui
1127 2306 1160 2333 de
1177 2305 1295 2341 Egyplo
1311 2305 1401 2332 mundi
1420 2305 1499 2340 hujus
1516 2306 1658 2333 ascensuri

29 2356 156 2387 cmlesle,
173 2359 200 2382 et
215 2355 373 2389 angelorum
393 2363 491 2390 panem
515 2355 703 2383 utanducabis.
729 2355 820 2390 incipe
873 2357 952 2380 erant
972 2353 1004 2379 ad
1019 2353 1116 2379 Deum.
1132 2360 1140 2376 ε
1152 2351 1185 2378 Et
1198 2351 1284 2386 gloria
1299 2351 1439 2378 uuicornis
1457 2351 1554 2386 ejus“.
1566 2361 1576 2376 ι
1592 2352 1657 2378 0m-

30 2406 151 2434 tantum,
177 2409 228 2428 nec
246 2406 271 2429 te
296 2406 457 2437 perterrent,
486 2406 515 2429 ut
543 2401 672 2432 diximus,
700 2400 819 2428 solitudo
873 2399 918 2425 nia
933 2398 1005 2425 enim
1016 2397 1167 2424 daemonum
1184 2404 1265 2431 regna
1281 2396 1410 2430 dejiciens
1424 2395 1560 2428 Christus,
1574 2404 1657 2423 untuu

29 2449 144 2475 deserti.
172 2447 233 2474 Cito
266 2448 291 2474 in
323 2448 488 2475 consortiqu
520 2453 594 2474 tuum
616 2447 698 2473 etiam
732 2445 820 2480 angeli
873 2451 951 2471 suum
978 2450 1101 2477 regnum,
1120 2446 1247 2476 tanquam
1265 2442 1323 2468 veri
1352 2441 1503 2473 uuicornis,
1534 2440 1657 2468 fundavit

28 2493 154 2527 venient,
169 2500 238 2528 quos
261 2493 311 2520 sub
337 2492 427 2527 specie
454 2492 596 2519 cedrorum
613 2491 732 2519 arbitror
749 2490 819 2517 iudi-
875 2488 901 2515 in
916 2488 1012 2522 gloria.
1026 2487 1115 2515 Cornu
1129 2487 1198 2514 enim
1210 2494 1259 2521 pro
1275 2494 1357 2521 regno
1371 2494 1441 2521 stepe
1453 2486 1594 2513 docuimus
1611 2493 1659 2512 no-

27 2545 118 2566 catos.
872 2534 982 2563 minari.
1006 2543 1015 2559 ι
1038 2534 1116 2566 Edet,
1138 2533 1224 2567 inquit
1245 2532 1279 2564 ³³,
1296 2532 1329 2559 de
1341 2532 1434 2559 eodem
1453 2531 1540 2557 adhuc
1552 2530 1656 2564 dicens,

61 2585 92 2612 5.
114 2584 172 2613 Sed
201 2591 272 2611 nunc
295 2584 434 2612 videamus
461 2583 526 2619 quid
556 2583 640 2611 etiam
657 2583 690 2609 de
710 2581 817 2610 Christo
872 2584 966 2615 gentes
989 2578 1160 2606 iuimicomm
1180 2585 1290 2605 suorum
1311 2581 1338 2603 et
1356 2575 1549 2602 crassitudines
1561 2582 1654 2602 eorum

26 2632 186 2666 pmphetct.
202 2630 262 2666 ipse
272 2635 313 2658 est
329 2631 413 2663 enim,
435 2630 468 2658 de
483 2638 536 2665 quo
547 2630 612 2657 dicit
628 2629 651 2645 ³⁸
670 2637 676 2654 ;
695 2638 704 2654 t
727 2628 820 2656 Exibit
876 2625 1061 2653 eutetlullabit.
1073 2634 1081 2650 ι
1092 2623 1203 2656 Gentes,
1219 2623 1267 2655 ait,
1282 2628 1350 2656 quas
1364 2620 1471 2666 inimici
1479 2619 1656 2666 suiposside—
1676 2640 1681 2642 μ

61 2663 88 2693 ’ί
102 2676 197 2704 Matth.
214 2663 249 2709 iv,
265 2676 308 2704 l9.
342 2677 365 2692 “
379 2676 444 2704 Luc.
461 2663 516 2707 xvi,
529 2676 555 2703 9.
594 2676 617 2691 "
635 2674 713 2701 Num.
730 2681 803 2706 xxiv,
815 2673 841 2703 7,
854 2672 887 2709 _8.
907 2707 925 2709 ἢ
937 2671 962 2709 ξιξ
979 2670 1050 2697 Psal.
1064 2677 1094 2700 tt,
1110 2669 1144 2709 ελ
1184 2667 1319 2709 "uliljttth.
1345 2672 1419 2697 xxtv,
1439 2664 1481 2692 l7.
1520 2664 1542 2679 “
1557 2663 1652 2691 Matth.

26 2719 56 2744 ι.
76 2701 476 2744 ei"?meimei"i5
489 2701 582 2738 tt'atth.
601 2718 631 2741 ιι.
650 2710 698 2741 t5;
714 2709 770 2736 0w

558 2711 582 2738 h.
601 2718 631 2741 ιι,
650 2710 698 2741 t5;
714 2709 782 2736 Osee
797 2701 878 2739 'xt,2.
906 2707 927 2722 ει
942 2705 1020 2733 Num.
1037 2712 1111 2736 μιν,
1128 2703 1155 2730 8.
1202 2702 1223 2718 ³¹
1239 2701 1302 2728 ibid.

62 2756 122 2792 (76)
143 2754 201 2790 σος
211 2763 287 2789 super
301 2760 368 2782 tecta
381 2756 575 2792 interpretatur.
594 2760 622 2785 λλ
639 2761 690 2792 uoti
709 2762 718 2778 t
734 2759 815 2792 super
869 2760 882 2792 ε
906 2751 979 2792 Agag
995 2759 1023 2792 ..ι
1035 2784 1040 2790 ι
1054 2755 1152 2792 nomen

27 2779 130 2819 test-a'lt
146 2779 622 2824 'slait’(Téciaidfiatéraiéiitaf
635 2779 774 2824 Caeterum.
789 2788 814 2813 in
867 2779 1016 2824 dcuiff‘c'cit
1035 2784 1125 2818 inepta
1141 2779 1193 2810 hoc
1210 2781 1267 2808 loco
1283 2779 1458 2814 Septuaginta
1478 2779 1655 2814 lutcrpretutn

29 2827 143 2854 llebmo
173 2826 248 2852 fonte
272 2833 325 2852 non
348 2830 437 2852 exstat
458 2821 486 2854 :i
502 2834 510 2850 t
534 2830 644 2857 tectum,
671 2833 680 2849 ι
703 2823 748 2850 sed
769 2827 817 2852 nx
871 2821 971 2848 vet-sio.
