1886 3051
224 121 273 148 7II

947 114 1010 142 0th

1077 114 1107 140 l5
1799 112 1840 138 ἨΞ

226 177 301 208 bant,
316 176 374 210 ipse
391 176 463 208 edet,
482 175 618 202 destructa
637 174 737 201 virtute
752 173 868 206 inimici,
883 179 909 200 et
931 181 1007 200 cras~
1024 174 1045 202 Α
1061 171 1165 207 profert
1185 180 1190 196 :
1209 172 1255 198 sed
1281 175 1308 197 ct
1328 169 1382 201 ille,
1415 169 1461 204 qui
1488 169 1537 195 sub
1564 169 1674 196 nomine
1702 167 1843 196 Christiani

225 221 358 248 sitndines
380 229 472 249 eorum
498 220 682 251 emedullabit,
710 227 770 246 ctnn
795 226 902 246 onmem
929 220 962 245 de
978 219 1010 245 iis

227 274 335 294 sensum
351 273 472 293 ειειεειιιιι
496 270 523 292 ει
545 264 681 291 carnalem
702 269 840 296 extenuat,
856 268 882 290 CI
899 270 1012 290 COIH'CT-

231 313 264 338 tit
284 312 316 338 ad
333 311 537 344 intelligentiam
560 309 720 343 spiritalem.
739 309 816 342 Quod
834 313 922 335 autem
941 316 1012 335 cras-

227 357 316 383 situdo
337 356 506 390 culpabiliter
527 355 552 382 in
575 354 726 389 Scripturis
753 354 895 387 habeatur,
911 353 1011 381 indicio

226 402 278 428 crit
298 402 362 428 illud
387 402 458 436 quod
488 402 618 436 scriptum
634 406 674 428 est
685 401 727 427 "2
744 410 751 426 ι
767 401 948 427 lncrassatum
970 405 1012 427 est

226 453 273 472 cor
296 446 386 480 populi
405 445 493 480 hujus.
508 456 518 473 ι
538 446 571 472 Et
596 446 659 472 alibi
676 446 699 460 ³⁸
714 453 720 472 :
738 455 746 471 ι
766 445 885 471 Satiatus
907 449 961 476 est,
984 449 1011 471 et

226 491 395 518 iucrassatns
421 497 475 523 est,
498 497 525 518 et
549 491 734 517 recalcitravit
761 490 883 517 dilectus.
901 499 910 515 ι
946 490 1013 516 Edct

226 543 289 571 ergo
305 542 408 570 gentes,
425 542 450 562 et
475 537 564 563 cibum
583 537 690 564 habebit
715 544 762 563 eos
775 537 820 570 qui
845 536 958 563 credunt
985 535 1011 561 in

227 589 301 614 eutn,
317 583 387 608 sicut
406 587 432 609 et
451 583 508 617 ipse
523 583 588 609 dicit
601 583 626 609 in
641 582 785 617 Evangelia
796 582 818 597 ³⁵
834 591 840 608 :
861 591 870 607 ε
888 580 962 608 Meus
975 582 1013 608 ci-

226 627 276 654 bus
289 631 331 654 cst
346 634 374 654 ut
389 628 487 654 faciam
505 628 672 655 voluntatem
697 628 756 662 ejus
775 629 819 662 qui
838 635 879 654 me
896 628 980 654 misit.
1000 636 1010 652 ι

225 672 309 706 Cujus
328 673 422 707 utique
437 673 561 700 voluntas
581 674 636 700 lucc
653 678 721 705 erat,
737 678 763 700 ut
781 679 874 707 gentes
896 681 1013 700 conver—

227 724 347 746 terentttr
369 720 401 745 ad
423 720 513 746 Iidem.
528 719 651 752 Quodsi,
670 724 698 746 ut
717 720 844 753 superius
860 719 1012 752 docuimus,

226 765 380 792 crassitudo
394 765 538 800 eulpabilis
562 765 689 798 habetur,
705 765 860 792 econtrario
877 764 1014 792 subtilitas

226 809 369 837 laudabilis
384 811 506 837 habenda
524 815 584 837 est:
600 811 662 845 quia
679 815 705 837 et
728 811 838 844 spiritus
862 811 1012 845 sapientiai,

226 855 272 889 qui
296 856 480 890 iutclligibilis,
496 861 522 883 et
547 862 667 888 sanctus,
694 861 720 883 et
745 856 849 887 atticus,
866 861 892 882 et
923 856 1014 883 multi-

227 901 286 935 plex
303 901 359 936 (77)
372 902 511 933 dicitur",
532 901 660 929 similiter
677 907 703 928 et
720 902 825 929 subtilis
842 909 901 929 esse
924 902 1014 936 pet-hia

228 946 319 972 betur.
345 956 353 971 ι
373 946 405 972 Iit
428 946 526 980 jaculis
551 946 609 972 suis
632 945 772 980 sagittabit
804 946 943 973 inimicum
956 946 987 972 "’.
1002 955 1011 972 I

231 991 325 1018 Jacula
349 992 407 1025 ejus
435 992 517 1018 verba
546 991 603 1026 ejus
618 997 691 1024 sunt,
710 992 808 1026 quibus
823 992 863 1018 vel
879 992 1013 1019 diabolum

238 1038 312 1068 vicit,
336 1038 376 1064 vel
397 1045 490 1064 omnes
515 1038 639 1064 inimicos
667 1042 693 1064 et
720 1037 937 1064 contradicentes
962 1038 1014 1065 sibi

226 1084 308 1110 etiam
334 1091 406 1110 nunc
428 1088 538 1118 superat
551 1088 579 1110 ct
601 1083 756 1117 confringit.
772 1082 867 1110 Omnis
880 1084 952 1110 enim
968 1085 1013 1118 qui

226 1133 330 1162 peccat,
354 1129 478 1155 inimicus
497 1129 553 1162 ejus
578 1133 621 1155 est
642 1128 704 1154 dum
727 1133 828 1162 peccat.
860 1128 888 1155 Si
922 1133 1012 1156 autem

226 1174 318 1201 audiat
334 1175 414 1201 verba
432 1174 490 1206 Dei,
510 1179 536 1202 et
563 1181 713 1208 agnoscens
732 1179 841 1208 peccata
867 1182 926 1206 sua,
950 1182 1016 1201 con-

226 1219 326 1254 ligatur
353 1227 385 1247 ex
412 1220 452 1246 eis
474 1225 501 1247 et
521 1224 726 1254 compungatur,
757 1225 839 1253 atque
875 1219 907 1246 ad
932 1220 1019 1253 [νωιιί-

230 1265 341 1292 tentiam
360 1269 546 1297 convertatur,
562 1265 685 1292 veritatis
698 1272 826 1292 sermone
850 1266 1013 1299 tcrebratus,

227 1311 308 1337 etiam
335 1311 392 1345 ipse
418 1311 524 1337 dicetur
545 1310 644 1344 jaculis
657 1318 717 1338 esse
736 1311 869 1338 confixus.
885 1311 938 1339 Sed
954 1317 1016 1346 post

229 1357 285 1383 haec
299 1355 380 1383 etiam
402 1357 434 1382 de
449 1357 507 1391 ipsa
522 1357 656 1391 passionis
674 1357 879 1392 dispensatione
893 1365 1014 1385 comme-

227 1407 328 1434 morat,
342 1408 369 1428 et
383 1403 448 1429 dicit
458 1403 480 1418 ³⁸
495 1412 502 1429 :
519 1412 527 1428 ι
541 1403 712 1430 ltecutnbeus
730 1403 863 1438 requievit
877 1408 906 1430 ut
922 1405 974 1435 leo,
988 1409 1014 1431 et

227 1452 256 1473 ut
270 1447 375 1474 catulus
403 1447 500 1480 leonis,
517 1448 578 1481 quis
599 1447 731 1475 excitabit
746 1449 850 1475 eum?»
872 1449 1014 1484 Bequievit

227 1498 256 1519 ut
273 1493 323 1523 leo,
347 1501 406 1519 cum
423 1493 449 1519 in
469 1501 549 1520 cruce
568 1494 681 1528 positus,
701 1494 867 1528 principatus
885 1499 912 1521 et
936 1500 1012 1530 pote-

230 1543 313 1566 states
334 1540 419 1571 exuit,
437 1544 463 1566 et
480 1539 659 1574 triumphavit
673 1547 719 1567 cas
734 1540 760 1567 in
776 1540 847 1575 ligno
860 1542 960 1568 crucis.
980 1541 1015 1568 Ut

227 1584 332 1610 catulus
363 1589 453 1611 autent
480 1584 576 1616 leonis,
605 1591 667 1610 cum
699 1585 848 1612 resurrexit
878 1593 893 1612 a
918 1593 1013 1612 somno

227 1630 332 1656 murtis.
359 1629 437 1662 Quod
463 1634 553 1656 autem
573 1629 644 1656 leoni
661 1629 741 1656 simul
767 1635 793 1656 et
810 1630 901 1658 catulo
928 1631 1014 1658 leonis

228 1679 414 1708 comparatur,
440 1679 527 1708 potest
545 1675 632 1702 adhuc
648 1680 675 1702 et
691 1681 802 1710 propter
821 1675 871 1703 hoc
888 1677 1012 1712 intelligi,

227 1725 256 1745 ut
268 1720 293 1745 in
311 1720 342 1746 iis
360 1720 404 1754 qui
418 1721 529 1755 perfecti
547 1725 618 1752 sunt,
635 1721 688 1752 leo,
706 1721 732 1747 in
747 1722 781 1748 iis
799 1729 863 1748 vero
879 1722 923 1756 qui
944 1723 1011 1750 inci-

227 1767 332 1801 pientes
356 1771 419 1793 sunt
441 1771 467 1792 ct
488 1767 577 1797 rudes.
601 1767 708 1794 catulus
737 1767 824 1795 leonis
846 1769 1012 1797 nominetur.

227 1812 303 1845 Quod
326 1820 390 1839 vero
417 1812 474 1838 ait:
492 1821 501 1838 ι
515 1812 582 1845 Quis
609 1813 751 1840 suscitabit
775 1814 856 1840 eum?
873 1823 883 1840 ›
913 1815 1013 1842 idcirco

227 1858 288 1891 quia
314 1865 384 1884 nunc
402 1865 416 1884 a
434 1857 514 1884 Patre
533 1859 634 1886 dicitur
654 1859 812 1891 suscitatus,
831 1868 904 1886 tmnc
931 1860 1013 1886 etiam

227 1905 285 1938 ipse
307 1904 435 1938 templum
454 1905 578 1938 corporis
594 1905 635 1931 sui
660 1909 720 1939 post
746 1905 864 1931 triduum
880 1905 1013 1932 suscitare

226 1959 256 1978 se
272 1952 337 1978 dicit
351 1959 359 1977 :
374 1956 401 1984 et
417 1952 514 1978 merito
529 1952 555 1978 in
572 1952 622 1978 hoc
639 1952 715 1987 quasi
740 1952 926 1985 percontantis
943 1951 1015 1978 desi-

227 2002 324 2031 gnatur
355 1997 479 2024 affectus.
499 1997 569 2030 (Qui
593 1997 758 2024 benedicunt
787 1997 846 2028 tibi,
878 1996 1013 2023 benedicti

227 2048 313 2069 sunt:
330 2048 355 2068 et
384 2042 429 2076 qui
455 2043 620 2069 maledicunt
647 2043 706 2074 tibi,
723 2041 858 2068 maledicti
883 2041 986 2068 sunt".
1001 2051 1010 2067 ι

227 2086 338 2111 Certum
365 2090 406 2111 est
434 2086 505 2119 quod
528 2086 719 2113 benedicentes
741 2086 851 2113 Christo
878 2086 1011 2113 benedicti

227 2136 300 2163 sum,
317 2135 344 2158 et
371 2132 397 2157 itt
427 2131 643 2157 cotmnnnionent
668 2137 788 2166 paternae
818 2132 1013 2159 benedictionis

1061 218 1132 244 male
1160 217 1226 251 agit,
1241 222 1269 243 et
1290 215 1408 249 turpiter
1438 220 1628 247 conversatur,
1647 219 1675 241 et
1700 215 1844 242 inhonestis

1061 263 1160 296 verbis,
1180 263 1221 289 vel
1239 263 1343 289 actibus
1361 262 1417 288 suis
1434 260 1499 288 facit
1522 267 1621 288 nomen
1645 261 1706 296 ejus
1726 261 1844 295 blasphe-

1062 311 1129 337 mari
1153 310 1224 337 inter
1237 313 1333 344 gentes
1357 317 1364 334 :
1390 308 1460 335 sicut
1483 307 1640 335 eeontrario
1660 315 1716 334 non
1742 307 1787 333 ille
1806 308 1843 341 qui

1061 356 1232 383 sermonibus
1254 356 1317 382 solis
1343 355 1487 382 Dominum
1514 355 1663 386 benedicit,
1693 355 1753 388 ipse
1773 353 1846 381 henc-

1062 401 1153 428 dicere
1167 402 1302 435 putandus
1327 404 1380 432 est,
1407 401 1454 427 sed
1479 400 1523 434 qui
1545 399 1663 430 actibus,
1687 404 1714 425 et
1741 399 1806 430 vita,
1824 404 1846 425 ct

1063 446 1183 472 moribus
1217 445 1273 472 suis
1297 445 1362 472 facit
1396 445 1430 471 ab
1461 444 1588 471 omnibus
1619 451 1720 471 nomen
1748 443 1845 470 Domini

1063 491 1196 518 benedici.
1227 491 1259 518 Et
1294 492 1319 518 in
1349 491 1408 518 istis
1445 491 1531 525 magis
1569 490 1754 525 complebitur
1783 490 1844 525 quod

1064 536 1141 562 tertia
1174 536 1315 570 prophetia
1340 535 1448 562 Balaam
1481 535 1626 570 designat,
1669 536 1734 569 quia
1774 535 1845 561 bene-

1063 581 1184 608 dicentcs
1203 581 1312 608 Christo
1338 580 1544 612 benedicentur,
1557 585 1585 607 et
1615 580 1809 607 maledicentes
1825 579 1844 606 ei

1064 627 1201 654 maledicti
1216 632 1307 654 erunt.
1317 627 1432 660 Propter
1443 627 1514 662 quod
1527 627 1684 653 omnimode
1696 633 1843 655 caveamus.

1065 681 1098 700 ne
1115 679 1224 708 propter
1237 678 1315 700 actus
1328 680 1437 700 nostros
1448 673 1549 699 Christi
1563 680 1660 699 nomen
1678 672 1843 705 blaspheme—

1065 723 1118 748 tur,
1132 718 1180 744 sed
1201 718 1287 752 magis
1312 718 1338 744 ill
1366 724 1491 751 agamus,
1507 720 1535 742 ut
1562 716 1596 743 de
1614 715 1845 742 benedictionibus

1065 763 1122 798 ejus
1141 764 1292 798 participes
1316 771 1377 790 esse
1394 770 1560 790 mereamur.
1583 762 1634 795 Ipsi
1659 762 1747 796 gloria
1767 767 1794 789 et
1807 763 1846 789 be-

1066 811 1182 837 nedictio
1198 811 1223 837 in
1240 809 1338 837 saecula
1353 810 1524 837 surculorum.
1542 810 1639 836 Amen.

1330 855 1471 882 IIOSIILIA
1491 854 1585 883 XVIII.

1306 901 1345 928 De
1356 908 1451 936 quarta
1466 904 1614 936 prophelm.

1102 948 1127 974 I.
1148 948 1276 981 Quartam
1294 955 1366 974 nunc
1382 947 1552 981 pr0phetiam
1567 955 1598 974 ex
1618 947 1650 974 iis
1668 955 1730 982 qua:
1747 948 1844 974 Balaam

1066 993 1094 1019 in
1118 993 1202 1020 verbo
1228 993 1273 1019 Dei
1291 993 1396 1019 loculus
1411 997 1463 1024 est,
1483 993 1509 1019 in
1536 1000 1632 1019 manus
1657 993 1714 1028 (78)
1739 995 1845 1020 assumi-

1067 1046 1137 1071 mus,
1151 1038 1272 1065 volentcs
1288 1039 1369 1065 etiam
1386 1038 1417 1065 de
1433 1038 1490 1072 ipsa
1506 1045 1566 1072 quae
1582 1037 1652 1065 Deus
1666 1039 1774 1066 dederit
1791 1047 1847 1073 ape-

1067 1084 1133 1110 rire.
1148 1084 1196 1110 Cui
1214 1087 1304 1110 tamen
1319 1084 1469 1118 prophetia:
1485 1083 1595 1115 similia,
1614 1088 1643 1109 ut
1660 1083 1687 1110 in
1703 1085 1848 1118 superiori-

1067 1129 1126 1161 bus,
1142 1129 1168 1155 in
1179 1128 1338 1163 prmfationc
1355 1129 1494 1164 prmmissa
1507 1133 1580 1156 sunt.
1593 1129 1639 1155 Ait
1651 1130 1724 1156 enim
1739 1130 1762 1146 ”
1779 1139 1807 1156 ει
1822 1131 1850 1157 Et

1067 1174 1153 1200 iratus
1167 1178 1208 1200 est
1224 1173 1322 1200 Balacb
1335 1173 1482 1200 adversum
1495 1173 1616 1206 Balaam,
1629 1179 1658 1201 et
1674 1175 1799 1209 plausum
1809 1176 1849 1202 de-

1067 1220 1105 1247 dit
1121 1220 1245 1247 manibus
1257 1221 1324 1247 suis.
1344 1220 1378 1247 Et
1403 1220 1473 1247 dixit
1489 1220 1588 1247 Balach
1607 1221 1640 1247 ad
1656 1219 1769 1248 Balaam
1784 1231 1790 1249 :
1806 1222 1851 1248 Ila-

1066 1264 1181 1292 ledicere
1201 1265 1340 1292 inimicum
1357 1272 1446 1292 meum
1462 1266 1554 1292 vocavi
1571 1269 1606 1298 te,
1623 1271 1650 1292 el
1662 1273 1729 1293 ecce
1744 1268 1851 1294 benedi-

1065 1318 1130 1338 cens
1152 1311 1313 1338 benedixisti
1340 1312 1431 1338 tertio.
1453 1310 1529 1338 Nunc
1553 1319 1618 1346 ergo
1639 1311 1702 1346 fuge
1720 1312 1749 1339 in
1766 1313 1850 1340 locum

1066 1361 1140 1384 tuum
1158 1357 1244 1390 :dixi,
1260 1357 1400 1384 honorabo
1415 1361 1453 1389 te,
1467 1361 1496 1384 et
1516 1365 1590 1384 nunc
1602 1357 1742 1385 fraudavit
1760 1364 1788 1386 te
1802 1360 1850 1387 Do-

1066 1404 1155 1431 minus
1170 1405 1283 1431 houore.
1296 1413 1305 1430 ι
1325 1403 1448 1430 Ostendit
1463 1404 1489 1430 in
1507 1404 1550 1436 iis,
1569 1405 1631 1438 quia
1648 1409 1675 1432 et
1691 1404 1794 1433 Balacli
1813 1407 1851 1433 in-

1067 1450 1201 1477 tellexerit
1217 1457 1269 1476 non
1282 1450 1337 1484 jam
1354 1449 1507 1476 dmmonum
1534 1450 1687 1477 ministerio
1698 1451 1790 1486 decipi
1810 1452 1852 1478 Ba-

1027 1506 1049 1536 c
1067 1496 1149 1528 luant,
1163 1496 1210 1522 sed
1224 1496 1269 1522 Dei
1287 1496 1385 1522 virtute
1398 1495 1431 1522 ad
1448 1496 1562 1523 meliora
1578 1496 1736 1530 transferri,
1753 1504 1778 1524 et
1797 1499 1852 1525 ideo

1066 1542 1151 1570 dicit:
1166 1551 1174 1567 ι
1188 1542 1318 1569 Dominus
1327 1542 1463 1570 fraudavit
1476 1548 1500 1569 te
1510 1542 1624 1569 honore.
1641 1553 1649 1569 I
1663 1543 1717 1570 Sed
1731 1544 1789 1571 haec
1799 1553 1851 1578 qum

1067 1587 1146 1622 plana
1162 1591 1224 1614 sunt
1239 1592 1476 1620 transcurrentes,
1493 1589 1526 1615 ad
1541 1589 1683 1622 sequentia
1702 1591 1852 1617 veniamus.

1068 1643 1078 1659 ι
1093 1633 1125 1660 Et
1136 1634 1204 1660 dixit
1217 1633 1325 1661 Balaam
1339 1634 1371 1660 ad
1386 1634 1501 1661 Balacb:
1516 1634 1611 1661 Nonne
1626 1639 1653 1661 et
1668 1636 1777 1663 nuntiis
1793 1638 1852 1668 tuis,

1065 1687 1134 1714 quos
1152 1678 1248 1705 misisti
1265 1679 1296 1705 ad
1313 1687 1368 1710 me,
1387 1679 1495 1706 locutus
1513 1687 1572 1706 stnn
1601 1680 1698 1707 dicens
1713 1690 1720 1707 :
1736 1681 1765 1708 Si
1793 1683 1852 1709 mibi

1067 1724 1172 1752 dederit
1188 1724 1284 1750 Balaclt
1303 1724 1409 1758 plenam
1426 1724 1508 1759 340
1522 1725 1632 1752 domum
1651 1733 1728 1752 suam
1743 1734 1854 1761 περιιιο

1065 1776 1092 1798 et
1108 1778 1183 1802 auro,
1199 1778 1252 1797 non
1269 1776 1364 1805 potero
1381 1771 1533 1806 transgredi
1550 1773 1661 1799 verlnnn
1679 1773 1799 1804 Domini.
1818 1775 1854 1801 fa‘

1065 1824 1127 1843 cere
1143 1817 1206 1843 illud
1222 1817 1334 1848 bonum,
1348 1822 1394 1843 aut
1411 1819 1511 1844 malum
1526 1819 1594 1852 apud
1608 1819 1761 1852 meipsum?
1773 1821 1854 1854 Qua:-

1065 1869 1171 1896 cunque
1189 1862 1253 1888 mihi
1267 1863 1367 1889 dixerit
1383 1863 1452 1889 Deus
1469 1863 1526 1890 bree
1542 1864 1641 1890 dicam.
1659 1864 1690 1890 Et
1703 1873 1780 1892 nunc
1793 1874 1855 1893 ecce

1066 1909 1147 1936 redeo
1161 1910 1187 1936 in
1201 1909 1288 1936 locum
1302 1917 1390 1936 meum
1404 1909 1436 1936 “.
1454 1919 1464 1936 ι
1481 1909 1577 1937 Sciens
1592 1910 1700 1937 Balaam
1715 1913 1789 1945 quod
1804 1921 1854 1940 non

1065 1956 1116 1984 sibi
1142 1964 1190 1990 per
1216 1956 1358 1983 ministros
1383 1958 1478 1984 solitos
1506 1965 1636 1991 responsa
1667 1957 1853 1990 deferrentur,

1065 2002 1112 2028 sed
1135 2002 1168 2028 ab
1194 2009 1226 2028 eo
1248 2001 1294 2035 qui
1316 2002 1431 2030 haberet
1453 2003 1574 2030 omnium
1591 2007 1764 2036 potestatem,
1782 2011 1854 2032 recte

1064 2047 1172 2073 videtur
1196 2051 1364 2081 protestatus
1387 2056 1439 2075 non
1465 2056 1495 2075 se
1522 2056 1600 2082 posse
1616 2049 1729 2076 verbum
1747 2049 1853 2077 Domini

1065 2093 1230 2127 transgredi,
1248 2099 1274 2120 et
1290 2093 1380 2121 facere
1404 2094 1488 2120 ullum
1504 2095 1642 2128 pusillum,
1658 2100 1703 2121 aut
1725 2103 1852 2130 magnum

1066 2139 1136 2173 apud
1153 2140 1344 2173 semetipsum.
1361 2139 1419 2167 Non
1433 2140 1504 2167 enim
1522 2140 1565 2166 ille
1581 2140 1745 2174 loquebatur
1762 2143 1798 2174 ei,
1811 2143 1852 2176 qui

228 2178 369 2210 assumpti.
389 2177 440 2210 Qui
461 2182 550 2203 autent
577 2177 756 2210 maledicunt,
785 2178 919 2205 maledicti
941 2183 1013 2205 sunt.
1031 2186 1054 2215 υ
1068 2190 1160 2220 possm
1183 2186 1326 2212 sacriﬁciis
1349 2191 1376 2213 οι
1394 2186 1551 2213 muneribus
1571 2187 1734 2220 ρει-,ιιυιω-ί,
1747 2188 1795 2214 sed
1813 2188 1854 2213 me

227 2221 256 2247 Si
273 2223 343 2248 enim
362 2222 394 2248 ad
409 2222 537 2255 populum
557 2222 635 2248 istum
650 2223 790 2256 respicias,
807 2223 852 2257 qui
875 2223 1013 2250 maledicit

227 2269 345 2300 Christo,
360 2269 442 2295 etiam
458 2268 669 2303 lacrymabiliter
690 2270 827 2296 invenitur
849 2277 908 2297 esse
931 2270 1013 2297 male-

226 2327 325 2354 dictus.
341 2326 409 2359 Quid
427 2326 499 2352 enim
515 2326 586 2352 aliud
596 2326 704 2352 evenire
720 2330 809 2359 posset
826 2326 858 2352 iis
869 2327 913 2360 qui
931 2327 1013 2353 male-

226 2373 319 2399 dirunt
345 2373 497 2407 sapientia),
511 2372 555 2406 qui
573 2371 738 2398 maledicunt
755 2372 876 2403 veritati,
892 2373 937 2406 qui
953 2380 1010 2398 ma-

226 2418 343 2446 ledicunt
361 2419 432 2450 vine,
450 2418 499 2444 nisi
518 2423 546 2444 ut
559 2418 591 2444 ab
608 2417 641 2444 iis
655 2418 781 2445 omnibus
796 2417 874 2444 bonis
888 2422 1011 2444 extorres

224 2470 252 2493 et
268 2465 374 2491 exsules
392 2463 519 2499 iaceant?
541 2463 602 2490 lltcc
615 2464 687 2490 cnint
699 2463 789 2490 omnia
811 2463 936 2489 Christus
949 2467 1010 2490 est:

225 2517 252 2538 et
269 2512 313 2545 qui
326 2510 461 2538 maledicit
472 2510 593 2544 Christo,
607 2515 736 2544 tanquam
749 2509 781 2536 iis
795 2509 920 2536 omnibus
935 2509 1012 2536 bouis

225 2556 399 2587 maledicens,
419 2560 547 2590 perpetua
582 2554 770 2581 maledictione
790 2553 934 2580 damnatus
958 2558 1009 2581 est.

227 2603 282 2637 ligo
305 2607 396 2629 tamen
417 2607 483 2638 puto
505 2603 577 2636 quod
602 2608 655 2628 non
684 2600 729 2627 ille
755 2599 841 2627 solum
869 2600 1012 2628 maledicat

227 2649 345 2681 Christo,
360 2650 404 2682 qui
421 2656 572 2676 sermonem
585 2648 729 2675 adversum
756 2654 816 2674 etttu
845 2647 1010 2674 maledicum

263 2718 285 2733 ³³
296 2720 357 2745 Act.
370 2725 465 2748 xxvnt,
479 2718 525 2747 27.

228 2753 248 2769 ’⁵
262 2752 340 2779 Num.
360 2760 432 2785 xxiv,
449 2754 475 2780 9.

564 2718 666 2745 “Deut.
682 2725 769 2750 xxxii,
788 2717 831 2744 I5.

527 2753 550 2768 ⁴⁰
565 2753 631 2780 ibid.
649 2753 692 2784 IO,
708 2753 751 2779 II.

262 2811 318 2843 (77)
339 2811 415 2842 Mss.,
437 2815 485 2838 «et
507 2811 603 2837 unicus
619 2816 645 2838 et
663 2811 816 2846 multiplex,
832 2820 842 2837 ι
862 2811 909 2840 sed
937 2810 1005 2839 libb.

228 2851 306 2873 antea
321 2846 387 2873 editi
401 2846 530 2872 ontittunt
546 2855 554 2871 ί
567 2851 594 2872 et
610 2846 716 2873 unicus.
731 2856 740 2871 ι
861 2870 866 2874 .

872 2717 894 2733 ³⁵
908 2715 989 2745 Joan.
1003 2725 1038 2750 tv,
1053 2716 1098 2743 3L.

803 2752 824 2768 ⁴¹
845 2752 910 2779 ibid.
928 2752 973 2785 12,
993 2753 1036 2786 I3,
1051 2751 1093 2778 I4.

1065 2236 1124 2258 erat
1138 2232 1207 2266 apud
1220 2239 1300 2266 quem
1319 2239 1370 2257 non
1392 2236 1434 2258 est
1451 2233 1652 2264 transmutatio,
1670 2240 1720 2259 nec
1733 2240 1853 2259 commu-

1066 2278 1177 2304 tationis
1193 2277 1288 2303 umbra
1301 2277 1334 2303 ⁸².
1349 2277 1381 2304 Et
1395 2278 1454 2305 ideo
1466 2286 1520 2305 non
1532 2284 1620 2312 potest
1637 2280 1768 2306 sacerdos
1785 2289 1853 2307 mer-

1064 2325 1130 2351 cede
1153 2324 1263 2356 mulari,
1284 2325 1328 2351 ubi
1354 2324 1425 2352 Deus
1447 2325 1606 2352 muneribus
1633 2332 1686 2352 non
1717 2332 1852 2353 movetur.

1066 2370 1242 2397 Discessurus
1261 2375 1350 2397 tamen
1370 2371 1478 2397 Balaam
1504 2372 1599 2406 incipit
1615 2372 1713 2401 iterum
1737 2374 1854 2407 prophe-

1066 2421 1135 2448 tare,
1153 2421 1180 2443 et
1196 2416 1314 2444 dicit":
1329 2426 1338 2441 ι
1355 2416 1431 2448 Vetti,
1450 2417 1590 2444 consilium
1612 2418 1645 2444 do
1665 2418 1714 2444 tibi
1736 2419 1801 2453 quid
1816 2419 1855 2445 fa—

1066 2462 1119 2489 ciet
1145 2462 1258 2496 populus
1277 2462 1321 2489 hic.
1345 2462 1443 2496 populo
1469 2468 1514 2489 tuo
1531 2462 1556 2489 in
1573 2463 1729 2490 novissimis
1748 2464 1852 2490 diebus.

1067 2507 1100 2534 Et
1118 2512 1256 2541 assumpta
1274 2508 1403 2542 parabola
1419 2513 1467 2534 sua
1483 2507 1532 2534 ait.
1548 2516 1557 2532 ι
1575 2506 1628 2534 Sed
1644 2508 1806 2542 priusquam
1820 2508 1854 2534 ad

1066 2552 1287 2587 explanationem
1305 2560 1398 2580 eorum
1414 2561 1474 2588 qua:
1490 2554 1652 2588 propltetata
1673 2560 1747 2585 sunt,
1762 2555 1855 2580 venia-

1067 2606 1137 2630 mus,
1155 2598 1234 2625 velim
1253 2599 1393 2633 requirere
1405 2599 1466 2633 quis
1477 2599 1527 2625 iste
1545 2605 1640 2625 sensus
1652 2599 1699 2630 sit,
1713 2599 1775 2634 quis
1786 2600 1855 2626 ordo

1065 2644 1220 2676 verborum,
1233 2645 1304 2679 quod
1319 2644 1374 2672 ait:
1391 2653 1400 2670 ι
1421 2643 1486 2672 Veni
1510 2649 1537 2671 et
1554 2644 1699 2672 consilium
1713 2646 1748 2672 do
1764 2646 1822 2672 tibi.
1840 2654 1851 2670 ι

1136 2714 1159 2730 ³⁸
1175 2714 1240 2749 Sap.
1257 2722 1305 2746 vn,
1319 2714 1363 2741 22.
1403 2714 1424 2730 ³⁷
1438 2713 1519 2741 Num.
1535 2721 1608 2745 xxtv,
1624 2713 1651 2741 8.
1703 2714 1726 2730 ³⁸
1739 2715 1804 2742 ibid.
1822 2714 1851 2742 9.

1147 2748 1265 2777 “Iacob.
1280 2757 1299 2782 ι,
1315 2750 1358 2776 I7.
1396 2749 1419 2765 ⁸³
1434 2749 1514 2776 Num.
1530 2757 1605 2780 utr,
1620 2749 1665 2781 14,
1683 2749 1727 2776 I5.

1097 2809 1153 2846 (78)
1168 2808 1181 2836 1
1185 2818 1200 2836 n
1216 2816 1319 2846 manus.
1335 2807 1373 2834 lta
1383 2807 1467 2835 codex
1483 2806 1667 2840 Corbciensis,
1683 2806 1748 2834 libri
1761 2810 1852 2833 autem

1065 2843 1169 2878 cditi,'t
1187 2846 1212 2872 in
1231 2843 1364 2872 manibus.
1376 2852 1386 2869 ›
