1903 3052
54 159 104 187 715

639 155 672 183 ΙΝ
690 153 856 183 NUMEROS
873 151 1015 179 llOillldA
1029 151 1123 179 XVIII.

1635 151 1685 178 7H

56 218 87 244 Et
113 215 221 242 consilii
250 214 361 249 quidem
389 214 454 240 nihil
486 214 550 240 dare
575 214 694 245 videtur,
707 214 762 240 ‘sed
788 213 845 238 ait:
863 216 884 240 A
900 210 968 236 luant
983 210 1055 236 ﬁlius
1069 210 1148 242 Bcor,
1167 210 1246 236 homo
1262 216 1327 236 vere
1341 209 1446 240 videns,
1461 213 1488 235 et
1502 208 1615 235 audiens
1625 217 1684 236 scr-

59 271 69 288 ‹
88 261 158 295 Quid
173 261 297 287 facturus
309 260 345 287 sit
357 260 472 294 populus
483 259 527 286 hic
540 259 640 293 popqu
652 263 698 286 tuo
716 258 743 284 in
758 257 848 284 novis-

55 307 134 336 simis
160 307 276 338 diebus;
293 315 302 332 ι
329 313 390 333 cum
409 306 503 340 utique
517 304 729 332 convenientius
747 304 847 330 dictutn

55 353 209 384 videretur,
231 352 253 379 si
268 351 373 378 diceret
387 359 392 377 :
408 349 486 381 Veni.
509 350 643 384 propheto
660 349 709 376 tibi
726 349 791 384 quid
809 347 847 374 fa-

59 404 157 425 cturus
182 398 220 425 sit
238 398 352 431 populus
376 396 421 423 hic
443 395 542 431 popqu
567 400 612 422 tuo
636 395 664 421 in
692 393 848 421 novissimis

61 445 219 475 diebus;et
232 446 305 470 esset
327 442 421 476 utique
446 440 651 475 consequentia,
666 444 695 466 ut
709 440 848 467 videretur

56 490 169 516 Balaam
185 489 348 523 prophetare
363 488 395 514 de
409 488 442 514 iis
456 494 517 521 qua:
531 486 644 521 populus
658 485 740 514 lsrael
760 485 848 511 factu-

55 544 104 563 rus
128 538 203 563 esset
224 534 323 570 populo
349 533 460 565 Balach,
480 532 522 560 vel
539 532 645 559 caeteris
658 532 805 567 gentibus:
821 536 847 557 et

53 581 127 615 quod
149 581 177 608 in
203 580 303 608 virtute
316 579 397 607 faciet
410 579 447 606 ita
463 583 492 606 ut
508 586 560 606 non
577 579 756 612 relinquatex
771 577 847 604 urbi-

53 629 105 653 bus
125 626 205 652 Moab
222 626 304 652 ullum
318 626 364 660 qui
381 625 474 652 salvus
488 624 544 652 fiat.

88 673 118 699 2.
137 672 191 699 Sed
204 676 232 698 et
246 671 388 706 prophetia
405 670 582 697 nihilominus
596 676 676 704 quam
689 669 722 696 de
738 669 847 696 Christo

53 717 197 752 coniungit
214 719 239 744 in
258 717 503 751 consequentibus,
517 720 545 743 et
567 715 635 742 dicit
648 714 690 740 “:
709 724 718 740 ι
735 714 847 742 Orietur

53 764 134 791 stella
160 771 194 791 ex
218 763 313 794 Jacob,
338 768 365 790 et
389 767 517 796 exsurget
543 763 623 789 homo
642 768 676 788 ex
697 760 792 793 lsrael,
821 765 848 788 et

53 810 175 837 vastabit
193 809 329 844 principes
348 808 437 840 Moab.
455 818 464 834 ι
485 807 680 835 convenienter
696 807 783 842 posita
809 807 843 833 vl-

53 856 178 887 deretur,
197 856 218 881 si
251 854 381 888 scriptum
397 858 469 881 esset
484 862 491 880 :
506 853 585 884 Veni.
600 857 627 880 et
641 853 773 887 propheto
788 853 844 879 tibi.

52 901 131 928 Nunc
155 905 246 927 autem
270 900 334 934 quid
356 900 480 927 dicemus
502 900 536 926 ad
553 899 606 926 hoc
627 898 698 933 quod
712 899 844 933 scriptum

52 952 94 974 est
110 955 118 974 :
137 956 146 972 ι
162 946 242 977 Veni.
259 945 403 973 consilium
425 945 474 972 tibi
491 944 526 972 do
541 944 605 978 qttid
622 944 706 971 faciet
730 944 845 978 populus

55 995 99 1021 hic
113 993 217 1028 populo
237 992 303 1019 tuo?
318 1001 327 1017 ›
342 991 524 1026 Requiramus
537 998 602 1024 ergo
610 990 746 1024 quomodo
760 989 841 1016 intel-

53 1039 99 1073 ligi
116 1039 216 1066 debeat
227 1038 298 1072 quod
317 1038 448 1071 scriptum
459 1040 521 1063 est:
536 1045 546 1061 ι
560 1035 709 1063 Consilium
724 1035 771 1062 tibi
782 1036 842 1067 do,»

52 1086 86 1111 de
103 1091 160 1119 quo
189 1090 260 1118 saepe
276 1083 346 1118 apud
368 1082 558 1116 memetipsum
572 1082 724 1116 requirens.
744 1081 843 1108 nullum

52 1128 132 1163 potui
148 1128 250 1156 exitum
269 1128 394 1155 invenire
409 1127 561 1160 sementim,
578 1127 600 1154 si
626 1127 678 1154 hoc
692 1128 763 1161 quod
785 1128 841 1154 ait:

55 1183 64 1200 ι
79 1173 233 1202 Consilium
258 1173 306 1200 tibi
327 1174 370 1205 do,
386 1182 394 1198 ι
419 1173 557 1200 communi
580 1176 607 1199 et
637 1173 736 1199 usitato
767 1180 844 1200 more

53 1221 156 1247 dictum
174 1224 312 1254 putemus.
334 1219 388 1246 Sed
407 1219 473 1246 illud
498 1219 585 1253 magis
597 1218 652 1245 vidi
668 1226 729 1246 esse
745 1226 843 1246 conve-

52 1266 134 1293 niens
158 1266 232 1300 quod
255 1266 315 1293 ait:
330 1266 501 1293 «Consilium
530 1265 577 1292 tibi
604 1265 647 1297 do,
663 1273 673 1290 ι
692 1269 724 1292 ιιι
739 1265 776 1292 ita
799 1265 843 1292 di-

51 1318 126 1340 ctutn
145 1313 202 1348 (79)
218 1312 402 1347 intelligatur:
415 1310 568 1338 Consilium
584 1310 706 1338 divinum
726 1311 798 1345 quod
816 1311 844 1338 in

52 1358 213 1386 novissimis
231 1358 327 1386 diebus
342 1357 510 1392 implendum
524 1361 576 1389 est,
595 1357 660 1384 mihi
678 1364 752 1384 nunc
769 1364 846 1385 reve-

51 1405 152 1437 latum,
175 1404 271 1439 aperio
299 1404 346 1431 tibi
365 1407 394 1430 et
418 1402 574 1436 manifesto,
590 1407 619 1429 ut
634 1403 705 1430 scias
717 1402 782 1437 quid
798 1409 845 1436 po-

53 1452 136 1487 pulos
150 1451 197 1478 hic
209 1450 290 1478 faciet
303 1449 402 1485 populo
415 1454 473 1476 tuo.
484 1449 517 1475 Et
531 1449 583 1476 hoc
598 1449 678 1475 modo
690 1453 762 1476 stare
779 1448 844 1475 mihi

51 1500 142 1527 visum
157 1502 200 1525 est
216 1503 296 1532 posse
308 1496 380 1530 quod
393 1495 453 1522 ait:
470 1503 479 1520 ε
494 1495 645 1522 Consilium
659 1494 705 1521 tibi
726 1494 760 1522 do
778 1494 843 1530 quid

51 1545 176 1572 tacturus
200 1548 242 1570 est
265 1541 379 1576 populus
412 1542 456 1569 hic
481 1541 580 1576 popqu
605 1545 668 1572 tuo;
685 1549 694 1565 ι
712 1540 764 1567 hoc
788 1544 840 1570 est,
856 1548 876 1576 ς

52 1589 200 1617 consilium
220 1588 267 1614 Dei
278 1587 392 1614 enuntio
409 1587 458 1613 tibi
472 1591 499 1614 et
511 1586 666 1614 manifesto.
680 1586 842 1621 Requirenti

52 1643 119 1663 sane
136 1634 202 1661 mihi
222 1633 310 1660 sicubi
326 1633 396 1659 lorte
410 1633 435 1659 in
449 1632 599 1667 Scripturis
613 1631 713 1659 divinis
727 1633 776 1659 sub
792 1632 843 1659 huc

52 1687 180 1708 sermone
204 1679 293 1706 simile
317 1678 420 1713 aliquid
446 1678 547 1705 dictutn
565 1683 659 1712 posset
685 1685 841 1710 occurrere,

51 1727 142 1754 visum
167 1729 210 1753 est
236 1725 316 1751 etiam
345 1728 373 1751 et
400 1723 466 1751 illud
494 1723 621 1750 similiter
647 1724 841 1750 advertendum

52 1772 126 1806 quod
147 1769 295 1804 Apostolus
311 1769 348 1796 ait
361 1769 384 1785 "
400 1777 409 1796 ;
424 1778 434 1794 ι
451 1768 517 1801 Quis
538 1768 609 1795 enim
631 1769 757 1802 cognovit
781 1775 844 1794 sen-

52 1825 112 1844 sum
138 1816 255 1847 Domini,
277 1820 323 1841 aut
347 1815 408 1850 quis
432 1815 456 1841 ei
481 1814 654 1841 consiliarius
678 1813 774 1840 fuit?»
793 1813 842 1841 Hic

52 1864 126 1891 cnim
141 1873 150 1889 ι
161 1863 234 1898 quis,
244 1871 253 1888 ι
277 1869 329 1888 non
352 1869 401 1895 pro
414 1861 499 1893 nullo,
514 1862 561 1889 sed
580 1868 628 1895 pro
640 1868 712 1892 raro,
727 1861 769 1888 vel
785 1860 842 1887 exi-

53 1912 107 1937 mio
121 1910 248 1937 habetur.
261 1908 404 1941 Quomodo
423 1908 495 1935 enim
516 1916 568 1934 non
591 1908 720 1942 cognovit
733 1915 841 1934 sensum

53 1955 98 1982 Dei
129 1954 293 1989 Uuigeuitus
317 1961 391 1985 suus,
419 1953 465 1988 qui
493 1952 564 1979 dicit
575 1952 616 1979 “z
634 1961 643 1977 ι
659 1951 744 1979 Nemo
768 1951 843 1978 novit

53 2001 176 2032 Patrem,
194 1999 244 2026 nisi
260 1999 352 2029 Filius.
365 2003 393 2024 et
407 1998 449 2025 cui
459 1997 573 2025 voluerit
589 1996 674 2024 Filius
683 1996 839 2024 revelare?»

51 2047 121 2081 Quid
140 2045 266 2074 estaliud
287 2045 357 2072 scire
369 2043 486 2077 Patrem,
503 2043 555 2070 nisi
573 2043 645 2070 scire
655 2047 682 2070 et
697 2042 840 2069 consilium

51 2095 122 2128 ejus,
135 2097 163 2120 et
175 2092 304 2120 sensum?
322 2090 376 2118 Sed
393 2095 420 2117 et
436 2090 554 2124 Spiritus
573 2093 683 2116 sanctus
698 2089 743 2124 qui
762 2096 842 2115 scru-

54 2145 132 2166 tatur
146 2140 228 2165 etiatn
245 2137 299 2164 alia
315 2137 372 2168 Dei,
387 2136 480 2171 quidni
496 2143 605 2162 sensum
620 2135 677 2169 ejus
690 2133 842 2169 agnoscat?

53 2184 188 2220 Agnoscit
200 2190 264 2217 ergo
280 2187 306 2209 et
318 2181 411 2212 Filius,
428 2187 454 2208 et
466 2181 585 2215 Spiritus
600 2185 712 2207 sanctus
730 2187 839 2208 sensum

56 2214 182 2260 Domini,
195 2214 254 2255 etii
270 2227 369 2261 quibus
388 2214 503 2253 voluerit
518 2225 602 2252 Filius
619 2225 748 2253 revelare.
764 2225 839 2259 Quod
858 2214 879 2242 D

52 2277 73 2303 si
90 2274 218 2310 agnoscit
231 2273 316 2300 Filius
331 2280 438 2299 sensum
455 2271 512 2303 Dei,
530 2275 573 2298 est
588 2278 653 2305 ergo
675 2275 703 2298 et
716 2271 841 2299 consilia-

52 2322 109 2349 rius
121 2321 190 2356 ejus.
210 2319 266 2347 Sed
281 2318 454 2345 consiliarius
469 2324 522 2344 non
542 2318 577 2343 ita
597 2318 772 2351 accipiendos
786 2323 839 2349 est,

52 2367 130 2402 quasi
153 2365 290 2401 ignoranti
307 2364 331 2390 ei
350 2363 413 2398 quid
434 2367 507 2396 agat,
523 2362 667 2389 consilium
685 2363 729 2389 det
742 2362 838 2394 Filius.

53 2420 97 2440 aut
114 2413 235 2448 Spiritus
247 2416 373 2443 sanctus;
391 2410 439 2436 sed
453 2408 525 2443 quod
541 2409 660 2439 consilii,
677 2413 705 2436 et
719 2408 844 2435 volunta-

54 2461 90 2487 tis
112 2459 173 2493 ejus
198 2458 335 2494 particeps
356 2461 383 2483 et
406 2455 496 2482 sciens
513 2454 549 2481 sit
570 2454 664 2487 Filius,
678 2459 705 2481 et
727 2454 845 2488 Spiritus

52 2511 175 2533 sanctus.
201 2503 288 2532 Simili
305 2509 369 2538 ergo
389 2501 470 2528 modo
487 2503 516 2527 et
526 2500 634 2527 Balaam
649 2501 712 2535 quia
732 2500 844 2527 consilii

52 2551 125 2586 quod
140 2551 164 2578 ei
189 2549 358 2577 revelaverat
379 2548 460 2578 Deus,
493 2546 654 2582 participem
679 2546 798 2573 faciebat
818 2551 845 2573 ct

52 2605 167 2632 gnarum
193 2596 307 2628 Balach,
329 2595 390 2622 ait:
409 2602 419 2620 ι
432 2593 511 2625 Vetti,
531 2592 674 2620 consiliqu
701 2592 749 2619 tibi
774 2591 840 2624 do,i

52 2651 183 2680 tanquam
201 2643 248 2678 qui
264 2650 328 2670 vere
341 2642 437 2669 videns
454 2641 500 2673 sit,
514 2646 541 2669 et
554 2646 619 2667 vere
633 2638 748 2665 audierit
760 2639 842 2665 verba

51 2691 111 2724 Dei,
127 2691 200 2718 sicut
226 2689 253 2716 in
280 2688 512 2722 consequentibus
535 2685 633 2713 dicit"
650 2693 656 2711 :
672 2693 682 2709 ι
698 2684 771 2711 Dixit
792 2683 843 2710 Ba-

899 263 993 283 mones
1014 256 1073 287 Dei,
1095 256 1184 282 sciens
1204 255 1349 282 scientiam
1377 255 1493 287 Excelsi,
1507 259 1535 282 et
1551 255 1684 282 visionem

900 300 947 328 Dei
971 301 1066 328 videns
1092 301 1119 327 in
1138 301 1252 333 somnis,
1268 301 1381 328 revelati
1404 301 1472 328 oculi
1488 301 1557 335 ejus.
1573 311 1583 327 ι
1598 301 1634 328 De
1653 302 1686 329 iis

898 345 1025 373 omnibus
1048 346 1103 380 jam
1131 346 1258 380 superius
1272 347 1403 380 diximus,
1421 347 1484 382 quia
1501 352 1528 374 et
1545 348 1571 374 in
1587 347 1685 383 praefa-

899 391 972 417 tione
1000 392 1087 418 tertiae
1109 392 1256 426 prophetia:
1283 393 1376 419 eadem
1402 393 1503 428 scripta
1527 399 1600 422 sunt.
1628 394 1685 422 lloc

898 443 964 464 sane
979 436 1066 464 solum
1086 437 1112 464 in
1138 438 1264 472 praesenti
1280 439 1385 466 videtur
1402 440 1521 467 additum
1540 441 1611 474 quod
1625 441 1684 468 ait:

901 491 911 507 ι
926 482 1021 510 Sciens
1037 483 1179 510 scientiam
1195 483 1311 511 Excelsi.
1324 494 1333 510 ι
1354 484 1409 512 lloc
1425 486 1494 512 enim
1519 486 1545 512 in
1563 487 1685 520 superio-

898 529 974 556 ribus
989 535 1041 556 non
1059 533 1101 556 est
1117 529 1218 556 dictum
1232 530 1265 557 de
1279 530 1392 557 Balaam
1407 539 1414 558 :
1429 532 1499 566 quod
1514 533 1621 566 quidem
1634 539 1684 559 nec

899 574 976 602 facile
992 575 1024 602 de
1038 583 1173 610 quoquam
1186 576 1308 603 omnium
1326 582 1481 605 sanctorum
1494 578 1684 612 prophetarum

898 621 1029 655 scriptum
1044 628 1104 648 esse
1120 622 1298 656 deprehendi.

932 667 959 693 5.
983 666 1058 694 Unde
1077 667 1195 705 egvalde
1209 668 1292 695 miror
1307 669 1443 703 quomodo
1459 669 1509 696 hoc
1528 670 1560 697 de
1575 670 1684 698 Balaam

898 712 1029 744 scriptum
1055 718 1106 744 est,
1132 714 1176 740 cui
1199 721 1249 741 nec
1272 715 1325 742 hoc
1347 722 1509 742 concessum
1526 721 1568 743 est
1583 718 1683 749 dicere.

898 759 970 793 quod
986 760 1124 794 prophetis
1141 767 1202 786 esse
1217 760 1243 787 in
1265 768 1313 788 usu
1326 761 1405 793 solet,
1419 771 1428 788 ι
1441 762 1500 789 lucc
1518 763 1582 790 dicit
1595 763 1686 791 Domi-

899 810 967 835 nus;
984 812 993 828 ι
1014 803 1061 830 sed
1083 803 1139 831 ait:
1156 813 1165 829 ι
1178 805 1251 832 Dixit
1282 805 1401 839 Balaam,
1420 807 1488 834 dixit
1513 808 1594 836 homo
1622 817 1685 837 vere

899 849 1004 876 videns.
1020 858 1030 875 ι
1048 849 1116 877 Tum
1135 850 1232 878 deinde
1242 856 1270 878 et
1281 852 1418 886 quomodo
1432 854 1543 888 dignum
1558 857 1611 882 erit
1625 860 1685 882 tan-

899 900 954 923 tum
976 897 1047 923 istud
1073 897 1185 932 intelligi
1203 899 1237 925 de
1254 898 1373 930 Balaam.
1394 904 1424 926 ut
1442 901 1512 927 sciat
1539 901 1684 929 scientiam

898 941 1004 968 Excelsi
1021 950 1028 969 :
1045 942 1091 976 qui
1104 943 1186 970 etiam
1199 943 1298 971 Balach
1312 952 1401 980 regem
1415 946 1538 973 docuerit
1549 949 1686 982 quomodo

897 986 1054 1014 scandalum
1071 988 1193 1015 mitteret
1210 996 1305 1016 coram
1324 990 1387 1017 filiis
1408 990 1503 1021 lsrael.
1520 997 1549 1018 ut
1565 994 1681 1021 mandu-

897 1036 992 1071 carent
1017 1033 1167 1066 immolata,
1192 1039 1220 1061 et
1243 1035 1531 1065 fornicareutuHVix
1557 1039 1629 1066 enim
1651 1041 1686 1067 de

897 1077 1000 1104 sanctis
1024 1079 1166 1113 prophetis
1181 1084 1230 1107 aut
1246 1082 1378 1115 apostolis
1393 1083 1514 1110 inveniet
1529 1085 1629 1120 aliquis
1643 1086 1684 1113 d2-

896 1127 982 1156 ctum,
995 1124 1057 1158 quia
1072 1125 1160 1152 sciant
1176 1126 1316 1153 scientiam
1334 1127 1455 1157 Excelsi.
1474 1129 1603 1162 Quamvis
1614 1131 1685 1159 Pau-

897 1168 938 1197 lus
951 1169 1052 1197 dixerit
1068 1171 1180 1199 audisse
1194 1179 1224 1199 se
1237 1173 1319 1200 verba
1333 1174 1530 1203 inenarrabilia
1555 1185 1614 1211 quae
1629 1186 1683 1207 non

897 1214 959 1242 licet
973 1215 1076 1244 homini
1095 1217 1168 1252 loqui
1179 1218 1212 1251 “,
1231 1223 1321 1246 tamen
1347 1227 1401 1248 non
1422 1226 1463 1248 est
1486 1224 1625 1257 professus
1638 1224 1685 1252 ha-

896 1261 961 1288 bere
971 1269 1003 1289 se
1014 1262 1157 1290 scientiam
1175 1263 1293 1292 Excelsi.
1311 1265 1426 1299 Propter
1441 1269 1513 1302 quod
1527 1270 1684 1305 diligentius

896 1307 1072 1336 intendamus
1084 1309 1106 1336 si
1122 1309 1193 1337 forte
1211 1310 1325 1344 dignum
1341 1311 1444 1346 aliquid
1459 1313 1537 1341 nobis
1552 1314 1624 1343 Deus
1639 1324 1685 1344 stt-

896 1360 945 1387 per
959 1353 1012 1381 hoc
1033 1360 1160 1382 sermone
1189 1355 1312 1383 revelare
1328 1356 1497 1391 dignabitur.
1512 1359 1540 1386 lu
1556 1359 1627 1388 libro
1638 1362 1684 1396 qui

896 1399 967 1433 apud
991 1406 1041 1426 nos
1055 1399 1167 1434 quidem
1185 1399 1257 1427 inter
1269 1400 1424 1430 Salomonis
1440 1404 1576 1431 volumina
1590 1405 1683 1434 haberi

897 1444 966 1471 solet
982 1449 1009 1472 et
1025 1444 1235 1472 Ecclesiasticus
1258 1446 1322 1478 dici,
1338 1448 1408 1481 apud
1434 1447 1544 1478 Graecos
1561 1458 1626 1478 vero
1641 1459 1685 1480 sa-

897 1490 999 1524 pientia
1011 1490 1073 1518 Jesu
1088 1491 1137 1518 lilii
1152 1491 1249 1518 Sirach
1267 1492 1428 1526 appellatur,
1441 1494 1572 1529 scriptum
1586 1501 1627 1524 est
1639 1497 1682 1524 ":

899 1544 908 1557 ι
920 1535 1015 1563 Omnis
1030 1536 1163 1570 sapientia
1177 1544 1191 1563 a
1203 1536 1258 1563 Deo
1267 1541 1317 1564 est.
1334 1548 1343 1565 ι
1358 1539 1434 1571 Quod
1452 1541 1568 1568 fortasse
1587 1549 1685 1575 possu-

897 1588 956 1608 mus
973 1582 1008 1609 ita
1024 1581 1189 1616 intelligere,
1206 1584 1284 1618 quasi
1297 1592 1311 1610 a
1323 1583 1377 1611 Deo
1395 1584 1430 1612 sit
1444 1591 1472 1613 et
1488 1586 1532 1613 illa
1550 1588 1683 1622 sapientia

897 1627 989 1654 mundi
1008 1627 1099 1662 hujus,
1117 1635 1177 1663 qua:
1201 1630 1365 1656 destruenda
1393 1631 1505 1662 dicitur,
1528 1636 1555 1659 et
1580 1633 1683 1667 princi-

895 1679 957 1706 pum
971 1673 1066 1700 mundi
1077 1672 1169 1707 hujus.
1186 1677 1211 1700 et
1227 1674 1249 1701 si
1262 1682 1315 1709 qua
1331 1675 1384 1702 alia
1398 1681 1440 1703 est
1456 1684 1505 1711 per
1518 1685 1599 1711 quam
1616 1678 1683 1705 falsa

895 1717 1010 1745 scientia
1031 1720 1258 1748 commendatur:
1275 1721 1325 1749 nisi
1350 1721 1376 1748 in
1399 1723 1458 1756 ipso
1472 1722 1562 1750 libello
1580 1724 1606 1751 in
1621 1731 1684 1751 cou-

895 1764 1073 1799 sequentibus
1097 1766 1234 1794 diceretur
1245 1767 1268 1782 ⁵ο
1284 1774 1289 1792 :
1306 1775 1315 1792 ι
1333 1767 1390 1795 Νοη
1413 1771 1456 1795 est
1480 1769 1552 1796 enim
1576 1770 1684 1804 sapien-

898 1810 946 1841 tia,
973 1810 1085 1838 malitiaa
1112 1812 1264 1846 disciplina.
1279 1821 1289 1837 ι
1306 1813 1359 1840 Per
1383 1815 1455 1847 quod
1473 1815 1567 1849 utique
1590 1816 1681 1849 docet,

895 1856 959 1890 quia
986 1857 1075 1884 omnis
1103 1857 1246 1892 disciplina
1268 1866 1328 1893 quae
1346 1859 1408 1887 falsi
1428 1860 1531 1895 aliquid
1565 1862 1682 1895 asserit,

895 1902 1002 1930 etiamsi
1031 1903 1177 1932 vehemens
1208 1905 1350 1938 videatur,
1381 1909 1410 1933 et
1448 1906 1626 1940 verisimilis,
1655 1913 1684 1935 et

895 1957 956 1984 quae
987 1949 1109 1977 subverti
1138 1949 1246 1978 dilﬁcile
1271 1951 1365 1986 possit,
1394 1957 1481 1978 tamen
1510 1959 1681 1988 nequaquam

893 1995 973 2031 34],
988 1996 1141 2031 huiusmodi
1151 1997 1266 2024 scientia
1276 1997 1308 2024 ad
1320 1998 1459 2032 sapientiae
1472 1999 1577 2026 titulum
1588 2000 1684 2028 debeat

894 2043 1037 2076 applicari.
1058 2042 1128 2075 Quid
1151 2050 1217 2078 ergo
1241 2048 1283 2070 est
1301 2043 1373 2078 quod
1399 2043 1460 2070 ait:
1487 2053 1496 2070 ι
1519 2044 1615 2073 Omnis
1637 2054 1682 2073 sa-

894 2089 995 2123 pientia
1021 2096 1036 2116 a
1060 2088 1115 2116 Deo
1133 2089 1196 2116 est?
1212 2098 1222 2114 ι
1242 2088 1310 2116 lllud
1332 2089 1397 2116 mihi
1423 2090 1543 2118 sensisse
1565 2091 1681 2124 videtur,

894 2134 958 2168 quia
981 2134 1070 2161 omnis
1095 2134 1209 2169 peritia,
1230 2141 1290 2169 qua:
1313 2134 1354 2161 vel
1379 2142 1443 2169 erga
1464 2140 1548 2163 artem
1563 2137 1681 2172 aliquam

895 2179 954 2206 usui
969 2179 1088 2206 humano
1101 2179 1255 2206 necessaria
1275 2178 1403 2211 ltabetur.
1419 2180 1462 2206 vel
1482 2180 1627 2215 cujuslibet
1643 2183 1682 2209 rei

896 2225 1022 2257 scientia,
1041 2225 1176 2260 sapientia
1193 2225 1325 2252 dicatura
1343 2225 1458 2253 Domino
1473 2227 1546 2255 data.
1564 2227 1684 2263 Denique

897 2272 967 2307 apud
983 2271 1035 2299 Job
1051 2271 1184 2306 scriptum
1204 2276 1245 2299 est
1261 2271 1282 2287 ‘“
1296 2280 1303 2298 :
1321 2280 1329 2296 ι
1348 2271 1415 2305 Quis
1429 2272 1504 2299 dedit
1525 2272 1684 2300 mulieribus

898 2317 1005 2345 texendi
1035 2317 1209 2352 sapientiam,
1232 2322 1259 2345 et
1283 2317 1426 2345 varietatis
1454 2318 1681 2352 disciplinam?»

897 2364 949 2392 Sed
965 2369 994 2392 et
1008 2364 1035 2391 in
1048 2364 1142 2392 Exodo
1156 2364 1190 2391 "2
1208 2374 1218 2390 ι
1239 2363 1359 2391 Locutus
1375 2368 1429 2396 est,
1444 2364 1541 2398 inquit,
1553 2364 1684 2392 Dominus

896 2411 929 2438 ad
950 2410 1060 2446 Moysen
1080 2410 1193 2438 dicens:
1217 2410 1287 2438 Ecce
1304 2411 1396 2438 vocavi
1414 2411 1574 2438 nominatim
1600 2411 1682 2438 Bese—

894 2456 967 2484 lehel
981 2457 1065 2484 tilium
1082 2456 1141 2490 Uri,
1160 2456 1207 2483 lilii
1220 2456 1266 2489 Or,
1288 2464 1321 2483 ex
1335 2456 1407 2484 tribu
1424 2455 1506 2489 Juda,
1528 2461 1555 2483 et
1580 2456 1682 2491 replevi

895 2509 955 2529 eum
981 2501 1080 2536 spiritu
1105 2502 1199 2528 divino
1227 2501 1386 2535 sapientiae,
1413 2505 1440 2527 et
1467 2500 1633 2535 intellectus,
1655 2504 1684 2527 et

895 2547 1059 2582 disciplinae,
1077 2546 1146 2574 utin
1166 2545 1242 2573 omni
1263 2552 1345 2579 opere
1368 2544 1512 2579 intelligat,
1534 2549 1562 2571 et
1579 2544 1614 2571 sit
1636 2552 1682 2572 ar-

897 2593 1033 2621 chitectus
1052 2593 1085 2620 ad
1109 2592 1277 2628 operandam
1301 2595 1459 2625 argentum,
1481 2594 1509 2617 et
1526 2597 1634 2622 aurum,
1656 2594 1683 2617 et

898 2646 945 2670 tes.
959 2643 987 2666 et
1006 2638 1110 2673 lapides
1124 2637 1293 2672 repletionis.
1310 2641 1338 2663 et
1354 2635 1446 2663 omnia
1461 2642 1542 2669 opera
1563 2635 1682 2668 fabrilia,

897 2690 925 2712 et
939 2686 965 2712 in
982 2684 1067 2720 ligno,
1083 2689 1111 2711 ut
1122 2688 1252 2718 operetur
1265 2683 1411 2710 secundum
1429 2681 1519 2708 omnia
1541 2689 1634 2715 opera,
1648 2683 1681 2708 ad

83 2771 104 2786 ⁸⁸
126 2770 206 2797 Num.
227 2775 302 2799 xxtv,
317 2767 359 2795 l7.
392 2767 415 2782 “
430 2767 506 2793 Rom.
522 2773 560 2797 λι,
576 2765 620 2792 54.
648 2763 671 2780 δε
684 2763 778 2799 Matth.
789 2770 831 2799 δι,

924 2763 945 2779 ⁸⁷
963 2762 1041 2799 Num.
1059 2771 1134 2799 sxw.
1154 2762 1258 2799 l5,_16.
1283 2762 1306 2778 ⁸⁸
1318 2761 1338 2789 ll
1353 2761 1416 2789 Cor.
1430 2769 1479 2794 xu,
1493 2760 1521 2787 ὁ.
1557 2760 1580 2776 δ’
1597 2759 1680 2788 Eccll.

52 2815 70 2839 I,
87 2807 110 2834 ι.

1155 2797 1168 2811 Η

150 2806 174 2821 ὀ
188 2804 273 2832 Eccli.
289 2797 346 2836 in,
361 2803 404 2830 19.
435 2802 456 2818 δι
482 2801 531 2828 Job
542 2807 656 2831 xxxvut,
670 2799 714 2826 56.
753 2798 775 2812 "
789 2797 842 2824 Exo

897 2806 966 2830 txxt,
983 2800 1008 2830 l,
1024 2798 1051 2830 2,
1062 2798 1089 2830 5,
1115 2798 1140 2831 Il,
1153 2797 1178 2829 5,
1200 2797 1227 2825 6.

84 2877 141 2913 (79)
167 2875 237 2902 Cod.
260 2872 443 2900 Corbeieusis.
472 2871 631 2899 «dictum.»
655 2867 734 2896 Libb.
755 2867 849 2901 editi,t
860 2866 974 2895 dixisse.
989 2874 999 2890 ι

184 2923 331 2954 ηΡΑτιιοι.
348 2920 406 2951 Gn.
423 2919 494 2950 ΧΠ.

1506 2909 1545 2938 211
