1903 3052
235 147 293 175 ἺΙῦ

964 148 1124 177 ORIGENIS

1826 151 1873 177 ’ῖὶίῖ

241 215 303 242 quae
319 215 369 243 ego
381 207 440 235 dedi
461 214 534 234 eum.
550 206 603 233 Sed
615 211 641 233 et
655 206 729 233 Eliah
742 206 826 233 lilium
842 207 1023 235 Achisamach
1041 211 1062 239 Α
1078 209 1236 241 buscuuque
1251 207 1375 242 quaesivit
1390 207 1426 234 ab
1445 208 1485 235 eis
1506 215 1552 235 rex
1575 206 1679 236 invenit
1698 215 1746 235 eos
1758 209 1876 244 decuplo

239 262 271 281 ex
291 254 363 281 tribu
384 253 448 280 Dan.
464 253 495 280 Et
507 252 567 278 dedi
592 252 618 278 in
640 259 687 278 cor
700 252 774 278 omni
802 253 929 286 prudenti
943 253 1025 280 intel-

241 300 350 330 lectum,
369 304 395 325 ut
410 299 507 325 faciant
523 298 614 324 omnia
633 304 695 332 qua
708 297 838 324 constitui
853 298 911 325 libi.
932 307 941 323 ι
957 298 1025 325 Con-

240 345 328 372 sidera
341 352 405 379 ergo
423 351 455 370 ex
468 344 501 370 iis
513 342 639 370 omnibus
655 343 791 376 quomodo
812 349 827 369 a
853 342 968 370 Domino
984 348 1026 371 est

238 391 370 426 sapientia
396 390 513 421 fabrilis,
540 389 596 417 sive
621 389 647 416 in
671 398 747 421 auro,
770 391 827 417 sive
852 390 878 416 in
901 395 1024 424 argento,

237 434 295 461 sive
311 434 337 460 in
351 433 403 460 alia
419 441 581 468 quacunque
613 434 737 465 materia,
752 433 795 461 vel
812 434 894 461 etiam
914 434 1024 461 textrini

237 481 372 516 sapientia
399 490 404 507 :
426 485 454 508 et
480 481 542 508 vide
556 480 620 515 quia
641 480 704 515 jure
721 481 773 508 dici
797 481 831 508 de
850 481 883 508 iis
901 482 1024 509 omnibus

237 531 338 561 potest,
359 527 429 561 quod
447 527 543 554 horum
560 527 677 554 scientia
693 527 729 554 ab
748 527 864 554 Excelso
887 528 930 555 sit.
947 527 1024 560 Quod

235 575 258 600 si
277 573 380 600 fabrilis
395 573 508 600 scientia
523 573 558 600 ab
570 572 687 600 Excelso
700 580 760 600 esse
777 572 943 604 declaratur,
954 580 1024 607 quo-

237 621 318 648 modo
333 627 386 647 non
399 624 426 646 et
437 620 613 654 geometrica,
627 626 660 647 ex
669 626 721 654 qua
735 620 828 654 utique
840 619 898 646 hzec
909 619 1022 646 scientia

238 673 320 701 quam
349 665 491 700 Scriptura
523 665 765 692 architectonicam
792 665 925 700 nominat,
951 665 1024 692 deri-

237 712 336 739 vatur?
346 711 467 746 Denique
477 716 503 737 et
513 711 539 738 in
550 711 680 738 Zacharia
693 711 830 738 funiculus
841 711 1022 746 geometricus

235 758 336 784 dicitur
349 757 384 788 ⁵³,
403 757 429 784 in
444 764 499 791 quo
512 755 653 783 dimetitur
668 756 781 791 angelus
797 755 950 783 Jerusalem
967 766 973 783 :
995 760 1023 783 et

233 803 296 832 ideo
327 811 379 831 non
405 808 469 838 puto
499 802 650 830 absurdmn
677 802 775 834 videri.
804 802 826 829 si
858 802 939 829 etiam
966 802 1023 829 haec

234 850 347 878 scientia
369 849 474 877 dicatur
490 848 607 876 Excelsi.
635 847 706 881 Quid
729 852 820 875 autem
845 847 966 875 dicemus
988 847 1021 875 de

1077 253 1191 288 amplius
1212 261 1294 288 quam
1319 259 1397 281 erant
1420 254 1547 289 sophistre
1574 260 1602 282 et
1624 254 1802 289 philosophi,
1827 257 1874 290 qui

1076 304 1156 326 erant
1180 299 1208 326 in
1238 299 1312 327 omni
1338 307 1422 334 regno
1448 299 1516 333 ejus.
1538 309 1547 326 ι
1573 300 1606 327 Et
1623 301 1682 328 haec
1706 301 1823 335 quidem
1849 301 1875 328 in

1075 344 1279 379 exemplaribus
1304 344 1482 381 Septuaginta
1507 346 1686 381 interpretum
1712 347 1874 375 habentur:

1076 390 1103 416 in
1129 389 1304 417 Hebraeorum
1320 398 1385 418 vero
1401 391 1540 418 codicibus
1561 392 1662 426 aliquid
1683 392 1770 419 etiam
1784 392 1872 420 vehe-

1077 435 1195 463 mentius
1208 436 1307 470 reperi,
1320 436 1418 470 quibus
1433 437 1556 471 quamvis
1572 445 1624 464 non
1637 442 1761 470 utamur,
1779 443 1871 464 tamen

1074 481 1235 515 agnoscendi
1251 481 1337 516 gratia
1357 481 1479 509 dicemus
1498 481 1579 508 etiam
1607 482 1643 509 ibi
1656 490 1718 517 qua:
1733 482 1870 517 legimus:

1077 534 1086 551 ε
1109 525 1195 559 Dedit,
1210 526 1310 561 inquit,
1328 527 1397 554 Deus
1411 527 1577 554 intellectum
1599 533 1627 554 et
1649 529 1828 561 prudentiam
1845 528 1870 554 iu

1073 572 1146 598 omni
1167 573 1346 606 grammatica
1362 573 1508 607 sapientia,
1525 579 1551 600 et
1571 573 1664 601 Daniel
1683 574 1823 601 intellexit
1845 575 1869 601 in

1073 618 1146 645 omni
1162 618 1275 651 visione,
1289 623 1316 645 et
1329 618 1453 646 somniis.
1468 627 1478 644 ι
1496 618 1528 646 Et
1544 624 1601 654 post
1611 626 1698 654 pauca
1712 629 1718 646 :
1738 629 1748 645 ι
1767 620 1803 646 Ει
1815 624 1870 647 ste-

1074 667 1175 697 terunt,
1193 664 1291 699 inquit,
1306 664 1332 691 in
1350 669 1500 699 conspectu
1514 666 1596 701 regis,
1608 670 1635 692 et
1651 666 1678 692 in
1689 665 1765 692 omni
1783 665 1867 692 verbo

1073 709 1221 744 sapientiae,
1236 714 1263 737 et
1276 710 1437 745 disciplinae,
1451 711 1476 738 in
1491 719 1544 746 quo
1555 711 1680 746 quaasivit
1695 712 1730 738 ab
1746 711 1789 739 eis
1805 719 1866 742 rex.

1073 755 1176 782 invenit
1188 755 1214 782 in
1228 756 1269 784 eis
1284 757 1397 792 decuplo
1417 765 1498 792 super
1514 765 1608 785 omnes
1632 757 1825 784 incantatores
1840 762 1867 784 et

1075 809 1180 836 magos,
1197 802 1242 836 qui
1257 808 1337 830 erant
1349 804 1376 830 in
1392 804 1465 831 omni
1479 811 1560 839 regno
1573 803 1643 837 ejus.
1665 813 1674 830 ι
1695 803 1734 830 Ex
1749 803 1783 830 iis
1801 811 1867 837 ergo

1073 848 1202 876 omnibus
1220 853 1308 884 potest
1325 849 1438 885 intelligi
1452 851 1586 885 quomodo
1601 855 1628 878 et
1640 849 1751 877 Balaam
1764 850 1867 878 dixerit

236 897 350 928 musica,
372 894 448 929 cujus
465 901 573 921 omnem
603 893 731 928 peritiam
762 893 800 920 ita
822 893 952 929 attigerat
977 902 1019 921 sa—
1037 881 1058 909 Β
1073 893 1106 920 de
1121 895 1279 929 semetipso,
1298 904 1308 921 ι
1325 896 1370 930 qui
1385 881 1436 924 scit
1455 881 1598 924 scientiam
1625 896 1746 928 Excelsi,
1768 906 1777 923 I
1808 898 1865 925 sci-

235 939 423 974 pientiSsimus
440 937 534 970 David,
559 944 591 965 ac
617 937 702 965 totius
715 937 848 968 melodis}.
872 943 900 966 et
923 938 1019 974 rhyth-

236 993 343 1013 morum
368 984 517 1019 collegerat
540 983 700 1018 disciplinas
721 988 751 1010 ut
778 991 810 1012 ex
836 984 870 1012 iis
895 985 1020 1012 omnibus

234 1031 370 1058 inveniret
383 1037 474 1063 sonos,
493 1029 591 1064 quibus
610 1033 702 1064 posset
723 1029 806 1056 etiam
831 1030 1018 1064 perturbatum

235 1085 325 1111 regem
354 1080 537 1111 vexatumque
559 1075 594 1102 ab
618 1075 714 1110 spiritu
738 1075 858 1110 maligno
880 1075 1020 1111 psallendo

233 1121 381 1156 mitigare?
395 1120 470 1148 Unde
482 1127 536 1147 non
549 1124 614 1155 puto
629 1119 747 1154 aliquem
762 1120 829 1148 recti
845 1127 956 1153 sensus,
972 1121 1019 1155 qui

233 1168 258 1194 in
274 1168 369 1194 horum
387 1166 508 1194 omnium
527 1166 644 1193 scientia
660 1170 751 1201 neget,
776 1166 840 1201 quia
866 1166 956 1194 omnis
977 1174 1020 1194 sa-

231 1213 333 1248 pientia
350 1220 364 1239 a
376 1212 489 1240 Domino
506 1215 557 1239 est.
574 1210 634 1238 Jam
648 1219 713 1239 vero
729 1212 761 1240 de
775 1212 919 1240 medicinae
932 1213 1017 1240 scien-

227 1261 268 1287 tia
284 1268 332 1288 nec
352 1259 473 1287 dubitari
499 1262 574 1293 puto.
599 1258 626 1285 Si
651 1259 723 1286 enim
739 1263 781 1286 est
800 1258 853 1285 ulla
869 1258 986 1286 scientia
1004 1266 1018 1285 a

225 1306 297 1339 Deo,
315 1313 376 1341 quae
392 1305 479 1340 magis
489 1306 523 1333 ab
535 1313 567 1334 eo
584 1306 637 1333 erit
653 1312 734 1340 quam
749 1305 863 1333 scientia
881 1305 1018 1338 sanitatis,

232 1354 258 1380 in
278 1360 331 1387 qua
353 1352 435 1379 etiam
455 1351 603 1378 herbarum
625 1351 709 1384 vires,
733 1355 760 1378 et
783 1358 926 1379 succor-um
949 1358 1015 1386 qua-

232 1401 332 1432 litates,
353 1407 385 1427 ac
401 1398 563 1426 differentia:
578 1398 801 1432 dignoseuntur?
822 1397 905 1433 Igitur
921 1406 954 1425 ex
975 1398 1017 1426 his

231 1447 357 1474 omnibus
372 1445 513 1480 colligitur
529 1445 599 1480 quod
612 1445 694 1472 etiam
707 1443 788 1478 hujus
805 1444 912 1471 Balaam
925 1445 1016 1472 scien-

232 1493 280 1524 tia,
302 1500 350 1527 pro
363 1499 415 1526 qua
432 1491 582 1518 accersitus
598 1495 639 1518 est
658 1497 693 1518 ex
716 1489 919 1524 Mesopotamia:
940 1497 1018 1517 mon-

239 1540 312 1567 tibus
327 1540 360 1566 ab
377 1539 484 1566 oriente
503 1542 533 1564 ut
546 1536 719 1564 malediceret
731 1535 826 1568 Iacob,
837 1536 943 1564 ’habeat
958 1536 1019 1570 qui-

231 1586 291 1612 dem
308 1585 384 1612 initia
411 1588 441 1611 et
467 1583 600 1618 originem
625 1582 659 1610 ab
684 1582 810 1614 Excelso,
826 1586 854 1610 et
876 1582 937 1610 inde
950 1583 1020 1609 sitei

232 1631 334 1665 agnitio
354 1637 412 1665 qua
436 1629 564 1656 didicerit
589 1627 631 1654 vel
657 1631 769 1654 naturas
780 1627 952 1660 animalium,
976 1627 1018 1654 vel

229 1682 322 1704 motus
337 1676 441 1708 avium,
465 1675 506 1703 vel
533 1673 703 1701 dili‘ereutias
721 1681 816 1701 vocum
830 1682 837 1700 :
855 1675 902 1701 sed
916 1681 947 1701 ea
962 1681 1022 1708 quae

231 1723 264 1749 ad
278 1722 421 1750 scientiam
440 1721 572 1749 bonorum
601 1720 747 1755 acceperit,
773 1719 920 1747 contulisse
941 1727 971 1747 se
986 1720 1020 1746 ad

231 1775 310 1795 nsum
323 1766 468 1794 malorum.
488 1765 564 1799 Quod
578 1765 643 1792 mihi
659 1765 747 1792 simile
763 1764 879 1798 videtur,
893 1764 971 1799 quasi
990 1763 1012 1791 si

223 1813 255 1840 «is
276 1812 322 1848 qui
354 1811 518 1839 medicinam
533 1810 673 1843 didicerit,
688 1814 714 1838 et
731 1809 879 1836 herbarum
901 1809 974 1836 vires
989 1817 1021 1836 ac

237 1861 450 1892 temperamenta
485 1857 665 1892 cognoverit,
697 1855 819 1882 medendi
848 1854 908 1881 sine
941 1854 1021 1881 dubio

230 1904 316 1936 gratia
333 1910 347 1929 a
363 1901 419 1929 Deo
437 1901 597 1928 hominibus
610 1901 685 1933 data,
700 1905 864 1928 convertere
880 1900 945 1927 velit
957 1907 1018 1935 pro-

225 1949 368 1983 positum:
387 1953 414 1975 et
426 1947 499 1975 omni
517 1947 630 1975 scientia
651 1954 712 1981 quae
734 1946 767 1973 ad
783 1946 899 1974 salutem
918 1953 1019 1980 corpo-

230 2002 290 2022 rum
305 1993 426 2028 przestita
442 1997 494 2026 est,
510 1997 601 2019 utatur
614 1992 647 2019 ad
661 1992 775 2024 malum,
790 1996 818 2018 et
834 1998 884 2026 pro
909 1990 1019 2018 medico

231 2040 394 2067 veneuarius
414 2038 476 2070 fiat,
502 2046 549 2073 pro
574 2038 703 2065 remediis
719 2037 839 2070 morbos,
853 2044 902 2072 pro
919 2037 1022 2064 sanita-

231 2087 304 2113 tihus
319 2085 417 2112 inferat
430 2089 542 2111 mortes.
554 2083 588 2112 Ut
599 2089 691 2111 autem
702 2083 820 2118 amplius
834 2082 1021 2117 intelligamus

231 2131 320 2158 adhuc
339 2129 420 2157 totius
441 2129 562 2157 scientia:
585 2129 747 2163 sapientiam
763 2136 778 2156 τι
804 2129 858 2156 Deo
882 2128 1018 2163 originem

233 2178 359 2209 trahere,
379 2177 413 2203 ab
436 2175 594 2203 hominibus
617 2178 707 2201 autem
727 2174 789 2202 mali
812 2173 955 2209 propositi,
979 2173 1021 2200 vel

1072 938 1176 967 licetut
1190 940 1356 976 intelligatur
1375 943 1447 976 quod
1471 943 1550 978 origo
1576 943 1660 970 totius
1683 943 1811 970 scientia:
1832 943 1865 970 ab

1073 984 1131 1019 ipso
1146 987 1283 1020 acceperit
1300 988 1461 1015 exordium:
1479 989 1546 1016 vitio
1560 993 1649 1015 autem
1665 989 1794 1016 humanas
1810 996 1864 1015 ma-

1072 1030 1349 1065 litize,aspirantibus
1371 1039 1400 1061 et
1425 1033 1639 1068 subripientibus
1657 1034 1739 1061 etiam
1765 1035 1864 1062 dmino-

1073 1076 1163 1109 nibus,
1187 1078 1213 1104 in
1238 1078 1387 1112 perniciem
1405 1086 1481 1107 versa
1504 1079 1559 1106 sint
1579 1087 1639 1114 qua:
1665 1086 1715 1113 pro
1743 1079 1864 1106 utilitate

1073 1129 1201 1149 concessa
1225 1127 1300 1151 sunt.
1330 1123 1392 1152 llaec
1419 1124 1453 1151 de
1478 1132 1510 1152 eo
1539 1124 1609 1160 quod
1635 1123 1721 1156 dixit.
1741 1133 1751 1150 ε
1771 1125 1863 1151 sciens

1073 1168 1215 1194 scientiam
1237 1168 1354 1202 Excelsi,
1376 1178 1385 1195 ι
1404 1177 1419 1197 a
1442 1169 1520 1197 nobis
1536 1177 1586 1205 pro
1607 1170 1712 1197 viribus
1736 1170 1862 1197 discussa

1073 1212 1137 1240 sint.
1712 1212 1719 1217 “

1107 1258 1135 1285 4.
1154 1258 1221 1286 Post
1240 1260 1298 1287 haec
1323 1261 1361 1288 ait
1379 1261 1401 1276 "
1418 1270 1424 1288 :
1449 1270 1458 1286 ι
1476 1261 1616 1289 Visionem
1643 1261 1689 1289 Dei
1716 1263 1816 1289 videns
1837 1263 1862 1289 in

1072 1305 1190 1336 somnis,
1210 1305 1322 1333 revelati
1337 1306 1409 1334 oculi
1424 1306 1492 1341 ejus.
1513 1317 1522 1333 ι
1545 1307 1581 1335 De
1601 1308 1634 1334 iis
1649 1307 1820 1335 suliicienter
1836 1308 1862 1334 iu

1073 1351 1151 1377 tertia
1180 1351 1282 1378 visione
1302 1351 1447 1380 dissertum
1473 1358 1531 1386 est,
1554 1359 1580 1380 et
1609 1354 1704 1381 eadem
1734 1358 1860 1388 repetere

1072 1396 1187 1424 otiosum
1204 1401 1254 1424 est.
1270 1397 1415 1426 Videamus
1430 1405 1496 1434 ergo
1512 1399 1576 1434 quid
1595 1403 1639 1426 est
1652 1400 1725 1434 quod
1748 1399 1776 1426 in
1797 1406 1862 1426 con-

1073 1442 1250 1476 sequentibus
1263 1443 1328 1470 dicit
1346 1443 1370 1459 "
1384 1452 1392 1470 ε
1408 1453 1417 1470 ε
1435 1443 1583 1472 Ostendam
1597 1445 1634 1477 ei,
1649 1449 1676 1471 et
1693 1453 1746 1471 non
1771 1446 1861 1477 modo,

1073 1487 1246 1521 heatiﬂeabo,
1261 1493 1288 1516 et
1307 1496 1360 1516 non
1379 1490 1589 1525 appropinquat.
1607 1499 1616 1516 ι
1635 1489 1663 1517 1η
1676 1490 1738 1517 aliis
1753 1491 1861 1526 quidem

1073 1533 1274 1566 exemplaribus
1301 1533 1426 1568 legimus,
1458 1543 1468 1560 ι
1495 1534 1594 1562 videbo
1624 1542 1698 1565 eum.
1730 1536 1777 1562 sed
1810 1544 1862 1562 non

1074 1579 1154 1606 modo
1173 1579 1239 1615 (80).
1260 1589 1269 1606 ι
1293 1579 1372 1613 Quod
1396 1580 1420 1608 si
1443 1581 1599 1616 recipiatur,
1625 1581 1732 1608 facilius
1751 1581 1862 1616 intelligi

1073 1623 1231 1658 putabitur:
1248 1629 1278 1652 ut
1292 1625 1445 1658 Christum,
1461 1626 1495 1653 de
1512 1633 1566 1660 quo
1584 1626 1611 1653 in
1631 1627 1863 1661 consequentibus

1073 1669 1139 1696 dicit
1159 1669 1181 1685 ⁵⁷
1206 1678 1212 1696 :
1246 1679 1255 1696 ‹
1277 1670 1388 1698 Orietur
1410 1670 1487 1698 stella
1511 1678 1544 1698 ex
1565 1670 1660 1704 Jacob,
1681 1677 1710 1699 et
1733 1677 1862 1707 exsurget

1073 1714 1154 1741 homo
1179 1714 1212 1741 de
1233 1714 1329 1746 Israel,
1350 1725 1359 1741 ι
1381 1715 1525 1742 videndum
1549 1715 1621 1743 dicat
1643 1724 1714 1748 esse.
1741 1717 1790 1744 sed
1810 1725 1860 1744 non

1073 1759 1172 1792 modo;
1193 1759 1243 1786 hoc
1263 1764 1315 1792 est,
1341 1767 1394 1787 non
1420 1767 1452 1787 eo
1477 1765 1610 1794 tempore,
1629 1768 1682 1795 quo
1700 1761 1753 1787 ista
1768 1761 1861 1796 loque-

1074 1804 1165 1831 batur.
1186 1804 1212 1831 ln
1227 1805 1383 1833 novissimis
1407 1807 1478 1832 enim
1498 1805 1601 1836 diebtts,
1622 1814 1631 1831 ι
1653 1806 1698 1832 ubi
1715 1806 1789 1832 venit
1808 1808 1861 1841 pi:-

1073 1849 1167 1877 nitudo
1184 1850 1324 1885 temporis,
1346 1850 1420 1877 misit
1433 1850 1503 1878 Deus
1518 1850 1614 1878 Filium
1629 1859 1709 1878 suum
1721 1851 1758 1880 “‘.
1779 1861 1788 1878 ι
1809 1851 1860 1879 Sed

1072 1895 1094 1921 si
1115 1895 1264 1922 secundum
1289 1895 1340 1922 hoc
1362 1895 1433 1929 quod
1455 1903 1504 1923 nos
1526 1896 1659 1923 habemus
1677 1897 1703 1922 iu
1723 1896 1860 1930 exempla-

1073 1941 1157 1973 rihus,
1181 1940 1322 1975 legendum
1341 1940 1422 1977 342
1447 1941 1494 1973 sit,
1521 1941 1573 1968 hoc
1594 1945 1659 1968 est:
1687 1950 1696 1966 ι
1713 1941 1860 1969 Ostendam

1073 1985 1122 2016 illi.
1143 1990 1169 2013 et
1189 1994 1242 2013 non
1263 1987 1362 2020 modo;
1386 1987 1559 2019 beatillcabo,
1584 1991 1611 2014 et
1635 1995 1688 2014 non
1713 1987 1859 2022 appropin-

1072 2038 1157 2067 quat;
1179 2041 1188 2058 ι
1205 2040 1257 2060 non
1275 2034 1307 2060 ad
1327 2033 1399 2061 hunc
1425 2032 1545 2066 Balaam,
1571 2040 1620 2068 per
1642 2040 1724 2068 quem
1740 2033 1797 2060 haec
1821 2033 1859 2059 di-

1072 2083 1183 2111 cuntur,
1199 2079 1245 2106 sed
1261 2079 1294 2106 ad
1311 2079 1372 2106 illos
1386 2085 1501 2114 quorum
1522 2085 1666 2113 personati:
1682 2078 1710 2104 in
1724 2078 1777 2105 hoc
1792 2077 1859 2104 dixi-

1073 2132 1143 2157 mus,
1171 2124 1299 2152 refertur.
1322 2123 1362 2151 Illi
1381 2124 1453 2152 enim
1471 2124 1598 2152 doctores
1626 2123 1693 2158 legis
1715 2128 1743 2150 et
1767 2124 1858 2151 scrilue

1072 2171 1216 2199 ostendent
1239 2171 1379 2198 Christum
1402 2171 1428 2198 iu
1452 2171 1510 2206 lege
1534 2175 1562 2198 et
1586 2170 1730 2205 prophetis
1745 2170 1858 2204 prophe-

232 2222 312 2249 etiam
329 2230 343 2248 a
360 2221 528 2249 daemonibus
541 2219 711 2254 corruptelas
730 2220 860 2254 quasdam
879 2219 1018 2255 sapientiae
1034 2227 1056 2256 ι)
1074 2221 1170 2250 tatum,
1186 2217 1233 2244 sed
1247 2224 1300 2244 nou
1316 2217 1406 2244 modo.
1421 2216 1478 2244 Hoc
1491 2221 1543 2249 est,
1556 2223 1608 2243 non
1623 2223 1656 2243 eo
1671 2220 1796 2250 tempore
1808 2223 1856 2250 quo

234 2268 279 2295 Dei
295 2267 506 2294 admiscentibus
523 2265 654 2293 declinari
672 2265 705 2292 ad
720 2265 818 2292 malum
838 2275 844 2292 :
865 2266 1016 2300 relegamus

230 2322 274 2345 ea.
289 2321 349 2348 quze
364 2313 390 2340 in
407 2311 517 2339 Daniele
532 2311 633 2346 scripta
650 2315 716 2338 sunt
738 2310 770 2338 de
786 2310 846 2345 ipso
867 2311 977 2339 Daniele
990 2316 1018 2338 et

232 2359 317 2386 tribus
331 2358 426 2385 amicis
439 2356 507 2390 ejus,
525 2362 593 2390 quos
603 2354 852 2383 Nabuchodonosor
871 2363 917 2383 rex
934 2356 1019 2384 tribus

231 2405 309 2432 annis
326 2403 490 2430 erudiendos
506 2401 626 2433 tradidit,
642 2400 735 2428 volens
748 2408 794 2428 eos
812 2401 837 2428 in
853 2409 912 2433 sua,
934 2402 960 2428 id
977 2407 1019 2430 est

224 2450 316 2484 patria
327 2455 353 2477 et
367 2448 575 2484 Babyloniorum
587 2447 720 2482 sapientia
730 2447 929 2474 scientissimos
948 2446 1017 2475 ﬁeri.

230 2496 268 2523 lhi
281 2503 345 2531 ergo
357 2494 487 2530 scriptum
509 2497 550 2520 est
573 2492 609 2526 ⁸⁸,
629 2493 690 2528 quia
714 2501 723 2518 ι
739 2493 814 2520 dedit
833 2492 872 2519 eis
888 2492 1019 2520 Dominus

231 2540 372 2568 scientiam
383 2544 409 2567 et
420 2538 598 2572 intellectum,
610 2542 638 2565 et
651 2537 822 2573 prudentiam
834 2537 860 2564 in
877 2537 950 2564 omni
960 2541 1018 2564 arte

228 2587 418 2621 grammatica,
435 2592 462 2613 et
479 2584 581 2613 Danieli
601 2584 677 2611 dedit
704 2582 870 2610 intellectum
896 2582 922 2608 in
944 2582 1018 2609 omni

233 2632 324 2664 verbo,
340 2637 367 2659 et
377 2633 492 2665 visione,
508 2636 536 2659 et
550 2630 681 2658 somniis:
695 2633 722 2656 et
736 2628 894 2662 erantapud
908 2635 997 2661 regem
1011 2637 1017 2654 :

230 2681 258 2702 et
272 2677 297 2702 in
312 2677 385 2704 omni
401 2679 482 2705 verbo
495 2682 523 2704 et
536 2675 691 2711 prudentia,
707 2679 734 2702 et
750 2673 904 2708 disciplina,
918 2674 944 2700 iu
959 2673 1020 2708 qui-

271 2744 387 2771 "Zach.
411 2752 441 2777 It,
465 2745 491 2770 l.
527 2744 552 2760 ”
578 2743 646 2770 Dan.
666 2751 683 2774 ι,
708 2741 807 2776 l7,l9,
823 2742 869 2769 ‘20.
907 2742 930 2758 "
949 2741 1016 2771 Num

271 2803 327 2837 (80)
349 2802 380 2829 In
398 2803 459 2829 aliis
470 2803 574 2837 quidem
588 2802 781 2837 exemplaribus
795 2802 904 2837 legimus
919 2809 928 2837 ;
943 2811 953 2827 ‹
974 2802 1018 2830 Vi-

235 2839 300 2864 debo
325 2845 402 2869 eum,
432 2838 477 2864 sed
500 2845 551 2863 non
579 2838 667 2863 modo.
689 2846 697 2861 ι
724 2836 825 2871 Nempe
852 2838 877 2864 in
905 2836 1016 2864 llehra-n

233 2874 320 2905 11mm,
342 2876 368 2898 et
381 2872 449 2905 apud
469 2871 605 2905 Aquilam,
620 2872 665 2905 qui
680 2873 759 2898 vertit
775 2881 781 2898 :
797 2871 914 2905 ὐψομςιι
936 2872 1015 2899 αὑτὸν

1021 2763 1027 2770 .
1044 2752 1118 2779 xxiv,
1132 2745 1175 2773 16.
1212 2746 1236 2764 ⁵⁸
1250 2746 1327 2778 ibid.,
1345 2746 1386 2772 l7.

1072 2264 1154 2296 venit,
1175 2263 1221 2290 sed
1233 2270 1294 2290 cum
1308 2262 1445 2298 plenitudo
1458 2262 1577 2296 gentium
1592 2262 1742 2294 introierit,
1757 2268 1784 2290 et
1799 2270 1856 2290 cum

1071 2310 1158 2338 omnis
1179 2309 1261 2337 Israel
1277 2309 1377 2336 salvari
1400 2307 1524 2342 incipiet,
1548 2313 1612 2335 tunc
1624 2315 1686 2335 eum
1701 2309 1855 2337 ostemleut.

1072 2361 1100 2383 et
1122 2361 1185 2383 tunc
1209 2355 1413 2386 bealilicabunl,
1441 2362 1521 2389 quem
1545 2354 1625 2381 modo
1653 2354 1853 2389 blasphemant.

1073 2401 1128 2429 Sed
1148 2401 1200 2428 hoc
1215 2406 1320 2435 tempus
1338 2401 1363 2426 in
1381 2407 1435 2434 quo
1459 2400 1515 2427 haec
1539 2400 1627 2426 futura
1644 2405 1719 2431 sunt,
1739 2408 1790 2426 non
1810 2408 1854 2435 ap-

1073 2449 1235 2483 propinquat
1249 2457 1255 2475 :
1283 2448 1361 2482 longe
1375 2447 1449 2474 enim
1467 2451 1519 2478 est.
1533 2451 1560 2473 et
1577 2447 1603 2473 in
1625 2447 1682 2481 ipso
1698 2447 1789 2474 szeculi
1807 2447 1854 2473 ﬁne

1072 2494 1246 2529 sperandum.
1274 2494 1306 2521 Et
1333 2494 1394 2521 ideo
1415 2495 1464 2526 ait,
1480 2502 1489 2519 ι
1508 2493 1657 2522 Ostendam
1685 2494 1736 2525 illi,
1758 2499 1785 2521 et
1807 2501 1853 2520 non

1072 2539 1172 2566 modo:
1193 2548 1202 2564 ι
1220 2539 1268 2571 illi,
1287 2539 1338 2566 hoc
1362 2544 1403 2566 est
1425 2539 1524 2573 popqu
1544 2539 1590 2574 qui
1614 2545 1678 2566 tunc
1696 2538 1852 2566 salvabitur.

1071 2584 1134 2612 Post
1158 2586 1226 2618 haec,
1255 2593 1266 2610 ι
1281 2584 1404 2616 Orietur,
1427 2584 1524 2619 inquit,
1545 2584 1621 2611 stella
1650 2591 1683 2610 ex
1709 2583 1805 2616 Jacoh,
1828 2588 1853 2610 et

1071 2636 1197 2664 exsurget
1223 2630 1303 2658 homo
1328 2638 1361 2658 ex
1385 2630 1479 2658 Israel.
1496 2639 1506 2656 ι
1525 2630 1562 2657 De
1578 2630 1621 2658 his
1642 2634 1671 2657 et
1693 2630 1721 2657 iu
1738 2630 1851 2665 superio-

1074 2675 1148 2703 ribus
1167 2676 1296 2709 diximus,
1314 2677 1377 2711 quia
1397 2676 1536 2703 evidenter
1551 2676 1585 2704 dc
1601 2675 1678 2703 stella
1692 2683 1755 2711 quae
1775 2675 1851 2710 magis

1425 2746 1447 2762 ⁸⁷
1461 2745 1526 2773 ibid.
1563 2745 1587 2762 ⁵⁸
1601 2745 1692 2773 Galat.
1706 2754 1744 2778 Iv,
1764 2746 1790 2776 ι.

1071 2806 1175 2868 καί...οὒ
1202 2806 1260 2835 νῦν.
1289 2811 1355 2833 teste
1378 2805 1607 2832 Drntonslmlione
1631 2806 1785 2840 etvaugelice
1803 2806 1848 2834 Eu-

1071 2848 1148 2868 seut.

1071 2848 1148 2869 Schll.
