1886 3051
71 162 120 190 717

645 161 677 189 IN
691 161 856 200 NUMEROS
871 161 1014 191 HOMILIA
1034 162 1126 191 XVIII.

1636 166 1690 193 718

71 222 96 248 iu
113 220 213 248 oriente
231 219 366 255 apparuit,
382 220 582 255 prophetetur:
602 227 654 255 qua
677 221 747 249 duce
767 228 849 249 vene-
865 223 887 251 Α
902 221 988 253 ducit,
1001 226 1027 249 et
1047 221 1132 256 spolia
1153 220 1248 249 salutis
1273 225 1415 257 reportat;
1433 221 1504 249 sicut
1527 226 1554 250 et
1579 223 1604 250 iu
1628 224 1690 251 aliis

70 270 129 293 ruut
145 267 176 293 ad
202 265 334 300 Judaeam,
358 266 529 301 requirentes
549 274 612 294 eum
639 267 686 302 qui
713 272 793 295 natus
808 272 850 295 est

71 319 116 338 rex
134 310 222 344 Israel,
245 317 273 339 et
299 317 435 347 repertum
455 312 555 340 oblatis
573 313 732 341 muneribus
750 314 844 341 adora-

69 363 168 387 verunt.
182 360 235 387 Sed
251 364 341 386 movet
358 365 410 390 me,
426 359 496 393 quod
512 360 546 386 de
567 359 623 395 ipsa
645 359 724 387 stella
741 364 849 394 postea-

69 412 145 440 quam
159 405 258 433 dictum
275 410 317 433 est
336 405 362 432 in
378 404 528 439 Evangelio
543 406 578 439 ”,
593 407 656 441 quia
677 408 850 442 praecesserit

68 457 157 484 magos
172 457 257 485 usque
272 450 300 477 in
315 449 489 483 Bethlehem,
501 455 528 478 et
543 451 654 479 veniens
669 452 746 480 stetit
765 459 848 487 supra

68 497 113 524 ubi
130 504 195 531 puer
218 501 290 529 erat,
305 496 378 524 ultra
398 504 452 524 non
472 497 508 524 sit
523 497 638 530 dictum,
652 499 714 533 quia
735 498 778 525 vel
793 499 849 525 dis-

66 543 175 571 cesserit
187 543 259 576 inde,
274 543 316 571 vel
331 543 484 575 evanuerit,
511 543 554 571 vel
581 549 720 580 assumpta
740 544 786 579 sil,
802 550 849 572 aut

67 590 164 625 aliquid
179 590 291 617 omnino
303 590 336 618 de
348 590 400 618 hoc
417 589 542 618 narratio
552 590 710 624 evangelica
722 591 846 627 designa-

65 636 154 664 verit:
169 636 216 664 sed
228 636 279 663 hoc
289 639 394 662 tantum
406 634 517 669 dixerit,
534 637 597 671 quia
613 637 693 669 venit,
707 641 735 664 et
751 646 760 662 ε
773 637 849 664 stetit

65 689 144 716 supra
160 681 204 709 ubi
222 685 283 708 erat
295 689 372 716 puer.
394 691 404 708 ›
421 682 460 710 Ne
477 682 547 710 forte
563 690 628 718 ergo
642 683 713 709 sicut
727 687 848 717 tempore

67 727 201 762 baptismi,
218 734 280 755 cum
293 728 450 763 baptizatus
470 727 551 756 Jesus
575 729 700 755 ascendit
725 729 762 756 de
786 728 848 756 Jor-

65 775 144 806 dane,
160 774 247 808 aperti
264 779 326 801 sunt
336 775 362 801 ei
374 774 449 807 cmli,
464 779 491 802 et
504 774 699 802 viditJoannes
716 774 847 809 Spiritqu

64 819 112 846 Dei
130 819 334 847 descendentem
348 820 427 854 quasi
456 819 621 853 columbam,
646 825 674 848 et
692 825 847 848 manentem

66 872 145 899 super
159 872 232 897 eum,
248 869 275 892 et
292 865 397 893 audivit
408 873 503 893 vocem
517 866 653 895 dicentem
668 867 700 894 de
714 867 783 894 ctelo
801 868 823 886 ιο
839 875 846 894 :

65 920 76 937 ι
93 909 141 938 Hic
155 915 195 938 est
210 910 295 938 Filius
314 919 391 939 meus
409 912 537 944 dilectus,
556 912 584 939 in
604 920 658 947 quo
675 913 744 940 bene
770 920 845 940 com-

62 957 167 991 placui;
183 966 193 983 ›
219 957 256 984 ita
279 961 308 985 et
334 957 412 985 stella
431 958 499 991 ltzrc,
516 965 577 992 quae
598 959 672 985 venit
695 965 777 992 supra
801 959 846 986 ubi

61 1006 122 1029 erat
136 1009 210 1037 puer,
232 1006 260 1030 et
276 1003 361 1036 stetit,
383 1003 409 1030 in
423 1002 534 1031 Christo
547 1003 672 1031 similiter
686 1005 845 1039 permansit,

61 1048 131 1075 sicut
144 1052 170 1075 et
184 1047 303 1082 Spiritus
320 1054 434 1076 sanctus
447 1049 473 1076 in
486 1049 579 1084 specie
592 1049 727 1077 columba:
739 1051 847 1078 venisse

60 1095 167 1129 dicitur,
188 1100 216 1122 et
235 1096 368 1124 mansisse
394 1096 422 1124 in
447 1103 491 1124 eo.
515 1097 548 1124 Et
563 1097 637 1125 sicut
659 1099 766 1126 venisse
785 1099 847 1134 Spi-

59 1141 141 1168 ritum
158 1140 205 1168 Dei
220 1149 301 1176 super
315 1149 388 1176 eum,
409 1146 438 1170 et
460 1142 593 1170 mansisse
611 1142 638 1170 in
653 1150 697 1177 eo,
711 1144 748 1171 ita
771 1144 845 1172 acci-

60 1188 149 1222 pimus
173 1187 246 1222 quod
275 1195 412 1223 nunquam
437 1187 472 1216 ab
500 1195 533 1216 eo
565 1190 709 1217 recesserit
731 1190 848 1225 Spiritus

60 1234 130 1265 Dei;
147 1239 174 1262 et
197 1234 234 1262 ita
262 1236 296 1263 de
319 1235 397 1263 stella
426 1243 488 1271 quae
513 1235 598 1269 venit,
621 1241 648 1264 et
672 1237 748 1264 stetit
764 1245 847 1273 super

58 1287 132 1313 eum,
157 1279 347 1315 accipiendqu
377 1285 442 1316 puto
466 1281 538 1316 quod
568 1282 609 1309 sic
636 1282 743 1310 steterit
765 1290 846 1318 super

57 1333 130 1360 eum,
150 1330 180 1353 ιιι
198 1334 338 1361 nunquam
361 1326 426 1354 inde
441 1333 514 1354 mota
531 1328 576 1356 sit.
599 1328 631 1355 Et
650 1328 710 1357 ideo
737 1329 846 1357 deitatis

53 1373 113 1408 ejus
127 1372 258 1400 iudicium
271 1372 343 1400 illam
363 1373 469 1402 stellam
488 1374 573 1402 fuisse
595 1375 703 1409 opinor.
727 1374 804 1404 Unde
819 1380 847 1403 et

54 1419 122 1446 ordo
137 1418 288 1454 prophetia:
307 1419 366 1446 haec
381 1420 476 1447 eadem
493 1425 696 1455 consequenter
712 1421 844 1455 ostendit,

54 1472 118 1492 cum
135 1465 169 1491 de
179 1465 283 1492 deitate
300 1465 408 1500 quidem
431 1466 491 1501 ejus
511 1467 596 1494 dicit:
614 1475 625 1492 ι
642 1466 752 1495 Orietur
765 1467 844 1495 stella

54 1518 88 1538 ex
105 1510 213 1545 Jacob;
229 1520 239 1538 ι
252 1511 285 1539 de
294 1512 410 1539 humana
424 1519 489 1540 vero
504 1517 601 1540 natura
617 1523 624 1540 :
640 1522 648 1539 ι
670 1513 702 1541 Ει
716 1519 844 1548 exsurget

51 1560 136 1587 homo
149 1565 185 1585 ex
204 1557 287 1585 Israel
303 1579 311 1592 ,
330 1568 340 1585 ι
359 1563 388 1586 ut
403 1558 429 1586 in
446 1563 563 1594 utroque
579 1563 606 1588 et
622 1559 771 1588 secundum
786 1561 843 1588 dei-
857 1566 878 1594 c

49 1608 149 1637 tatem,
164 1608 191 1631 et
202 1604 353 1631 secundum
374 1604 571 1632 humanitatem
585 1605 711 1633 Christus
726 1607 842 1641 prophe-

49 1655 126 1678 tatus
153 1649 296 1677 evidenter
321 1656 460 1684 appareat.
485 1659 494 1676 ι
511 1650 544 1678 Et
565 1652 685 1679 vastabit
706 1653 844 1688 principcs

45 1696 131 1724 Moab
143 1695 178 1723 “.
196 1705 206 1723 ι
225 1695 305 1724 Moab
318 1696 428 1732 quidem
445 1704 513 1732 gens
534 1701 588 1730 est,
603 1697 682 1732 cujus
705 1698 843 1733 principes

46 1751 106 1771 non
124 1742 195 1770 alios
207 1749 279 1775 esse,
296 1750 378 1778 quam
391 1742 528 1777 spiritales
544 1743 681 1778 nequitias
692 1747 719 1771 et
739 1743 842 1778 princi-

44 1795 131 1826 patus
154 1789 215 1817 illos
236 1789 380 1816 adversum
404 1796 473 1823 quos
487 1789 566 1817 nobis
579 1789 717 1818 luctamen
731 1794 784 1823 est,
801 1790 842 1817 iu-

45 1835 213 1871 telligimus.
235 1834 291 1862 Hos
310 1841 375 1869 ergo
396 1835 447 1862 iste
462 1836 543 1863 homo
562 1843 594 1862 ex
614 1835 698 1863 Israel
713 1837 840 1869 vastavit,

43 1889 111 1909 cum
128 1881 206 1908 exuit
220 1880 390 1915 principatus
416 1885 443 1908 et
466 1885 628 1916 potestates,
652 1881 763 1916 alligans
781 1882 842 1910 illos

43 1928 124 1955 cruci
151 1934 220 1954 suae.
241 1925 336 1961 Neque
348 1927 421 1954 enim
439 1932 550 1962 poterat
572 1927 678 1955 salvare
696 1928 841 1962 Moabitas,

42 1980 71 2002 et
87 1973 125 2000 ad
140 1973 190 2000 Dei
204 1973 372 2008 agnitionem
388 1974 604 2008 perducere,nisi
617 1974 754 2010 principes
769 1975 840 2009 illos,

42 2021 92 2056 qui
115 2020 145 2047 in
164 2019 205 2047 eis
223 2019 435 2047 dominationem
452 2019 600 2054 impietatis
625 2022 781 2053 tenuerant,
795 2021 843 2049 de-

41 2071 197 2094 vastasset.
219 2074 228 2091 ι
250 2064 283 2092 Ει
300 2065 467 2100 praedabitur
487 2073 583 2093 omnes
606 2065 677 2094 ﬁlios
691 2066 756 2094 Seth
772 2067 805 2093 θ’.
829 2076 838 2093 ι

43 2113 116 2140 Seth
135 2111 214 2140 ﬁlius
225 2116 267 2138 est
282 2111 379 2143 Adam,
400 2111 435 2138 de
449 2118 504 2147 quo
520 2111 575 2138 Eva
598 2111 668 2139 dixit
686 2120 746 2140 cum
764 2117 842 2140 natus

41 2165 121 2188 esset
137 2159 184 2186 “z
202 2167 212 2184 ι
225 2157 375 2186 Suscitavit
388 2157 462 2185 enim
486 2158 552 2185 mihi
567 2157 639 2186 Deus
660 2166 750 2187 semen
768 2159 841 2186 aliud

41 2213 96 2241 pro
114 2204 190 2232 Abel
206 2210 287 2238 quem
303 2203 403 2230 occidit
417 2202 495 2230 Cain.
516 2212 526 2228 ι
547 2202 602 2230 Iste
619 2208 662 2230 est
679 2211 745 2239 ergo
762 2203 838 2235 Seth,

900 267 933 294 de
959 274 991 294 eo
1012 267 1144 302 scriptum
1162 271 1205 295 est
1222 267 1255 300 ",
1273 268 1338 303 quia
1359 277 1369 293 ι
1387 268 1539 296 ascendens
1558 269 1585 296 in
1602 269 1688 297 altum

900 313 1035 348 captivam
1062 314 1140 341 duxit
1170 314 1369 349 captivitatem.
1390 324 1400 340 ι
1419 313 1611 348 Captivitatem
1633 315 1688 342 sci-

901 358 966 386 licet
985 359 1058 386 illam
1080 360 1191 387 humani
1207 360 1328 394 generis,
1343 367 1426 394 quatn
1444 360 1568 388 diabolus
1579 361 1613 389 ad
1625 367 1687 396 per-

900 404 1031 432 ditionem
1048 409 1172 440 ceperat,
1187 406 1239 432 iste
1255 412 1348 433 rursus
1370 405 1507 440 captivam
1522 406 1612 439 duxit,
1631 412 1659 433 et
1673 414 1689 432 a

900 455 987 478 morte
998 452 1138 479 revocavit
1157 451 1190 479 ad
1206 451 1299 479 vitam.
1317 451 1426 479 Utinam
1444 459 1508 487 ergo
1534 460 1578 479 me
1597 457 1625 480 et
1642 460 1689 480 ca-

899 497 1004 532 ptivum
1016 497 1117 525 habeat
1131 504 1240 532 semper
1255 496 1382 524 Christus
1396 497 1487 530 Iesus,
1508 502 1535 525 et
1549 505 1591 525 me
1608 498 1690 526 ducat

899 542 926 569 in
941 543 1059 578 prtedam
1082 550 1173 576 suam,
1193 548 1220 570 et
1237 550 1288 578 ego
1311 547 1405 570 tenear
1419 545 1478 578 ejus
1495 543 1613 571 vinculis
1627 543 1688 570 alli-

899 592 998 621 gatus:
1018 592 1047 615 ut
1059 593 1087 615 et
1101 595 1153 624 ego
1170 588 1223 616 dici
1248 595 1358 615 merear
1370 588 1478 615 vinctus
1495 587 1560 615 Jesu
1575 588 1688 618 Christi.

900 633 970 660 sicut
983 633 1084 661 Paulus
1102 634 1136 661 de
1152 634 1301 668 semetipso
1317 633 1452 669 gloriatur
1464 633 1536 660 ⁶⁶-⁶⁷.
1561 643 1570 659 ε
1589 633 1623 661 Ει
1635 635 1690 660 erit

900 679 984 707 Edom
997 679 1142 707 [hereditas
1152 680 1222 715 ejus,
1235 680 1306 707 Esau
1319 680 1447 708 inimicus
1457 681 1516 714 cjus
1527 680 1560 708 ⁸⁸.
1576 689 1586 706 ι
1602 681 1687 708 Εάοιιι

900 725 970 752 idem
986 730 1039 758 est,
1062 725 1108 758 qui
1132 725 1214 753 Esau.
1231 725 1281 753 llic
1302 726 1451 754 secundum
1467 726 1610 753 historiam
1628 727 1689 762 qui-

899 771 958 798 dem
984 771 1110 799 inimictts
1126 775 1169 799 est
1193 771 1287 804 Israel,
1312 772 1359 799 sed
1381 772 1407 799 in
1432 772 1562 806 adventu,
1589 773 1688 807 inquit,

898 815 1001 843 Christi
1014 816 1095 843 etiam
1113 817 1171 852 ipse
1184 816 1332 844 haereditas
1346 818 1405 853 ejus
1422 821 1476 848 erit
1493 830 1500 848 :
1516 822 1569 849 hoc
1584 825 1626 848 est
1643 828 1688 849 re-

899 861 1015 896 cipietur
1037 862 1070 889 ad
1090 862 1182 895 ﬁdem,
1207 869 1256 890 nec
1283 864 1445 892 excludetur
1469 866 1504 893 ab
1529 867 1688 894 ltzereditate

897 907 1011 936 Christi.
1024 908 1052 936 Si
1066 916 1130 936 vero
1144 909 1303 944 spiritaliter
1315 913 1503 944 advertamus,
1521 913 1607 940 Edom
1621 921 1686 941 caro

898 954 1071 989 intelligitur,
1099 963 1159 990 quae
1187 957 1351 985 adversatur
1372 958 1490 993 spiritui,
1515 964 1543 986 et
1565 964 1607 987 est
1636 960 1688 987 ini-

897 999 979 1027 mica.
994 1000 1021 1026 In
1039 1000 1156 1028 adventu
1170 1006 1261 1029 autem
1274 1001 1388 1035 Christi,
1405 1010 1466 1031 cum
1483 1003 1606 1038 subjecta
1625 1004 1685 1032 l‘ue-

897 1045 934 1072 rit
948 1053 1013 1073 caro
1025 1045 1141 1081 spiritui.
1155 1054 1203 1081 per
1215 1048 1424 1076 resurrectionis
1432 1056 1508 1084 spem
1521 1050 1604 1077 etiam
1622 1050 1682 1085 ipsa

897 1091 931 1118 ad
947 1091 1134 1119 hereditatem
1149 1093 1251 1120 veniet.
1272 1093 1331 1121 Non
1353 1094 1428 1122 enim
1445 1095 1502 1122 sola
1521 1097 1622 1129 anima,
1638 1097 1686 1124 sed

897 1142 925 1166 et
949 1146 1024 1172 caro,
1051 1146 1112 1174 qua:
1141 1139 1290 1175 aliquando
1313 1140 1400 1169 fuerat
1414 1142 1536 1176 inimica,
1556 1151 1605 1178 per
1621 1145 1688 1172 obe-

897 1184 1029 1211 dientiam
1050 1184 1161 1219 spiritus
1178 1192 1290 1214 consors
1311 1185 1408 1215 futurae
1428 1188 1596 1217 haereditatis
1612 1191 1687 1218 exsi-

898 1235 963 1258 stet.
975 1239 984 1256 ι
1000 1230 1032 1257 Et
1046 1229 1129 1258 Israel
1144 1231 1208 1259 fecit
1224 1231 1251 1259 in
1263 1231 1391 1260 virtutem
1406 1234 1438 1260 ".
1457 1244 1466 1260 ι
1488 1234 1545 1263 lloc
1561 1241 1602 1263 est
1614 1237 1686 1271 quod

897 1275 973 1308 dicit,
995 1275 1058 1311 quia
1081 1280 1146 1304 tunc
1168 1276 1264 1311 Edam,
1291 1277 1334 1305 vel
1349 1277 1431 1313 Esau,
1459 1279 1510 1307 hoc
1533 1285 1575 1308 est
1594 1283 1686 1310 carnis

897 1326 996 1349 natura
1025 1322 1051 1349 iu
1072 1321 1243 1351 hereditatis
1262 1324 1422 1352 societatetn
1450 1326 1604 1360 vocabitur,
1621 1336 1684 1356 cum

896 1369 988 1402 Israel,
1004 1370 1096 1397 anima
1112 1370 1238 1399 videlicet
1257 1371 1328 1399 l‘acta
1353 1371 1435 1401 fuerit
1452 1373 1479 1401 in
1500 1374 1643 1409 virtutem,
1658 1382 1686 1405 et

896 1414 1024 1442 decenter
1040 1414 1125 1442 fuerit
1138 1414 1243 1450 repleta
1263 1416 1422 1444 virtutibus.
1445 1417 1472 1445 Si
1497 1419 1571 1446 enint
1594 1421 1685 1448 anima

896 1468 949 1488 non
964 1460 1057 1488 veniat
1081 1461 1115 1488 ad
1138 1461 1263 1493 virtutes,
1286 1462 1334 1488 scd
1351 1461 1498 1499 inlignavia
1514 1471 1683 1500 perseveret,

895 1514 947 1533 nec
969 1513 1034 1534 caro
1048 1506 1083 1534 ad
1098 1506 1285 1535 haereditatem
1304 1511 1404 1544 veniet.
1425 1513 1472 1540 sed
1496 1514 1530 1541 ad
1550 1513 1682 1546 iudicium

896 1552 978 1586 illius,
1005 1553 1050 1587 qui
1070 1558 1159 1588 potest
1175 1555 1293 1583 animam
1323 1562 1351 1584 et
1390 1565 1491 1593 corpus
1513 1562 1628 1596 perdere
1654 1563 1680 1590 iu

896 1599 1047 1633 gehennam
1063 1599 1097 1625 7°.
1118 1608 1128 1625 ι
1142 1599 1175 1627 Ει
1197 1608 1325 1637 exsurget
1353 1611 1388 1632 ex
1413 1604 1508 1639 Jacoh,
1534 1611 1562 1635 et
1588 1609 1683 1642 perdet

895 1643 1040 1673 liberatum
1068 1647 1101 1674 de
1128 1648 1238 1676 civitate
1261 1649 1294 1676 ’¹¹.
1320 1658 1330 1674 ι
1347 1649 1412 1684 Ille,
1434 1652 1539 1687 inquit,
1561 1653 1609 1688 qui
1635 1661 1684 1682 ex-

895 1692 984 1727 surgit
1004 1696 1033 1719 ut
1064 1693 1142 1721 stella
1166 1702 1201 1722 ex
1228 1694 1330 1727 Iacob,
1360 1697 1455 1731 perdet
1478 1698 1622 1727 liberatum
1649 1701 1683 1728 de

895 1737 1017 1766 civitate.
1052 1739 1110 1766 Non
1137 1740 1164 1767 in
1190 1740 1241 1768 hoc
1269 1742 1370 1774 solum,
1398 1744 1445 1771 sed
1473 1744 1498 1771 in
1524 1747 1598 1773 omni
1613 1755 1683 1783 pene

894 1784 1052 1818 prophetico
1074 1786 1137 1813 stilo
1160 1794 1220 1821 qua;
1243 1787 1388 1821 dicuntur,
1415 1789 1536 1818 involuto
1557 1793 1625 1820 satis
1655 1799 1682 1821 et

894 1830 1008 1857 obscuro
1037 1838 1165 1859 sermone
1199 1833 1339 1860 dicuntur.
1377 1833 1435 1862 Non
1472 1836 1545 1862 enim
1580 1838 1681 1872 placuit

893 1880 989 1904 sancto
1006 1875 1133 1911 Spiritui,
1150 1878 1196 1912 qui
1219 1878 1252 1905 de
1272 1877 1308 1905 iis
1329 1879 1412 1906 scribi
1431 1880 1525 1914 voluit,
1543 1887 1573 1909 ut
1590 1884 1680 1918 palam

894 1921 952 1949 hth
973 1926 1001 1949 et
1025 1922 1149 1957 pedibus,
1175 1928 1203 1950 ut
1228 1923 1265 1951 ita
1285 1924 1384 1958 dicam,
1407 1925 1596 1961 imperitorum
1616 1938 1682 1958 cott-

893 1966 1025 1995 culcanda
1053 1973 1244 2002 ponerentur:
1274 1969 1321 1997 sed
1353 1971 1389 1998 ita
1415 1972 1543 2006 providit,
1572 1978 1600 2001 ut
1618 1982 1680 2002 cum

893 2012 1001 2047 publice
1021 2013 1115 2040 haberi
1136 2013 1291 2047 videantur,
1306 2021 1463 2043 sermonum
1478 2022 1568 2047 tamen
1583 2020 1681 2048 obscu-

893 2058 974 2085 ritate
985 2057 1126 2086 recoudita
1148 2059 1175 2086 in
1196 2060 1317 2094 arcanis,
1339 2065 1366 2088 et
1383 2062 1410 2089 in
1432 2064 1547 2092 secretis
1570 2066 1679 2094 obtecta

891 2102 972 2138 343
983 2107 1135 2130 serventur.
1147 2103 1181 2131 Et
1191 2112 1262 2132 nunc
1269 2112 1334 2141 ergo
1343 2107 1415 2141 quod
1426 2108 1465 2135 ait
1476 2109 1603 2138 :«Perdet
1611 2111 1680 2140 libe-

893 2153 980 2176 ratum
996 2148 1030 2175 de
1037 2148 1160 2181 civitate,
1175 2159 1186 2176 »
1197 2150 1249 2178 nisi
1268 2151 1301 2178 ad
1312 2154 1538 2182 consuetudinem
1563 2159 1680 2192 prophe-

893 2195 974 2222 ticam
997 2194 1127 2230 respicias
1140 2215 1148 2228 ,
1166 2196 1200 2223 de
1221 2203 1273 2230 qua
1295 2197 1412 2232 dicitur,
1430 2201 1518 2228 omnis
1538 2203 1679 2238 prophetia

40 2259 75 2279 ει
103 2257 166 2286 quo
189 2254 270 2274 omne
301 2246 447 2273 humanum
476 2246 502 2273 in
528 2246 579 2274 hoc
607 2248 709 2275 mundo
732 2248 783 2275 duc

935 2249 945 2268 ω
962 2245 1053 2275 potest
1065 2242 1176 2276 propria
1196 2243 1367 2272 absolutione
1383 2251 1519 2280 constare,
1538 2248 1615 2276 valde
1628 2250 1679 2276 dif-

40 2303 145 2332 genus.
167 2293 235 2321 Nam
255 2291 288 2319 de
304 2291 371 2320 Cain
392 2291 438 2325 qui
460 2291 516 2318 nati
542 2290 661 2324 fuerant,
670 2291 837 2327 diluvinper-

41 2342 150 2367 ierunt.
172 2337 233 2366 Filii
259 2345 324 2372 ergo
350 2342 413 2364 sunt
436 2337 504 2364 Seth
527 2344 622 2365 omnes
641 2336 774 2369 homines,
793 2338 838 2372 qui

38 2387 65 2414 in
84 2386 143 2413 hoc
159 2383 262 2412 mundo
277 2387 350 2411 sunt.
367 2382 470 2410 Etcum
483 2382 593 2416 dicitur,
609 2391 619 2408 ‹
636 2383 838 2417 ἀθρτωᾱεὺὶιυι·

36 2439 141 2460 omnes
162 2431 234 2458 lilios
255 2429 333 2462 Seth,
354 2438 363 2455 ι
383 2428 502 2464 prtedam
524 2428 563 2456 sic
588 2428 691 2462 accipe,
712 2427 783 2456 sicut
809 2430 835 2456 in

36 2476 248 2514 superioribus
273 2473 444 2510 interpretati
479 2481 576 2502 sumus
596 2493 604 2506 ,
626 2474 672 2501 ubi
700 2474 834 2509 scriptum

35 2530 78 2552 est
91 2524 129 2550 σιξ
154 2531 165 2548 ι
182 2521 251 2549 Edct
263 2525 359 2555 gentes
378 2519 550 2547 inimicorum
562 2526 692 2546 suorum:
712 2528 722 2545 ι
746 2524 773 2546 et
790 2519 835 2547 ubi

34 2571 134 2598 catqu
152 2568 242 2597 leonis
258 2572 286 2594 et
301 2566 371 2594 leoni
386 2569 573 2601 comparatur.
594 2564 628 2592 Et
651 2565 697 2592 hic
717 2572 785 2600 ergo
807 2566 835 2593 in

34 2616 168 2650 praedam
178 2612 281 2648 accipit
294 2619 390 2640 omnes
401 2610 472 2639 ﬁlios
483 2611 561 2639 Seth.
574 2610 660 2638 Victis
671 2611 837 2638 adversariis

31 2660 231 2690 daemonibus,
252 2665 298 2686 eos
313 2658 359 2692 qtti
382 2658 433 2683 sub
456 2657 577 2692 ipsorum
591 2656 779 2684 dominatione
796 2661 837 2683 te-

30 2707 194 2738 nebantur,
231 2703 356 2732 Christus
381 2703 459 2738 quasi
487 2703 603 2738 praedam
634 2702 755 2729 victoriae
780 2709 836 2729 sua:

893 2288 970 2316 ficilis
981 2289 1116 2316 videbitur
1128 2290 1290 2318 intellectus.
1310 2291 1453 2320 Videamus
1468 2298 1555 2322 tamen
1571 2296 1592 2323 si
1610 2296 1680 2324 forte

893 2335 944 2370 hoc
956 2334 1036 2362 modo
1051 2335 1151 2370 poterit
1164 2336 1315 2370 explanari.
1330 2338 1472 2366 Civitatem
1491 2340 1533 2367 hic
1548 2341 1678 2369 mundum

892 2380 1076 2415 intelligamus
1088 2400 1096 2413 ,
1113 2381 1184 2408 sicut
1202 2386 1229 2409 et
1249 2383 1275 2409 in
1300 2383 1455 2418 Evangeliis
1471 2385 1570 2413 dicitur
1587 2387 1609 2402 ⁷²
1644 2388 1678 2414 de

891 2426 1030 2454 luxurioso
1047 2426 1117 2458 lilio,
1132 2427 1180 2462 qui
1198 2427 1357 2462 dilapidavit
1374 2430 1552 2459 substantiam
1570 2434 1654 2466 patris
1667 2445 1675 2461 .-

891 2472 954 2507 quia
969 2472 1097 2505 accessit,
1114 2473 1211 2508 inquit,
1228 2475 1260 2500 ad
1275 2475 1419 2508 quemdam
1432 2476 1593 2510 primarium
1607 2479 1676 2505 civi-

891 2519 955 2546 tatis
968 2519 994 2546 in
1012 2519 1121 2554 regione
1136 2519 1200 2546 illa:
1215 2527 1229 2546 a
1242 2526 1297 2554 quo
1311 2525 1445 2555 receptus,
1461 2521 1486 2549 in
1501 2529 1594 2555 agrum
1611 2526 1675 2552 mit-

891 2557 957 2592 titur
981 2572 1077 2599 porcos
1101 2572 1221 2599 pascere.
1241 2564 1274 2592 Et
1299 2565 1356 2592 huic
1379 2572 1444 2599 ergo
1465 2566 1580 2600 civitas,
1599 2570 1676 2603 cujus

891 2610 936 2639 ille
952 2610 1100 2644 primarius
1119 2615 1179 2637 erat
1191 2629 1198 2641 ,
1217 2610 1332 2638 tuuudus
1347 2611 1391 2638 hic
1407 2611 1576 2646 intelligitur.
1594 2614 1676 2649 Igitur

892 2655 925 2681 de
947 2655 998 2682 hac
1017 2654 1126 2681 civitate
1149 2654 1292 2681 liberatum
1307 2674 1314 2685 .
1338 2655 1387 2682 hoc
1410 2660 1451 2683 est
1475 2664 1554 2690 quem
1579 2658 1677 2688 liberat

889 2701 1015 2729 Christus
1030 2701 1064 2728 de
1079 2701 1130 2728 hoc
1148 2700 1258 2733 mundo,
1274 2701 1362 2734 perdit
1378 2708 1450 2729 eum.
1468 2702 1539 2731 Dicit
1554 2705 1626 2732 enim
1640 2707 1673 2737 ⁷³.

64 2805 92 2824 ⁸⁵
102 2807 210 2834 Matth.
223 2804 289 2837 ",9.
328 2805 351 2820 “
363 2804 456 2832 Matth.
470 2813 512 2838 ιιι,
527 2805 566 2832 17.
604 2803 627 2820 ⁶¹
639 2803 802 2840 Numetv,

927 2804 1007 2833 Num.
1021 2812 1095 2837 xxtv,
1109 2804 1177 2840 I775
1189 2804 1212 2820 "
1221 2805 1287 2832 Gen.
1299 2813 1335 2837 tv,
1347 2805 1392 2833 25.
1431 2807 1453 2822 "
1465 2806 1542 2833 Num.
1555 2815 1628 2840 xxtv,
1643 2808 1668 2835 8.

28 2841 53 2886 ς’
70 2842 188 2878 Ephes.
218 2849 255 2872 tv,
272 2840 299 2867 8.
342 2841 401 2856 ⁸⁶¹⁶⁷
423 2840 520 2875 Ephes.
536 2849 575 2874 ut,
590 2840 613 2867 l.

40 2875 50 2890 Ι
74 2877 83 2890 l
100 2885 137 2890 ..Α
173 2885 210 2890 ...ι
239 2876 270 2890 ID:
318 2875 341 2890 7³
358 2875 412 2890 Iun
443 2883 467 2890 ιν
494 2875 526 2890 οι

73 2875 150 2905 an.
173 2885 220 2908 xv,
239 2876 280 2902 l5.
318 2875 341 2891 "
357 2875 422 2903 Luc.
443 2883 480 2908 ιι,
494 2875 538 2902 24.

669 2839 691 2855 ⁸⁸
707 2839 783 2867 Nunt.
806 2848 878 2874 xxiv,
898 2841 938 2867 l8.
976 2840 998 2856 °’
1015 2840 1081 2867 Il'id.
1120 2839 1142 2855 το
1155 2839 1249 2866 Matth.
1263 2840 1345 2872 x,28.

1399 2842 1420 2857 ⁷¹
1433 2841 1512 2870 Nutu.
1531 2849 1605 2875 xxxv,
1625 2844 1668 2873 Η.
