1886 3051
231 165 283 193 ’119

971 166 1132 195 οιιιαιεΝιε
1803 169 1840 195 Tit.

231 225 294 259 quia
313 233 322 249 ι
335 224 380 259 qui
395 223 489 258 perdet
503 223 622 250 animam
637 231 714 252 suam
726 229 836 259 propter
849 231 903 256 me.
919 224 1020 252 salvam
1035 228 1058 256 Α
1073 231 1171 259 genere
1191 224 1390 252 descenderant
1403 243 1410 257 ,
1432 223 1548 251 refertur
1573 223 1695 252 Amalec.
1723 223 1762 250 Ita
1786 234 1841 252 enim

232 270 315 298 faciet
333 277 404 297 eam.
423 279 432 295 ι
457 269 574 296 Salutari
589 276 654 304 ergo
669 270 824 304 perditione
838 270 925 304 perdit
940 270 1018 298 Jesus

231 323 305 347 eum,
321 320 401 349 quem
426 314 458 341 de
471 312 552 346 hujus
567 314 660 341 mundi
677 314 785 341 civitate
800 314 966 341 liberaverit.
985 314 1018 341 Et

229 369 279 388 nos
296 361 387 394 itaque
404 359 426 386 si
442 359 474 386 ad
490 358 603 386 salutem
619 360 714 387 venire
731 359 866 392 volumus,
880 360 952 387 etde
966 360 1018 388 hoc

231 406 334 433 mundo
354 405 466 432 liberari
480 425 488 438 ,
504 406 620 440 perdere
641 405 769 433 debemtts
791 406 896 434 animas
911 410 1017 434 nostras

228 451 384 486 perditione
400 451 470 483 utili,
482 456 510 478 et
525 451 692 479 necessaria.
707 451 799 479 Perdit
812 452 885 479 enim
897 452 1015 479 animant

227 497 378 526 secundum
402 497 541 525 Christum
556 517 564 529 ,
582 498 627 532 qui
649 497 785 524 desideria
800 497 859 531 ejus
875 497 1013 531 refrenat,

227 544 275 578 qui
295 544 458 578 cupiditates
472 543 531 578 ejus
546 547 668 576 resecat,
683 543 729 578 qui
745 543 879 571 luxuriam
894 544 952 578 ejus
970 552 1014 571 re-

228 589 446 624 solutionemque
465 589 600 624 castigat,
626 593 653 615 et
678 589 704 616 in
722 588 796 616 nullo
816 596 927 623 prorsus
950 589 1016 616 facit

228 635 393 662 voluntatem
416 642 492 662 suam
503 654 511 666 ,
533 634 580 661 scd
596 633 759 662 voluntatem
777 634 838 662 Dei:
853 639 881 662 et
897 642 944 669 per
958 635 1015 662 lucc

229 681 318 716 perire
332 681 432 708 dicitur
446 680 546 707 anima.
563 679 647 707 Periit
661 687 777 715 namque
789 681 843 708 vita
860 681 919 716 ejus
930 682 1013 716 prior,

227 733 254 755 et
266 728 360 763 incipit
374 734 471 755 novam
488 728 582 759 vitam,
598 735 658 762 qua:
671 727 699 754 in
711 727 821 755 Christo
832 732 885 760 est,
902 728 1012 755 ducere.

226 774 322 802 Simile
346 777 436 800 autem
461 772 523 799 huic
548 773 620 799 dicto
637 772 718 800 etiam
742 773 807 800 illud
830 777 873 800 est
887 773 912 789 "
929 782 936 799 :
956 783 965 800 ι
985 773 1013 800 Si

227 820 433 853 commorimur,
448 824 475 846 et
490 819 675 846 convivemus.
687 828 696 844 ι
714 819 747 846 Ει
763 819 826 846 illud
843 820 881 846 7l’:
899 830 909 846 τ
927 819 954 847 Si
965 827 1014 846 au-

228 871 281 893 tem
299 866 399 893 mortui
421 864 488 892 eStis
504 865 537 892 ab
555 865 695 892 elementis
714 865 794 898 hujus
816 865 925 899 mundi,
945 873 1014 900 quo-

228 913 308 940 modo
320 912 392 939 velut
406 912 527 939 viventes
540 912 566 938 in
580 911 632 938 hoc
645 911 746 938 mundo
757 911 922 939 decernitis?
934 921 943 938 ι
961 912 1013 939 Ne-

225 958 346 986 cessario
361 965 427 994 ergo
441 958 524 985 etiam
541 958 566 984 in
583 957 626 984 bis
644 956 802 984 declaratur
816 957 879 992 quia
896 957 1012 992 perdidit

227 1005 345 1032 animam
360 1012 436 1033 suam
453 1005 481 1031 in
496 1004 547 1031 hoc
563 1003 674 1036 mundo,
689 1003 735 1037 qui
752 1010 814 1030 cum
833 1003 938 1031 Christo
951 1012 1011 1031 mo-

226 1052 316 1080 ritur:
332 1055 360 1079 et
374 1051 419 1086 qui
435 1050 478 1078 hic
496 1058 555 1078 eam
572 1049 739 1085 perdiderit,
758 1050 877 1077 inveniet
891 1056 951 1077 eam
975 1050 1010 1077 ibi

224 1098 284 1125 sine
302 1097 384 1124 dubio
398 1117 405 1130 ,
427 1097 472 1124 ubi
492 1096 556 1124 dicit
573 1094 718 1129 Apostolus
731 1095 765 1128 7°,
782 1096 846 1130 quia
864 1105 873 1122 ι
888 1096 943 1122 vita
963 1104 1011 1124 ve.

224 1147 278 1170 stra
291 1143 449 1171 abscondita
464 1147 505 1170 est
516 1149 577 1169 cum
590 1141 701 1169 Christo
716 1142 742 1168 in
758 1141 825 1182 Deo;
844 1150 854 1167 ι
868 1142 911 1170 cui
924 1142 1010 1178 gloria

224 1188 252 1215 in
267 1193 367 1216 mterna
382 1189 480 1216 sacula
496 1189 665 1215 saeculorum.
684 1188 781 1215 Amen.

490 1253 631 1282 HOMILIA
656 1253 728 1283 XIX.

419 1300 455 1328 De
474 1300 573 1327 uisione
587 1300 678 1335 quinta
691 1299 814 1327 Balaam.

259 1346 286 1374 1.
308 1347 408 1381 Quinta
424 1347 480 1374 haec
500 1347 595 1380 nobis,
617 1346 764 1380 eademque
783 1346 878 1373 ultima
898 1346 1009 1373 Balaam

222 1392 293 1420 visio
308 1392 452 1420 discutitur
463 1413 471 1425 ,
489 1392 521 1420 de
538 1399 590 1426 qua
605 1391 732 1419 similiter
747 1396 776 1418 ut
792 1393 818 1418 in
835 1392 940 1420 caeteris
955 1392 1008 1419 Do-

223 1437 326 1465 minum
349 1438 527 1473 deprecemur
540 1457 548 1469 ,
566 1437 612 1472 qui
634 1437 660 1464 in
675 1437 727 1464 ﬁne
744 1437 800 1472 (81)
814 1445 866 1464 non
880 1438 1006 1471 deserat,

221 1488 253 1511 ut
271 1482 405 1518 possimus
427 1481 506 1516 hujus
529 1489 635 1517 quoque
662 1482 777 1510 visionis
804 1490 912 1510 sensum
936 1485 1006 1511 haud

222 1529 320 1564 procul
335 1536 349 1555 a
365 1529 478 1556 veritate
492 1533 614 1562 captare.
636 1527 685 1555 Est
700 1535 766 1563 ergo
783 1529 888 1556 initium
906 1529 963 1563 ejus
980 1531 1005 1558 in

222 1576 257 1602 iis
282 1574 392 1602 verbis:
417 1582 427 1599 ε
445 1573 478 1599 Ει
499 1581 560 1600 cum
585 1573 707 1606 videret,
736 1574 825 1608 inquit
839 1574 872 1607 ⁷⁷,
895 1575 1004 1603 Balaam

221 1620 349 1652 Amalec,
364 1626 505 1646 assumens
518 1618 674 1653 parabolam
695 1627 772 1646 suam
787 1620 856 1647 dixit
870 1630 877 1648 :
895 1620 1004 1649 initium

221 1666 341 1700 gentium
356 1665 479 1697 Amalec,
495 1669 522 1692 et
536 1671 629 1692 semen
646 1672 738 1692 eorum
754 1665 862 1700 peribit.
879 1675 889 1692 ι
907 1666 1005 1694 Neces-

221 1711 323 1739 sarium
338 1710 403 1738 mihi
419 1711 525 1738 videtur
538 1710 676 1745 requirere
692 1710 717 1737 in
731 1710 881 1746 Scripturis
894 1712 1003 1746 divinis,

220 1758 319 1792 quibus
342 1757 370 1784 in
385 1757 451 1785 locis
466 1757 508 1784 vel
530 1763 584 1791 quo
598 1757 624 1784 in
642 1761 762 1792 tempore
784 1764 881 1784 nomen
895 1758 1005 1786 Amalec

221 1803 351 1838 scriptum
370 1804 426 1831 sit:
442 1809 530 1838 quove
542 1809 574 1830 ex
590 1810 690 1838 genere
706 1811 772 1837 gens
788 1804 840 1831 ista
856 1804 1005 1832 descende-

219 1850 267 1877 rit.
279 1849 397 1877 Facilius
412 1851 483 1876 enim
500 1849 570 1884 quod
585 1849 728 1884 quaeritur,
742 1855 914 1885 agnoscetur,
931 1851 953 1878 si
971 1858 1004 1877 ex

219 1895 341 1930 pluribus
356 1895 433 1928 locis,
447 1902 507 1929 quat
527 1895 559 1922 de
572 1895 666 1922 eadem
686 1901 715 1921 re
731 1897 831 1930 scripta
848 1900 920 1927 sunt,
940 1902 1004 1930 pro-

220 1940 352 1967 ferantur.
374 1940 458 1976 Igitur
489 1940 516 1967 in
539 1940 653 1968 Genesis
679 1939 793 1967 lectione
818 1941 863 1968 ubi
886 1941 1004 1977 quinque

220 1993 298 2020 reges
321 1991 506 2013 convenerunt
528 1991 557 2014 ut
580 1991 766 2022 expugnarent
792 1992 908 2021 quatuor
926 1995 1003 2022 reges

220 2032 266 2066 qui
282 2033 430 2067 regnabant
445 2033 470 2059 in
488 2032 625 2065 Sodomis,
642 2037 702 2067 post
716 2032 852 2068 aliquanta
868 2034 902 2061 ita
919 2035 1003 2062 refer-

220 2083 265 2104 tur
281 2085 288 2104 :
311 2087 320 2103 ι
334 2077 367 2104 Ει
392 2079 508 2114 regressi
522 2098 529 2111 ,
543 2079 642 2114 ,inquit
654 2080 688 2112 ⁷⁸,
705 2085 835 2107 venerunt
853 2081 886 2108 ad
901 2081 1001 2110 fontem

217 2123 324 2157 judicii,
338 2124 381 2151 hic
395 2130 437 2151 est
451 2124 545 2158 Gades,
562 2131 588 2152 ct
602 2126 799 2154 interfecerunt
814 2135 908 2154 omnes
923 2129 1000 2162 prin-

217 2169 292 2204 cipes
303 2169 422 2202 Amalec,
433 2174 459 2197 et
468 2171 639 2198 Amorrbaeos
648 2172 692 2205 qui
704 2171 862 2199 habitabant
870 2173 896 2200 in
905 2172 1001 2201 Susan-

218 2216 290 2242 tliem
308 2215 374 2250 (82).
387 2224 396 2242 ι
413 2215 440 2242 In
457 2216 498 2243 his
515 2217 605 2251 primo
619 2217 687 2244 locis
700 2217 810 2245 Amalec
828 2219 937 2246 memini
950 2227 999 2246 no-

216 2262 359 2289 minatum.
378 2261 430 2289 Sed
451 2263 605 2297 requiratur
618 2262 740 2290 fortassis
759 2268 847 2291 utrum
864 2264 923 2292 duae
935 2273 1000 2301 gen-

217 2314 258 2337 tes
270 2310 389 2344 ejusdem
404 2310 523 2337 nominis
536 2310 696 2342 habeantur,
711 2310 837 2344 quoniam
851 2311 959 2346 quidem
973 2317 1000 2340 et

210 2358 243 2384 in
262 2358 384 2392 catalogo
400 2357 517 2384 ﬁliorum
541 2357 611 2384 Esau
623 2376 631 2389 ,
657 2361 682 2383 3t
705 2357 804 2384 ducum
820 2357 865 2392 qui
889 2366 922 2385 ex
940 2359 998 2392 ejus

547 2451 570 2467 ⁷⁸
584 2449 684 2474 (Ioluss.
705 2457 732 2479 ιι,
746 2449 790 2476 ‘20.

239 2453 270 2469 ’⁷⁸
285 2452 305 2479 ll
323 2451 392 2478 Tim.
410 2459 440 2481 tt,
469 2449 506 2477 Η.
547 2451 570 2467 ⁷⁸
584 2449 684 2474 (Ioluss.
705 2457 732 2479 ιι,
746 2449 790 2476 ‘20.
846 2449 868 2464 ⁷⁴¹
887 2458 888 2469 ι

239 2496 304 2519 txvt,
330 2484 596 2518 9,10,11,12,15.
640 2484 662 2498 ⁸³
680 2484 780 2519 Ephcs.
800 2484 888 2515 vt,12

209 2496 304 2520 xxxvi,
330 2484 596 2518 9,10,11,12,15.

247 2580 302 2615 (81)
316 2579 392 2611 Mss,
403 2588 411 2604 ‹
424 2578 468 2612 qui
483 2578 508 2605 in
518 2578 580 2606 ﬁne.
592 2588 603 2606 ι
615 2578 692 2608 Libb.
703 2577 800 2615 editi”
811 2584 864 2612 quo
876 2577 901 2604 in
912 2578 989 2615 linea

237 2613 382 2648 (82)'Mss.,
400 2623 408 2639 ι
424 2614 699 2649 διιειιιιι1ιειιι,ι‹ιιιοιι
713 2613 823 2647 propius
838 2613 943 2649 accedit
959 2613 991 2639 ad

205 2649 427 2684 ‘AcatoovO-aptdp,
441 2656 522 2683 quam
537 2647 656 2684 priorum
670 2648 817 2675 editionum
838 2647 917 2675 lectio
931 2655 991 2683 qua:

210 2684 292 2711 habet
309 2693 319 2709 ι
335 2684 490 2711 Saratbcm.
503 2694 516 2710 ι»

248 2718 302 2753 (83)
319 2718 381 2746 Mss.
400 2727 409 2742 ι
424 2718 576 2746 llasetnath.
593 2728 602 2744 υ
627 2718 705 2745 Lilih.
721 2717 891 2753 antearedili,
914 2730 922 2742 ο
938 2718 989 2745 Ba-

211 2755 359 2782 sammach.
373 2763 381 2779 ι
400 2752 483 2779 Paulo
497 2759 555 2787 post
582 2755 661 2781 iidem
679 2761 754 2784 mss.,
774 2763 784 2778 ι
799 2752 915 2786 Sophar,
936 2753 989 2780 Go-

212 2790 297 2815 tltom.
313 2799 322 2814 1
339 2788 418 2815 Libb.
435 2789 510 2820 editi,
530 2797 539 2813 ι
554 2789 672 2820 Supliar,
687 2787 807 2815 Cothon.
825 2797 833 2812 ι

248 2823 302 2857 (84)
321 2823 405 2850 Gades
428 2822 496 2848 enim
517 2822 704 2855 interpretatur
726 2827 937 2852 SANCTIFICATIO,
958 2821 998 2847 vel

209 2865 335 2888 summi,
348 2856 453 2883 Amalec
463 2864 522 2882 vero
534 2857 722 2889 interpretatur
733 2862 871 2882 ABLINGENS
882 2863 997 2882 Porum.“

213 2893 252 2918 νει
276 2898 416 2918 ιιειιικικε
441 2898 566 2917 ιιοιιιτιυιι.
589 2890 674 2917 Gades
689 2900 697 2914 ι
719 2889 893 2918 sanctiﬁcatio
905 2910 912 2923 ,
930 2899 939 2916 ι
955 2890 997 2917 vel

846 2449 868 2464 ⁷⁴¹
887 2449 987 2476 Coloss.
1011 2459 1050 2483 nt,
1065 2452 1092 2479 5.

1070 271 1200 304 scriptum
1225 275 1267 297 est
1282 270 1305 285 ⁷³
1325 279 1331 296 ι
1358 278 1367 294 ι
1385 269 1445 296 Ista:
1468 272 1531 296 sunt
1556 274 1647 297 autem
1671 270 1841 304 generationes

1070 315 1138 342 Esau
1158 315 1243 349 patris
1264 314 1347 341 Edom
1362 333 1370 346 ,
1387 314 1414 341 in
1429 318 1521 341 monte
1537 313 1599 341 Seir
1613 334 1620 346 ,
1635 320 1663 341 et
1678 315 1737 341 haec
1753 315 1841 342 nomina

1069 360 1186 388 ﬁliorum
1203 360 1274 387 Esau
1286 379 1294 392 ,
1312 359 1423 392 Eliphas
1441 360 1511 386 ﬁlius
1533 360 1591 387 Ada
1610 359 1704 387 uxoris
1723 359 1810 392 Esau,
1823 366 1842 387 et

1069 405 1172 441 Raguel
1191 405 1263 433 ﬁlius
1278 405 1422 433 Basemath
1440 405 1496 441 (85)
1516 405 1609 432 uxoris
1631 406 1714 433 Esau.
1740 405 1843 433 Fuerunt

1067 455 1156 478 autem
1171 451 1218 479 lilii
1232 451 1355 487 Eliphas,
1373 451 1507 484 Theman,
1528 451 1644 486 Sopbar,
1660 450 1790 485 Gothom,
1804 451 1843 478 Ce-

1068 504 1132 524 nes:
1150 497 1289 524 Thamnas
1313 501 1405 524 autem
1431 496 1481 523 fuit
1506 497 1659 524 concubina
1677 497 1787 531 Elipbas
1805 497 1841 523 lilii

1066 543 1136 571 Esau
1151 563 1158 576 ,
1171 549 1199 571 et
1212 544 1270 571 haec
1282 544 1388 578 peperit
1405 543 1516 570 Amalec
1541 543 1590 577 ipsi
1607 543 1717 577 Eliplias
1730 563 1738 575 ,
1754 548 1782 570 et
1808 543 1841 570 isti

1066 593 1128 616 sunt
1144 589 1192 615 ﬁlii
1205 589 1260 616 Ada
1276 589 1370 616 uxoris
1385 588 1465 615 Esau.
1481 598 1490 613 ι
1516 588 1548 614 Et
1564 593 1625 622 post
1641 596 1746 623 putica:
1766 597 1776 614 ‹
1791 588 1817 615 Et
1829 589 1840 614 ii

1065 638 1139 666 sunt,
1155 635 1253 669 inquit,
1270 635 1353 662 duces
1368 642 1401 661 cx
1416 634 1479 661 ﬁliis
1495 634 1577 661 Esau.
1597 633 1657 661 Filii
1674 634 1794 669 Elipltas,
1806 634 1841 668 qui

1067 679 1118 706 fuit
1131 680 1330 716 primogenitus
1341 680 1389 707 ﬁlii
1401 680 1484 707 Esau.
1500 680 1556 706 Dux
1574 680 1710 712 Theman,
1725 680 1779 707 dux
1789 680 1841 706 Cho-

1069 732 1140 758 mor,
1157 726 1210 751 dux
1227 726 1343 759 Sophar,
1362 726 1414 753 dux
1431 725 1528 757 Cenes,
1556 726 1609 752 (lux
1629 725 1709 757 Core,
1733 726 1786 752 dux
1799 724 1842 752 Go-

1066 770 1152 802 tliom,
1167 771 1220 796 dux
1236 770 1358 798 Amalec.
1377 780 1386 796 ι
1414 770 1464 798 llic
1477 771 1559 806 igitur
1576 771 1699 803 Amalec,
1720 771 1790 799 ﬁlius
1802 771 1843 798 fuit

1066 815 1174 850 Elipbas
1191 816 1363 851 primogeniti
1382 816 1451 843 Esau
1464 836 1471 848 ,
1490 822 1571 844 natus
1588 824 1620 844 ex
1638 818 1790 845 concttbiua
1802 825 1841 843 no-

1065 862 1136 888 mine
1155 861 1288 889 Tliamua.
1304 862 1359 889 Sed
1385 863 1528 890 redeamus
1543 863 1576 890 ad
1594 863 1710 897 primani
1728 865 1763 891 de
1776 865 1844 891 Atua-

1026 896 1048 923 B
1063 906 1104 934 lec
1116 909 1402 935 commemorationem
1413 928 1420 939 ,
1442 909 1487 935 ubi
1503 908 1522 935 ii
1538 909 1584 943 qui
1602 910 1704 936 reversi
1731 914 1806 941 sunt,
1820 914 1842 935 et

1062 956 1197 979 venerunt
1207 953 1241 980 ad
1257 952 1359 980 fontem
1375 952 1471 986 judicii
1482 972 1490 985 ,
1505 954 1550 988 qui
1568 958 1683 981 vocatur
1698 954 1797 987 Gades,
1809 955 1842 982 in-

1063 995 1200 1023 terﬁciunt
1214 1004 1308 1024 omnes
1327 997 1465 1031 principes
1479 997 1600 1025 Amalec.
1616 998 1705 1026 Gades
1726 999 1796 1026 enim
1811 999 1844 1025 in-

1062 1046 1228 1078 terpretatur
1244 1044 1432 1078 sanctiﬁcatio,
1446 1044 1488 1071 vel
1501 1049 1643 1078 sanctum;
1656 1045 1773 1074 Amalec
1790 1054 1845 1073 vero

1062 1087 1255 1122 interpretatur
1268 1089 1402 1125 ablingem
1416 1091 1552 1125 populant,
1569 1091 1611 1118 vel
1626 1091 1765 1119 declinans
1773 1101 1844 1127 popu-

1061 1132 1116 1159 lum
1130 1133 1197 1169 (84).
1221 1133 1334 1169 lgiturii
1350 1134 1396 1170 qui
1415 1139 1588 1162 revertuntur
1609 1136 1642 1162 ad
1664 1142 1804 1170 sanctum,
1824 1144 1847 1164 et

1061 1183 1224 1207 convertunt
1248 1187 1277 1206 se
1291 1180 1326 1207 ad
1345 1180 1588 1208 sanctiﬁcationem
1600 1200 1609 1214 ,
1635 1181 1805 1209 interficiunt
1824 1188 1847 1210 et

1062 1223 1199 1257 perimunt
1221 1223 1342 1257 Amalec,
1357 1224 1432 1251 illum
1449 1225 1554 1252 scilicet
1576 1225 1621 1260 qui
1635 1225 1754 1261 ablingit
1772 1235 1849 1262 popu-

1062 1266 1115 1292 lum
1133 1266 1175 1292 vel
1191 1266 1310 1294 declinat
1324 1268 1462 1303 populum.
1479 1269 1544 1302 Quis
1558 1274 1650 1297 autem
1664 1270 1736 1298 alius
1751 1277 1794 1299 est
1808 1272 1848 1306 qui

1061 1311 1177 1338 declinat
1202 1313 1329 1348 populum
1347 1321 1362 1340 a
1379 1314 1434 1342 Deo
1447 1334 1455 1348 ,
1473 1314 1524 1342 nisi
1545 1315 1632 1342 virtus
1647 1317 1790 1344 contraria
1804 1338 1812 1350 ,
1827 1323 1849 1344 et

1061 1357 1188 1391 nequitiae
1201 1358 1358 1392 spiritales?
1371 1359 1471 1387 llorum
1485 1368 1550 1396 ergo
1560 1363 1697 1397 principes
1711 1364 1761 1397 qui
1773 1364 1850 1391 sunt?

1059 1402 1099 1429 llli
1122 1403 1182 1430 sine
1201 1403 1282 1432 dubio
1309 1406 1477 1440 principatus
1495 1407 1639 1434 adversum
1660 1416 1730 1443 quos
1750 1410 1850 1437 sanctis

1060 1453 1101 1475 est
1113 1447 1282 1476 colluctatio.
1297 1450 1448 1478 Adversum
1466 1452 1633 1487 principatus
1649 1454 1723 1481 enim
1737 1460 1768 1482 ct
1783 1460 1850 1490 poto-

1059 1499 1154 1528 states,
1173 1500 1201 1523 et
1217 1496 1307 1523 mundi
1326 1496 1406 1532 hujus
1423 1503 1542 1525 rectores
1560 1503 1624 1526 sunt
1639 1500 1680 1527 eis
1694 1508 1801 1535 agones
1812 1501 1850 1527 "z

1060 1547 1127 1574 quos
1148 1546 1238 1568 tamen
1253 1549 1382 1576 superare
1397 1542 1449 1570 non
1474 1548 1641 1577 potuerunt,
1663 1544 1716 1572 nisi
1742 1553 1852 1573 conver.

1059 1590 1149 1612 tantur
1169 1586 1202 1613 ad
1217 1581 1437 1614 sanctimoniam.
1459 1587 1488 1615 lu
1511 1589 1568 1622 ipsa
1585 1594 1675 1617 tamen
1699 1592 1850 1619 sanctimo—

1056 1631 1112 1663 nia,
1131 1639 1191 1666 qua:
1205 1637 1246 1660 est
1263 1632 1366 1666 Gades,
1384 1633 1445 1662 fons
1469 1640 1510 1662 est
1527 1635 1635 1670 judicii.
1660 1636 1766 1665 Omnis
1784 1638 1851 1664 enim

1055 1677 1100 1710 qui
1122 1684 1151 1704 se
1177 1678 1209 1704 ad
1235 1678 1443 1706 sanctimoniam
1459 1680 1613 1714 convertit,
1637 1682 1721 1709 habet
1746 1691 1852 1719 semper

1055 1728 1119 1751 ante
1135 1724 1228 1752 oculos
1243 1732 1306 1753 suos
1320 1725 1424 1753 fontem
1437 1726 1546 1761 judicii.
1569 1727 1703 1764 Prospicit
1717 1732 1796 1758 enim
1814 1731 1854 1765 ju-

1054 1768 1117 1795 dicii
1136 1768 1208 1796 diem
1225 1790 1233 1802 ,
1258 1774 1284 1798 et
1299 1772 1442 1806 purilicalo
1465 1773 1546 1800 corde
1567 1778 1620 1800 tam
1639 1774 1781 1803 malorum
1797 1783 1851 1810 pa-

1053 1819 1103 1840 nas
1122 1821 1204 1848 quant
1227 1815 1333 1849 piorum
1355 1817 1537 1845 beatitudines
1557 1823 1728 1847 contuetur:
1754 1825 1785 1847 et
1800 1821 1854 1848 hac

1055 1858 1159 1886 faciens
1176 1867 1272 1888 omnes
1298 1862 1512 1889 Amalecitarum
1538 1863 1674 1898 principes
1696 1866 1854 1899 prosternit

1053 1909 1080 1932 et
1100 1905 1183 1942 344
1199 1907 1300 1942 dejicit.
1316 1907 1345 1935 Si
1366 1909 1427 1943 quis
1448 1915 1537 1936 autem
1558 1917 1610 1937 non
1627 1917 1655 1937 sc
1679 1913 1857 1940 converterit

1053 1949 1086 1976 ad
1104 1950 1191 1979 Gades
1205 1971 1212 1984 ,
1237 1952 1262 1979 id
1292 1957 1336 1980 est
1357 1953 1391 1981 ad
1408 1955 1648 1982 sanctilicationcm
1664 1976 1673 1988 ,
1688 1956 1857 1992 fontemque

1051 1996 1155 2031 judicii,
1170 2006 1256 2033 neque
1270 1999 1391 2026 futurum
1405 1999 1500 2034 judicii
1518 2001 1713 2036 cogitatdiem,
1725 2003 1774 2030 isti
1785 2004 1854 2031 sub-

1050 2041 1113 2076 jecti
1137 2048 1202 2070 sunt
1224 2044 1390 2079 principibus
1403 2045 1524 2072 Amalec.
1540 2045 1616 2073 Hunc
1629 2048 1704 2074 enim
1719 2048 1855 2083 populum

1051 2087 1166 2123 abliugit
1187 2093 1215 2116 et
1242 2090 1397 2122 consumit,
1422 2095 1450 2117 et
1474 2091 1553 2118 talem
1577 2093 1707 2126 populum
1729 2095 1857 2122 declinat

1052 2141 1066 2158 ιι
1082 2133 1145 2160 Deo.
1164 2133 1226 2162 Haec
1242 2135 1276 2162 ad
1300 2135 1374 2162 illum
1402 2139 1519 2170 primum
1543 2137 1701 2165 referantur
1722 2140 1854 2167 Amalec.

1051 2179 1128 2208 Nunc
1144 2185 1233 2208 autem
1249 2175 1390 2210 videamus
1405 2188 1432 2210 et
1456 2183 1537 2210 istum
1553 2184 1664 2212 Amalec
1683 2185 1777 2213 ﬁlium
1798 2186 1855 2213 Eli-

1016 2225 1120 2270 Dplias
1137 2226 1310 2262 primogeniti
1337 2228 1407 2255 Esau
1427 2236 1507 2263 quem
1528 2231 1634 2265 peperit
1656 2231 1681 2257 ei
1706 2231 1856 2259 Thaumas

1054 2271 1205 2298 concubina
1220 2279 1267 2299 sua
1277 2291 1284 2305 ,
1306 2272 1383 2306 cujus
1397 2278 1473 2307 pater
1488 2278 1529 2301 est
1541 2274 1652 2308 Eliphas
1666 2295 1673 2308 ,
1694 2276 1746 2311 qui
1767 2277 1857 2304 inter-

1053 2320 1177 2349 pretatur
1199 2316 1269 2344 Deus
1296 2326 1336 2344 me
1363 2318 1488 2352 dispersit
1514 2318 1570 2355 (85)
1598 2327 1605 2346 :
1629 2325 1719 2348 mater
1757 2327 1856 2349 autem

1052 2360 1189 2389 Tltamnas
1199 2382 1206 2394 ,
1222 2371 1281 2397 qua:
1298 2368 1325 2390 et
1339 2364 1394 2398 ipsa
1418 2364 1508 2399 primo
1523 2365 1632 2399 quidem
1647 2371 1691 2394 est
1705 2367 1836 2401 degener
1848 2388 1856 2401 ,

1143 2453 1165 2470 ⁷⁷
1183 2453 1260 2480 Num.
1278 2454 1405 2482 xxtv.‘20.
1444 2455 1465 2470 ⁷⁸
1488 2455 1555 2482 Gen.
1579 2463 1634 2483 xiv.
1660 2457 1687 2483 7.
1727 2457 1757 2473 ⁷⁵
1782 2458 1856 2487 Gen.

1048 2582 1301 2620 «sanctumiatzrrpr
1309 2580 1422 2614 sacrari,
1430 2580 1597 2613 consecrari,
1607 2586 1736 2609 sanetum
1749 2590 1856 2617 essen

1043 2620 1154 2648 Amalec
1176 2628 1241 2648 vero
1257 2622 1452 2659 interpretatur
1475 2632 1484 2649 ι
1499 2623 1641 2658 ablingens
1660 2625 1805 2659 populum
1817 2648 1826 2659 ,
1845 2637 1854 2653 ι

1043 2662 1077 2708 ab
1154 2663 1267 2708 populus
1287 2669 1314 2691 et
1326 2656 1382 2708 Ρρὸ
1404 2673 1414 2690 ι
1431 2664 1520 2708 iinxit,
1541 2656 1673 2693 lambit.i
1778 2656 1859 2699 unde

1041 2703 1152 2765 lAtlntltiec
1165 2703 1356 2740 interpretetur
1377 2715 1385 2732 ι
1403 2707 1542 2735 declinans
1561 2708 1705 2743 populum,
1722 2717 1734 2734 ι
1759 2711 1791 2738 id
1809 2720 1858 2740 nte

1052 2747 1066 2765 a
1079 2746 1093 2765 e
1109 2758 1116 2765 .

1052 2746 1116 2766 κιει.

1076 2774 1132 2813 (βὸ)
1151 2773 1260 2809 Elipltas
1277 2777 1323 2810 qui
1338 2777 1536 2812 interpretatur,
1555 2776 1626 2804 Deus
1642 2785 1683 2804 me
1700 2778 1858 2813 dispersit.

1040 2808 1149 2863 Abba-1
1168 2816 1252 2850 Deus,
1265 2827 1273 2842 ι
1283 2808 1319 2845 et
1334 2823 1377 2863 ἴτε
1395 2808 1466 2854 quod
1479 2819 1550 2863 Gen.
1566 2826 1639 2850 χιιι,
1654 2808 1861 2863 2‘,_S§3ptua;

1040 2857 1114 2930 g‘irgta
1131 2858 1278 2920 Lutepretcs
1294 2857 1432 2888 ver'terttnt
1448 2861 1630 2894 «dissolvere,
1646 2870 1655 2887 ι
1675 2860 1714 2888 vel
1735 2861 1827 2893 forte
1844 2875 1860 2894 τι

1066 2907 1070 2920 l
1108 2902 1116 2918 |
1152 2901 1267 2928 tspcrst..
1284 2904 1293 2920 ι

1066 2901 1091 2922 is
1108 2902 1116 2918 |
1131 2901 1267 2928 dispersu.
1284 2904 1293 2920 ι
