1903 3052
117 55 169 82 721

713 52 746 80 IN
762 52 931 80 NUMEROS
945 51 1088 80 IIOMILIA
1102 51 1171 78 XIX.

1696 50 1750 78 722

118 112 219 139 deinde
233 110 431 144 interpretatur
445 109 559 143 defectio
579 113 708 136 commota
724 108 798 144 (86):
819 113 847 135 ιιι
865 116 910 136 ne«
926 111 949 139 Α
963 107 1065 135 Galaad
1084 107 1200 134 ducenta
1218 105 1302 133 millia
1317 106 1448 140 peditum,
1464 111 1491 133 ct
1507 106 1559 133 tria
1576 106 1657 133 millia
1673 106 1747 134 viro-

118 157 245 185 cessario
262 156 356 190 utique
372 155 418 189 qui
441 155 475 182 ab
498 154 540 182 his
558 153 656 181 talibus
674 155 803 189 gignitur,
825 153 910 181 hostis

117 203 157 231 sit
178 201 262 231 Israel
277 222 285 235 ,
301 201 441 233 ablingcns
452 220 459 232 ,
476 200 518 228 vel
536 201 676 227 declinans
689 199 826 234 populum.
850 199 910 226 Pri-

120 257 183 276 mus
197 249 272 276 ettitn
290 248 348 282 ipse
363 246 492 274 Hebraeos
508 253 635 281 egressos
650 254 683 273 ex
705 246 824 281 Egyplo
841 246 910 273 bello

117 301 268 329 aggressus
283 298 325 320 est
342 293 368 320 in
389 292 535 327 Raphidin,
549 297 613 319 tuttc
626 299 688 318 cum
708 291 813 326 Moyses
825 292 863 318 ait
877 292 909 319 ad

117 339 214 366 Iesum
226 339 264 366 ἰι
280 348 290 365 ι
306 339 379 374 Elige
393 338 441 366 tibi
459 339 534 366 viros
545 358 553 370 ,
564 341 592 366 et
607 338 665 374 exi,»
676 342 702 364 et
713 337 827 374 conflige
848 346 909 366 cum

118 384 234 412 Amalec
253 384 392 415 crastino,
409 387 436 410 et
458 391 523 410 ecce
536 390 585 417 ego
599 388 641 410 sto
661 384 687 410 in
701 383 804 411 vertice
817 383 908 416 collis,

116 433 147 457 et
160 430 238 464 virga
253 429 300 457 Dei
315 430 341 456 in
357 437 437 455 manu
458 436 516 456 mea
537 429 600 457 erit.
622 429 655 456 Et
671 428 735 456 fecit
748 428 827 456 Jesus
840 429 911 456 sicut

117 474 191 501 dixit
212 474 237 501 ei
253 473 375 509 Moyses,
392 478 420 501 et
433 473 627 501 conflixitcum
650 473 781 502 Amalec:
805 473 911 508 Moyses

117 524 258 552 autem,et
268 520 369 551 Aaron,
383 524 411 546 ct
428 518 468 547 Ur
478 519 659 546 ascenderunt
672 519 697 546 itt
712 519 842 546 verticem
854 519 910 547 col-

118 567 175 594 lis:
195 570 222 592 et
238 565 339 593 factum
356 570 397 592 est
410 585 417 598 ,
431 570 458 591 ut
469 572 530 592 ctttn
545 564 647 592 levaret
666 573 763 592 manus
785 566 908 601 Moyses,

118 613 303 639 invalescerct
320 611 425 639 Israel:
448 618 510 638 cum
528 616 618 638 autem
641 611 788 645 deponeret
814 620 910 640 manus

116 664 196 688 suas,
218 657 400 684 invalescebat
412 656 530 683 Amalec.
546 665 556 682 ι
578 656 610 683 Et
629 661 690 691 post
709 664 793 691 pauca
812 657 909 685 iterum

116 703 253 737 scriptum
268 708 309 728 est
323 702 385 735 quia
404 701 536 736 fugaverit.
547 701 626 730 Jesus
638 703 748 730 Amalec
758 723 766 735 ,
780 708 807 730 et
825 711 911 737 popu-

117 749 177 776 lum
194 749 256 781 ejus
275 748 364 783 gladio
376 747 524 782 dejecerit:
545 753 608 775 tunc
628 748 701 775 enim
724 749 853 776 Dominus
867 749 910 776 di-

118 795 161 822 xit
176 795 210 822 ad
228 794 335 830 Moysen
349 793 386 820 ⁸¹ι
406 803 415 819 ι
430 793 577 821 Conscribe
593 794 649 821 haec
664 794 696 820 ad
710 794 867 822 memoriam
885 795 910 821 in

117 841 192 868 libro
204 860 212 872 ,
236 845 264 868 et
281 841 314 867 da
331 840 356 867 itt
375 839 485 867 auribus
507 839 589 867 Jesu:
615 839 678 874 quia
704 840 797 867 delens
815 841 910 868 delebo

118 886 407 923 tttetnoriatttAntalec
421 886 455 913 dc
469 885 518 912 sub
533 886 612 914 caelo.
628 885 660 913 Et
675 886 817 914 aedificavit
833 887 910 922 Moy-

117 940 166 959 ses
181 932 267 959 altare
278 952 286 964 ,
303 937 330 959 et
348 931 496 958 nominavit
512 938 609 959 nomen
625 932 682 966 ejus
696 951 703 964 ,
721 932 851 959 Dominus
865 940 909 960 re-

118 978 225 1012 fugium
243 985 349 1005 meum:
365 982 392 1004 et
406 978 460 1004 ait:
477 978 545 1010 Quia
562 978 587 1004 in
602 985 683 1004 tttanu
698 977 803 1005 occulta
821 977 910 1005 Domi-

118 1032 174 1050 nus
188 1028 324 1057 expugnat
344 1023 453 1050 Amalec
476 1031 491 1050 ει
507 1024 683 1057 generatione
707 1024 733 1051 in
754 1024 909 1058 generatio-

118 1077 198 1096 Item.
213 1079 223 1095 ι
240 1069 359 1104 ltttellige
366 1077 398 1096 ex
413 1070 465 1096 ltoc
472 1069 625 1096 evidentius
638 1069 702 1103 quid
718 1070 815 1097 debeat
830 1070 909 1096 intel-

120 1116 170 1149 ligi
188 1115 311 1147 Amalec,
326 1122 406 1149 quem
424 1123 504 1142 ntanu
518 1114 623 1143 occulta
635 1134 643 1147 ,
662 1115 688 1143 id
703 1121 754 1148 est,
768 1115 909 1148 invisibili,

120 1167 281 1195 expugnate
295 1160 395 1187 dicitur
411 1160 481 1187 Deus
495 1168 510 1186 a
523 1161 697 1195 generatione
714 1161 740 1188 in
754 1161 910 1196 generatio-

123 1213 199 1232 nem.
224 1205 278 1232 Sed
304 1206 330 1232 itt
355 1205 563 1232 Deuteronomio
585 1205 621 1232 ita
648 1206 777 1240 scriptum
801 1211 843 1234 cst
866 1206 910 1234 ⁸³ε

123 1261 134 1278 ι
149 1251 285 1279 Memento
308 1255 409 1286 quanta
431 1251 477 1278 tibi
502 1251 597 1279 fecerit
618 1252 729 1279 Amalec
744 1252 770 1280 itt
785 1254 826 1280 via
848 1260 909 1280 cunt

122 1298 229 1325 cxisses
242 1298 274 1325 dc
287 1297 418 1332 Egypto,
435 1298 570 1332 quomodo
584 1298 690 1326 obstitit
709 1299 756 1326 tibi
774 1299 800 1326 in
815 1300 868 1331 via,
885 1305 910 1327 et

123 1344 228 1371 excidit
243 1344 356 1371 caudam
376 1349 450 1370 tuam
466 1364 473 1375 ,
498 1351 595 1371 ontttes
611 1344 654 1378 qui
668 1344 829 1372 laborabant
852 1352 913 1380 post

122 1395 161 1416 te.
174 1389 214 1417 Tu
228 1394 317 1417 autetn
329 1389 469 1416 esuriebas
481 1394 507 1416 et
519 1389 674 1422 laborabas,
686 1395 713 1417 et
728 1398 780 1418 non
796 1392 908 1419 timuisti

123 1437 222 1464 Deum.
244 1445 254 1462 ι
280 1435 400 1464 Observa
417 1443 484 1469 ergo
502 1439 530 1462 et
546 1435 572 1462 itt
589 1436 623 1464 iis
647 1438 782 1471 quomodo
799 1437 911 1466 Amalec
925 1453 945 1482 ε

123 1481 232 1509 obstitit
256 1481 336 1508 Israel
356 1480 381 1508 llI
401 1481 440 1507 via
453 1501 459 1512 ,
481 1480 529 1507 sed
547 1485 635 1508 tamen
660 1489 712 1508 non
727 1483 814 1517 potuit
833 1488 913 1517 caput

119 1528 183 1562 ejus
205 1528 363 1555 abscindere
375 1547 383 1559 ,
409 1528 459 1554 utsi
478 1526 591 1554 caudam
613 1532 738 1555 tantum:
761 1528 788 1556 id
807 1534 848 1557 est
867 1537 913 1557 eos

122 1579 213 1608 potuit
234 1573 360 1600 obtinere
373 1592 380 1604 ,
397 1573 443 1607 qui
463 1577 536 1600 retro
551 1573 631 1607 positi
645 1579 743 1607 erant,
757 1576 803 1610 qui
823 1575 910 1603 ultimi

122 1619 323 1653 sequebantur,
338 1625 388 1645 nec
401 1625 433 1645 ea
448 1627 508 1652 qute
522 1624 597 1646 retro
612 1624 690 1647 erant
707 1620 911 1655 obliviscentcs,

121 1664 309 1691 extendebant
335 1672 365 1692 se
389 1665 422 1692 ad
439 1673 470 1692 ea
495 1673 556 1699 quae
572 1665 598 1692 in
624 1669 687 1692 ante
713 1670 786 1693 sunt.
805 1666 837 1693 Et
853 1667 913 1695 ideo

124 1715 192 1745 puto
215 1711 278 1745 quia
303 1711 431 1738 Dominus
455 1710 626 1745 praecipiebat
649 1711 674 1738 in
698 1711 852 1745 Evangeliis
867 1713 913 1739 di-

123 1763 191 1783 cens
203 1756 243 1782 3":
265 1765 274 1781 ι
291 1756 375 1783 Nemo
400 1756 514 1783 mittens
532 1764 640 1783 manum
656 1764 734 1784 suam
756 1765 838 1791 super
852 1766 913 1785 ara-

125 1808 212 1834 trum,
229 1806 255 1829 et
271 1806 344 1829 retro
358 1802 517 1836 respiciens,
532 1807 610 1835 aptus
625 1807 666 1830 est
683 1810 765 1837 regno
781 1804 836 1832 Dei.
852 1813 862 1831 ι
881 1804 914 1831 Et

124 1849 241 1876 merito:
257 1848 279 1876 si
294 1849 366 1876 enim
382 1853 456 1875 retro
469 1848 532 1883 quis
544 1848 671 1876 inventus
682 1848 764 1876 fuerit
776 1849 801 1876 in
815 1851 912 1883 cauda,

125 1896 272 1923 altscindet
283 1902 344 1922 cum
356 1895 478 1922 Amalec.
491 1893 543 1922 Sed
556 1898 584 1921 et
596 1894 675 1921 aliam
690 1895 777 1922 adltuc
789 1896 821 1922 de
833 1895 915 1922 Ama-

125 1941 166 1969 lec
180 1941 322 1969 historiam
336 1941 508 1975 proferamus
518 1963 524 1974 ,
536 1946 566 1969 ut
580 1949 613 1969 ex
627 1941 750 1976 pluribus
764 1940 914 1975 Scriptura:

126 1987 196 2015 locis
218 1987 318 2014 clarius
334 1988 405 2021 quod
429 1988 577 2022 quatrimus
596 1988 764 2015 advertatur.
780 1987 809 2014 Itt
826 1987 914 2021 primo

125 2033 282 2067 Regnorum
297 2033 366 2060 libro
381 2033 419 2059 ait
435 2033 544 2060 Samuel
562 2033 595 2060 ad
612 2033 677 2061 Saul
693 2033 734 2061 3‘:
754 2041 764 2058 ι
778 2033 850 2060 Misit
870 2040 913 2060 me

127 2079 257 2107 Dominus
272 2087 373 2114 ungere
394 2084 419 2106 te
436 2087 525 2114 regem
540 2087 621 2114 super
635 2079 763 2114 populum
778 2086 857 2106 suum
874 2079 913 2106 Is-

965 161 1024 180 rum
1038 160 1071 180 ex
1086 152 1152 180 Juda
1167 173 1175 186 ,
1191 156 1218 180 et
1234 152 1306 179 venit
1327 151 1391 179 Saul
1405 152 1438 178 ad
1456 152 1593 180 civitatem
1617 150 1746 184 Amalec,

963 204 991 226 et
1005 200 1118 227 insidias
1136 199 1224 234 posuit
1238 199 1265 226 itt
1278 199 1362 231 valle.
1380 204 1407 226 et
1421 200 1459 226 ait
1479 199 1543 226 Saul
1566 199 1599 226 ad
1612 199 1725 227 Cineum
1741 210 1747 227 :

966 244 1040 272 Vade
1054 250 1092 277 ιιι,
1107 249 1135 272 et
1146 245 1253 272 discede
1267 246 1300 273 de
1313 245 1403 272 medio
1415 245 1536 278 Amalec,
1553 253 1586 272 ne
1601 244 1671 273 forte
1680 250 1707 273 et
1721 250 1748 272 tu

964 291 1102 325 adjiciaris
1119 291 1176 325 (87)
1191 299 1252 318 cum
1267 291 1336 324 ipso.
1353 290 1390 317 Tu
1405 291 1478 318 enim
1492 289 1581 317 fecisti
1594 291 1749 318 misericor-

964 337 1035 363 diam
1059 344 1120 363 cum
1140 336 1266 364 omttibus
1285 336 1349 363 filiis
1370 335 1452 363 Israel
1466 356 1474 368 ,
1492 343 1553 362 eunt
1570 336 1750 363 escenderent

964 383 996 410 de
1013 387 1086 410 terra
1112 382 1231 417 Egypti.
1250 382 1282 409 Et
1301 382 1427 409 discessit
1442 381 1543 408 Cineus
1560 382 1593 408 dc
1609 382 1697 409 ntedio
1711 382 1748 409 A-

964 428 1060 459 malec,
1078 432 1106 455 et
1126 428 1262 462 percussit
1280 427 1344 454 Saul
1363 428 1484 456 Amalec.
1500 428 1533 454 ab
1558 427 1647 455 Evilat
1663 435 1749 462 usque

964 475 1026 505 Sur,
1041 482 1101 509 quae
1118 478 1162 501 est
1174 478 1270 502 contra
1287 473 1383 501 facient
1400 473 1510 508 Egypti
1523 495 1530 507 ,
1546 479 1573 502 et
1587 474 1659 508 cepit
1674 475 1748 510 Agag

965 527 1054 554 regem
1066 520 1177 547 Amalec
1190 520 1293 551 vivum,
1307 524 1334 547 et
1347 528 1456 547 ontnent
1471 521 1598 554 pupulum
1612 522 1673 556 ejus
1683 528 1749 547 atta-

964 565 1150 593 tltcmatizavit
1169 566 1194 593 itt
1212 573 1261 594 ore
1280 566 1384 601 gladii,
1398 571 1426 593 et
1439 567 1561 600 pepercit
1580 565 1642 592 Saul
1658 570 1686 592 et
1701 572 1749 600 po-

964 611 1044 646 pulus
1070 613 1125 646 regi
1151 612 1226 646 Agag
1239 632 1247 645 ,
1266 616 1294 639 et
1320 613 1440 640 servavit
1463 619 1543 639 ontne
1559 612 1630 646 qttod
1647 612 1748 639 bonunt

964 661 1025 684 erat
1040 664 1071 684 ex
1085 657 1182 685 ovibus
1196 662 1223 684 et
1239 657 1334 690 bobus,
1351 657 1397 683 sed
1413 661 1441 684 et
1455 664 1515 692 quae
1539 656 1654 685 fecunda
1669 661 1749 683 erant

963 710 994 730 et
1008 703 1134 730 omnibus
1148 703 1292 738 pecoribus
1309 703 1398 735 bonis,
1414 708 1442 731 et
1456 703 1600 730 noluerunt
1611 710 1642 730 ea
1656 707 1748 730 exter-

964 749 1080 781 minare,
1093 749 1139 776 sed
1150 757 1231 776 omne
1245 750 1316 784 quod
1333 749 1382 777 fuit
1396 749 1598 783 contemptibile
1611 753 1639 776 et
1652 750 1749 782 despe-

962 800 1046 826 ctum,
1064 796 1116 823 hoc
1129 795 1439 823 anatltematizavernnt.
1455 796 1487 822 Et
1500 795 1587 822 factus
1599 799 1641 822 est
1656 801 1749 822 sermo

963 840 1069 869 Domini
1085 841 1118 868 ad
1131 840 1284 869 Samuelem
1299 842 1411 870 dicens:
1427 842 1543 870 Pmnitet
1557 849 1609 874 me,
1623 841 1686 876 quia
1702 849 1750 868 un-

963 887 1047 914 xerim
1063 886 1128 914 Saul
1142 887 1167 914 in
1182 894 1283 922 regem.
1300 898 1309 914 ι
1328 888 1360 915 Et
1373 889 1416 916 Itie
1432 896 1497 922 ergo
1510 888 1623 916 observa
1635 894 1749 922 quomo-

963 933 996 959 do
1015 932 1084 958 Dens
1099 939 1147 966 per
1165 932 1324 966 prophetam
1340 934 1395 968 regi
1411 933 1475 960 Saul
1491 933 1611 967 pra‘cipit
1624 937 1653 960 ut
1668 940 1749 966 expu-

961 982 1024 1012 gnt-t
1038 977 1159 1009 Amalec,
1169 983 1254 1005 etnon
1269 983 1363 1013 parcat
1375 980 1502 1014 cuiquattt
1519 986 1552 1007 ex
1568 978 1608 1005 eis
1623 986 1629 1005 :
1646 983 1747 1013 etquo-

963 1024 1034 1050 niam
1053 1024 1173 1057 pepercit
1189 1024 1244 1059 regi
1263 1025 1373 1052 Amalec
1388 1026 1473 1060 Agag.
1489 1025 1619 1053 offensam
1635 1024 1750 1051 incurrit

963 1069 1166 1104 inexpiabilem,
1180 1070 1216 1097 ita
1238 1075 1267 1097 ut
1280 1077 1399 1105 eousque
1415 1077 1585 1106 permoveret
1602 1073 1684 1100 Deum
1696 1092 1704 1104 ,
1719 1076 1749 1099 ut

961 1119 1055 1143 contra
1073 1124 1153 1151 quant
1171 1118 1268 1152 recipit
1285 1117 1329 1144 illa
1346 1122 1441 1144 natura
1459 1118 1578 1144 diceret:
1601 1126 1611 1143 ι
1629 1117 1748 1145 Pmnitet

961 1169 1005 1189 me
1019 1163 1092 1196 quod
1109 1163 1172 1190 unxi
1193 1163 1257 1191 Saul
1283 1164 1310 1191 in
1328 1171 1427 1199 regettt.
1445 1173 1453 1188 ι
1474 1163 1531 1190 Νοη
1557 1171 1623 1198 ergo
1640 1163 1748 1198 expedit

963 1208 1040 1235 ttobis
1056 1216 1168 1242 parcere
1184 1209 1232 1240 illi,
1248 1209 1293 1244 qui
1309 1208 1423 1236 declinat
1439 1209 1579 1243 populum,
1596 1208 1637 1236 vel
1658 1208 1749 1235 ablin.

962 1254 999 1287 git
1010 1272 1017 1285 ,
1034 1257 1061 1280 et
1078 1254 1211 1281 devorat:
1229 1253 1266 1281 illi
1287 1253 1391 1281 scilicet
1407 1253 1533 1280 invisibili
1549 1253 1659 1280 Amalec
1671 1272 1679 1285 ,
1693 1251 1747 1287 'qui

962 1298 1114 1329 volentibus
1128 1299 1276 1327 ascendere
1287 1300 1319 1326 de
1333 1299 1462 1334 lEgypto,
1474 1303 1500 1326 et
1511 1298 1545 1326 de
1560 1299 1652 1326 mundi
1668 1299 1749 1334 hujus

962 1345 1078 1372 evadere
1099 1345 1238 1378 tenebris,
1256 1350 1339 1379 atque
1354 1345 1387 1372 ad
1406 1349 1505 1372 terrant
1527 1345 1748 1379 repromissionis

963 1391 1113 1418 ascendere
1127 1410 1136 1423 ,
1150 1391 1252 1418 resistit
1276 1390 1302 1418 itt
1327 1390 1380 1422 via,
1396 1395 1422 1417 ct
1447 1391 1587 1424 impugnat
1602 1398 1650 1418 nos
1660 1412 1666 1418 .
1683 1396 1710 1418 et
1724 1392 1748 1419 si

964 1437 1098 1463 invenerit
1113 1444 1162 1465 nos
1179 1437 1265 1463 lassos
1278 1444 1310 1464 ac
1326 1436 1457 1468 defessos,
1472 1442 1498 1463 et
1517 1441 1590 1463 retro
1604 1437 1750 1470 respicietr

965 1486 1024 1513 tes,
1042 1486 1124 1516 atque
1139 1481 1165 1508 in
1181 1481 1282 1509 ultimis
1299 1485 1327 1508 et
1342 1481 1368 1508 in
1383 1481 1467 1508 cauda
1487 1481 1598 1514 positos,
1614 1480 1749 1508 abscindit

963 1534 1012 1553 ttos
1032 1531 1060 1554 et
1075 1527 1193 1561 perimit.
1215 1527 1248 1554 Et
1266 1527 1327 1554 ideo
1343 1527 1500 1554 tentandum
1517 1533 1626 1561 semper
1641 1526 1668 1552 itt
1683 1530 1748 1553 ante

963 1577 1019 1604 est,
1039 1577 1064 1600 et
1083 1572 1115 1599 ad
1133 1572 1239 1606 propria
1257 1572 1447 1604 festinandum,
1465 1571 1519 1598 itno
1531 1576 1558 1598 et
1574 1572 1600 1597 in
1620 1572 1749 1598 verticem

964 1618 1064 1645 ntontis
1079 1618 1279 1646 ascendendum
1294 1637 1301 1650 ,
1324 1622 1351 1644 et
1371 1623 1478 1650 semper
1499 1615 1620 1644 levandas
1636 1621 1699 1643 sunt
1719 1617 1747 1643 in

963 1664 1136 1691 orationibus
1149 1665 1182 1691 ad
1196 1664 1295 1692 caelum
1312 1670 1419 1695 manus,
1436 1667 1465 1689 ut
1482 1663 1518 1689 ita
1533 1663 1643 1690 demum
1660 1663 1749 1690 vinca-

965 1715 1007 1737 tur
1019 1710 1130 1738 Amalec
1145 1714 1173 1737 ct
1188 1710 1278 1738 cadat.
1295 1709 1341 1738 Vis
1358 1716 1448 1738 autem
1463 1711 1534 1737 scire
1549 1711 1678 1744 quoniam
1693 1717 1747 1736 non

963 1755 1096 1783 trattsitur
1103 1756 1136 1783 ad
1146 1760 1245 1783 terram
1257 1760 1391 1788 sanctam,
1403 1763 1491 1791 neque
1501 1756 1658 1790 pervenitur
1665 1755 1698 1782 ad
1708 1762 1749 1782 rc-

963 1809 1043 1836 gnunt
1060 1820 1067 1834 ,
1090 1801 1140 1828 nisi
1172 1801 1246 1835 prius
1267 1801 1391 1828 vincatur
1414 1801 1525 1828 Amalec
1547 1801 1559 1827 ἲ
1581 1800 1666 1828 David
1686 1807 1747 1827 cum

965 1847 1048 1874 multa
1061 1847 1130 1874 bella
1148 1847 1286 1882 gessisset,
1304 1853 1331 1874 et
1345 1851 1439 1874 contra
1458 1846 1614 1882 Allophylos
1634 1846 1748 1873 fuissent

962 1892 1043 1928 345
1056 1892 1079 1920 ei
1108 1892 1233 1920 acerrimi
1264 1891 1473 1926 frequentesque
1498 1890 1661 1923 conﬂictus,
1693 1897 1746 1917 tton

966 1942 1054 1964 tamen
1071 1937 1200 1965 scribitur
1213 1937 1365 1964 obtinuisse
1382 1943 1507 1970 regnum,
1524 1935 1576 1962 nisi
1594 1935 1669 1970 prius
1682 1936 1747 1962 edo-

965 1984 1078 2011 tuuisset
1093 1983 1215 2010 Amalec.
1232 1983 1278 2010 Ait
1295 1982 1368 2009 enim
1383 1982 1524 2017 Scriptura
1543 1981 1567 1997 “
1581 1989 1588 2009 :
1608 1991 1618 2007 ‹
1647 1981 1680 2008 Et
1705 1988 1749 2008 re-

964 2037 1073 2064 gressus
1088 2034 1129 2057 est
1147 2029 1231 2057 David
1263 2034 1437 2064 posteaquam
1463 2028 1562 2056 cecidit
1587 2027 1709 2058 Amalec,
1720 2032 1747 2054 et

965 2075 1086 2111 suscepit
1102 2083 1212 2111 regnum
1229 2075 1304 2107 Saul;
1323 2083 1332 2100 ι
1365 2082 1425 2102 cum
1453 2078 1542 2101 tamett
1559 2074 1615 2108 ipse
1637 2073 1749 2100 Amalec

128 2125 185 2152 rael
199 2145 206 2157 ,
224 2130 251 2152 et
267 2133 339 2152 nuttc
353 2124 416 2152 audi
435 2120 689 2152 vocem‘vcrborum
714 2124 830 2152 Domini.
851 2123 913 2151 Haec
930 2127 952 2155 ι)
968 2123 1139 2150 describatur
1153 2123 1251 2150 ntultas
1269 2123 1343 2157 prius
1360 2126 1466 2154 strages
1493 2121 1591 2148 fecisse
1607 2121 1633 2146 in
1651 2119 1749 2154 populo

125 2172 193 2199 dicit
219 2172 349 2200 Dominus
376 2173 504 2200 virtutum
524 2180 531 2198 :
554 2171 710 2206 ltecogitavi
736 2171 827 2198 omnia
852 2177 912 2205 quae

125 2218 192 2245 fecit
210 2218 317 2246 Amalec
339 2219 482 2246 adversum
499 2217 601 2250 Israel,
618 2218 754 2253 quomodo
775 2218 913 2251 percussit

125 2273 190 2292 cum
212 2264 240 2291 in
257 2266 300 2292 via
314 2273 374 2292 cum
392 2266 551 2293 ascenderet
564 2273 597 2292 ex
615 2264 744 2299 Egypto.
759 2264 834 2291 Nunc
848 2271 913 2298 ergo

126 2308 214 2339 vade,
238 2312 265 2334 et
281 2313 390 2342 percute
412 2308 541 2340 Amalec,
563 2313 589 2335 et
604 2308 804 2335 anatltetnatiza
820 2309 910 2334 omnia

125 2361 294 2388 quaecunque
302 2354 394 2385 habet,
407 2358 433 2382 et
441 2362 492 2381 non
503 2361 609 2388 parcas,
618 2354 665 2381 sed
674 2353 796 2381 interlice
807 2361 911 2387 omnes,

127 2410 141 2427 a
161 2401 222 2428 viro
236 2407 321 2435 usque
336 2401 369 2427 ad
385 2400 525 2427 mulierem
536 2420 544 2432 ,
561 2406 589 2427 et
603 2399 731 2434 parvulos
742 2418 750 2430 ,
765 2404 793 2426 et
811 2399 914 2426 lacteu-

128 2452 181 2480 tcs,
196 2451 224 2473 et
240 2450 342 2479 tauros,
357 2451 383 2473 et
396 2454 490 2481 greges
510 2446 612 2480 oviunt,
628 2450 656 2473 et
669 2445 800 2478 camelos,
814 2450 841 2472 et
859 2445 913 2472 asi-

128 2501 186 2520 ttos.
212 2492 245 2520 Et
260 2494 387 2528 praecepit
410 2494 473 2521 Saul
492 2493 609 2528 populo.
630 2498 658 2520 et
680 2493 798 2526 inspexit
816 2499 863 2520 eos
887 2492 912 2518 itt

968 2167 1061 2200 Israel,
1079 2173 1106 2195 et
1120 2167 1202 2193 urbes
1224 2175 1317 2194 eorum
1345 2167 1498 2194 incendisse
1525 2165 1747 2200 quamplurimas.

969 2213 1037 2240 Vere
1053 2213 1126 2240 cttitn
1143 2218 1205 2240 ante
1225 2213 1368 2240 adventum
1397 2213 1453 2240 veri
1469 2211 1563 2245 David,
1596 2210 1667 2238 illius
1701 2211 1748 2245 qui

968 2263 1047 2285 natus
1063 2263 1106 2286 est
1120 2266 1153 2285 ex
1166 2249 1273 2286 semine
1286 2257 1370 2284 David
1382 2257 1531 2284 secundum
1545 2264 1668 2287 carnem,
1678 2256 1748 2282 ntul-

968 2309 1010 2332 tas
1023 2309 1129 2339 strages
1145 2303 1280 2338 spiritales
1293 2304 1450 2331 Amalecitae
1459 2324 1467 2336 ,
1482 2311 1542 2338 quae
1555 2307 1617 2330 sunt
1636 2306 1749 2329 contra-

968 2350 1016 2377 riae
1030 2350 1156 2382 virtutes,
1191 2349 1313 2377 fecerunt
1336 2350 1363 2376 in
1390 2349 1487 2384 populo
1519 2349 1612 2376 Israel.
1645 2348 1697 2375 Sed
1721 2352 1750 2375 et

967 2395 1053 2430 ipsius
1072 2396 1154 2423 David
1175 2396 1357 2430 captivarunt,
1383 2395 1470 2430 inquit
1488 2395 1521 2427 ⁸⁷,
1544 2395 1610 2421 duas
1639 2400 1748 2420 uxores.

969 2441 1090 2469 Judmum
1109 2448 1173 2476 puto
1188 2443 1317 2477 primum,
1335 2446 1362 2469 ct
1377 2441 1524 2469 secundum
1554 2439 1680 2474 gentilem
1703 2446 1750 2473 po-

968 2489 1061 2524 pulum
1081 2489 1133 2517 dici
1150 2497 1158 2516 :
1178 2494 1205 2517 et
1230 2488 1338 2516 .Iudaaos
1367 2488 1438 2514 ettim
1466 2491 1494 2513 et
1517 2485 1631 2521 gentiles
1654 2491 1750 2511 omnes

164 2556 875 2608 "wwwmmmu.hmhmee

965 2573 1028 2598 teut.
1042 2577 1105 2603 xxv,
1122 2569 1166 2602 Π,
1181 2568 1222 2596 18.
1261 2568 1285 2584 ⁸⁸
1300 2567 1364 2594 Luc.
1386 2574 1423 2598 ιιι,
1438 2565 1483 2592 6‘2.
1520 2563 1543 2579 "
1557 2563 1566 2590 ι
1581 2563 1648 2598 Reg.
1662 2571 1706 2596 xv,
1723 2564 1748 2597 I,

129 2609 838 2644 eaasaasamJLuumwn.

165 2692 221 2728 (86)
239 2692 336 2719 Deinde
350 2692 535 2726 interpretatur
544 2698 670 2718 DEFEC'I'IO
677 2697 807 2728 consors.
817 2689 838 2715 A
851 2694 920 2719 man

136 2738 144 2754 ι
163 2725 287 2760 absolvi,
311 2728 445 2759 deficere,
473 2736 481 2752 ι
502 2731 529 2753 ct
548 2730 591 2757 νυ
613 2735 621 2752 ι
642 2725 725 2753 movit
740 2732 786 2758 sc,
812 2731 917 2758 motus,

133 2768 283 2790 commotus
301 2763 360 2790 fuit.
377 2771 386 2787 ›

893 2609 914 2624 ⁸⁷
928 2609 937 2636 I
952 2608 1019 2640 ltcg.
1035 2614 1098 2638 xxx,
1114 2614 1138 2632 ν.

1008 2686 1064 2722 (87)
1079 2686 1168 2712 Codex
1183 2683 1354 2722 fiorbeicnsis
1371 2693 1379 2708 ι
1393 2681 1538 2722 adjiciaris.
1555 2690 1565 2707 ι
1582 2679 1750 2722 [fmina-aditi,

975 2731 985 2747 σ
1000 2716 1145 2755 tlejiciaris.
1160 2729 1168 2745 t
1188 2718 1269 2755 Paulo
1282 2723 1342 2755 post
1356 2726 1420 2745 mss.
1436 2718 1536 2744 habent
1546 2726 1563 2742 1
1577 2717 1611 2743 ab
1627 2716 1722 2743 Evilat.
1737 2723 1749 2741 ο

972 2753 1050 2784 Libb.
1070 2755 1145 2787 editi,
1165 2763 1174 2779 ι
1191 2755 1224 2780 ab
1239 2753 1324 2788 Ejula.
1345 2762 1353 2778 t
1637 2756 1639 2759 ‘
