1886 3051
163 34 214 62 7'25

888 28 1050 58 ORIGENIS

1749 27 1801 56 7N

165 97 275 121 constat
293 92 343 120 sub
358 97 470 127 peccato
490 92 576 119 fuisse
593 91 746 119 conclusos.
762 90 815 118 Sed
845 97 899 116 non
927 89 953 116 in
968 88 1102 120 A’lsrael,
1119 95 1180 115 cum
1197 87 1358 115 ascenderet
1379 87 1412 114 de
1426 87 1553 122 Egypto.
1571 96 1580 112 ι
1597 87 1632 114 De
1657 87 1713 114 hoc
1736 95 1801 121 ergo

165 140 208 168 his
230 146 321 167 rerum
340 138 430 166 exitus
453 138 565 166 mansit.
592 137 745 164 Adveniens
768 136 840 164 enim
867 135 952 162 David

163 184 226 212 audi
245 183 310 219 quid
328 182 421 211 faciat.
437 183 470 210 Et
484 183 598 214 invenit,
620 182 717 217 inquit,
735 181 817 208 David
846 181 952 216 disper-

162 237 209 258 sos
231 228 396 257 Amalecitas
426 238 436 255 t
465 229 673 261 manducantes,
708 232 735 256 et
762 227 895 257 bibentes.
927 230 955 253 et

162 276 332 304 exsultantes
341 282 390 310 pro
402 273 492 309 praeda
503 281 582 308 quam
598 273 766 301 abstulerant
781 283 788 301 :
800 278 828 300 et
843 273 953 303 cecidit,

164 322 266 357 inquit,
283 327 356 348 eosa
372 320 460 354 prima
485 324 565 347 nocte
588 327 674 354 usque
701 320 734 346 ad
760 327 898 354 vesperam
926 319 953 345 in

164 367 315 394 crastinum
330 365 363 392 ⁸⁸.
377 374 386 391 ι
399 365 432 392 Ει
446 369 506 399 post
526 365 598 392 hanc
614 365 714 392 caedem
728 365 954 398 Amalecitarum,

165 417 306 445 regressus
319 410 439 446 suscepit
460 417 585 444 regnum.

198 457 226 482 2.
243 455 321 483 Hunc
336 463 402 491 ergo
419 457 530 484 Amalec
544 456 641 483 videns
654 455 765 483 Balaam
782 456 853 484 ﬁlius
872 456 952 488 Beor,

167 503 248 529 homo
267 509 331 529 vere
345 503 451 536 videns,
470 507 497 530 et
509 503 624 530 audiens
637 503 720 531 verba
739 503 797 534 Dei,
828 503 876 537 qui
904 503 955 530 scit

165 548 308 575 scientiam
317 548 436 580 Excelsi,
449 554 476 576 et
488 549 606 577 visiones
618 549 665 576 Dei
684 549 767 582 videt,
783 553 896 583 accepta
907 555 955 582 pa-

166 592 261 620 rabola
279 601 327 620 sua
344 593 427 626 (sicut
443 598 471 621 et
495 594 521 621 in
535 594 671 629 prioribus
689 593 839 621 visionibus
867 594 954 627 scrip-

163 643 221 665 tum
236 638 302 673 est),
318 639 356 665 ait
369 638 392 654 ⁸⁷
406 649 412 666 :
430 649 439 664 ‹
455 639 560 667 lnitium
584 639 833 674 gentiumAmalec,
856 643 884 666 et
911 646 954 666 se-

164 690 227 710 men
243 690 338 710 eorum
352 683 460 718 peribit.
480 693 489 709 ι
504 684 579 717 Quod
598 684 636 711 ait
650 692 658 710 :
679 693 688 709 ι
707 683 816 711 Initium
831 683 952 718 gentium

162 728 286 760 Amalec,
306 738 315 755 ι
333 735 436 756 certum
458 734 499 756 est
516 730 580 764 quia
605 730 677 757 nullo
702 733 781 764 pacto
812 730 845 756 ad
877 729 951 756 illurn

1004 139 1032 161 et
1045 141 1118 161 nunc
1133 133 1245 165 dicitur,
1264 135 1326 168 quia
1356 132 1443 160 valida
1458 133 1494 160 sit
1519 132 1652 160 habitatio
1672 132 1751 167 ejus,
1777 133 1799 159 si

1005 185 1087 215 ponat
1104 180 1200 207 nidutn
1215 187 1296 207 suum
1314 179 1340 205 in
1365 184 1451 211 petra.
1482 178 1561 205 Petra
1585 178 1716 205 Christus
1745 182 1797 204 est.

1005 226 1033 253 Si
1053 234 1117 261 ergo
1131 231 1213 260 ponat
1227 226 1319 252 nidum
1333 232 1413 251 suum
1431 225 1458 252 in
1477 229 1564 259 petra,
1583 223 1671 250 valida
1687 228 1734 250 est
1749 222 1798 250 ha-

1005 272 1100 299 bitatio
1115 273 1183 307 ejus,
1200 272 1222 299 si
1241 277 1331 299 tamen
1346 278 1399 297 non
1413 270 1460 297 fiat
1479 270 1503 297 ei
1525 270 1594 296 Beor
1613 269 1694 296 nidus
1718 274 1797 296 astu-

1007 318 1060 345 tiae.
1080 317 1162 349 Beor,
1183 322 1261 352 pater
1271 322 1315 344 est
1328 316 1451 349 Balaam,
1473 315 1519 350 qui
1539 319 1631 350 potest
1650 315 1743 350 accipi
1770 315 1797 342 in

1005 370 1120 397 persona
1137 363 1331 390 haereticorum
1346 371 1352 389 :
1371 367 1400 389 ιιι
1428 362 1480 389 hoc
1501 361 1555 389 dici
1571 362 1708 394 videatur,
1726 361 1798 395 quod

1006 409 1098 436 salvus
1112 408 1198 443 possit
1211 415 1272 435 esse
1291 408 1404 439 Cineus,
1423 407 1445 434 si
1462 411 1546 441 ponat
1561 407 1587 433 in
1603 412 1680 441 petra
1702 407 1796 433 nidum

1005 461 1095 486 suum,
1110 455 1162 481 hoc
1176 458 1218 480 est
1249 453 1276 480 in
1296 453 1406 480 Christo
1417 452 1534 480 collucet
1553 459 1628 486 spent
1660 459 1754 483 suam,
1771 457 1798 479 et

1007 508 1059 527 non
1075 507 1137 527 eum
1155 500 1342 527 haereticorum
1359 499 1515 527 circumdet
1539 504 1566 526 et
1581 499 1796 526 circumscribat

1005 545 1116 573 astutia.
1129 544 1196 572 Nam
1212 545 1234 573 si
1251 546 1303 572 hoc
1316 545 1415 577 fuerit,
1434 545 1499 571 nihil
1529 545 1552 572 ei
1572 545 1696 579 proderit
1725 546 1796 579 quod

1005 582 1131 626 in'petra,
1150 591 1194 624 qui
1209 595 1252 617 est
1266 590 1392 617 Christus
1404 609 1412 621 ,
1437 590 1589 617 collocatus
1614 589 1737 616 videtur.
1756 590 1795 616 Ab

1004 637 1125 672 Assyriis
1144 637 1216 663 enim
1231 637 1356 671 captivus
1383 636 1508 668 ducetur,
1532 635 1661 670 malignis
1690 635 1796 663 scilicet

1005 683 1162 714 virtutibus,
1181 690 1242 717 quae
1256 690 1302 710 eos
1321 683 1445 717 captivos
1457 684 1570 715 ducunt,
1583 687 1610 709 et
1626 682 1654 709 in
1674 686 1796 717 potesta-

1006 733 1060 756 tem
1071 729 1220 764 accipiunt,
1236 736 1304 763 quos
1324 729 1468 756 haereticus
1481 735 1560 755 error
1573 727 1734 756 involvcrit.
1752 728 1794 756 Vi-

164 773 211 807 qui
229 778 292 800 tunc
308 777 367 801 erat
383 774 409 801 in
425 782 508 801 carne
521 774 642 807 Amalec,
663 774 759 802 referri
775 774 860 808 possit
877 784 885 802 ι
905 783 951 801 ne-
968 767 988 796 Β
1006 776 1085 802 detur
1103 782 1169 802 sane
1183 776 1332 803 secundum
1346 775 1416 802 hanc
1438 775 1639 809 expositionem
1655 782 1740 808 quam
1762 776 1795 802 de

163 825 217 852 que
229 818 302 846 enim
314 819 420 853 primus
437 825 497 846 erat
514 820 687 853 antiquitatis
699 820 805 855 origine
821 828 827 846 :
842 819 889 847 sed
918 820 951 847 ad

165 865 330 893 iuvisibilem
345 865 457 892 Amalec
471 865 567 892 melius
582 865 712 897 refertur,
726 865 770 900 qui
783 873 797 891 a
813 865 951 892 declinan-

163 911 199 938 do
214 911 328 946 populos
347 919 362 938 a
376 910 443 942 Deo,
459 916 487 938 et
512 911 637 938 faciendo
648 911 764 946 gentiles
779 919 811 938 ex
829 910 876 938 Dei
893 911 951 938 cnl-

164 955 282 989 toribus,
296 956 409 984 Amalec
429 956 594 983 nominatur.
612 956 644 983 Et
668 956 728 983 ideo
747 961 821 983 recte
846 956 950 983 initiutn

163 1002 284 1036 gentium
301 1002 411 1035 dicitur,
444 1002 521 1037 quasi
545 1002 606 1029 talis
625 1002 748 1037 quaedam
765 1003 852 1029 virtus
881 1009 949 1030 con-

163 1047 261 1081 traria,
281 1055 341 1084 quae
350 1049 436 1083 prima
456 1049 562 1076 initium
577 1049 691 1081 dederit,
708 1053 738 1075 ut
749 1048 871 1076 homines
887 1056 952 1083 gett-

166 1094 229 1121 tiles
238 1094 345 1127 ﬂerent,
360 1095 490 1122 mutando
510 1104 519 1121 ι
537 1095 650 1130 gloriam
676 1094 890 1129 incorruptibilis
904 1094 951 1122 Dei

164 1139 191 1166 in
207 1139 411 1168 similitudinem
429 1141 556 1177 imaginis
568 1140 757 1176 corruptibilis
778 1141 907 1174 hominis,
925 1146 953 1168 et

165 1185 316 1220 volucrum,
329 1191 356 1214 et
370 1187 517 1221 pecudum,
526 1191 555 1214 et
566 1186 746 1220 serpentium.
759 1190 786 1213 et
806 1186 952 1214 serviendo

166 1234 298 1259 creaturae
309 1232 399 1266 potius
414 1240 496 1266 quam
511 1232 628 1260 creatori
644 1232 677 1259 ⁹⁰.
697 1242 706 1258 ι
723 1231 798 1259 Sicut
826 1233 899 1259 enim
925 1232 951 1259 in

166 1276 265 1311 populo
280 1277 331 1304 Dei
354 1278 485 1311 scriptum
513 1282 555 1305 est
577 1277 685 1305 initium
704 1277 840 1310 Christus,
871 1277 911 1304 sic
938 1285 953 1305 e

165 1322 305 1350 contrario
322 1324 348 1350 in
367 1323 466 1358 populo
478 1323 523 1358 qui
538 1323 657 1351 declinat
676 1331 691 1350 a
709 1324 774 1354 Deo,
802 1328 830 1351 et
841 1323 951 1358 gentilis

165 1366 291 1401 etlleitur,
308 1367 414 1395 initium
438 1372 481 1396 est
505 1369 626 1396 Amalec.
652 1377 662 1394 ί
678 1369 712 1396 Ει
738 1376 830 1397 semen
856 1377 951 1397 eorum

164 1413 274 1448 peribit.
294 1423 304 1440 ι
326 1413 424 1441 Semen
437 1421 533 1442 eorum
550 1419 593 1443 est
605 1415 756 1450 persuasio,
770 1421 799 1443 et
813 1416 948 1449 doctrina,

165 1467 217 1493 qua
229 1459 380 1487 docuerunt
398 1460 521 1488 homines
537 1461 674 1488 declinare
686 1469 701 1489 a
717 1462 783 1490 Deo.
800 1461 873 1489 Istud
883 1470 948 1498 ergo

167 1511 257 1533 semen
275 1506 376 1532 malutn
390 1511 418 1534 et
431 1506 552 1534 doctrina
570 1507 697 1542 pessima,
713 1516 766 1536 non
784 1508 832 1543 ipsi
848 1508 874 1535 in
890 1509 951 1544 qui-

165 1550 217 1579 bus
232 1551 398 1579 seminatum
415 1557 466 1584 est,
486 1553 625 1586 peribunt.
641 1552 694 1588 lpsi
707 1554 780 1581 enim
801 1562 863 1582 cum
884 1562 952 1583 con-

165 1597 237 1624 versi
258 1597 451 1631 ingemuerint,
472 1598 539 1626 salvi
559 1603 649 1626 erunt.
671 1599 706 1626 Et
726 1599 788 1628 vide
801 1601 825 1628 si
845 1608 898 1628 non
917 1605 953 1628 ta-

165 1641 200 1668 lis
213 1642 348 1675 expositio
365 1644 450 1670 etiam
472 1643 526 1671 illis
543 1644 740 1673 convenienter
753 1646 880 1679 obsistet,
905 1647 951 1682 qui

168 1686 252 1714 Deum
268 1687 333 1722 legis
350 1688 422 1716 velut
440 1689 548 1717 duritiae
567 1695 595 1718 et
614 1691 785 1720 crudelitatis
809 1697 950 1725 accusant,

164 1732 210 1767 qui
223 1740 276 1760 non
292 1734 380 1761 solum
400 1739 509 1769 gentem
527 1736 649 1770 Amalec,
664 1738 710 1765 sed
725 1742 754 1764 et
779 1745 873 1765 semen
892 1738 951 1773 ejus

165 1779 321 1813 pronuntiet
336 1781 486 1815 periturum
504 1790 512 1808 :
529 1790 590 1809 cum
613 1790 680 1817 gens
694 1783 803 1818 quidem
825 1783 858 1810 ad
893 1785 948 1819 spi-

163 1824 276 1852 rituales
295 1827 432 1861 nequitias
451 1826 595 1861 referatur,
614 1836 705 1856 semen
723 1836 788 1856 vero
813 1829 871 1864 ejus
901 1830 950 1857 do-

163 1870 253 1898 ctrina
267 1873 491 1907 superstitionum
506 1874 659 1908 gentilium,
691 1880 719 1902 et
747 1875 838 1903 cultus
862 1875 948 1903 idolo-

166 1923 236 1949 rntn,
257 1922 338 1952 atque
349 1919 438 1946 omnis
453 1925 527 1947 secta
543 1928 603 1955 quae
630 1928 644 1947 a
670 1921 724 1948 Deo
754 1921 879 1956 populum
900 1921 948 1948 de.-

163 1963 265 1991 cliuare
280 1965 388 1999 suadet,
399 1971 559 2000 exponatur.

199 2007 229 2035 5.
246 2008 447 2036 Commemorat
478 2015 568 2037 autem
586 2011 727 2045 prophetia
746 2016 808 2046 post
835 2011 948 2040 Amalec

162 2052 276 2080 Cineum
293 2053 387 2081 dicens
397 2055 418 2071 “
436 2063 442 2081 :
466 2063 476 2080 ‹
499 2055 533 2082 Et
548 2055 642 2084 videns
657 2056 785 2089 Cineum,
806 2064 948 2086 assumens

163 2099 321 2133 parabolam
338 2106 414 2127 suam
429 2100 497 2128 dixit
513 2108 520 2128 :
540 2102 633 2133 Valida
662 2102 794 2131 habitatio
808 2107 851 2130 tua
862 2123 869 2136 ,
896 2104 947 2132 etsi
964 2117 987 2145 D

165 2145 289 2179 posueris
308 2145 335 2173 in
355 2152 431 2180 petra
467 2147 558 2174 nidum
593 2152 679 2182 tuum,
705 2150 756 2177 etsi
788 2150 872 2177 fuerit
899 2151 947 2178 tibi

164 2192 234 2220 Beor
246 2191 325 2219 nidus
345 2193 461 2225 astutias,
478 2193 581 2229 Assyrii
599 2195 735 2229 captivum
753 2200 778 2223 te
799 2196 911 2223 ducent.
936 2205 945 2222 )

164 2237 277 2265 Videtur
293 2237 358 2265 mihi
374 2239 445 2273 quod
459 2238 575 2266 Cineum
596 2248 649 2268 non
670 2240 750 2267 valde
775 2241 949 2275 culpabiliter

163 2283 297 2311 nominet.
315 2284 372 2319 Ipse
388 2289 427 2311 est
444 2285 515 2313 enim
529 2286 572 2312 cui
594 2290 621 2313 et
634 2285 661 2313 in
675 2286 861 2320 superiOribus
876 2287 950 2314 dice-

163 2329 287 2358 hatSaul
308 2331 351 2358 °':
374 2340 383 2357 ‹
403 2331 517 2360 Discede
530 2332 563 2360 de
586 2333 675 2360 medio
695 2332 815 2364 Amalec.
844 2337 872 2360 et
896 2340 948 2360 non

164 2378 316 2410 percutiam
337 2384 364 2406 te
384 2388 390 2405 :
411 2379 473 2413 quia
500 2383 527 2406 tu
557 2379 647 2406 fecisti
674 2379 886 2406 misericordiam
921 2379 947 2407 in

200 2446 244 2473 "‘l
262 2447 330 2481 Reg.
352 2455 418 2480 xxv,
437 2448 470 2474 16
482 2453 510 2476 et
537 2447 581 2475 l7.
627 2448 650 2464 ⁸³
667 2448 744 2475 Num.
765 2449 896 2479 sxtv.‘20.

163 2480 185 2496 "
198 2482 204 2508 I
219 2483 290 2509 Titii.
305 2480 324 2515 t,
338 2483 383 2511 20.
422 2484 445 2498 ’⁵
463 2482 541 2510 Num.
557 2491 631 2516 Iuv,
643 2483 689 2517 25,
703 2483 748 2510 24.

198 2539 658 2586 ﬁtﬁt-Cinga:lui‘ip‘terpretatur
682 2540 832 2576 possidens.
859 2541 880 2569 A
898 2547 952 2586 mp

165 2582 174 2599 ι
191 2577 371 2608 comparavit,
384 2577 516 2607 possedit.
534 2585 544 2601 ι

198 2608 257 2646 (δθλ
267 2608 342 2646 Sicut
357 2609 497 2646 Phygellus
521 2615 546 2637 et
570 2609 758 2646 Hermogenes,
781 2616 835 2638 etc.
858 2612 948 2640 Codex

161 2643 336 2680 Corbeiensis
351 2643 493 2680 posteriori
509 2645 554 2672 sed
567 2646 661 2673 eadem
671 2643 755 2674 inanu
767 2654 848 2680 supra
862 2648 950 2675 ascri-

162 2683 238 2740 ptum
254 2678 335 2706 habet
344 2678 376 2719 ξ’(
394 2681 464 2706 sicut
480 2679 603 2721 Philetus
616 2685 643 2708 et
657 2678 853 2723 Hermogenes,
870 2692 880 2708 ι
895 2688 947 2711 etc.

175 2712 267 2740 lorum
282 2719 384 2740 mentio
398 2714 428 2740 ﬁl.
445 2715 464 2740 ΙΙ
478 2715 548 2740 Ttm.
563 2723 588 2740 Ι.
607 2716 638 2740 I5
652 2724 660 2740 :
687 2725 696 2740 ι
713 2717 773 2740 Scis
787 2716 848 2740 hoc.
875 2719 947 2740 nnml

175 2712 267 2752 lorum
282 2715 384 2741 mentio
398 2714 428 2741 lit
445 2715 464 2741 ll
478 2715 548 2742 Tim.
563 2723 588 2746 ι,
602 2716 638 2752 715
652 2724 660 2742 ι
687 2725 703 2752 (ν
713 2712 773 2744 Scis
787 2712 852 2748 hoc,
875 2719 947 2752 quod

163 2751 252 2776 aversi
266 2753 328 2776 sunt
346 2757 361 2776 a
385 2756 427 2777 me
439 2757 534 2778 omnes
561 2751 606 2785 qui
621 2751 647 2778 in
659 2751 721 2778 Asia
736 2756 795 2780 sunt
806 2772 814 2786 ,
827 2759 860 2779 ex
884 2751 946 2781 oui-

944 2449 967 2465 ”
978 2449 1056 2476 Rom.
1072 2454 1092 2479 t,
1105 2446 1150 2473 25.

1002 819 1086 847 Cineo
1101 819 1248 853 edidimus,
1265 824 1290 846 et
1304 820 1458 855 conjunctio
1474 820 1659 847 interturbare
1670 826 1791 846 sensum.

1004 866 1057 892 Sed
1069 866 1209 893 sciendum
1235 869 1286 898 est,
1308 866 1379 900 quod
1395 865 1571 892 vernaculum
1600 869 1643 892 est
1673 864 1795 891 Hebraea

1003 912 1112 946 linguae,
1128 917 1153 939 et
1171 911 1361 946 conjunctione
1374 911 1532 946 frequenter
1561 911 1618 943 uti,
1639 910 1678 937 ita
1708 914 1738 936 ut
1758 910 1794 936 in-

1005 958 1110 985 terdum
1125 958 1255 990 abundet,
1270 963 1297 985 et
1311 958 1338 985 in
1355 965 1407 985 non
1427 957 1603 989 necessariis,
1619 961 1648 983 ut
1659 957 1687 984 in
1702 962 1792 985 nostra

1003 1008 1115 1038 apparet
1130 1004 1233 1038 lingua,
1252 1004 1376 1032 videatur
1394 1004 1494 1031 inserta
1508 1010 1514 1028 ε
1529 1004 1601 1039 quod
1622 1004 1721 1038 utique
1733 1012 1791 1031 cum

1003 1050 1082 1076 venia
1095 1050 1282 1084 accipiendum
1297 1055 1348 1078 est.
1371 1050 1457 1078 liabet
1472 1051 1543 1077 euitn
1556 1057 1729 1085 unaquaeque
1743 1050 1793 1077 lin-

1003 1102 1056 1129 gua
1070 1094 1172 1130 aliquid
1190 1095 1375 1129 proprietatis,
1391 1097 1462 1131 quod
1488 1099 1559 1131 apud
1587 1096 1655 1123 alias
1688 1096 1794 1130 linguas

1003 1140 1132 1168 vitiosum
1153 1140 1289 1169 videatur.
1304 1141 1336 1168 Et
1351 1141 1395 1169 hic
1408 1149 1485 1177 ergo,
1506 1147 1530 1168 et
1543 1141 1705 1175 coniunctio
1716 1142 1793 1176 quasi

1003 1185 1144 1213 abundans
1162 1186 1284 1214 habenda
1301 1192 1354 1220 est,
1370 1192 1397 1214 ct
1423 1188 1569 1222 superﬂua.
1594 1187 1700 1214 Caveat
1731 1194 1794 1221 ergo

1006 1231 1118 1265 Cincus,
1135 1233 1181 1268 qui
1211 1233 1406 1268 interpretatur
1432 1234 1570 1268 possidens
1587 1233 1655 1269 (88),
1687 1237 1793 1264 caveat,

1004 1276 1126 1311 inquam,
1138 1278 1244 1305 etiatnsi
1272 1279 1410 1313 possideat
1425 1298 1433 1311 ,
1449 1282 1476 1306 et
1502 1283 1695 1313 promereatur
1716 1277 1794 1304 istam

1003 1323 1130 1358 gratiam,
1144 1329 1174 1352 ut
1193 1324 1219 1351 in
1236 1324 1358 1351 Ecclesia
1375 1323 1476 1351 Christi
1498 1325 1551 1355 sit,
1568 1332 1602 1351 ne
1627 1323 1702 1351 forte
1721 1328 1794 1351 astu-

1005 1369 1041 1396 tia
1063 1369 1132 1396 Beor
1146 1369 1345 1397 circumveniat
1357 1377 1418 1396 eum
1431 1388 1438 1401 ,
1454 1374 1482 1395 et
1498 1368 1614 1396 declinet
1632 1369 1666 1395 ad
1681 1368 1794 1402 dogma-

1004 1419 1030 1441 ta
1045 1422 1129 1449 prava
1163 1420 1191 1443 et
1204 1423 1343 1450 perversa,
1359 1420 1385 1442 et
1398 1415 1433 1441 ob
1451 1415 1503 1442 hoc
1524 1415 1649 1441 tradatur
1662 1413 1793 1448 Assyriis.

1003 1461 1054 1495 Qui
1070 1462 1143 1488 enim
1161 1461 1351 1496 blasphetnaut
1377 1461 1404 1488 in
1424 1461 1546 1488 Ecclesia
1567 1460 1660 1496 positi,
1680 1460 1793 1487 tradun-

1005 1511 1049 1533 tur
1065 1506 1184 1539 Satana‘,
1200 1507 1271 1534 sicut
1281 1506 1429 1542 Phygellus
1443 1513 1470 1535 et
1482 1507 1665 1541 Hermogenes
1682 1504 1751 1540 (89).
1763 1505 1794 1532 de

1002 1550 1100 1585 quibus
1117 1550 1216 1578 Paulus
1229 1550 1293 1578 dicit
1312 1559 1318 1577 :
1338 1560 1347 1577 ι
1365 1552 1438 1584 Quos
1453 1552 1562 1584 tradidi,
1580 1552 1670 1586 inquit
1688 1551 1724 1583 ’⁸,
1746 1550 1794 1577 Sa-

1007 1601 1086 1629 tanae,
1103 1597 1251 1625 utdiscant
1263 1605 1315 1624 non
1331 1598 1529 1632 hlasphemare.
1548 1608 1556 1624 ι
1579 1597 1729 1633 Propterea
1749 1605 1792 1624 er-

1003 1649 1036 1676 go
1047 1641 1169 1676 Assyriis
1186 1641 1313 1675 traditur,
1331 1643 1378 1677 qui
1395 1642 1572 1670 declinaverit
1594 1642 1621 1669 in
1633 1642 1792 1669 haeretica!»

1003 1688 1224 1722 blasphemiam:
1253 1689 1316 1723 quia
1347 1688 1453 1725 Assyrii
1482 1689 1703 1724 interpretantur
1729 1688 1793 1714 diri-

1002 1740 1093 1770 gentes
1111 1733 1167 1769 (90)
1191 1742 1197 1760 :
1220 1739 1248 1762 et
1266 1734 1301 1761 ob
1315 1735 1366 1763 hoc
1381 1735 1525 1762 tradunt-tr
1547 1735 1587 1762 eis
1606 1734 1654 1769 qui
1680 1733 1793 1761 tradun-

1003 1785 1058 1813 tur,
1071 1787 1123 1807 non
1157 1785 1187 1807 ut
1219 1785 1342 1814 pereant,
1371 1789 1421 1809 ttec
1449 1786 1479 1808 ut
1511 1781 1620 1815 penitus
1644 1781 1790 1812 intereant,

1001 1825 1085 1862 346
1097 1827 1144 1854 sed
1156 1832 1186 1854 ut
1206 1827 1369 1862 dirigantur,
1393 1832 1420 1854 et
1441 1827 1616 1861 corrigantur
1637 1835 1644 1852 :
1663 1832 1694 1854 et
1722 1826 1791 1854 sicut

1002 1871 1060 1905 ipse
1075 1871 1175 1899 Paulus
1195 1872 1270 1904 dicit,
1303 1881 1312 1897 ε
1328 1876 1358 1899 ut
1372 1873 1479 1900 discant
1492 1880 1545 1899 non
1557 1872 1759 1907 blaspltemare.
1778 1880 1787 1896 ι

1036 1917 1063 1944 4.
1086 1917 1151 1945 Post
1169 1918 1226 1945 haec
1242 1925 1306 1946 vero
1321 1918 1429 1945 Balaam
1447 1918 1598 1953 prophetiae
1609 1926 1664 1945 sua:
1683 1924 1788 1945 sermo-

1002 1970 1063 1990 netn
1079 1964 1105 1991 in
1119 1964 1161 1991 his
1172 1964 1309 1992 concludit
1324 1965 1418 1993 dicens
1431 1965 1455 1981 ἰ
1473 1974 1479 1991 ;
1505 1974 1513 1990 ι
1535 1965 1567 1992 Ει
1582 1969 1723 1999 assumpta
1741 1971 1787 1999 pa-

1002 2009 1094 2036 rabola
1115 2017 1162 2037 sua
1175 2010 1242 2037 dixit
1262 2018 1268 2035 :
1286 2009 1308 2038 0
1328 2010 1390 2045 quis
1413 2011 1494 2043 vivet,
1519 2018 1581 2038 cum
1603 2010 1701 2037 fecerit
1735 2010 1789 2036 haec

1002 2054 1100 2082 Deus?
1127 2055 1161 2082 Et
1180 2055 1293 2083 exibunt
1312 2057 1345 2084 de
1364 2064 1445 2084 manu
1458 2057 1661 2090 Cithiorum,et
1671 2055 1788 2091 amigent

1003 2100 1099 2134 Assur,
1115 2106 1143 2129 et
1156 2101 1275 2137 aﬂligeut
1292 2102 1433 2136 Hebraeos,
1455 2107 1482 2131 et
1509 2103 1558 2138 ipsi
1581 2104 1687 2137 pariter
1721 2102 1789 2137 peri-

1004 2147 1083 2175 bunt.
1099 2157 1108 2174 ι
1123 2147 1199 2181 Quod
1218 2156 1266 2183 per
1285 2149 1390 2184 singula
1411 2157 1457 2183 per
1475 2149 1632 2185 parabolam
1654 2149 1729 2184 loqui
1749 2148 1787 2175 di-

1003 2195 1074 2221 citur
1093 2193 1215 2227 Balaam,
1231 2194 1331 2230 legenti
1346 2196 1443 2223 incutit
1456 2197 1597 2230 pudorem,
1622 2203 1657 2223 ne
1681 2195 1745 2231 quid
1762 2195 1786 2222 in

1004 2240 1039 2268 iis
1060 2248 1120 2275 quae
1139 2241 1276 2274 dicuntur,
1295 2249 1348 2269 non
1364 2243 1440 2276 quasi
1458 2243 1483 2269 in
1500 2242 1639 2277 parabola,
1665 2242 1716 2270 sed
1747 2248 1785 2269 se-

1004 2283 1121 2310 cundum
1136 2284 1253 2311 litteram
1266 2285 1367 2312 dictum
1389 2291 1476 2321 putet.
1491 2287 1632 2321 Aitergo:
1656 2295 1666 2313 ι
1685 2285 1708 2314 0
1729 2286 1786 2321 quis

1003 2329 1085 2363 vivet,
1098 2338 1159 2356 cum
1179 2329 1273 2358 fecerit
1290 2331 1349 2359 ha‘c
1364 2333 1455 2360 Deus?
1467 2343 1476 2360 ι
1494 2333 1544 2361 Hic
1558 2335 1641 2360 vitam
1657 2341 1709 2360 non
1723 2334 1785 2360 hanc

1002 2383 1185 2405 communem.
1210 2378 1257 2405 sed
1277 2378 1349 2404 illam
1370 2379 1513 2411 nominat,
1545 2388 1607 2414 qua:
1636 2379 1783 2407 secundum

1200 2446 1221 2462 ⁹¹
1236 2445 1394 2481 Num.xxtv,
1409 2447 1454 2479 21,
1468 2448 1514 2474 2'2.
1562 2449 1584 2464 "
1599 2448 1607 2475 I
1624 2449 1690 2482 Reg.
1704 2455 1746 2477 xv,
1758 2447 1782 2474 6.

1001 2539 1053 2566 bus
1066 2541 1108 2572 est
1119 2535 1267 2572 Phygellus
1279 2541 1306 2563 et
1320 2536 1514 2572 Hermogenes.
1530 2547 1538 2562 ι
1553 2537 1588 2564 At
1611 2537 1644 2564 de
1668 2537 1710 2565 his
1733 2545 1781 2565 non

1001 2573 1069 2600 dixit
1083 2571 1180 2607 Paulus
1192 2572 1330 2607 conceptis
1343 2571 1453 2599 verbis:
1470 2582 1478 2597 ι
1496 2580 1564 2607 quos
1585 2572 1683 2599 tradidi
1707 2573 1781 2599 Sata-

1000 2616 1052 2639 nre,
1065 2612 1094 2633 ut
1106 2606 1215 2643 discant
1231 2606 1515 2643 >non__blasphemare’,
1536 2617 1545 2633 ι
1561 2608 1608 2635 sed
1632 2608 1665 2635 de
1686 2608 1778 2643 Hyme-

999 2650 1059 2670 nam
1073 2646 1101 2669 et
1113 2641 1282 2668 Alexandro.
1296 2640 1364 2669 Vide
1376 2641 1386 2669 Ι
1398 2642 1469 2669 Tim.
1485 2649 1504 2672 ι.
1518 2642 1564 2669 20.

1033 2677 1091 2718 (99)
1110 2676 1211 2718 Assyrii
1224 2676 1623 2718 interpretantur-ultimaque.A
1633 2679 1713 2706 verbo
1721 2681 1780 2718 1w

999 2711 1071 2748 quod
1083 2712 1109 2740 in
1122 2711 1198 2740 Pihel
1212 2711 1348 2747 signiﬁcat
1367 2721 1377 2738 ι
1397 2712 1508 2746 direxit,
1521 2713 1607 2749 duxit.
1627 2722 1636 2739 ι
