1903 3052
79 113 136 140 729

677 113 710 140 IN
729 111 894 140 NUMEIKOS
909 111 1047 139 llOlillLlA
1070 113 1128 140 XX.

81 173 170 199 randa
189 172 326 200 succedet.
344 173 421 206 Quod
435 174 458 201 si
475 173 567 201 infelix
590 174 679 201 anima
697 174 781 201 divini
801 174 880 202 Verbi
895 175 916 203 A
933 174 996 207 quid
1015 174 1125 201 remedii
1142 175 1231 206 detur,
1246 181 1277 201 ex
1293 174 1391 202 divinis
1405 175 1586 202 voluminibus
1599 176 1720 209 requira-

80 218 368 253 dereliqueritsancta
390 220 536 253 connubia,
550 226 577 249 et
600 222 625 248 in
649 221 816 248 adulterinos
849 229 878 248 se

77 264 242 297 complexus
259 265 368 298 diaboli,
385 265 554 302 aliorumque
572 267 722 294 daeinonnm
743 267 877 294 illecebris

78 311 226 346 deceptam
257 313 411 347 tradiderit,
439 314 581 348 generabit
606 315 665 341 sine
689 314 771 342 dubio
795 315 876 341 etiam

81 357 148 385 inde
173 357 256 390 ﬁlios,
279 359 326 386 sed
352 359 422 391 illos,
447 360 481 386 de
505 360 603 394 quibus
628 360 757 394 scriptum
782 365 823 387 est
840 360 874 386 δε

82 413 91 430 ι
113 403 177 431 Filii
198 409 289 431 autem
311 405 497 432 adulterorum
515 406 667 440 imperfecti
687 411 776 438 erunt,
801 412 828 433 et
843 414 875 432 ex

80 452 180 486 iniquo
195 452 344 479 concubitu
373 460 464 480 semen
493 454 728 481 exterminabitur.
748 462 757 478 ι
779 452 876 480 Onmia

79 504 149 532 ergo
166 503 277 531 peccata
290 498 337 524 ﬁlii
349 505 412 525 sunt
424 498 561 533 adulterii,
575 504 601 526 et
616 500 664 526 lilii
676 499 875 526 fornicationis.

80 543 162 570 Unde
174 548 202 571 et
216 545 380 574 ostenditur,
398 546 469 578 quod
494 553 542 580 per
566 545 670 581 singula
685 552 798 580 qumque
815 552 875 578 qua:

79 590 216 625 gerimus,
231 591 300 625 parit
315 592 404 618 anima
421 597 525 625 nostra,
541 597 568 620 et
587 597 695 627 general
717 592 798 621 ﬁlios,
813 598 876 618 scu-

80 643 131 662 sus
147 637 252 664 scilicet
265 642 291 664 et
303 645 386 672 opera
397 646 455 672 qua:
467 639 546 673 gerit.
565 639 597 665 Et
610 638 632 665 si
654 639 763 673 quidem
777 645 874 665 secnn‘

80 683 148 709 dum
169 682 255 717 legem
283 689 325 710 est
350 684 424 717 quod
450 685 533 719 gerit,
547 689 574 711 et
594 685 740 711 secundum
764 683 874 710 verbunt

80 729 143 760 Dei,
157 730 284 764 spiritum
300 730 372 764 parit
388 730 493 762 salutis,
514 735 540 757 et
566 736 709 765 propterea
728 730 875 758 salvabitnr

78 783 132 809 per
146 775 263 802 ﬁliorum
278 777 493 811 generationem,
505 780 532 803 et
547 776 591 803 isti
605 781 668 804 sunt
685 776 744 808 filii,
757 776 790 802 de
811 775 873 809 qui-

83 822 138 848 bus
152 821 288 857 Propheta
306 822 370 849 dicit
382 823 392 838 ⁹
408 831 414 848 :
433 830 442 847 ι
466 822 527 849 Filii
542 823 580 850 tui
600 823 670 850 sicut
690 822 803 850 novella:
820 822 871 848 oli-

78 876 180 895 varum
194 869 221 895 in
233 869 347 896 circuitu
371 877 471 898 mensa:
492 874 552 897 tum.
570 878 580 896 ι
607 869 635 896 Si
656 877 720 897 vero
733 870 804 904 quod
816 869 872 904 agit

79 920 180 942 contra
203 915 288 950 legem
313 921 365 950 est,
386 923 413 943 et
429 922 571 951 peccatum
590 921 642 947 est.
660 916 719 943 sine
743 916 825 943 dubio
838 923 870 942 ex

78 961 265 995 conceptione
287 963 415 989 contrarii
439 962 553 997 spiritus
578 962 725 997 malignam
750 962 870 989 sobolem

78 1006 180 1040 gignit.
194 1005 269 1033 Parit
282 1007 354 1034 enim
370 1008 441 1035 ﬁlios
454 1008 570 1042 peccati.
584 1007 617 1035 Et
632 1008 691 1035 ista:
704 1012 767 1035 sunt
789 1008 871 1034 ntale-

78 1051 162 1078 dicun
178 1053 369 1086 generationes
383 1054 408 1080 in
423 1054 522 1087 quibus
533 1062 548 1081 ιι
562 1054 698 1081 nonnullis
712 1058 870 1080 sanctorum

81 1097 260 1126 maledicitur
272 1100 353 1126 etiam
366 1099 424 1127 dies
444 1100 470 1127 in
489 1107 542 1135 quo
567 1100 622 1127 nati
648 1105 712 1127 sunt
735 1100 768 1128 ¹⁹.
794 1099 871 1127 Nun-

78 1148 163 1175 quam
178 1147 221 1168 est
241 1149 306 1176 ergo
323 1144 431 1178 quando
455 1152 508 1171 non
536 1144 626 1179 pariat
652 1144 756 1172 anima.
772 1145 870 1172 Anima

79 1195 191 1222 semper
214 1189 296 1222 parit,
313 1197 420 1224 semper
431 1195 543 1225 generat
557 1191 635 1218 ﬁlios.
662 1191 715 1218 Sed
742 1191 787 1218 illa
810 1191 870 1226 qni-

79 1235 142 1260 dem
156 1235 298 1262 benedicta
314 1236 454 1271 generatio
466 1241 517 1268 est,
534 1243 593 1269 qum
606 1237 638 1263 de
651 1237 734 1264 verbo
749 1237 794 1264 Dei
809 1245 870 1264 con-

78 1284 158 1314 cepta
173 1285 331 1314 generatur,
345 1285 370 1306 et
383 1281 432 1307 ista
447 1284 488 1307 est
508 1280 625 1308 ﬁliorum
646 1282 794 1316 generatio,
821 1289 870 1317 per

79 1333 162 1360 quam
177 1326 251 1352 salva
270 1325 326 1353 ﬁet.
340 1326 367 1353 Si
378 1331 478 1358 autem,
494 1332 523 1354 ut
537 1326 664 1359 diximus,
679 1335 711 1355 ex
728 1329 868 1355 contrario

80 1372 181 1407 spiritu
194 1371 341 1405 concipiat,
355 1377 458 1399 certum
481 1376 522 1400 est
533 1374 595 1407 quia
619 1374 706 1408 pariat
727 1374 796 1402 ﬁlios
810 1375 866 1407 iraa,

80 1423 159 1452 aptos
172 1417 204 1443 ad
223 1418 372 1444 interitum.
394 1417 425 1444 Et
438 1416 508 1444 forte
521 1418 553 1444 ad
568 1423 694 1453 utrasque
706 1419 772 1446 istas
786 1427 867 1454 gene-

82 1463 204 1489 rationes
216 1462 313 1489 animae
336 1463 446 1496 respicit
463 1462 539 1495 illud,
553 1462 624 1497 quod
644 1464 746 1491 dictum
767 1472 808 1492 est
823 1466 842 1480 ¹¹
857 1475 864 1493 :

930 227 1000 246 mus.
1017 218 1174 247 Invenimus
1182 227 1246 254 ergo
1260 220 1286 247 in
1303 221 1416 249 Psalmis
1427 222 1460 248 de
1473 222 1524 248 hoc
1538 221 1667 254 scriptum
1682 221 1718 247 l':

933 275 942 291 ι
962 265 1030 293 Filia
1048 266 1196 301 Babylonis
1212 267 1322 300 misera,
1346 267 1442 294 beatus
1459 267 1504 302 qui
1524 266 1656 294 retribuet
1671 266 1719 292 tibi

930 312 1138 340 retributionem
1154 322 1235 349 quam
1261 314 1412 342 retribttisti
1440 314 1529 340 nobis.
1548 311 1649 340 Beatus
1672 311 1719 345 qui

930 359 1031 386 tenebit
1053 365 1079 386 et
1103 360 1196 387 allidet
1221 361 1350 394 parvulos
1363 365 1422 388 tuos
1436 361 1467 386 ad
1491 365 1607 394 petram.
1623 367 1632 383 ι
1650 359 1681 385 Et
1696 359 1718 384 si

929 405 1049 432 nondum
1067 406 1168 440 aliquid
1188 407 1278 440 operis
1301 408 1388 442 gessit
1412 406 1573 441 Babylonius
1588 405 1614 431 in
1639 405 1718 431 nobis

929 452 980 478 iste
991 457 1152 486 conceptus,
1164 453 1228 479 dum
1241 453 1331 480 adhuc
1350 453 1479 488 parvulus
1492 457 1544 485 est,
1563 459 1617 479 non
1634 451 1717 478 misc-

928 498 1014 524 rearis
1027 498 1096 532 ejus,
1110 506 1161 525 nec
1175 505 1272 533 parcas
1282 500 1318 530 ei,
1331 500 1378 526 sed
1395 499 1484 526 statim
1499 499 1632 526 interﬁce.
1650 497 1717 525 0di-

929 542 990 568 bilis
1017 543 1091 569 enim
1115 548 1166 576 est,
1192 544 1308 577 perime,
1322 544 1416 570 occide
1431 543 1537 571 elidens
1552 544 1584 569 ad
1599 548 1714 577 petram.

926 587 1007 614 Petra
1027 593 1117 615 autent
1133 593 1172 616 cst
1185 589 1322 616 Christus.
1339 589 1405 622 Quis
1420 597 1485 623 ergo
1502 593 1594 615 tantus
1608 597 1638 615 ac
1653 589 1716 616 talis

925 637 977 664 est,
993 638 1021 659 ut
1035 642 1086 660 non
1105 640 1245 669 exspeCIet
1271 635 1384 661 omnino
1399 643 1539 669 nsquequo
1553 639 1660 661 crescat
1686 634 1714 662 iu

926 687 958 705 eo
973 679 1118 714 Babylonia
1145 680 1262 711 soboles,
1287 688 1337 707 nec
1361 685 1513 714 augeantur
1531 681 1557 706 in
1583 688 1616 706 eo
1633 687 1716 713 opera

925 725 1104 758 ('OllrllsiOIIiS,
1120 726 1168 753 sed
1182 727 1207 753 in
1232 727 1328 761 primis
1345 727 1436 754 statim
1459 725 1553 758 initiis,
1572 725 1616 752 ubi
1638 725 1715 752 nasci

925 771 1072 804 cu‘pcrint,
1086 777 1112 797 et
1131 779 1164 798 ex
1182 771 1332 800 voluntatis
1357 773 1475 800 motibus
1499 772 1663 803 coalescere,
1676 775 1718 798 at-

925 823 989 848 que,
1007 820 1035 841 ut
1049 815 1083 841 ita
1095 815 1248 846 dieam,ubi
1266 821 1347 851 caput
1359 817 1493 850 coeperint
1508 817 1540 843 de
1558 816 1636 842 vulva
1657 815 1717 843 ani-

925 869 975 887 mae
991 860 1112 895 proferre
1131 862 1282 895 perniciosa
1304 863 1441 889 desideria
1468 863 1577 899 maligni
1603 862 1716 896 spiritus

924 907 1104 941 inspiratione
1119 912 1261 943 concepta,
1283 909 1397 942 arripiat
1416 910 1508 935 statim
1531 913 1559 936 et
1584 909 1666 936 elidat
1679 908 1714 935 ad

923 958 1027 988 petram
1040 961 1048 980 :
1062 953 1087 980 id
1100 958 1152 986 est,
1165 954 1284 982 adducat
1298 956 1330 983 ad
1345 954 1497 987 Christum,
1511 960 1540 982 ut
1555 955 1581 982 in
1599 962 1716 989 conspe-

922 1005 966 1026 ctu
987 1000 1118 1027 tremendi
1139 999 1234 1034 judicii
1257 1001 1317 1036 ejus
1336 1002 1425 1036 posita
1440 1001 1608 1032 exolescant,
1619 1007 1646 1028 et
1655 1009 1713 1037 per-

921 1045 1006 1074 cant?
1042 1046 1104 1074 llatc
1119 1045 1190 1073 dicta
1213 1052 1276 1074 sunt
1296 1048 1375 1075 nobis
1396 1048 1430 1074 de
1454 1046 1574 1081 generali
1600 1046 1716 1073 fornica-

922 1092 1004 1125 tione,
1023 1101 1082 1127 quae
1103 1094 1208 1128 species
1231 1093 1312 1121 habet
1341 1093 1472 1128 plurimas
1500 1102 1506 1120 :
1526 1100 1641 1127 quarunt
1657 1098 1713 1118 una

921 1143 962 1165 est
975 1139 1032 1166 haec
1045 1147 1105 1174 quat
1123 1141 1149 1167 in
1164 1139 1364 1168 consuetudine
1379 1139 1414 1166 ob
1429 1138 1571 1173 corporale
1586 1142 1711 1172 stuprum

921 1185 1064 1213 fornicatio
1078 1187 1242 1213 nominatur.
1260 1186 1317 1222 Ego
1335 1193 1399 1213 vero
1415 1185 1507 1220 legens
1534 1183 1705 1217 Apostolnm,

919 1239 981 1258 cum
996 1232 1130 1260 venissem
1143 1233 1177 1260 ad
1190 1225 1251 1259 eum
1264 1232 1354 1258 locum
1370 1231 1397 1258 in
1413 1238 1468 1265 quo
1483 1230 1549 1258 dicit
1561 1230 1583 1246 ¹⁵
1601 1238 1607 1256 :
1631 1239 1640 1255 ι
1657 1229 1708 1260 Qui

920 1286 949 1305 sc
963 1279 1052 1313 jungit
1070 1278 1193 1311 Domino,
1211 1286 1281 1305 unus
1293 1278 1406 1312 spiritus
1422 1281 1498 1310 est,»
1516 1281 1543 1303 et
1560 1276 1582 1292 "‘
1597 1283 1604 1302 :
1621 1284 1631 1300 ι
1655 1275 1707 1308 Qui

919 1335 947 1354 se
958 1326 1048 1362 jungit
1061 1326 1198 1354 meretrici
1213 1333 1298 1352 unum
1317 1332 1419 1359 corpus
1432 1329 1494 1354 est;
1524 1333 1534 1349 ι
1551 1322 1709 1357 quan-ebant

918 1374 939 1401 si
962 1379 1006 1401 est
1029 1373 1130 1408 aliquid
1155 1372 1227 1398 aliud
1254 1371 1372 1398 medium
1397 1375 1496 1404 praeter
1523 1369 1586 1400 hoc,
1611 1373 1641 1395 ut
1666 1373 1714 1396 aut

918 1422 1032 1449 Domino
1046 1421 1107 1456 quis
1130 1421 1272 1456 jungatur,
1298 1424 1344 1446 aut
1371 1418 1511 1446 meretrici
1529 1426 1536 1444 :
1557 1423 1583 1444 et
1608 1425 1657 1451 pro
1674 1417 1715 1443 vi-

918 1468 992 1495 ribus
1016 1467 1083 1494 meis
1105 1466 1264 1498 discutiens,
1289 1464 1455 1499 profundum
1481 1462 1548 1490 satis
1565 1466 1593 1489 et
1613 1469 1715 1489 recon-

84 1518 94 1534 ι
115 1508 183 1535 Cum
195 1508 268 1534 enim
282 1508 400 1535 nondum
415 1509 468 1535 nati
483 1508 611 1542 fuissent,
625 1515 670 1537 aut
684 1510 785 1545 aliquid
800 1512 870 1547 egis-
884 1515 907 1545 α
924 1515 1008 1541 ditum
1025 1514 1050 1540 in
1065 1513 1098 1540 iis
1118 1511 1208 1539 verbis
1232 1511 1359 1538 intuebar
1385 1509 1507 1545 Apostoli
1528 1516 1647 1539 sensum,
1665 1509 1712 1543 qui

82 1559 144 1582 sent
159 1555 221 1581 boni
239 1554 280 1581 vel
298 1554 370 1587 mali,
385 1558 413 1581 ut
429 1555 595 1589 propositum
612 1555 671 1587 Dei,
686 1557 757 1592 quod
771 1565 868 1585 secun-

84 1600 148 1627 dum
164 1600 326 1627 electionem
349 1600 449 1627 factmn
467 1605 519 1632 est,
536 1606 653 1635 maneat,
667 1596 719 1629 non
730 1610 763 1630 ex
776 1603 867 1638 operi-

80 1646 141 1678 bus,
159 1647 206 1674 sed
226 1655 259 1674 ex
274 1653 397 1680 vocante,
410 1647 512 1674 dictum
533 1653 576 1674 est
589 1648 651 1682 quia
670 1649 757 1683 major
769 1650 869 1677 serviet

81 1693 192 1726 tninori,
225 1694 296 1721 sicut
320 1695 451 1729 scriptmn
481 1699 522 1723 est
542 1703 549 1722 :
573 1693 658 1722 Jacob
681 1695 773 1728 dilexi,
797 1695 866 1723 Esau

81 1743 172 1764 autem
187 1738 250 1766 odio
276 1739 369 1768 habui.
385 1750 395 1766 ι
418 1740 478 1768 Istae
501 1741 571 1768 enim
601 1741 667 1768 tales
680 1743 867 1777 generationes

83 1784 181 1811 animae
193 1785 275 1812 etiam
289 1785 446 1821 priusquam
461 1786 564 1814 faciant
577 1787 639 1813 boni
655 1787 767 1822 aliquid,
784 1788 868 1822 siqui-

81 1830 141 1856 dem
152 1838 184 1857 ex
195 1836 291 1859 sancto
303 1832 403 1866 Spiritu
415 1837 550 1868 generata:
559 1837 630 1863 sunt.
642 1832 698 1866 jam
708 1834 865 1868 diligttntur.

83 1874 109 1902 Si
125 1884 190 1903 vero
203 1885 237 1904 ex
250 1877 347 1911 spiritu
362 1879 489 1913 maligno,
504 1879 585 1905 etiam
608 1880 766 1915 priusquam
786 1887 867 1914 opere

81 1921 325 1958 impleantaliquid
340 1923 412 1957 ntali,
433 1924 550 1958 hocipso
570 1929 660 1952 tamen
680 1925 751 1960 quod
773 1925 867 1959 hujus-

82 1969 153 1995 modi
172 1969 336 1996 voluntatem
356 1971 575 2005 peperitanima,
607 1971 688 2006 digne
710 1972 736 1998 in
756 1980 789 1999 ea
805 1973 867 1999 odio

82 2014 198 2041 habetur
210 2015 286 2042 mehe
301 2017 447 2043 voluntatis
456 2016 621 2044 exsecranda
635 2018 785 2052 conceptio.
801 2017 867 2045 Pro~

82 2065 171 2093 pterea
185 2059 310 2088 fortassis
332 2061 357 2088 in
383 2061 462 2096 hujus
483 2062 647 2089 sacramenti
676 2062 762 2097 ﬁgura
785 2062 866 2089 etiam

82 2105 221 2132 Cbanaam
241 2114 308 2141 puer
332 2113 478 2142 antequam
504 2112 664 2135 nasceretur
687 2108 865 2136 maledicitur.

81 2150 164 2176 (Ibam
182 2159 297 2185 namque
311 2158 470 2186 peccaverat
484 2158 561 2187 pater
574 2153 632 2188 ejus
645 2162 651 2180 :
663 2158 688 2180 et
703 2154 867 2188 prophetans

923 1560 960 1586 ita
987 1559 1147 1591 deﬁnierit,
1186 1558 1257 1592 quod
1285 1557 1375 1584 omnis
1402 1556 1492 1583 anima
1528 1560 1575 1581 aut
1599 1554 1714 1581 Domino

921 1604 1068 1638 conjuncta
1096 1604 1143 1637 sit,
1166 1609 1214 1631 aut
1243 1603 1378 1630 meretrici
1410 1611 1417 1629 :
1447 1605 1475 1629 et
1503 1601 1619 1628 intellexi
1641 1601 1714 1635 quod

922 1651 1066 1679 Dominum
1093 1649 1202 1685 quidem
1228 1649 1328 1676 dixerit
1356 1648 1474 1675 virtutes
1504 1655 1563 1682 qum
1587 1646 1714 1681 CI‘islns

921 1701 973 1730 est,
989 1695 1015 1722 id
1039 1699 1080 1722 est
1102 1694 1225 1727 verbum,
1251 1694 1425 1727 sapientiam,
1456 1693 1609 1724 veritatem,
1631 1691 1714 1727 349

919 1742 1068 1777 justitiam,
1081 1745 1232 1775 ca‘teraque
1263 1738 1418 1773 bujnsmodi
1437 1749 1443 1766 :
1459 1738 1629 1766 meretricem
1648 1745 1712 1764 vero

922 1795 1017 1815 onmes
1046 1785 1201 1814 econtrario
1233 1785 1343 1812 malitia:
1371 1784 1486 1818 species.
1534 1783 1590 1810 Hoc
1628 1783 1711 1810 etiam

922 1834 993 1868 apud
1020 1832 1192 1860 Salomonem
1218 1831 1270 1858 dici
1295 1830 1416 1864 intelligo
1436 1830 1461 1856 in
1482 1836 1514 1855 eo
1530 1830 1602 1863 quod
1624 1830 1663 1855 ait
1679 1829 1712 1856 do

922 1879 1065 1906 meretrice
1084 1877 1105 1893 ¹⁸
1116 1898 1123 1910 ,
1137 1877 1201 1911 quia
1217 1885 1225 1902 ι
1245 1884 1293 1910 per
1312 1876 1446 1902 fenestras
1464 1875 1594 1908 prospicit
1609 1874 1634 1900 in
1651 1873 1711 1908 pla-

922 1929 979 1951 teas
994 1943 1001 1955 ,
1019 1927 1046 1950 et
1065 1923 1087 1950 si
1104 1930 1183 1956 quem
1203 1921 1302 1948 viderit
1319 1920 1503 1955 insipientium
1521 1919 1713 1953 adolescentu:

922 1971 1026 2002 lorum,
1042 1974 1070 1996 et
1090 1969 1197 2002 inopem
1218 1975 1346 1995 sensuum
1366 1971 1550 1994 transeuntem
1571 1966 1645 2000 juxta
1663 1973 1712 1992 an-

921 2017 998 2051 gulos
1011 2016 1107 2043 domus
1124 2022 1190 2047 sum,
1208 2019 1234 2041 et
1252 2014 1407 2048 loquentem
1425 2013 1451 2040 in
1465 2013 1586 2040 tenebris
1599 2020 1711 2047 vesper-

921 2065 1004 2095 tinis,
1025 2070 1086 2090 ctnn
1104 2061 1239 2089 silentium
1259 2060 1340 2087 fuerit
1362 2064 1545 2092 nocturnum,
1565 2058 1607 2086 vel
1622 2059 1713 2094 caligo

922 2114 1010 2137 noctis
1027 2117 1034 2135 :
1054 2108 1151 2135 mulier
1169 2112 1259 2134 autem
1281 2107 1404 2133 occurrit
1420 2106 1445 2133 ei
1468 2107 1570 2134 habens
1591 2107 1711 2140 speciem

924 2151 1088 2184 meretricis,
1101 2159 1160 2185 quae
1176 2150 1240 2177 facit
1250 2150 1379 2184 juvenum
1393 2150 1501 2177 evolare
1513 2151 1606 2179 corda.
1624 2160 1634 2177 ι
1650 2150 1712 2178 Haec

82 2192 148 2226 Noe,
162 2201 222 2220 cum
236 2195 382 2229 unicuique
396 2196 510 2223 ﬁliorunt
521 2205 631 2224 suorum
645 2198 746 2232 optima
755 2205 866 2232 qumque
882 2193 905 2222 D
920 2205 985 2233 ergo
1002 2205 1063 2233 qua:
1079 2197 1178 2224 dicitur
1194 2196 1322 2224 meretrix
1334 2217 1342 2229 ,
1359 2198 1415 2231 ipsa
1431 2202 1473 2225 est
1488 2197 1590 2224 malitia
1605 2207 1611 2225 :
1627 2202 1654 2224 et
1665 2199 1711 2232 qui

81 2239 212 2274 signaret,
230 2240 273 2267 ubi
297 2241 330 2268 ad
348 2241 432 2268 Citam
457 2248 567 2270 ventum
585 2247 636 2274 cst,
662 2252 671 2268 ι
698 2241 865 2276 Maledictus,

82 2284 167 2318 inquit
181 2285 212 2317 η,
228 2284 366 2312 Chanaan:
381 2294 456 2321 puer.
473 2297 481 2313 ι
496 2287 580 2315 Cham
594 2288 726 2322 peccavit,
751 2292 776 2314 et
793 2287 863 2315 Cha-

83 2336 158 2356 naam
175 2330 321 2364 progenies
336 2331 394 2365 ejus
406 2331 586 2364 maledicitur,
601 2336 627 2359 et
650 2332 795 2359 maledicta
811 2339 864 2361 est.

82 2375 114 2402 Et
129 2376 189 2404 ideo
201 2377 290 2404 acrius
317 2377 394 2404 nobis
418 2378 610 2406 inlemlendum
631 2384 682 2411 est,
706 2384 733 2406 et
760 2381 866 2415 prospi-

84 2423 219 2456 ciendum,
239 2431 273 2450 ne
287 2423 356 2450 forte
372 2430 483 2459 generet
501 2425 602 2459 aliquid
615 2426 705 2452 anima
724 2428 794 2461 quod
813 2435 868 2454 ma-

84 2467 179 2495 ledicto
193 2469 305 2503 dignum
322 2469 368 2502 sit,
386 2474 414 2496 ut
427 2470 533 2497 etiamsi
549 2471 667 2497 nondum
679 2478 761 2504 opere
775 2472 868 2507 imple-

85 2514 160 2546 verit,
177 2514 203 2541 in
224 2514 284 2549 ipsa
302 2519 392 2541 tamen
412 2515 550 2542 voluntate
562 2521 589 2542 et
604 2516 744 2550 proposito
761 2517 818 2552 ejus
833 2518 869 2547 sit

84 2559 236 2594 hujusmodi
262 2561 406 2588 maledicta
424 2562 578 2597 progenies.
602 2562 678 2596 Quod
698 2568 725 2590 et
750 2563 773 2590 si
799 2564 870 2592 forte

84 2607 225 2641 aliquando
241 2607 363 2635 everterit
380 2609 450 2642 (quis
465 2609 537 2636 enim
562 2608 718 2636 invenietur
731 2609 810 2636 facile
823 2610 869 2644 qui

84 2654 115 2680 ab
128 2654 282 2689 hujusmodi
296 2655 480 2689 generatione,
494 2655 520 2682 id
534 2660 576 2682 est
587 2656 716 2690 peccandi
730 2657 869 2685 voluntate

84 2699 217 2728 habeatur
230 2701 440 2738 immunis?),si
453 2709 518 2737 ergo
537 2703 668 2730 acciderit
682 2703 734 2731 tale
755 2703 867 2739 aliquid,

112 2804 123 2819 ⁸
139 2804 204 2838 Sap.
225 2811 266 2834 nt,
286 2803 330 2829 16.
368 2803 383 2838 ’7
400 2802 473 2829 Psal.
489 2811 591 2834 cum,
607 2804 633 2830 '5.

82 2839 100 2855 "
124 2837 199 2867 Psal.
224 2844 347 2870 csxxvu,
372 2837 399 2871 8,
416 2839 442 2865 9.
482 2839 504 2853 ¹¹⁸
522 2839 530 2865 l
545 2840 607 2866 (lor.
622 2846 659 2873 vt,
677 2839 718 2868 Π.

684 2805 705 2819 ’³
716 2805 767 2832 Job
781 2813 826 2837 in;
842 2806 942 2836 Jereut.
958 2815 1003 2833 xx.

759 2841 858 2876 ".bid.,
878 2844 922 2871 iii.

919 2253 949 2273 se
968 2244 1089 2278 iunxerit
1116 2244 1179 2271 huic
1205 2244 1341 2271 meretrici
1356 2264 1363 2277 ,
1385 2252 1466 2271 unum
1487 2251 1585 2278 corpus
1601 2244 1712 2271 malitia:

921 2290 1045 2319 efﬁcitur.
1064 2290 1140 2317 Sicut
1162 2298 1227 2325 ergo
1243 2290 1287 2324 qui
1304 2289 1434 2326 seiungit
1448 2289 1557 2317 Christo
1575 2290 1691 2317 Domino
1703 2309 1712 2320 .

917 2336 1006 2370 jungit
1020 2344 1050 2364 se
1062 2337 1215 2370 sapientiae,
1229 2335 1318 2371 jungit
1329 2344 1358 2363 se
1371 2336 1495 2370 justitiw,
1507 2336 1597 2371 jungit
1612 2344 1642 2363 se
1655 2336 1713 2370 pie-

920 2385 967 2410 tati
981 2404 988 2415 ,
1004 2387 1031 2410 et
1047 2383 1154 2410 veritati
1168 2403 1176 2416 ,
1191 2387 1219 2410 et
1233 2390 1293 2409 cum
1308 2383 1350 2409 his
1363 2383 1489 2411 omnibus
1508 2390 1576 2409 unus
1593 2382 1713 2409 efﬁcitur

919 2429 1033 2463 spiritus
1050 2437 1057 2456 :
1076 2429 1112 2455 ita
1129 2432 1156 2455 et
1170 2428 1214 2462 qui
1231 2435 1260 2454 se
1274 2428 1363 2463 jungit
1379 2429 1442 2456 huic
1458 2427 1610 2460 meretrici,
1623 2427 1712 2461 jungit

920 2482 949 2501 se
966 2474 1156 2509 impudicitia,
1174 2475 1305 2508 impietati
1318 2494 1325 2506 ,
1342 2474 1496 2507 iniquitati,
1514 2473 1671 2505 mendacio,
1685 2477 1712 2499 et

923 2521 1002 2548 simul
1013 2521 1139 2548 oninibus
1151 2525 1324 2555 peccatorum
1339 2518 1428 2552 malis,
1443 2526 1503 2546 cum
1515 2518 1614 2552 quibus
1627 2526 1710 2545 unum

923 2574 1024 2601 corpus
1037 2566 1162 2594 eﬁicitur.

960 2614 986 2640 5.
1006 2612 1197 2640 Verumtamen
1223 2622 1231 2638 ι
1254 2611 1384 2647 applicuit
1402 2609 1484 2637 Israel
1498 2610 1525 2638 in
1541 2609 1631 2637 Sattin
1645 2609 1679 2636 ".
1698 2619 1709 2636 ι

922 2659 950 2686 In
970 2659 1195 2693 interpretatione
1207 2657 1401 2684 llebraicorunt
1415 2656 1554 2683 nominum
1568 2656 1656 2682 Sattin
1671 2656 1712 2682 in-

923 2705 1047 2732 venimus
1061 2705 1086 2732 in
1101 2704 1192 2738 lingua
1211 2707 1303 2730 nostra
1321 2703 1526 2737 responsionem,
1551 2701 1593 2730 vel
1609 2701 1713 2737 refuta-

1047 2807 1067 2822 “
1082 2807 1159 2833 liom.
1178 2813 1215 2834 tx.
1231 2806 1271 2837 ii,
1290 2805 1332 2836 1‘2,
1350 2806 1390 2838 i5,
1407 2805 1449 2832 Η.
1491 2805 1512 2819 ”
1528 2805 1596 2832 Gen.
1610 2814 1649 2836 Ix,
1662 2803 1708 2833 ‘25.

962 2843 983 2859 "
998 2842 1078 2870 Prov.
1104 2849 1152 2875 \‘tt,
1168 2841 1194 2874 6,
1214 2841 1240 2874 7,
1253 2843 1279 2875 ὅ,
1293 2842 1320 2874 ‘J,
1338 2841 1379 2868 i0.
1420 2841 1439 2856 ¹⁷
1455 2840 1533 2868 Nunt.
1551 2849 1614 2873 xxv,
1633 2841 1655 2868 l.

1668 114 1720 142 750
1758 109 1761 113 ’
