1903 3052
183 110 233 139 73!

184 170 285 196 tionem
309 168 362 195 diri
384 168 450 204 (93).
480 167 616 203 Applicuit
630 175 697 202 ergo
710 167 792 195 Israel
813 167 847 194 ad
862 175 975 201 respou-
991 169 1013 197 Α

185 215 301 246 sionem,
318 215 359 241 vel
378 214 577 241 refutationem.
595 213 652 240 Non
668 215 737 240 bene
750 213 892 248 applicuit.
909 213 976 240 Vide

186 260 302 294 denique
316 259 378 294 quid
395 259 509 286 incurrit
524 259 549 286 itt
562 259 614 286 hac
626 258 732 294 positus
745 259 896 286 mansione.
912 258 964 285 For

185 306 294 334 nicatns
307 310 348 332 est
366 312 426 332 cum
444 305 604 332 mulieribus
617 305 826 332 Madiauitaruut
839 325 845 335 ,
861 309 887 331 et
904 304 977 331 refu-

188 356 260 378 tatus
277 355 315 377 εει
333 358 348 377 a
366 350 420 377 Deo
435 359 441 377 :
457 351 518 385 qttia
535 359 588 378 non
606 350 692 378 solum
713 350 874 381 fornicatus,
891 352 937 377 sed
951 356 978 377 et

186 397 264 423 idolis
290 397 411 432 gentium
435 403 611 424 consecratus
635 404 692 429 est,
711 402 738 425 et
753 398 871 425 comedit
890 405 921 424 ex
945 399 978 425 iis

186 450 246 474 quae
263 442 372 469 fuerant
387 442 466 469 idolis
487 443 624 469 immolata
637 463 645 475 ,
665 451 725 477 quae
741 445 834 478 utiqtte
852 451 978 471 exsecra-

186 487 250 514 I‘ilia
270 493 333 515 sunt
362 489 395 515 ad
426 488 521 516 Deum.
547 489 597 522 Qui
622 491 693 516 cutim
714 497 864 517 consensus
879 490 978 524 templo

186 534 233 560 Dei
250 541 311 560 cum
327 534 426 561 idolis?
438 534 536 562 Verum
555 543 604 569 ego
619 536 700 562 etiam
717 535 749 562 de
764 535 797 562 iis
808 555 815 566 .
833 543 893 570 qua:
908 536 979 569 Apo-

185 579 274 607 stolus
300 579 333 606 ad
359 579 517 607 Corinthios
539 580 636 607 scribit
653 581 746 608 dicens
771 581 793 597 "
815 589 822 608 :
841 590 850 606 ι
872 581 899 608 Si
917 581 979 616 quis

187 630 279 652 autem
312 625 412 652 viderit
435 626 577 653 scientiam
600 626 742 653 habentem
774 627 800 653 in
830 627 911 655 idolio
937 634 978 654 re-

185 670 335 702 cumbere,
365 679 455 698 nonne
477 672 646 698 conscientia
662 671 720 706 ejus
740 681 800 700 cum
819 673 854 699 sit
871 673 979 700 infirma

187 715 368 743 aediﬁcaliitur
391 716 423 743 ad
449 716 668 744 tttandncandnut
690 717 851 745 immolata?
870 727 879 744 ν
901 718 980 746 valde

188 761 305 789 miratus
326 769 397 788 sum.
424 761 537 789 Videtur
566 764 638 790 enim
659 773 712 791 non
739 770 792 792 tam
817 773 873 792 rem
892 765 979 799 ipsam

188 815 298 842 gravent
313 809 500 841 pronuntiare,
516 817 598 843 quam
614 810 687 837 illius
700 810 845 842 ollensam,
861 812 906 845 qui
923 810 980 838 lucc

188 852 283 879 videns
299 854 380 880 simili
399 860 563 889 provocatur
585 856 725 891 exemplo.
746 864 806 883 cum
829 865 880 883 tton
899 857 978 884 simili

189 899 305 926 scientia
322 900 472 933 muniatur,
489 901 524 928 ita
543 906 571 928 ut
588 904 713 929 ostendat
731 910 791 929 eum
813 903 857 937 qui
877 903 980 930 habens

190 945 335 972 scientiam
353 946 486 973 recumbit
500 947 526 974 in
541 947 634 980 idolio,
651 956 702 975 non
718 954 772 975 tattt
791 950 831 975 διιί
846 957 926 982 quant
940 949 979 976 al-

191 991 276 1018 terius
303 992 393 1019 dautni
423 992 493 1020 cflici
520 1001 606 1020 reum.
631 994 684 1021 Sed
706 995 768 1022 vide
787 1004 819 1022 ne
840 995 910 1023 forte
926 1004 979 1023 non

191 1035 243 1063 hoc
266 1036 352 1063 solum
376 1038 459 1065 liebat
474 1039 542 1073 apud
561 1038 734 1073 Corinthios,
750 1045 777 1067 ut
795 1041 820 1068 in
842 1041 921 1068 idolio
939 1049 981 1068 rc-

190 1082 369 1115 cumberent,
387 1089 413 1110 et
433 1084 571 1111 immolata
593 1084 674 1112 idolis
699 1086 906 1114 manducarent.
927 1087 980 1114 Sed

190 1129 260 1156 forte
284 1129 411 1164 quoniam
439 1130 554 1158 studiosi
581 1131 735 1159 litterarttm
753 1132 910 1161 Graecarum
932 1135 980 1161 ho-

190 1175 276 1201 mines
295 1179 386 1207 craut,
411 1182 438 1202 ct
462 1181 599 1204 amatores
622 1177 800 1212 philosophia:
814 1199 821 1211 ,
844 1179 981 1207 desiderio

189 1220 278 1246 athuc
298 1221 450 1247 studiorum
472 1226 593 1248 veterum
617 1223 799 1254 tenebantur,
815 1229 841 1251 et
863 1225 982 1259 philoso-

190 1266 304 1299 phorttnt
323 1267 446 1300 dogmata
461 1286 469 1298 ,
485 1268 561 1301 quasi
581 1267 659 1294 idolis
680 1268 818 1295 immolata
840 1271 955 1297 edebant
975 1282 980 1298 :

193 1319 255 1344 qua:
277 1316 369 1338 tamen
396 1312 493 1339 laedere
515 1313 632 1341 fortasse
649 1322 701 1341 tton
717 1321 841 1348 poterant
856 1323 901 1342 θος
913 1336 920 1348 ,
937 1316 981 1350 qui

191 1357 299 1389 plenam
327 1358 468 1385 scientiam
493 1360 618 1387 veritatis
641 1366 813 1395 acceperant.
835 1362 868 1389 Hi
891 1369 981 1391 autent

193 1406 238 1439 qui
259 1405 285 1432 in
302 1405 412 1434 Christo
427 1407 515 1434 minus
533 1408 695 1436 eruditionis
709 1409 865 1442 habebant,
880 1410 901 1437 si
918 1411 981 1437 imi-

194 1456 316 1479 tarentur
340 1460 386 1480 eos
410 1453 531 1488 legentes
558 1454 642 1487 talia,
663 1459 691 1482 et
709 1455 761 1482 illis
777 1456 866 1483 adhuc
885 1457 982 1484 studiis

191 1504 302 1531 operam
321 1498 417 1525 dantes
431 1518 438 1530 ,
455 1499 593 1526 vulnerari
607 1505 748 1533 poterant,
766 1505 794 1528 et
813 1501 980 1528 diversorum

191 1543 349 1578 dogntatunt
365 1545 447 1571 variis
463 1546 604 1573 erroribus
624 1545 768 1581 implicari.
786 1547 831 1574 Sic
846 1555 911 1582 ergo
933 1548 981 1576 lie-

191 1589 250 1622 bat,
264 1594 292 1616 ut
310 1589 454 1617 laederetur
466 1591 544 1625 alius,
563 1592 632 1619 unde
644 1592 666 1619 is
681 1594 726 1627 qui
743 1592 860 1621 habebat
876 1595 981 1628 plenam

192 1635 334 1662 scielliaut
354 1637 477 1664 veritatis
487 1658 494 1670 ,
508 1637 568 1664 lardi
581 1646 633 1665 non
648 1643 767 1673 poterat.
785 1639 837 1667 Sed
855 1641 982 1674 quoniam

192 1681 316 1708 cltaritas
331 1689 385 1708 non
403 1683 518 1717 requirit
533 1685 604 1718 quod
620 1684 669 1711 sibi
686 1685 753 1712 utile
769 1690 828 1719 est,
845 1687 893 1713 sed
912 1687 982 1721 quod

194 1727 296 1758 multis,
310 1728 457 1755 observare
469 1734 576 1763 oportet
589 1730 669 1756 talem
683 1731 757 1757 verbi
771 1738 870 1765 capere
882 1731 981 1763 cibum,

192 1773 238 1806 qui
264 1781 317 1800 non
344 1773 430 1800 soluat
452 1783 500 1801 tios
515 1775 630 1802 aediﬁcet
645 1780 672 1802 et
688 1776 819 1806 delectet.
833 1776 880 1804 sed
896 1781 923 1803 et
937 1778 982 1811 qui

192 1819 316 1846 \‘idenles
333 1828 385 1846 nott
402 1820 536 1852 oll'endat,
553 1826 598 1847 aut
618 1820 707 1847 la-dat.
726 1821 772 1848 Est
787 1829 852 1856 ergo
869 1831 921 1849 non
937 1831 983 1850 so-

192 1864 247 1891 lunt
262 1865 287 1891 in
302 1865 370 1892 cibis
381 1865 459 1893 idolis
471 1865 652 1899 immolatum,
664 1867 709 1894 sed
723 1872 750 1894 et
766 1867 791 1894 in
809 1868 910 1895 verbis.
927 1867 983 1902 Ego

191 1915 257 1944 puto
270 1930 277 1943 ,
294 1911 357 1946 quia
379 1911 450 1939 sicut
464 1913 552 1940 onmis
564 1920 654 1940 sermo
672 1913 716 1948 qui
733 1914 870 1948 pietatem,
893 1919 919 1941 et
940 1913 985 1948 ju-

191 1957 303 1990 stitiam,
318 1962 345 1984 et
363 1957 505 1985 veritatem
521 1958 611 1991 docet,
626 1958 679 1986 Deo
692 1965 869 1988 consecratus
884 1965 925 1988 est
937 1982 943 1992 ,
958 1964 985 1988 et

193 2001 248 2029 Deo
267 2002 421 2030 immolatus
443 2012 450 2030 :
474 2004 511 2031 ita
526 2009 553 2031 et
570 2006 660 2032 omnis
677 2013 769 2033 sermo
782 2005 829 2040 qui
846 2006 879 2033 ad
896 2007 983 2040 impu-

194 2047 331 2081 dicitiant,
352 2048 394 2075 vel
413 2048 592 2083 iniustitiam.
608 2050 650 2077 vel
667 2051 834 2086 impietatem
856 2051 983 2086 respicit,

193 2092 272 2120 idolis
282 2093 440 2121 immolatus
452 2095 498 2127 sit,
513 2100 537 2122 et
551 2096 596 2130 qui
610 2103 671 2124 eum
687 2097 799 2132 recipit,
813 2097 890 2131 quasi
905 2097 984 2124 idolis

193 2139 333 2166 immolata
359 2140 513 2168 manducet.
537 2141 708 2170 Mauducavit
731 2151 796 2178 ergo
820 2143 935 2178 popultts
951 2144 984 2171 de

997 839 1017 868 ll

914 105 1075 135 OIlIGENIS

1770 105 1822 133 732

1030 167 1100 194 forte
1115 165 1246 194 lornicari
1263 171 1288 193 te
1303 165 1404 194 faciant
1417 173 1432 193 a
1450 165 1504 193 Deo
1519 169 1575 193 tuo.
1595 175 1604 191 ι
1622 165 1667 192 Ille
1679 173 1747 200 ergo
1761 173 1819 193 eum

1028 217 1100 241 esset
1113 213 1344 248 sapientissimus,
1361 218 1388 240 et
1399 214 1518 248 ingentis
1531 214 1602 248 apud
1618 213 1704 240 Deum
1720 213 1821 246 meriti,

1030 266 1119 286 tamen
1136 260 1198 294 quia
1217 267 1246 287 se
1263 259 1374 287 tradidit
1391 260 1484 286 multis
1501 259 1676 292 mulieribus,
1692 259 1823 293 deceptus

1028 311 1079 331 est.
1098 305 1152 339 ligo
1167 310 1232 339 puto
1244 306 1316 339 quod
1333 304 1423 331 multa:
1436 305 1578 338 mulieres,
1597 304 1683 330 multa
1696 304 1823 338 dogmata

1028 356 1056 377 et
1080 351 1226 377 multarunt
1254 351 1375 385 gentium
1401 351 1516 377 diversze
1537 349 1718 384 philosophia:
1737 350 1824 376 nomi-

1030 403 1138 424 nentur.
1167 397 1232 430 Qua:
1257 405 1318 424 cum
1341 396 1447 430 singula
1471 401 1679 431 agnoscere,et
1697 403 1825 430 perscru-

1031 442 1080 468 tari
1105 447 1198 476 utpote
1225 445 1252 468 et
1275 441 1473 468 scientissimus
1494 446 1522 467 et
1541 439 1763 475 sapientissimus
1778 445 1825 465 vo-

1030 488 1141 520 luisset,
1159 488 1334 522 semetipsum
1357 489 1427 514 intra
1446 487 1514 521 legis
1528 487 1626 513 divinae
1644 485 1768 521 regulam
1786 490 1826 512 ιθ

1030 541 1096 560 uere
1119 541 1173 560 non
1199 533 1296 567 potuit.
1325 533 1435 568 Deeepit
1454 541 1516 559 eum
1538 532 1685 560 Moabitica
1701 531 1825 566 philoso-

1030 578 1108 613 phia,
1122 582 1151 605 et
1165 578 1302 612 persuasit
1313 583 1341 605 ut
1358 579 1429 605 idolo
1442 577 1586 605 Moabitico
1601 576 1773 609 intmolaret,
1787 577 1826 603 si—

1031 624 1133 651 tnililer
1156 629 1184 652 et
1204 624 1421 651 Ammonitarum
1435 644 1443 657 ,
1465 625 1511 651 sed
1526 628 1554 651 et
1571 623 1739 658 reliqttarttm
1756 631 1824 657 gen-

1031 671 1115 703 tium,
1132 678 1247 705 quarum
1265 671 1395 698 mulieres
1416 670 1515 698 dicitur
1534 670 1691 704 recepisse,
1713 674 1741 696 et
1759 669 1825 695 aedi-

1031 717 1128 745 ﬁcasse
1137 717 1246 752 templa,
1259 718 1300 745 vel
1313 717 1468 745 immolasse
1478 717 1557 744 idolis
1565 724 1658 744 earum
1667 716 1701 742 ".
1714 715 1827 744 Grande

1031 770 1070 791 est
1089 771 1154 798 ergo
1176 769 1203 791 et
1226 771 1290 791 vere
1306 771 1374 799 opus
1391 763 1437 790 Dei
1451 783 1458 795 ,
1472 767 1526 790 tant
1545 762 1638 789 utultis
1651 761 1829 796 dogmatibus

1032 810 1107 844 quasi
1125 809 1284 838 mulieribus
1300 810 1425 843 misceri,
1443 817 1492 837 nec
1509 815 1598 836 tamen
1615 817 1629 836 a
1644 808 1771 836 veritatis
1784 816 1829 835 re-

1033 855 1094 891 gula
1126 856 1284 888 declinare,
1309 855 1356 883 sed
1376 861 1534 882 constanter
1547 855 1640 882 dicere
1659 854 1682 870 ¹¹
1704 863 1712 882 :
1738 855 1831 882 Sexa—

1034 902 1108 938 ginta
1124 907 1188 929 sunt
1205 902 1315 937 regium,
1329 906 1358 929 et
1370 902 1507 936 octoginta
1526 901 1685 928 concubium
1695 920 1703 932 ,
1717 905 1746 927 et
1759 901 1828 927 ado-

1034 947 1189 976 lescentulae
1212 955 1325 982 quarunt
1351 955 1403 974 non
1424 952 1468 974 est
1491 953 1643 974 numerus:
1663 953 1715 972 una
1734 950 1828 972 tamen

1032 1000 1074 1022 est
1087 994 1211 1021 columba
1229 1002 1298 1025 mea,
1312 994 1429 1029 perfecta
1442 1000 1511 1025 mea,
1524 1000 1576 1020 una
1591 996 1632 1019 est
1647 991 1744 1018 matris
1759 998 1828 1023 sua.

1033 1047 1084 1066 una
1105 1044 1145 1066 est
1162 1039 1302 1073 genitricis
1319 1047 1385 1066 suae.
1403 1038 1455 1066 Sed
1473 1039 1517 1066 isti
1533 1038 1718 1066 adoraverunt
1731 1037 1806 1063 idola
1821 1055 1829 1067 .

1035 1091 1062 1113 et
1075 1085 1230 1113 consecrati
1246 1089 1309 1112 sunt
1324 1084 1498 1120 Beelpbegor.
1518 1083 1682 1118 lleclphegor
1697 1083 1762 1109 idoli
1779 1090 1832 1109 no-

1033 1139 1094 1158 men
1113 1135 1154 1158 cst
1166 1151 1172 1161 ,
1190 1132 1260 1165 quod
1278 1131 1348 1165 apud
1364 1130 1525 1157 Madiauitas
1539 1129 1675 1164 prmcipue
1694 1136 1709 1155 a
1727 1128 1830 1155 mulie-

1032 1176 1108 1204 ribus
1125 1176 1274 1204 colebatur.
1301 1175 1329 1203 In
1345 1175 1426 1210 hujus
1444 1182 1509 1210 ergo
1525 1175 1588 1201 idoli
1604 1174 1743 1209 mysteriis
1759 1181 1829 1200 cons

1033 1229 1155 1251 secratus
1181 1227 1222 1250 est
1243 1222 1334 1250 Israel.
1355 1221 1614 1257 luterpretatioueut
1640 1222 1761 1248 nominis
1786 1221 1830 1255 ip-

1032 1269 1089 1296 sius
1107 1277 1168 1296 cum
1187 1269 1389 1302 requircrcmus
1405 1270 1535 1296 attentius
1557 1269 1628 1295 inter
1643 1267 1757 1295 Hebraea
1776 1275 1828 1294 no-

1033 1315 1107 1341 mina
1119 1334 1127 1346 ,
1144 1313 1195 1341 Itoc
1214 1319 1318 1341 tantum
1333 1314 1486 1340 invenimus
1499 1314 1630 1348 scriptum
1641 1333 1648 1345 ,
1664 1313 1728 1348 quia
1748 1312 1830 1339 Beel—

1033 1360 1137 1395 pbegor
1161 1360 1265 1394 species
1282 1360 1318 1386 sit
1340 1360 1515 1394 turpitudinis
1533 1359 1599 1394 (96).
1621 1359 1710 1386 Noluit
1731 1364 1827 1385 tamen

1033 1405 1175 1433 declarare
1199 1414 1259 1440 qua:
1283 1406 1325 1433 vel
1350 1405 1438 1440 qualis
1461 1406 1566 1441 species
1581 1426 1588 1438 ,
1602 1405 1644 1432 vel
1659 1404 1735 1438 cujus
1749 1410 1830 1432 esset

1034 1452 1227 1487 turpitudinis,
1245 1451 1378 1479 honestati
1401 1450 1482 1479 credo
1499 1451 1656 1484 consulens,
1674 1449 1756 1486 350
1778 1450 1828 1485 qui

1035 1498 1230 1532 interpretatus
1243 1502 1302 1530 est,
1319 1497 1359 1524 uti
1376 1504 1409 1524 ne
1423 1497 1544 1524 auditum
1559 1497 1693 1532 polltterct
1709 1497 1830 1523 audien-

1033 1543 1111 1571 tium.
1130 1543 1213 1579 Igitur
1230 1551 1291 1570 cum
1309 1543 1399 1570 ntnlta:
1416 1543 1471 1569 sint
1488 1543 1687 1576 turpitudinum
1703 1541 1828 1576 species,

1034 1597 1086 1616 una
1101 1589 1224 1624 qutedam
1242 1597 1274 1616 ex
1292 1588 1413 1624 pluribus
1427 1588 1602 1623 turpitudinis
1619 1588 1727 1623 species
1747 1587 1831 1614 Beel-

1035 1635 1137 1670 phegor
1151 1634 1315 1670 appellatur.
1332 1633 1408 1661 Unde
1422 1634 1561 1660 sciendum
1577 1639 1633 1664 est.
1650 1632 1722 1668 quod
1738 1633 1832 1660 omnis

1035 1681 1080 1715 qui
1098 1679 1198 1715 aliquid
1215 1684 1295 1714 turpe
1310 1679 1474 1712 committit,
1488 1684 1514 1706 et
1533 1679 1557 1706 in
1574 1679 1694 1714 aliquam
1707 1679 1830 1713 speciem

1036 1726 1211 1760 turpitudinis
1222 1726 1352 1758 declinat,
1369 1725 1539 1760 Beelphegor
1550 1725 1758 1752 ltladianitarum
1774 1725 1832 1752 dat-

1037 1772 1128 1800 ntonio
1143 1776 1331 1799 consecratur.
1351 1770 1404 1798 Sed
1421 1776 1446 1798 et
1461 1779 1508 1806 per
1521 1771 1626 1805 singula
1641 1778 1753 1806 peccata
1769 1778 1832 1806 quae

1036 1819 1232 1846 committimus
1246 1838 1253 1851 ,
1275 1817 1393 1845 maxime
1410 1817 1431 1844 si
1450 1817 1505 1851 jam
1523 1826 1575 1845 tton
1590 1818 1767 1852 subreptione
1781 1819 1831 1844 ali-

1035 1873 1099 1900 qua,
1115 1865 1162 1892 scd
1175 1865 1267 1892 studio
1282 1864 1434 1898 allectuquc
1448 1872 1602 1898 peccamus,
1618 1864 1655 1891 illi
1670 1865 1731 1892 sine
1747 1865 1831 1891 dubio

1035 1912 1162 1944 datiuum,
1179 1911 1222 1938 cui
1239 1916 1381 1945 peccatqu
1398 1912 1462 1938 illud
1479 1912 1551 1945 quod
1564 1911 1753 1938 commisimus
1770 1911 1831 1938 ino-

1037 1957 1128 1992 perari
1149 1965 1221 1984 cura:
1243 1962 1300 1989 est,
1319 1964 1521 1984 consecrantur.
1542 1957 1575 1984 Et
1593 1955 1711 1985 fortasse
1725 1958 1831 1985 contiu-

1035 2007 1081 2038 εει
1097 2003 1175 2030 ttobis
1187 2007 1226 2030 tot
1240 2003 1407 2030 dmutonibus
1419 2011 1480 2030 esse
1492 2008 1678 2036 consecratos,
1691 2009 1757 2038 quot
1769 2011 1832 2038 pec-

1036 2054 1095 2076 cata
1111 2050 1323 2081 committimus,
1336 2054 1363 2076 et
1379 2049 1406 2076 in
1421 2048 1535 2084 singulis
1551 2048 1709 2083 quibusque
1724 2049 1830 2077 delictis

1036 2095 1109 2122 velut
1124 2096 1252 2131 mysteria
1271 2096 1360 2129 illius,
1378 2100 1425 2123 aut
1439 2095 1510 2123 illius
1525 2095 1587 2123 idoli
1601 2095 1779 2130 suscipimus.
1799 2096 1831 2122 Et

1036 2142 1153 2170 fortasse
1176 2149 1287 2178 propter
1309 2143 1362 2170 hoc
1384 2142 1494 2170 dicebat
1516 2142 1661 2177 Apostolus
1677 2143 1701 2158 "
1718 2150 1725 2168 :
1745 2151 1755 2168 ι
1772 2142 1829 2170 Iani

192 2185 335 2213 sacriﬁciis
349 2193 456 2220 eorum,
470 2193 497 2215 et
516 2188 698 2215 adoravcrunt
713 2189 784 2217 idola
802 2197 907 2217 eorum.
924 2189 982 2217 Non
999 2191 1023 2221 D
1036 2190 1109 2216 eniut
1125 2189 1285 2224 mysterium
1301 2189 1454 2224 iniquitatis
1469 2193 1607 2223 operatur.
1624 2198 1634 2215 υ
1652 2188 1830 2216 Circumeunt

193 2231 281 2258 solum
309 2232 560 2266 manducaveruut,
580 2235 627 2262 sed
650 2239 677 2262 et
703 2236 893 2264 adoraveruut.
917 2236 982 2264 Vide

191 2277 316 2306 ordinem
345 2278 407 2306 mali
437 2289 443 2306 :
468 2287 563 2307 servos
596 2281 700 2308 Domini
734 2282 821 2316 prima
850 2282 980 2317 concupi-

193 2323 307 2356 scentia,
326 2324 388 2351 inde
405 2326 507 2353 ventris
525 2325 666 2361 ingluvies,
687 2332 823 2362 postrema
838 2328 983 2363 captivavit

194 2370 331 2405 impietas.
352 2370 500 2405 Intpietatis
522 2377 612 2400 autem
631 2381 738 2400 merces
755 2374 904 2402 exsolvitur
926 2375 982 2402 for-

193 2416 304 2444 nicatio.
324 2415 352 2444 Si
372 2417 476 2453 relegas
489 2425 550 2453 quae
564 2418 665 2453 scripta
687 2424 751 2446 sunt
767 2420 800 2446 de
818 2419 982 2453 Salomone,

193 2463 315 2491 invenies
330 2472 403 2496 eum,
419 2469 445 2491 et
460 2465 568 2499 quidem
584 2472 645 2492 cttm
661 2470 735 2492 esset
753 2467 982 2501 sapientissimus,

193 2510 285 2538 multis
311 2511 470 2539 mulieribus
492 2512 637 2540 inclinasse
662 2512 746 2539 latera
771 2520 836 2544 sua,
858 2520 921 2540 cuttt
939 2512 982 2539 lex

164 2594 167 2598 Ι
193 2556 240 2583 Dei
257 2557 327 2584 dicat
347 2559 368 2574 "
387 2567 393 2585 ε
414 2568 422 2584 ι
442 2557 499 2585 Non
515 2559 707 2594 multiplicabis
725 2559 771 2585 tibi
793 2558 931 2591 mulieres,
951 2567 984 2587 ne

229 2627 251 2642 "
269 2627 467 2660 lCor.vnt,IO.
508 2631 527 2645 ιε
542 2630 618 2657 Deut.
630 2637 694 2662 xvii,
712 2629 754 2656 Π.
792 2628 815 2644 ³ο
828 2628 859 2655 lll
874 2629 929 2664 Reg
946 2638 984 2656 χι.

230 2683 287 2717 (95)
316 2683 349 2711 In
380 2685 596 2719 interpretatione
624 2687 817 2714 Hebraicorum
847 2687 981 2713 nominum

195 2718 287 2746 Saltin
300 2718 453 2746 invenimus
466 2723 493 2747 in
515 2721 605 2756 lingua
626 2727 715 2749 nostra
732 2728 926 2748 RESPONSIONEM
944 2721 983 2748 vel

197 2760 396 2790 aerumnosam
407 2755 471 2783 dici.
487 2756 561 2783 Unde
584 2757 671 2783 Sattiu
695 2757 836 2790 responsio
852 2757 890 2781 vel
909 2756 978 2783 rel‘u-

198 2790 264 2815 tatio
278 2789 330 2815 dici
346 2790 441 2822 possit,
466 2798 517 2817 non
539 2791 630 2822 video,
650 2791 701 2818 nisi
721 2792 790 2818 forte
808 2799 821 2817 a
845 2795 926 2820 πωπω(
939 2791 985 2817 ila-

198 2823 279 2857 μιιυ.
298 2833 307 2850 t
326 2825 396 2858 quod
416 2824 511 2860 inepta:
533 2826 650 2854 ratione:
662 2826 824 2854 refutatione
841 2827 918 2860 quasi
934 2826 982 2852 lla-

508 2631 527 2645 1"
542 2630 618 2657 Deut.
630 2637 694 2662 χιι-ιι,
712 2629 754 2656 l7.

1036 2243 1101 2270 ergo
1119 2235 1232 2270 spiritus
1249 2235 1360 2270 maligni
1373 2255 1380 2266 ,
1395 2240 1420 2261 et
1442 2240 1567 2270 quaerunt
1582 2235 1719 2269 quontodo
1734 2243 1831 2262 unum-

1036 2291 1171 2319 quemque
1185 2283 1322 2318 decipiant
1333 2303 1341 2316 ,
1358 2287 1386 2310 et
1401 2290 1448 2317 per
1462 2282 1616 2310 illecebram
1639 2283 1746 2316 peccati
1772 2290 1830 2317 my-

1037 2329 1129 2356 steriis
1143 2333 1311 2362 consecrent,
1324 2334 1351 2356 et
1365 2336 1453 2363 neque
1465 2328 1639 2360 sentientem,
1651 2336 1741 2366 neque
1757 2328 1830 2356 intel-

1037 2375 1179 2410 ligentem,
1196 2375 1270 2402 verbi
1289 2382 1370 2401 causa
1382 2394 1389 2407 ,
1412 2383 1460 2410 per
1476 2375 1668 2402 fornicationis
1688 2379 1828 2409 peccatum

1038 2420 1215 2447 introducunt
1235 2419 1268 2447 ad
1288 2420 1450 2447 daemonium
1471 2420 1695 2451 Madianitarntu,
1719 2425 1746 2447 et
1766 2428 1829 2447 cou-

1039 2472 1148 2494 secrant
1169 2466 1355 2501 Beelpltegor,
1374 2471 1539 2494 consecrant
1556 2466 1728 2500 turpituditti.
1745 2467 1828 2494 Sinti-

1039 2514 1100 2541 liter
1121 2519 1149 2541 et
1174 2521 1221 2548 per
1236 2513 1288 2540 alia
1305 2517 1414 2547 peccata
1427 2532 1435 2545 ,
1451 2518 1481 2539 ut
1496 2512 1625 2544 diximus,
1649 2512 1710 2539 aliis
1726 2513 1828 2540 daemo-

1039 2560 1119 2587 nibus
1141 2559 1265 2586 homines
1286 2563 1490 2585 consecrantur.
1513 2557 1566 2585 Sed
1588 2562 1614 2584 tu
1637 2558 1754 2585 observa
1771 2558 1825 2586 dili-

1301 2626 1323 2642 “
1340 2624 1359 2651 ll
1377 2624 1475 2652 Thess.
1490 2631 1520 2657 ιι,
1545 2623 1571 2650 7.

1037 2685 1108 2719 gello
1119 2689 1274 2715 arceantur,
1297 2683 1339 2710 vel
1361 2683 1433 2717 quod
1456 2682 1536 2718 paulo
1555 2681 1729 2708 verisimilius
1745 2686 1798 2712 est.
1815 2689 1828 2709 a

1034 2718 1097 2749 tam
1115 2729 1124 2746 ι
1146 2719 1396 2750 circuire,iterare,
1418 2718 1581 2745 discurrere.
1603 2725 1612 2742 ι

1072 2754 1127 2789 196)
1143 2754 1212 2786 Quin
1232 2753 1390 2788 Beelphegor
1405 2752 1500 2786 species
1524 2752 1555 2778 sit
1580 2751 1767 2789 turpitudinis:
1792 2752 1825 2778 Ex

1033 2782 1088 2821 52::
1111 2782 1125 2816 ι’
1145 2782 1299 2819 timuimus:
1323 2782 1382 2815 t'et
1403 2782 1487 2820 ’ἐπει
1513 2782 1634 2823 aperuit}
1661 2795 1671 2812 ι
1696 2787 1828 2814 conﬂatur

1035 2833 1132 2853 nomen
1152 2834 1160 2850 ι
1183 2824 1358 2860 Beelpltegor.
1378 2832 1388 2849 ι

1024 2630 1046 2645 ²¹
1061 2628 1179 2658 Cant.vt,
1194 2625 1218 2656 7,
1236 2625 1263 2652 8.
