1903 3052
37 80 82 107 Ἱῖδ

616 84 649 112 IN
668 85 834 115 NUMEROS
854 87 995 116 llOMlLlA
1026 89 1085 116 XX.

1609 95 1660 123 754

39 139 135 167 acutius
150 138 223 172 quod
237 140 366 174 scriptum
381 148 420 168 es:
431 161 439 174 ,
456 145 483 168 et
504 147 545 170 sta
569 143 596 170 in
614 145 678 177 viis,
694 149 721 172 et
737 145 822 173 inter-
837 150 858 178 Α
875 147 900 173 in
916 156 995 182 quam
1011 147 1126 174 voluerit
1144 153 1247 182 partem
1267 153 1307 176 est
1324 148 1347 176 ei
1367 148 1480 177 liberum
1495 148 1629 177 declinare
1649 157 1657 177 :

39 192 93 218 roga
118 191 180 219 quas
202 185 256 212 sint
274 186 324 213 vite
339 186 442 214 Domini
468 192 586 222 aeternis,
605 195 632 217 et
649 197 708 225 qua:
727 191 762 218 sit
778 192 819 218 via

39 232 114 262 bona,
141 236 168 257 et
189 231 286 258 incede
309 232 336 258 in
353 240 384 259 ea
398 252 405 265 ,
427 238 455 260 et
473 242 526 262 non
543 235 658 263 aecedas
675 237 707 263 ad
721 236 820 271 januas

37 277 123 304 domus
139 277 258 306 malitiae.
276 277 330 305 Sed
349 279 380 306 si-
391 281 509 308 senseris
526 281 674 316 malignum
691 283 818 318 spiritum

38 322 101 357 loqui
115 323 142 350 in
160 324 243 351 corde
259 329 314 356 tuo,
331 329 361 352 ut
374 330 399 353 te
412 326 493 353 ducat
505 327 538 354 ad
554 327 662 363 aliquod
679 336 746 364 opus
758 337 820 364 pec-

38 368 100 401 cati,
118 369 242 404 intellige
260 370 323 404 quia
342 375 368 397 te
384 371 484 400 ducere
502 372 577 405 vult,
591 378 620 401 ut
632 379 773 402 consecret
794 379 818 402 le

37 414 107 441 alicui
124 414 252 442 dzemoni.
271 416 373 444 Ducere
389 422 415 445 te
431 418 487 445 vult
500 424 528 446 ut
542 419 676 454 suscipias
689 421 815 456 mysteria

36 459 178 491 diabolica,
200 462 330 496 mysteria
354 463 515 498 iniquitatis.
542 465 575 492 Et
598 466 649 493 hoc
670 472 728 493 esse
752 471 817 501 puto

36 506 97 538 quod
111 507 208 534 scribit
222 507 366 541 Apostolus
381 509 405 525 "
420 518 428 536 :
447 519 456 536 ι
475 510 542 538 Cum
555 517 644 539 autem
659 517 754 547 gentes
770 520 814 540 es-

36 551 101 583 setis,
113 552 146 580 ad
160 553 306 581 simulacra
321 561 394 583 muta
408 561 502 585 ettntes
515 559 783 592 proutducebamini.
802 570 811 587 ι

36 598 52 623 A
68 605 117 631 quo
128 599 171 626 vel
186 607 200 626 a
213 601 313 635 quibus
329 598 519 632 ducebamiui?
532 612 547 631 a
564 605 704 639 spiritibus
718 614 814 640 nempe

37 643 153 678 malignis
179 646 352 675 ducebamini
381 650 414 676 ad
441 657 521 684 opera
546 657 728 686 peccatorum.
752 652 814 680 llaec

36 690 137 731 audiens
160 692 277 727 vigilans
300 696 417 730 quisqtte
441 697 549 724 auditor
574 698 646 726 dicet
668 698 783 726 fortasse
805 710 811 727 :

36 735 95 767 Quid
108 743 172 771 ergo
185 736 336 767 faciemus?
351 741 373 767 si
387 741 558 769 circttmeunt
571 743 684 777 spiritus
700 744 812 779 maligni

36 787 244 817 unumquemque
262 788 394 817 nostrum,
410 790 437 813 et
451 786 553 814 ducunt
566 807 572 818 .
598 795 630 815 ac
650 789 812 823 pertrahunt

871 198 898 220 et
922 194 981 220 ideo
994 194 1099 229 justum
1122 194 1167 221 Dei
1188 194 1318 230 judicium
1337 200 1395 228 est,
1415 196 1479 230 quia
1499 202 1594 232 sponte
1610 204 1658 222 sua

871 239 928 265 sive
946 239 1023 266 bonis
1037 239 1095 266 sive
1111 239 1237 274 pessimis
1253 240 1433 268 monitoribus
1447 246 1532 275 paret.
1550 240 1595 268 Vis
1610 241 1657 277 tibi

872 283 961 310 adhuc
975 284 1090 318 amplius
1104 285 1168 319 quid
1183 292 1215 312 ex
1232 285 1381 319 Scripturis
1390 286 1488 314 divinis
1503 287 1656 318 ostendatur,

870 329 1005 362 quomodo
1021 330 1107 364 major
1125 337 1190 357 cura
1206 330 1303 358 salutis
1319 339 1382 365 erga
1398 331 1521 359 homines
1537 333 1590 359 Deo
1603 339 1656 363 est.

869 381 949 407 quam
965 375 1072 402 diabolo
1088 376 1271 410 perditionis?
1286 376 1411 412 Nunquid
1433 386 1486 405 non
1506 378 1656 407 suﬂiciehat
1681 409 1684 412 ,

869 420 1025 454 angelorum
1051 422 1190 457 diligentia
1215 422 1345 450 adversus
1367 424 1479 452 insidias
1501 425 1652 452 damonqu

867 470 895 492 et
913 466 1058 494 adversum
1078 475 1126 495 eos
1143 468 1188 503 qni
1212 469 1246 495 ad
1271 470 1437 504 peccandum
1456 471 1580 498 homines
1600 477 1657 499 tra-

867 511 955 539 hunt?
982 512 1042 547 Ipse
1061 513 1241 548 Unigenitus,
1265 516 1333 550 ipse,
1357 516 1466 550 inquam
1478 536 1486 549 ,
1505 517 1589 545 Filius
1607 518 1653 545 Dei

867 558 954 591 adest,
979 558 1036 592 ipse
1055 559 1192 592 defendit,
1213 560 1270 594 ipse
1285 561 1420 592 custodit,
1440 561 1496 595 ipse
1514 569 1562 589 nos
1577 562 1611 589 ad
1625 570 1655 589 se

867 603 960 630 trahit.
981 603 1050 630 Audi
1069 604 1203 638 quomodo
1222 605 1280 638 ipse
1293 605 1359 632 dicit
1376 606 1397 621 "
1417 615 1423 632 :
1445 615 1454 631 ι
1475 606 1508 633 Et
1524 614 1587 634 ecce
1603 614 1653 640 ego

867 648 1005 675 vobiscum
1028 656 1086 676 sum
1104 650 1231 677 omnibus
1252 650 1348 678 diebus
1363 658 1449 685 usque
1468 651 1501 678 ad
1528 659 1653 679 consum-

866 693 1009 721 motionem
1028 694 1126 721 szeculi.
1143 704 1153 721 ι
1166 695 1217 722 Sed
1233 703 1282 722 nec
1297 696 1465 723 snflicileum
1485 704 1544 724 esse
1562 698 1654 724 nobis-

864 746 938 770 cum,
953 739 999 766 sed
1014 740 1214 774 quodammodo
1231 741 1282 767 vim
1296 741 1375 769 nobis
1390 741 1466 774 facit,
1484 747 1512 769 ιιι
1527 750 1576 769 nos
1591 751 1651 777 per-

866 784 954 812 trahat
970 785 1004 812 ad
1021 786 1146 813 salutetn.
1161 786 1204 812 Ail
1219 786 1291 813 enim
1306 786 1331 813 in
1348 786 1401 813 alio
1413 788 1471 814 loco
1487 787 1509 803 ³⁰
1525 797 1530 813 :
1553 797 1562 813 ι
1582 788 1648 815 Cum

35 825 62 851 ad
81 833 221 861 peccatum
240 838 248 856 ε
271 837 351 858 nemo
364 835 454 859 autem
473 832 542 861 auus
561 838 603 861 es;
619 834 664 868 qui
684 834 717 861 ad
734 835 813 868 justi-
830 828 851 856 Β
864 835 954 857 autem
981 830 1117 858 exaltatus
1138 830 1214 858 fttero
1227 851 1234 863 ,
1255 831 1346 858 omnia
1372 832 1405 858 ad
1427 840 1471 859 tne
1494 832 1609 859 traham.
1638 841 1647 858 ι

37 871 92 898 tiam
107 874 219 907 trahat,
234 876 280 910 qui
299 875 392 904 invitet
407 881 435 905 et
448 878 530 906 ducat
543 879 576 906 ad
592 879 762 914 pudicitiam,
777 881 811 907 ad

35 918 170 953 pietatem,
196 922 332 954 quomodo
356 930 410 950 non
432 924 568 952 videbitur
590 925 624 952 ad
645 926 811 960 pereundum

35 963 130 996 quidem
153 964 208 993 lata
227 967 270 994 via
288 971 401 1002 patere,
417 969 450 996 ad
464 969 579 998 salutem
595 977 659 998 vero
676 979 811 1006 nusquam

37 1009 97 1037 nllus
118 1011 207 1039 aditus
227 1012 300 1040 dari?
317 1014 375 1042 lmo
395 1023 459 1043 vero
482 1016 592 1044 adverte
606 1016 772 1051 diligentius,
789 1018 811 1045 si

35 1059 120 1087 potes,
144 1061 171 1084 et
194 1063 290 1092 aperto
315 1060 407 1087 cordis
434 1061 532 1094 oculo,
558 1062 685 1089 interiora
705 1070 810 1090 mecum

35 1100 164 1128 considera
179 1104 330 1138 mysteria;
346 1108 373 1132 et
385 1105 491 1133 videbis
502 1111 605 1140 quanto
622 1106 708 1140 major
725 1107 750 1134 in
768 1115 811 1135 se-

35 1147 105 1174 cretis
124 1149 220 1176 salutis
242 1155 341 1177 nostrae
359 1158 424 1178 cura
441 1156 557 1186 geratur
572 1172 579 1184 ,
597 1159 678 1186 quam
695 1152 811 1180 facultas

36 1192 62 1217 ad
91 1192 275 1227 decipiendum
301 1196 463 1230 praebeatur.
481 1197 565 1225 Adest
589 1198 733 1232 unicuique
760 1207 810 1226 no-

36 1239 171 1274 strum(97)
182 1260 189 1271 ,
202 1240 285 1268 etiam
302 1242 420 1270 minimis
435 1243 479 1278 qui
495 1249 558 1271 sunt
573 1243 600 1271 in
617 1243 735 1272 Ecclesia
750 1244 808 1278 Dei,

36 1284 133 1318 angelus
149 1286 255 1320 bonus.
273 1288 386 1323 angelus
403 1289 508 1317 Domini
522 1290 567 1325 qni
582 1295 674 1325 regat,
690 1291 735 1325 qui
751 1299 809 1318 mo-

36 1335 97 1363 neat,
113 1331 156 1365 qui
175 1333 328 1366 gubernet,
344 1335 389 1368 qtti
407 1342 455 1369 pro
477 1336 583 1363 actibus
603 1336 705 1363 nostris
724 1337 810 1363 corri-

34 1376 132 1409 gendis,
146 1382 173 1404 et
188 1379 410 1408 miserationibus
424 1382 603 1416 etposcendis
614 1401 621 1413 ,
636 1381 755 1416 quotidie
770 1382 810 1409 vi—

34 1420 86 1448 deat
98 1421 191 1451 faciem
209 1423 301 1452 Patris
320 1426 364 1459 qui
376 1426 403 1453 in
419 1427 495 1454 cmlis
508 1432 550 1454 est
566 1437 572 1455 :
591 1427 660 1455 sicut
680 1428 809 1455 Dominus

34 1465 141 1500 designat
165 1468 191 1496 in
212 1469 366 1503 Evangeliis
383 1470 416 1500 ’⁸.
436 1471 469 1499 Ει
490 1473 588 1499 iterum
609 1473 758 1500 secundum
775 1481 806 1500 ea

34 1518 85 1544 qua
96 1511 211 1542 Joannes
225 1515 252 1542 in
265 1516 428 1553 Apocalypsi
444 1518 538 1545 scribit
551 1519 584 1551 ",
598 1518 742 1553 unicuique
756 1519 806 1546 Ee-

33 1556 108 1586 clesia:
119 1560 282 1594 generaliter
293 1563 405 1596 angelus
419 1564 571 1599 praeestqui
585 1563 626 1591 vel
641 1564 809 1592 collaudatur

34 1609 73 1635 pro
89 1603 153 1632 bene
173 1606 261 1640 gestis
277 1607 386 1642 populi;
400 1608 441 1636 vel
459 1610 539 1636 etiam
558 1617 606 1644 pro
627 1609 732 1638 delictis
748 1610 807 1646 ejus

34 1647 150 1682 culpatur.
175 1650 202 1678 In
221 1658 276 1686 quo
295 1653 378 1679 etiam
400 1655 524 1688 stupendi
546 1656 671 1690 mysterii
688 1657 808 1683 admira-

34 1692 94 1721 tione
109 1702 283 1731 permoveor,
308 1699 377 1734 quod
401 1700 534 1727 inlantum
552 1701 608 1729 Deo
623 1709 688 1729 cura
705 1702 738 1729 de
759 1710 808 1730 no-

34 1738 67 1765 his
76 1740 126 1774 sit,
147 1747 175 1770 ut
194 1745 278 1771 etiam
297 1746 406 1779 angelos
423 1754 487 1774 suos
502 1747 605 1782 culpari
622 1756 670 1782 pro
688 1749 766 1776 nobis
780 1754 806 1776 et

32 1785 150 1815 confutari
173 1790 304 1823 patiatur.
326 1791 373 1819 Sie
389 1793 460 1820 enim
480 1801 541 1820 cum
556 1794 702 1829 paedagogo
719 1795 806 1822 tradi-

33 1834 69 1856 tur
81 1839 158 1868 puer,
174 1834 197 1863 si
215 1835 288 1864 forte
303 1837 393 1865 minus
409 1839 498 1873 dignis
518 1847 568 1867 nec
587 1839 736 1867 sectmdum
759 1847 806 1875 pa-

33 1880 124 1905 lernam
149 1881 318 1909 nobilitatem
343 1883 462 1912 imbutus
481 1890 610 1920 appareat
631 1885 783 1919 disciplinis
796 1906 803 1918 ,

33 1923 145 1952 continuo
170 1927 250 1962 culpa
277 1928 311 1954 ad
337 1929 509 1964 paedagogum
534 1931 669 1962 refertur,
695 1938 744 1958 nec
768 1931 804 1958 ita

32 1973 88 2000 puer
105 1977 119 1997 a
139 1976 217 2006 patre
243 1977 274 2000 ut
299 1975 458 2010 paedagogus
474 1976 598 2011 arguitur
611 1996 619 2009 ,
640 1976 691 2003 nisi
710 1977 805 2004 durior

31 2011 115 2048 fuerit,
138 2022 164 2044 et
182 2019 321 2054 paedagogi
338 2021 438 2048 monita
456 2023 604 2057 spreverit,
624 2023 744 2058 atquein
765 2023 804 2050 la-

31 2058 127 2088 sciviam
148 2070 250 2098 pronus
274 2072 306 2092 ac
321 2066 483 2099 proterviam
498 2067 626 2095 salutaria
647 2067 704 2102 ejus
722 2069 804 2097 verba

30 2109 217 2142 contempserit,
231 2110 286 2138 illis
302 2112 386 2146 magis
402 2113 597 2148 obtemperans
610 2115 655 2149 qtti
667 2115 802 2142 luxuriant

30 2151 138 2198 suadent,
154 2159 182 2182 et
197 2156 232 2183 ad
255 2156 394 2186 lasciviam
418 2165 578 2195 provocant.
603 2161 672 2194 Quid
696 2162 742 2189 liat
764 2162 801 2190 illi
818 2171 841 2198 ι)

31 2196 114 2242 animae
137 2202 275 2236 prophetm
299 2204 412 2232 vocibus
433 2206 517 2234 disce.
536 2216 546 2233 ι
573 2207 800 2242 Derelinquetur,

31 2239 103 2276 inquit
119 2245 158 2278 “,
179 2247 232 2274 lilia
250 2248 316 2276 Sion
335 2249 406 2277 sicut
425 2251 628 2279 tabernaculum
649 2252 676 2279 in
691 2239 800 2286 ivinea,

30 2291 52 2313 ει
62 2289 124 2318 sicut
137 2299 198 2320 casa
210 2294 376 2323 custodiaria
389 2296 416 2324 in
429 2298 626 2331 cucumerario,
637 2303 664 2326 et
678 2299 749 2326 sicut
763 2301 802 2326 ci-

31 2333 88 2362 titas
102 2343 158 2372 quae
175 2345 329 2375 expugnata
345 2347 397 2370 est.
422 2351 431 2368 ι
456 2343 488 2370 Ει
510 2343 608 2371 iterum
627 2345 648 2360 "
665 2354 672 2372 :
692 2354 701 2370 ι
720 2345 802 2373 Aufe-

32 2383 92 2407 retur
112 2386 226 2412 maceria
249 2385 318 2420 ejus,
337 2392 364 2415 et
387 2388 439 2415 erit
457 2389 484 2416 in
498 2390 731 2418 conculcationem
744 2411 752 2423 ,
774 2398 802 2419 et

31 2423 142 2460 diripient
156 2437 215 2457 eam
233 2440 330 2460 onmes
348 2434 392 2468 qui
414 2439 554 2462 transeunt
568 2436 638 2463 viam
657 2446 666 2463 ι
680 2445 688 2469 ;
708 2442 735 2464 et
749 2437 773 2453 ³⁸
789 2445 796 2464 :

33 2477 40 2493 ι
56 2469 195 2508 Singularis
213 2476 289 2505 ferus
306 2480 431 2513 depaseet
448 2488 520 2509 eam.
538 2490 547 2508 ι
566 2481 628 2509 llmc
645 2483 763 2517 patietur
777 2484 800 2510 si

32 2522 73 2542 non
93 2522 246 2555 acquieseat
269 2525 380 2553 monitis
401 2526 504 2562 angeli,
523 2528 570 2563 qui
588 2528 641 2555 sibi
662 2530 801 2563 appositus

32 2567 63 2588 ενι
80 2565 109 2592 ad
128 2567 254 2597 salutem.
271 2570 319 2598 Sui
335 2580 452 2607 namque
470 2573 577 2601 arbitrii
593 2579 634 2602 est
650 2575 739 2601 anima
752 2595 759 2608 ,
774 2581 801 2603 et

58 2621 97 2663 τι
113 2624 173 2663 _Cor.
193 2635 242 2659 xit,
262 2628 290 2655 2.
344 2630 461 2657 “Matth.
480 2639 556 2663 xvnt.
574 2631 617 2658 to.

673 2633 697 2648 "
718 2633 802 2667 Apoc.
829 2639 860 2659 ιι.

866 875 946 903 Vides
966 876 1102 910 quomodo
1118 883 1172 904 non
1190 877 1279 904 solum
1297 876 1393 904 invitat
1407 877 1546 910 volentes,
1562 878 1608 905 sed
1624 883 1652 904 et
1669 882 1676 887 ‘

862 925 1024 948 cunctantes
1043 921 1136 949 trahit.
1155 920 1203 948 Vis
1217 925 1308 949 autem
1324 922 1419 949 audire
1434 922 1571 956 quomodo
1592 927 1650 949 tra-

863 965 910 992 hat
925 965 1008 993 etiam
1024 968 1198 994 cunctantes?
1212 967 1271 996 Non
1284 968 1420 995 concessit
1434 967 1471 995 illi
1485 968 1530 1003 qui
1544 967 1652 995 volebat

864 1012 912 1043 ire,
925 1016 952 1039 et
964 1012 1078 1047 sepelire
1091 1018 1195 1047 patrem
1213 1022 1304 1047 suum,
1322 1022 1371 1041 nec
1386 1014 1502 1049 spatium
1520 1014 1649 1047 temporis

862 1059 944 1091 dedit,
960 1060 1006 1086 sed
1020 1059 1059 1086 ait
1075 1059 1112 1086 illi
1131 1059 1152 1075 ³¹
1173 1067 1179 1086 :
1198 1069 1207 1085 ι
1224 1059 1288 1087 Sine
1303 1065 1424 1087 mortuos
1441 1059 1557 1094 sepelire
1573 1067 1648 1086 mor-

863 1108 923 1130 tuos
937 1111 1017 1137 suos,
1034 1109 1061 1131 tu
1076 1110 1166 1132 autem
1181 1113 1295 1139 sequere
1310 1113 1362 1133 me.
1381 1115 1391 1132 ι
1407 1105 1439 1132 Et
1449 1105 1511 1132 alibi
1523 1105 1587 1132 dicit
1601 1105 1623 1121 ³³
1638 1113 1647 1132 :

864 1158 873 1175 Ι
897 1149 981 1177 Nemo
1004 1151 1113 1178 mittens
1136 1159 1243 1178 manum
1269 1159 1344 1178 suam
1362 1159 1443 1186 sttper
1462 1156 1600 1184 aratrum,
1621 1156 1648 1178 et

862 1199 934 1221 retro
959 1195 1118 1230 respiciens,
1145 1201 1226 1230 aptus
1244 1200 1286 1223 est
1309 1203 1391 1230 regno
1408 1196 1467 1223 Dei.
1495 1204 1504 1221 ι
1526 1196 1603 1229 Quod
1623 1196 1645 1222 si

860 1240 976 1274 amplius
1010 1241 1099 1268 adhuc
1132 1242 1173 1268 vis
1205 1242 1239 1269 de
1276 1242 1326 1269 hoc
1357 1249 1524 1276 cognoscere
1553 1249 1646 1268 saera-

862 1291 965 1319 mento,
981 1288 1121 1314 ostendam
1145 1287 1192 1314 tibi
1213 1288 1246 1314 de
1275 1286 1444 1321 Seripluris,
1471 1286 1542 1321 quod
1564 1286 1646 1313 etiam

861 1333 917 1367 ipse
939 1333 1067 1360 Dominus
1095 1333 1174 1360 Pater
1205 1333 1435 1368 dispensationem
1467 1332 1563 1360 salutis
1597 1340 1647 1359 no-

860 1385 924 1406 stra:
949 1387 1001 1406 non
1024 1379 1149 1414 negligit,
1173 1379 1219 1406 sed
1234 1383 1260 1406 et
1281 1379 1338 1414 ipse
1354 1386 1403 1405 nos
1418 1380 1450 1405 ad
1465 1377 1578 1405 salutem
1594 1384 1646 1404 non

859 1424 945 1451 solum
963 1430 1058 1457 vocat,
1074 1424 1120 1452 sed
1135 1429 1162 1451 et
1184 1424 1328 1459 pertraltit.
1354 1424 1400 1451 Sic
1424 1423 1496 1450 enim
1517 1422 1648 1450 Dominus

859 1472 925 1498 dicit
956 1472 981 1499 in
1009 1471 1154 1506 Evangelio
1181 1472 1203 1487 ³³
1229 1481 1236 1499 ;
1269 1480 1278 1498 ι
1309 1470 1394 1498 Nemo
1422 1470 1496 1497 venit
1523 1470 1557 1497 ad
1584 1477 1644 1500 me.

859 1517 937 1554 351
955 1517 1004 1543 nisi
1030 1524 1108 1550 quem
1122 1516 1203 1544 Pater
1221 1523 1297 1544 meus
1321 1516 1439 1543 cmlestis
1459 1514 1611 1543 attraxerit.
1633 1524 1644 1542 li

860 1563 912 1588 Sed
927 1566 954 1588 et
969 1561 1174 1595 paterfamilias,
1191 1561 1237 1596 qui
1253 1561 1437 1588 tnittitservos
1451 1567 1515 1588 suos
1532 1560 1646 1587 invitare

859 1608 962 1634 amicos
974 1608 1007 1634 ad
1018 1608 1123 1642 nuptias
1135 1607 1181 1634 lilii
1193 1607 1245 1640 sui,
1258 1611 1435 1642 posteaquam
1447 1611 1648 1633 excusaverunt

859 1652 896 1679 illi
922 1653 967 1686 qui
991 1653 1096 1688 priores
1121 1653 1228 1680 fuerant
1250 1652 1370 1685 invitati,
1395 1652 1460 1679 dicit
1481 1652 1568 1679 servis
1589 1651 1612 1668 “
1636 1660 1645 1679 τ

862 1710 871 1727 ι
895 1700 975 1727 Exite
990 1699 1023 1726 ad
1039 1700 1097 1727 vias
1111 1705 1139 1726 et
1151 1699 1319 1734 angiportus,
1336 1703 1363 1725 et
1375 1706 1552 1734 quoscunque
1572 1699 1646 1726 inve-

858 1745 966 1777 ueritis,
982 1745 1069 1779 COgite
1085 1744 1208 1772 introire.
1227 1753 1236 1769 ι
1256 1743 1302 1770 Sic
1316 1750 1381 1778 ergo
1407 1751 1459 1771 non
1476 1744 1562 1770 solum
1578 1744 1647 1770 invi-

860 1797 948 1818 tamur
963 1798 978 1818 a
996 1790 1063 1823 Deo,
1082 1791 1128 1818 sed
1151 1796 1181 1817 et
1203 1790 1346 1822 trahimur,
1361 1794 1388 1816 et
1414 1790 1536 1824 cogimur
1554 1789 1588 1816 ad
1601 1797 1647 1816 sa-

857 1839 950 1865 lutem.
966 1838 1019 1865 Sed
1034 1844 1084 1864 nec
1097 1841 1207 1864 sanctus
1221 1838 1328 1872 quidem
1343 1838 1454 1872 spiritus
1471 1839 1497 1864 in
1516 1838 1644 1873 hujusce—

857 1884 928 1911 modi
952 1882 1200 1918 dispensationibus
1226 1883 1312 1910 deest.
1340 1883 1398 1917 lpse
1413 1883 1485 1909 enini
1509 1882 1575 1909 dicit
1596 1881 1643 1909 "t

860 1940 868 1957 ι
888 1930 1033 1965 Segregate
1046 1929 1110 1956 mihi
1132 1928 1244 1955 Paulum
1260 1933 1287 1955 et
1309 1928 1462 1955 Barnabam
1475 1927 1501 1954 in
1523 1928 1647 1955 ministe-

858 1977 940 2008 rium,
955 1975 989 2001 ad
1008 1975 1079 2009 quod
1096 1973 1230 2008 assumpsi
1247 1981 1305 2001 eos.
1326 1983 1334 1999 ι
1351 1973 1382 2000 Ει
1399 1973 1497 2000 iterum
1520 1973 1645 2008 prohibet

857 2019 968 2046 Paulum
989 2019 1029 2046 ire
1047 2018 1074 2045 iit
1087 2017 1192 2051 Asiam,
1219 2022 1247 2044 et
1262 2026 1370 2045 rursum
1384 2019 1456 2053 cogit
1472 2025 1536 2045 cum
1563 2018 1603 2045 ire
1616 2018 1642 2045 in

855 2065 1061 2101 Jerosolymam,
1079 2064 1228 2099 praedicens
1243 2064 1278 2097 ei,
1303 2065 1366 2099 quia
1382 2064 1489 2092 vincula
1508 2069 1536 2092 et
1551 2073 1644 2093 carce-

856 2120 900 2140 res
919 2120 980 2139 eum
1007 2111 1044 2138 ibi
1070 2115 1197 2137 maneant
1212 2110 1246 2138 ³⁶.
1275 2110 1351 2144 Quod
1371 2111 1394 2138 si
1421 2110 1510 2145 angeli
1537 2110 1643 2137 Domini

856 2158 1024 2185 circumdant
1040 2157 1067 2184 in
1082 2157 1197 2184 circuitu
1213 2156 1367 2183 titnentium
1382 2164 1454 2190 eum,
1487 2161 1514 2183 ut
1528 2157 1644 2191 eripiant

851 2215 898 2235 eos
914 2214 921 2239 ;
938 2205 959 2232 si
975 2204 1045 2232 Deus
1057 2203 1150 2236 Pater,
1169 2204 1191 2231 si
1213 2203 1309 2237 Filius,
1330 2204 1353 2231 si
1377 2203 1495 2238 Spiritus
1521 2208 1640 2234 sanctus,

851 2262 905 2281 non
923 2252 1009 2280 solum
1035 2251 1180 2278 hortantur
1202 2255 1229 2277 et
1244 2255 1412 2286 provocant,
1429 2250 1477 2278 sed
1491 2255 1519 2277 et
1534 2255 1642 2285 pertra-

851 2299 929 2331 lmnt,
952 2298 1087 2332 quomodo
1112 2304 1165 2324 non
1195 2298 1279 2324 multo
1302 2296 1390 2330 major
1412 2304 1477 2324 cura
1501 2304 1550 2331 pro
1564 2297 1642 2324 nobis

851 2344 953 2380 geritur
972 2343 1006 2371 ad
1021 2344 1148 2376 salutem,
1160 2351 1241 2378 qttam
1255 2343 1288 2370 ab
1302 2343 1470 2370 adversariis
1481 2348 1643 2377 procuretur

853 2392 885 2418 ad
903 2391 1036 2418 mortem?
1051 2389 1113 2417 llaec
1123 2395 1213 2417 autem
1231 2390 1302 2417 dicta
1319 2390 1374 2417 sint
1387 2397 1435 2425 pro
1447 2397 1479 2417 eo
1490 2389 1559 2425 quod
1576 2397 1641 2417 con-

854 2440 975 2464 secratus
990 2440 1032 2463 est
1051 2435 1165 2470 populus
1174 2435 1352 2470 Beelpltegor.

889 2482 916 2508 4.
937 2490 946 2507 ι
966 2481 999 2508 ΕΙ.
1027 2482 1112 2508 iratus
1143 2486 1195 2514 est,
1226 2481 1312 2515 inquit
1342 2480 1376 2512 ³⁷,
1402 2479 1491 2507 furore
1512 2478 1641 2506 Dominus

855 2531 949 2555 contra
968 2527 1060 2558 Israel,
1077 2532 1103 2553 et
1118 2526 1187 2554 dixit
1204 2527 1333 2554 Dominus
1357 2525 1391 2552 ad
1406 2525 1515 2558 Moysen
1531 2533 1539 2552 :
1556 2524 1641 2552 Assu-

855 2582 897 2600 tne
913 2573 1047 2608 principes
1065 2572 1166 2607 populi,
1183 2577 1209 2600 et
1224 2578 1330 2599 ostenta
1349 2572 1408 2599 illos
1422 2571 1535 2598 Domino
1547 2575 1639 2598 contra

909 2632 932 2647 "
944 2631 994 2658 lsa.
1012 2638 1032 2662 ι,
1047 2631 1072 2657 8.
1125 2631 1146 2647 ’⁷
1161 2630 1211 2657 lsa.
1229 2638 1253 2664 ν,
1271 2630 1298 2658 5.
1353 2630 1375 2646 ’⁸
1393 2629 1465 2657 Psal.
1485 2637 1578 2660 Lxxtx,
1596 2628 1639 2656 14.

31 2654 243 2699 :llattthvtn;
253 2654 297 2691 Εὖ.
336 2665 358 2681 ³⁰
576 2654 623 2682 "ﬁ
637 2654 802 2699 Matth-Eni,
894 2667 916 2682 "
1007 2654 1096 2699 ιῖβὶ.
1313 2665 1358 2692 Η.
1385 2654 1408 2681 ’ἶ
1415 2654 1639 2698 -Δῖίιιῖιῖῖὶιιιί

125 2687 182 2728 an;
255 2687 446 2728 κλει-ιιι·
460 2687 510 2718 ην
629 2687 793 2736 ;ι;;··ξ;ϊ;

41 2748 106 2792 2_(‘97_)
116 2752 201 2792 Ἀᾴςιι
213 2756 352 2792 unicuique
366 2763 495 2790 noslrum,
509 2762 562 2786 etc.
577 2758 646 2792 Quid
663 2759 696 2786 de
713 2766 794 2792 ange-

33 2779 353 2826 ιιιἰυίυιπίϋυέόρἰἑιῖὖέ
366 2779 798 2830 's'i't'oii'fg'érfe‘gﬁrmati—iiii}-

849 2758 913 2785 tium
932 2758 1150 2793 Origenianornm
1165 2757 1211 2785 lib.
1231 2765 1263 2790 tt,
1282 2762 1376 2792 quaest.
1396 2758 1423 2792 5,
1448 2766 1521 2785 nunt.
1543 2758 1581 2791 l9,
1594 2757 1639 2791 20,

852 2794 898 2827 eo,
913 2795 958 2828 27,
972 2795 1017 2828 as,
1034 2794 1069 2821 πυ
1081 2799 1107 2821 et
1123 2794 1168 2820 so.
