1903 3052
257 91 309 118 735

259 148 355 180 solerti,
374 153 398 174 et
411 153 549 176 avertetnr
572 149 610 175 ira
633 149 733 176 furoris
760 147 865 174 Domini
881 146 1016 174 abIst‘aeI.
1031 155 1040 171 ι

259 194 356 222 Nescio
375 195 397 222 si
421 195 455 222 de
469 195 512 222 his
535 195 712 226 disserentes,
736 202 787 221 non
811 193 977 221 attendamus
991 194 1042 221 ali-

259 248 328 274 quos
343 249 349 267 :
368 241 413 267 sed
435 245 462 267 et
485 241 506 267 si
522 239 700 271 oﬂ'cndamus,
716 239 827 266 obedire
843 240 928 274 magis
957 244 982 266 et
998 240 1043 266 de-

258 287 361 312 servire
386 290 491 320 oportet
513 286 595 312 verbo
613 285 732 316 Domini,
749 292 829 319 quam
846 286 939 319 gratia:
956 285 1040 311 homi-

258 339 333 358 num.
349 331 576 363 Peccavitlsrael,
590 336 617 358 et
635 331 703 358 dixit
723 331 853 359 Dominus
870 332 903 358 ad
922 331 1042 366 Moysen,

256 381 285 403 ut
297 381 416 404 assumat
433 385 529 405 omnes
543 378 691 412 principes,
710 383 737 404 ct
751 383 871 405 ostentet
883 386 931 405 eos
952 379 1043 406 Domi-

256 433 290 452 no
302 432 395 452 contra
411 426 507 453 solem.
519 426 638 460 Populus
652 430 755 460 peccat,
767 431 791 453 et
808 427 944 460 principes
953 430 1044 453 osten-

256 478 347 500 tantur
363 478 458 500 contra
472 473 567 500 solent.
593 474 673 501 Iidem
697 474 730 501 ad
745 475 954 501 examinandum
982 482 1044 509 pro-

256 519 402 548 ducuntur.
422 524 451 545 ιιι
463 525 614 554 arguantur
629 527 643 546 a
661 520 733 547 luce.
754 519 837 547 Vides
849 528 909 554 qua:
925 520 961 547 sit
979 528 1044 547 con-

256 564 324 590 ditio
341 565 491 598 principum
516 565 602 599 populi
624 574 629 591 :
647 573 702 592 non
728 566 815 592 Solum
840 574 889 600 pro
903 566 961 592 suis
981 573 1045 599 ιιι-οη

256 609 323 643 priis
339 615 489 643 arguuntur
504 610 621 642 delictis,
637 610 684 637 sed
708 614 735 636 et
748 618 797 644 pro
814 611 904 644 populi
927 611 1045 644 peccatis

256 659 393 688 coguntur
405 656 520 683 reddere
548 656 691 689 rationem,
717 664 749 683 ne
770 657 888 690 ipsorum
914 657 950 684 sit
964 656 1042 690 culpa

257 701 327 735 quod
353 702 466 736 populus
484 702 615 736 deliquit,
639 710 672 729 ne
698 702 768 729 forte
795 711 846 729 non
878 703 1043 735 momterinl,

257 753 344 780 neque
358 747 467 774 solliciti
482 747 583 774 fuerint
595 755 709 782 arguere
721 756 767 775 eos
780 749 825 783 qui
840 749 944 775 initium
958 748 1044 782 culpa:

257 791 393 826 dederint,
409 793 445 819 uti
470 801 503 819 ne
523 793 648 827 contagio
664 793 869 828 dispergeretur
893 793 919 819 itt
941 793 1041 828 plures.

258 836 321 864 II;cc
336 839 407 865 enim
421 839 511 865 omnia
527 838 617 866 facere
631 839 800 874 principibus
818 840 939 866 imminet
953 844 981 866 et
996 839 1044 866 do-

257 883 389 909 ctoribus.
405 882 433 910 Si
453 884 526 910 enim
543 883 595 911 illis
609 884 666 911 lucc
684 893 736 911 non
754 885 906 919 agentibus,
923 892 972 911 nec
989 884 1045 912 sol-

258 926 426 954 licitudinem
443 930 597 963 gerentibus
612 930 686 956 circa
702 930 806 964 plebem
820 920 977 964 peccaverit
998 939 1045 964 po-

257 973 346 1008 pulus,
369 975 419 1009 Ipsi
435 979 618 1008 ostentantur,
631 981 658 1003 et
673 976 722 1010 ipsi
743 977 775 1002 ad
793 976 923 1011 judicium
947 977 1045 1011 produ-

257 1022 367 1046 cuntur.
390 1020 486 1054 Arguit
509 1021 579 1046 enim
606 1029 652 1048 eos
677 1020 794 1056 Moyses,
821 1021 845 1048 id
860 1021 958 1048 cstlex
987 1022 1044 1054 Dei,

256 1063 329 1091 velut
346 1065 510 1100 negligentes
525 1072 550 1093 et
568 1067 686 1098 desides,
704 1072 731 1094 et
749 1068 774 1094 in
806 1067 878 1102 ipsos
903 1073 1044 1095 converte-

257 1114 302 1135 tnr
318 1109 459 1137 iracundia
476 1111 533 1145 Dei,
547 1116 574 1139 et
589 1112 709 1139 cessabit
725 1120 739 1138 a
756 1113 864 1146 populo.
883 1112 944 1139 llaec
959 1114 980 1139 si
999 1120 1044 1139 co-

256 1155 375 1189 gitarent
390 1157 525 1191 homines,
544 1166 680 1192 nunquam
695 1164 836 1193 cuperent,
849 1167 897 1187 ncc
910 1159 1045 1186 ambirent

256 1201 290 1227 ad
304 1202 394 1236 populi
412 1203 604 1237 principatum.
616 1203 720 1230 SuIIicit
739 1204 810 1231 enim
832 1204 896 1230 tnihi
914 1212 964 1238 pro
978 1204 1046 1230 uicis

255 1250 376 1284 propriis
396 1251 473 1285 argui
488 1251 605 1282 delictis,
624 1251 722 1278 sufﬁcit
737 1252 802 1278 mihi
822 1260 870 1285 pro
885 1252 1045 1286 memetipso

256 1300 285 1321 et
297 1296 415 1329 peccatis
431 1296 498 1322 meis
513 1297 625 1323 reddere
652 1297 796 1324 rationem.
815 1297 884 1330 Quid
906 1297 972 1324 mihi
997 1304 1043 1324 ne-

257 1347 333 1366 cesse
356 1346 398 1366 est
416 1341 497 1367 etiam
523 1349 571 1376 pro
594 1342 684 1376 populi
710 1343 829 1376 peccatis
849 1343 993 1376 ostentari,
1019 1347 1045 1369 ct

256 1386 387 1412 ostentari
415 1392 509 1413 contra
543 1387 639 1419 solem,
667 1394 728 1415 aute
753 1396 833 1422 quem
862 1388 928 1415 nihil
956 1394 1043 1422 potest

255 1431 397 1462 abscondi,
413 1431 479 1457 nihil
497 1432 654 1459 obscurari?
680 1432 732 1460 Sed
757 1433 882 1461 fortassis
905 1435 985 1461 etiam
1009 1435 1044 1461 sit

996 82 1158 113 OIIIGENIS
1830 73 1875 99 735

1058 147 1079 173 Α
1095 141 1140 168 alii
1156 139 1225 167 idolo
1245 147 1293 174 pro
1308 137 1437 172 qualitate
1454 135 1558 162 scilicet
1588 131 1718 168 peccandi
1740 137 1876 157 conscen-

1095 194 1149 213 rer.
1170 185 1245 218 Quod
1264 185 1286 211 si
1302 184 1427 218 princeps
1439 188 1514 208 meus
1531 178 1668 215 (angelum
1681 177 1743 204 dico
1756 175 1804 210 qui
1816 175 1876 201 mihi

1093 239 1136 261 est
1148 231 1334 267 consignatus)
1349 239 1401 258 non
1417 230 1513 259 defuit,
1527 228 1575 255 sed
1599 225 1769 253 commonuit
1787 224 1820 251 de
1834 224 1877 250 bo-

1095 279 1146 306 nis.
1162 283 1188 305 et
1201 278 1307 305 loculus
1321 281 1363 304 est
1387 276 1413 302 in
1428 275 1509 302 corde
1531 280 1591 300 meo
1615 273 1642 299 in
1658 279 1692 298 eo
1708 270 1841 297 duntaxat
1855 269 1876 294 in

1093 332 1148 358 quo
1161 331 1204 350 me
1218 322 1382 350 conscientia
1401 321 1547 348 revocabat
1570 326 1584 345 a
1611 321 1738 351 peccato,
1761 315 1811 342 sed
1834 321 1877 347 ego

1095 370 1257 404 contemptis
1277 369 1335 402 ejus
1350 367 1471 398 monitis,
1486 371 1513 393 et
1533 370 1625 399 spreto
1647 362 1827 390 conscientia
1841 368 1878 386 re-

1096 414 1212 442 tinaculo
1234 421 1353 449 praeceps
1373 413 1399 439 in
1424 417 1533 448 peccata
1559 410 1651 445 prortti
1666 429 1674 441 ,
1700 407 1877 442 duplicabitur

1096 460 1161 486 tnilti
1177 465 1267 493 pmna,
1284 459 1326 485 vel
1352 466 1400 493 pro
1416 463 1573 492 contemptu
1599 455 1752 484 monitoris.
1779 453 1822 480 vel
1832 461 1877 486 pro

1096 505 1218 531 facinore
1234 504 1383 531 commissi.
1404 504 1458 531 Nec
1469 503 1578 530 mireris
1592 509 1658 529 sane
1673 501 1695 527 si
1716 499 1827 534 angelos
1841 498 1877 525 di-

1094 551 1179 578 cimus
1203 551 1295 578 venire
1323 559 1385 577 cum
1407 549 1561 577 hominibus
1590 549 1623 575 ad
1649 547 1796 582 judicium,
1821 552 1875 571 cum

1096 597 1236 631 Scriptura
1261 597 1333 623 dicat
1347 597 1379 628 '9,
1412 596 1475 631 quia
1493 604 1502 620 ι
1521 594 1578 629 ipse
1605 593 1739 621 Dominus
1763 592 1797 618 ad
1811 590 1876 625 judi-

1095 645 1166 671 cium
1181 644 1271 670 veniet
1294 651 1354 670 cum
1371 643 1527 670 senioribus
1542 641 1631 676 populi
1651 645 1679 668 et
1701 647 1763 667 emn
1780 639 1875 673 princi-

1095 691 1173 726 pibus
1185 689 1253 724 cjus.
1274 699 1283 716 ι
1307 689 1489 717 Ostentantur
1513 695 1579 722 ergo
1596 686 1743 721 principes,
1767 690 1797 712 et
1815 685 1837 710 si
1853 684 1875 709 iu

1095 739 1147 766 illis
1162 737 1240 771 culpa
1257 740 1308 769 est,
1326 735 1425 762 desiuit
1437 735 1475 761 ira
1488 734 1533 761 Dei
1548 741 1563 760 a
1584 732 1692 768 populo.
1707 731 1794 758 Debet
1806 730 1877 756 nobis

1097 789 1123 811 et
1136 783 1225 810 acrior
1238 789 1298 811 esse
1309 780 1461 808 sollicitudo
1472 784 1579 806 actuum
1610 782 1777 808 nostrorum,
1798 775 1877 802 scien-

1098 830 1169 856 tibus
1183 829 1254 864 qnod
1281 835 1336 855 non
1353 827 1439 854 solum
1457 833 1506 852 nos
1528 829 1592 851 ante
1613 822 1732 850 tribnual
1761 821 1809 848 Dei
1834 827 1878 854 pro

1096 877 1202 904 aclibus
1226 875 1326 902 nostris
1347 873 1490 903 stabimus,
1513 870 1561 898 sed
1579 869 1666 904 angeli
1689 876 1740 903 pro
1755 868 1835 894 nobis
1847 868 1877 892 ad

1093 922 1226 957 judicium
1258 921 1428 947 deducentur
1452 923 1578 952 tanquam
1604 916 1742 950 principes
1754 914 1878 963 et.duces

1097 970 1193 995 nostri.
1207 967 1351 1001 Propterea
1367 965 1438 993 enim
1454 969 1481 991 et
1496 963 1636 997 Scriptura
1651 961 1717 988 dicit
1732 959 1755 975 “
1768 959 1797 984 εἲ
1812 959 1876 984 Obc-

1096 1015 1152 1041 dite
1163 1013 1316 1048 praepositis
1332 1011 1443 1041 vestris,
1461 1014 1488 1037 et
1500 1009 1688 1042 obtemperate
1703 1006 1745 1032 eis
1757 1006 1784 1031 in
1798 1004 1879 1031 omni—

1097 1061 1156 1086 bus.
1170 1058 1221 1093 Ipsi
1238 1058 1308 1084 enim
1328 1056 1490 1092 pervigilant
1502 1054 1581 1089 quasi
1603 1053 1737 1080 rationem
1767 1058 1817 1085 pro
1831 1049 1878 1075 ani-

1096 1105 1191 1132 mabus
1206 1105 1302 1132 vestris
1315 1102 1455 1130 reddituri.
1473 1111 1482 1127 ι

1130 1162 1157 1189 5.
1179 1161 1242 1188 Post
1259 1161 1316 1187 hate
1329 1159 1454 1191 refertur,
1472 1157 1533 1192 quia
1550 1164 1610 1184 cum
1628 1156 1743 1182 vidisset
1770 1153 1878 1180 Phinecs

1097 1209 1169 1236 filius
1198 1207 1310 1234 Eleazar
1350 1206 1396 1232 filii
1426 1205 1515 1231 Aaron
1546 1202 1696 1230 sacerdotis
1731 1200 1878 1227 Israelitem

1096 1253 1240 1287 quemdam
1267 1250 1396 1278 introisse
1420 1249 1452 1276 ad
1483 1248 1623 1275 tnuliercm
1659 1244 1877 1273 Madianitidem,

1096 1304 1173 1333 rapto
1188 1298 1330 1326 siromaste
1353 1297 1379 1323 in
1401 1303 1480 1322 manu
1497 1303 1556 1326 sua,
1577 1294 1714 1328 ingressus
1738 1291 1879 1325 sitpmsti-

1095 1344 1199 1376 bulum,
1223 1349 1251 1370 et
1270 1348 1413 1376 utrumque
1428 1349 1475 1376 per
1499 1341 1555 1374 ipsa
1583 1338 1707 1372 pudenda
1726 1337 1878 1364 transfode-

1098 1390 1132 1416 rit
1144 1389 1210 1425 (99).
1234 1398 1243 1414 ι
1277 1388 1308 1414 Ει
1331 1394 1379 1421 pro
1394 1387 1455 1418 hoc,
1470 1385 1556 1418 inquit
1572 1384 1606 1415 “,
1619 1383 1685 1410 dixit
1705 1382 1837 1409 Dominus
1850 1381 1879 1406 ad

1096 1434 1205 1469 Moysen
1220 1443 1227 1459 :
1242 1433 1358 1460 Phiuees
1370 1432 1439 1458 filius
1458 1431 1570 1458 Eleazar
1582 1429 1628 1456 ﬁlii
1643 1429 1736 1455 Aaron
1754 1427 1879 1454 sacerdo-

256 1476 354 1510 aliquis
371 1477 396 1503 in
416 1477 467 1505 hoc
488 1485 604 1504 arcanus
625 1483 651 1504 et
675 1479 831 1506 recunditus
858 1486 969 1511 sensus,
997 1480 1041 1514 qui

1097 1482 1129 1508 tis
1142 1480 1246 1508 sedavit
1263 1479 1430 1506 iracundiam
1451 1486 1549 1504 meam.
1569 1486 1577 1502 ι
1595 1475 1656 1502 Ilaec
1684 1474 1880 1502 mdilicaverint

256 1521 315 1555 plus
329 1521 428 1555 aliquid
454 1523 558 1553 doceat.
586 1532 665 1558 quam
687 1524 839 1551 counnunis
868 1525 925 1552 lucc
941 1525 1042 1552 habere

256 1565 364 1593 videtur
381 1567 528 1600 expositio.
556 1567 690 1595 Fortassis
717 1569 789 1595 enim
817 1569 912 1596 referri
939 1575 965 1596 et
990 1570 1042 1597 hoc

255 1617 345 1646 potest
368 1614 401 1639 ad
419 1613 479 1640 illos
495 1614 630 1648 principes
655 1614 756 1649 populi,
782 1615 815 1641 de
837 1615 935 1650 quibus
961 1616 1041 1650 pattlo

255 1659 380 1692 superius
406 1659 533 1686 diximus.
571 1661 685 1688 Venient
711 1661 782 1688 enim
811 1661 898 1696 angeli
915 1662 948 1688 ad
967 1662 1041 1696 judi—

255 1703 328 1730 t-iuut
345 1704 400 1739 (98)
415 1705 564 1737 nobiscum,
580 1711 606 1732 et
622 1707 732 1733 stabunt
750 1714 798 1741 pro
813 1707 891 1734 nobis
918 1712 981 1734 ante
996 1715 1041 1734 so-

256 1748 307 1775 lout
321 1749 442 1782 jUSIIIItD,
460 1758 493 1776 ne
512 1750 580 1778 forte
595 1751 696 1786 aliquid
719 1753 799 1779 etiam
815 1760 847 1779 ex
864 1753 930 1787 ipsis
952 1760 1041 1779 causa:

254 1795 336 1823 fuerit
349 1797 420 1830 quod
432 1804 481 1824 nos
497 1797 670 1832 deliquimus,
683 1806 716 1825 ne
729 1798 798 1825 forte
814 1799 903 1825 minus
915 1806 979 1834 erga
994 1807 1043 1827 nos

253 1843 342 1876 operis
357 1849 383 1870 et
399 1843 500 1871 laboris
527 1845 717 1878 expemlerint,
742 1852 795 1879 quo
817 1852 865 1872 nos
882 1853 896 1872 a
912 1851 1040 1879 peccato-

254 1896 313 1914 rtntt
331 1889 390 1916 labe
403 1891 568 1917 revocarint.
584 1890 641 1920 Nisi
660 1891 731 1917 enim
748 1895 820 1918 esset
838 1891 920 1917 etiatn
936 1892 1039 1926 aliquid

253 1934 280 1961 in
296 1935 360 1968 ipsis
374 1937 445 1970 quod
459 1937 484 1963 in
507 1945 587 1963 cau~a
609 1937 694 1964 nostri
710 1937 872 1971 culpandum
893 1938 1041 1970 videretur,

255 1989 392 2015 nunquam
411 1982 514 2008 diceret
526 1989 617 2009 sermo
629 1983 776 2016 Scriptura;
788 1982 811 1997 "
823 1983 856 2008 ad
868 1982 993 2016 angelum
1010 1983 1043 2009 il-

255 2027 316 2058 lius,
333 2027 374 2054 vel
386 2028 456 2055 illius
471 2028 609 2060 Ecclesiae,
629 2029 691 2063 quia
720 2029 815 2060 habes,
847 2028 922 2055 verbi
942 2029 1040 2062 gratia,

254 2073 386 2104 quosdam
402 2079 525 2102 tenentes
541 2075 694 2102 doctrinam
719 2075 837 2108 Balaam,
860 2075 902 2102 vel
918 2074 981 2109 quia
996 2075 1042 2102 de-

255 2119 387 2152 rt-liquisti
406 2120 569 2146 cbaritatcm
598 2125 670 2147 tuam
698 2121 852 2155 pristinam,
879 2121 921 2148 vel
938 2122 1040 2155 patien-

255 2166 318 2191 tiam
336 2169 419 2198 tuam,
441 2165 481 2192 \eI
498 2166 549 2192 alia
580 2166 742 2199 hojustnodi,
771 2175 830 2201 (pne
842 2166 899 2201 jam
914 2168 1038 2201 superius

254 2213 472 2244 tnetnoravitmts,
491 2221 540 2246 pro
573 2215 670 2248 quibus
699 2215 725 2241 in
754 2215 916 2251 Apocalypsi
949 2215 1037 2250 angeli

254 2258 465 2293 uniuscujusque
481 2258 607 2286 Ecclesim
621 2260 777 2294 culpantur.
794 2260 822 2287 Si
848 2261 919 2287 enim
934 2268 1039 2288 merce-

252 2305 313 2332 dettt
326 2311 416 2340 sperat
433 2305 554 2340 angelus,
571 2306 643 2332 verbi
662 2307 759 2340 gratia,
774 2307 818 2341 qui
837 2314 878 2334 me
895 2308 1039 2342 consigna-

253 2357 310 2377 tum
327 2351 433 2386 accepit
451 2360 465 2378 ιι
483 2351 546 2383 Deo,
563 2359 612 2386 pro
624 2352 656 2379 iis
670 2360 730 2386 qua:
744 2352 811 2379 bene
836 2353 918 2387 gessi,
934 2358 1038 2380 certum

251 2405 293 2426 est
309 2399 373 2433 quia
388 2403 415 2425 et
430 2398 532 2433 culpari
547 2399 667 2433 sperabit
680 2406 728 2433 pro
744 2399 794 2430 eis,
821 2407 880 2433 qua:
898 2407 912 2425 a
930 2407 971 2426 me
989 2407 1041 2426 non

252 2445 322 2472 bene
333 2449 407 2480 gesta
424 2450 499 2471 sttut.
515 2444 546 2471 Et
566 2445 627 2471 ideo
648 2445 778 2471 ostentari
806 2445 934 2471 dicttntur
949 2449 1042 2472 contra

251 2492 347 2524 solem,
368 2492 461 2526 procul
489 2491 570 2518 dubio
597 2495 626 2516 ut
652 2494 781 2525 appareat
805 2495 894 2516 utrttnt
917 2499 966 2525 pro
982 2498 1039 2517 mea

224 2558 226 2568 ι
252 2537 447 2567 inobedientia.
477 2544 510 2563 an
541 2544 588 2571 per
612 2536 683 2563 illius
709 2536 901 2571 negligentiam
928 2541 1037 2571 peccata

251 2583 395 2610 commissa
409 2582 473 2616 sint,
498 2591 546 2617 pcr
567 2591 626 2618 qua:
651 2582 828 2617 Beclphegor,
854 2583 910 2609 sive
926 2583 1036 2609 cuilibet

289 2651 310 2666 ’⁸
326 2653 410 2685 Apoc.
425 2658 454 2679 tt.
494 2651 515 2667 ³⁸
535 2651 598 2678 Isai.
617 2660 658 2684 ιιι,
679 2650 719 2679 Η.

291 2724 346 2764 (98)
367 2727 473 2764 Veniant
497 2729 564 2754 cnim
592 2729 677 2763 angeli
692 2731 726 2755 (ul
744 2730 950 2764 judicitun,elc.
972 2729 1038 2756 Vide

257 2759 378 2822 Il‘tullt’iutn
401 2759 688 2796 υνὲσεηιιιηοιηιιιιἸὼ.
705 2759 846 2799 ιι,ἰμι;υεί.
868 2759 895 2797 5,
916 2765 990 2792 nitttt.
1008 2763 1039 2791 19

257 2803 270 2821 c
295 2803 311 2821 ι
332 2815 339 2822 .

255 2803 282 2821 οι
295 2803 339 2822 ’Ζυ-

758 2651 781 2667 ¹⁸⁶
801 2651 882 2679 Ichr.
905 2659 964 2685 ιιιιι⁷
989 2650 1033 2683 Π,
1054 2649 1096 2677 I8.

1095 1528 1211 1562 priorem
1228 1526 1374 1561 populum:
1391 1525 1438 1551 tibi
1453 1528 1542 1550 autem
1559 1522 1604 1556 qui
1620 1530 1634 1548 a
1646 1521 1760 1548 Christo
1777 1521 1880 1547 redemo

1094 1578 1156 1606 ptns
1170 1580 1211 1603 es,
1227 1577 1254 1599 et
1264 1572 1307 1598 cui
1321 1571 1402 1606 352
1421 1571 1454 1597 de
1472 1569 1597 1596 manibus
1612 1568 1718 1604 gladius
1734 1565 1879 1601 corporalis

1095 1619 1199 1646 ablatus
1223 1622 1275 1649 est,
1303 1623 1329 1644 et
1358 1618 1436 1644 datus
1451 1621 1490 1643 est
1514 1616 1621 1650 gladius
1636 1614 1764 1648 spiritus,
1793 1613 1880 1647 arripe

1094 1664 1165 1691 hunc
1180 1664 1299 1699 gladium
1317 1672 1322 1689 :
1336 1667 1363 1689 et
1376 1662 1397 1688 si
1411 1661 1485 1688 vides
1500 1660 1680 1687 Israeliticum
1695 1666 1809 1685 sensum
1824 1665 1880 1685 cum

1093 1710 1275 1738 Madianiticis
1287 1714 1450 1737 scortantem
1472 1707 1670 1737 meretricibus,
1699 1705 1724 1732 id
1758 1711 1801 1731 cst
1825 1712 1879 1732 cum

1093 1757 1235 1784 diabolicis
1250 1764 1279 1783 se
1291 1754 1503 1789 cogitationibus
1527 1753 1703 1784 volutantem,
1734 1752 1799 1778 nolo
1825 1759 1882 1786 par-

1093 1810 1150 1834 cas,
1176 1802 1237 1828 nolo
1263 1800 1428 1832 dissimules,
1461 1799 1509 1826 sed
1533 1798 1624 1825 statim
1649 1802 1776 1831 percute,
1791 1797 1881 1823 statim

1094 1849 1208 1883 perime.
1227 1848 1311 1882 Ipsam
1328 1853 1437 1881 quoque
1453 1845 1573 1876 vulvam,
1587 1843 1612 1871 id
1625 1848 1668 1871 est
1687 1847 1796 1870 secreta
1810 1849 1882 1869 natu-

1094 1900 1132 1919 ra:
1144 1893 1294 1919 discutiens
1310 1897 1337 1918 et
1355 1894 1510 1925 penetrans,
1537 1889 1613 1916 illttm
1638 1889 1727 1922 ipsum
1753 1887 1881 1922 peccandi

1094 1939 1215 1965 fomitem
1235 1939 1341 1969 deseca,
1361 1944 1393 1964 ne
1407 1935 1474 1962 ultra
1489 1935 1636 1969 concipiat,
1654 1942 1688 1961 ne
1703 1933 1776 1960 ultra
1802 1941 1881 1968 gene-

1094 1989 1145 2016 ret,
1160 1989 1186 2012 et
1200 1984 1340 2011 maledicta
1353 1987 1524 2017 peccatorum
1541 1981 1649 2008 soboles
1666 1980 1822 2007 Israelitica
1840 1987 1881 2005 ca-

1093 2035 1148 2057 stra
1165 2029 1342 2056 contaminet.
1368 2028 1424 2055 IIoc
1437 2027 1510 2054 enim
1525 2027 1546 2053 si
1565 2026 1659 2057 facias,
1681 2026 1818 2052 contimto
1844 2032 1882 2051 sc-

1093 2075 1169 2103 dabis
1182 2073 1350 2101 iracundiam
1368 2073 1492 2099 Domini:
1517 2070 1670 2106 praeveniin
1689 2070 1766 2097 enim
1791 2069 1881 2103 iudicii

1093 2121 1175 2152 dietn,
1193 2127 1253 2154 qua!
1268 2120 1325 2146 dies
1338 2119 1384 2145 ine
1399 2119 1497 2145 dicitur
1509 2123 1534 2144 et
1549 2117 1659 2147 furoris,
1673 2119 1701 2141 et
1717 2116 1881 2142 extermina-

1057 2158 1080 2188 Ῑ)
1093 2172 1120 2194 ιο
1141 2175 1155 2193 a
1171 2171 1196 2194 te
1212 2166 1303 2193 fomite
1316 2165 1430 2200 peccati,
1447 2165 1491 2198 qui
1505 2171 1576 2190 nunc
1597 2162 1675 2189 vulva
1695 2161 1882 2188 Madianitidis

1093 2213 1215 2240 mulieris
1230 2211 1389 2246 appellatur,
1406 2217 1518 2237 securos
1535 2208 1628 2235 venies
1641 2208 1674 2234 ad
1686 2207 1790 2241 judtcii
1803 2207 1879 2234 diem.

1094 2259 1127 2286 Et
1142 2259 1202 2286 ideo
1228 2261 1371 2292 surgentes
1390 2263 1510 2288 oremus,
1526 2260 1555 2280 ut
1571 2253 1744 2280 inveniamus
1762 2258 1881 2287 paratum

1094 2312 1200 2338 semper
1214 2303 1295 2330 istum
1311 2301 1428 2336 gladium
1448 2300 1570 2335 spiritus,
1600 2306 1648 2333 per
1661 2305 1745 2332 quem
1759 2296 1882 2324 extermi-

1095 2355 1195 2376 tteutur
1219 2353 1244 2375 et
1257 2348 1359 2375 semina
1386 2347 1454 2380 ipsa,
1485 2350 1511 2372 et
1540 2344 1734 2378 conceptacula
1760 2348 1881 2378 peccato—

1096 2403 1167 2426 rtun,
1186 2401 1217 2421 ac
1245 2393 1377 2428 propitius
1394 2392 1441 2418 fiat
1464 2390 1542 2417 ttobis
1556 2390 1628 2417 Deus
1645 2398 1693 2424 per
1716 2398 1813 2416 verum
1829 2388 1882 2415 Phi-

1094 2449 1159 2468 uees
1186 2442 1273 2475 ipsum
1308 2440 1449 2467 Demittunt
1474 2444 1595 2465 nostrutn
1623 2436 1718 2464 Jesum
1733 2437 1880 2465 Christum,

1091 2489 1132 2514 cui
1154 2492 1196 2513 cst
1222 2486 1307 2521 gloria
1327 2491 1354 2512 et
1379 2485 1523 2520 impcritnn
1546 2484 1573 2510 in
1587 2482 1686 2510 saecula
1710 2481 1880 2509 saeculorum.

1089 2536 1186 2561 Amen.

1136 2648 1158 2664 “
1182 2647 1261 2674 Num.
1281 2653 1343 2679 xxv,
1368 2646 1399 2672 I0
1433 2646 1472 2672 Il.

1128 2727 1185 2761 (99)
1199 2726 1343 2760 Utrumque
1358 2733 1402 2757 per
1413 2724 1468 2756 ipso
1481 2722 1606 2761 pudenda_
1616 2722 1805 2761 tt'qnsfoalrril.
1821 2718 1883 2746 Vide

1093 2756 1280 2821 supra'tltota'tn
1295 2756 1328 2788 ad
1347 2756 1462 2787 humilia:
1479 2766 1573 2793 [II'IIIILB
1597 2758 1624 2783 in
1648 2756 1774 2784 Gcttcsim
1791 2761 1881 2782 Inund-

1093 2806 1151 2825 rum
1170 2797 1178 2823 Ι
1203 2815 1210 2822 .
