1903 3052
31 172 90 199 737

325 225 462 253 Il(l.\lII.l.-\
486 224 558 253 XXI.

116 275 156 302 De
168 282 200 301 eo
213 273 284 308 quod
298 274 413 299 secundo
425 271 537 306 populus
552 274 704 297 numeratus
716 276 763 297 est.

73 322 104 349 Ι.
124 320 240 348 Numeri
265 324 408 353 suntquos
427 317 542 351 legimus
568 316 655 353 (Uzet
668 316 761 351 priore
776 317 838 351 qni-

35 370 103 396 dem
129 367 248 395 lectione
274 370 395 400 tentpore
421 364 524 391 exclusi
557 371 660 391 smnus.
687 370 720 389 nc
734 362 838 397 aliquid

35 416 126 443 etiam
151 414 187 441 de
207 412 328 440 secunda
352 409 572 437 dinumeratione
595 409 761 441 diceremus,
791 410 838 435 sed

34 460 216 488 conveniens
239 463 281 487 est
300 457 398 484 omissa
418 456 459 483 vel
481 457 591 484 exclusa
616 464 689 483 nunc
711 455 837 483 reddere.

36 507 129 542 Igitur
146 513 196 540 per
210 507 373 538 prmceptum
391 501 497 529 Domini
512 501 601 535 primo
623 507 782 528 nunteratus
797 506 839 528 est

35 551 176 587 populus,
193 551 239 577 sed
253 549 380 584 quoniam
394 547 444 579 illi,
461 548 507 581 qui
521 547 609 580 primo
623 547 732 574 fuerant
747 548 837 580 asciti,

37 599 207 626 ceciderunt
224 602 334 632 propter
347 596 580 631 perseverantiam
595 593 766 624 delictorum,
791 601 835 621 se-

36 645 155 672 cundus
171 651 242 670 nunc
257 643 380 678 populus,
395 642 441 677 qui
467 642 493 668 itt
510 641 646 675 lapsorunt
663 641 750 668 locum
767 640 839 667 redi-

38 691 100 717 viva
119 689 303 725 generatione
322 687 465 719 successit,
490 692 602 713 vocatur
618 687 650 713 ad
681 693 839 717 numerum,

38 743 63 765 et
83 737 166 772 quod
181 737 215 762 de
230 735 281 761 illis
300 734 437 768 prioribus
450 733 552 760 dictttm
568 739 622 759 non
636 732 736 764 fuerat,
751 732 783 759 de
805 733 838 759 iis

38 784 158 811 dicitur.
177 781 271 809 Postea
285 781 354 808 enim
369 788 449 815 qualn
465 787 513 814 per
532 779 619 805 tribus
635 783 661 805 et
678 778 778 812 plebes,
791 779 839 804 do—

40 837 175 864 mosque,
193 836 226 855 ae
251 826 368 854 familias
394 825 521 853 collectus
543 830 585 852 est
616 832 756 855 numerus.
774 824 840 851 dicit

40 875 181 903 Dominus
197 873 230 900 ad
244 873 352 908 Moysen
374 871 408 887 ""
423 881 429 898 :
449 881 458 896 ι
475 871 509 898 iis
525 870 702 898 distribnetnr
724 875 795 897 terra
813 870 839 896 in

37 925 162 952 sortem,
180 927 214 946 ex
234 925 346 945 numero
371 916 520 944 nominum.
541 915 666 942 Pluribus
687 915 765 950 plura
793 915 839 942 da-

39 966 145 993 buntur
163 965 191 992 in
207 968 319 996 sortem,
336 966 365 989 et
379 961 486 996 exiguis
505 960 633 996 exiguam
658 961 737 988 dabis
751 962 840 988 lucre-

40 1014 176 1040 ditatem.
196 1022 206 1037 ι
224 1010 251 1038 Si
268 1011 302 1037 de
320 1008 456 1044 prioribus
470 1008 574 1034 dictutn
590 1006 698 1039 fuisset,
726 1007 790 1041 qttia
806 1007 839 1033 iis

42 1059 227 1086 distribuetur
243 1062 314 1084 terra
333 1056 360 1082 in
378 1054 603 1086 sortem,falsum
621 1054 714 1088 utique
730 1053 837 1086 fuisset,

41 1107 104 1140 quia
119 1104 286 1132 ceciderunt
300 1102 336 1129 illi
358 1101 385 1128 in
403 1101 513 1128 deserto
531 1104 643 1134 propter
659 1099 756 1127 delicta
777 1107 838 1127 sua.

43 1152 120 1186 Quod
135 1158 206 1185 ergo
224 1149 320 1184 primis
341 1156 391 1175 non
406 1152 448 1174 est
472 1147 586 1178 dictum,
612 1146 758 1181 postremis
772 1146 840 1172 dici-

45 1203 97 1229 tur,
121 1196 226 1230 quibus
243 1198 269 1220 et
286 1197 381 1220 cuncta
412 1200 473 1227 qure
497 1191 702 1226 promittuntur,
730 1191 840 1225 impleta

44 1247 118 1271 sunt.
137 1242 205 1269 Haec
227 1246 317 1267 autem
333 1239 395 1266 nolo
421 1243 500 1273 putes
520 1238 605 1265 solius
630 1237 751 1265 historiae
767 1242 839 1264 textu

45 1289 184 1316 concludi.
217 1286 340 1323 Mysteria
371 1290 507 1320 suntqu
532 1292 580 1319 per
607 1284 673 1319 legis
692 1284 839 1318 imaginem

46 1336 272 1363 conscribuntur.
286 1334 456 1369 Reprohatur
470 1332 543 1359 enim
564 1331 638 1364 prior
654 1330 779 1364 populus,
793 1330 839 1365 qui

45 1384 127 1411 estin
155 1381 369 1410 cireuntt'isione
398 1387 403 1403 :
433 1384 460 1406 et
484 1377 666 1405 introducitur
690 1377 838 1410 secundus,

45 1429 89 1464 qui
107 1432 292 1463 congregatur
309 1433 341 1453 ex
355 1425 490 1459 gentibus,
521 1428 548 1450 et
565 1424 621 1457 ipse
633 1426 675 1450 est
693 1423 738 1457 qui
752 1423 839 1450 luere—

46 1475 161 1501 ditatem
174 1472 353 1506 consequilur
368 1476 521 1505 paternant.
545 1470 574 1495 Et
592 1478 605 1495 a
625 1476 680 1502 quo
695 1469 840 1502 consequi-

47 1520 110 1548 tur?
135 1519 198 1547 Non
223 1518 256 1545 ab
279 1518 380 1553 Moyse,
413 1516 460 1543 sed
486 1515 519 1542 ab
542 1515 616 1542 .lesu.
645 1514 711 1540 Nam
736 1514 840 1549 Moyses

47 1569 130 1595 etiam
146 1567 169 1594 si
189 1566 235 1592 dat
254 1564 389 1598 aliquibus
411 1563 609 1592 haereditatent,
636 1569 688 1588 non
703 1562 748 1587 dat
769 1561 838 1587 intra

47 1613 211 1643 Iordanem,
225 1618 274 1637 nec
292 1609 388 1636 transit
402 1608 514 1635 omnino
527 1606 686 1638 Jordancnt,
701 1608 747 1633 sed
763 1611 840 1633 extra

47 1659 197 1686 Iordanem
213 1657 258 1683 dat
276 1661 387 1686 terram,
403 1662 455 1681 non
471 1653 598 1679 ﬂuetttem
615 1653 685 1680 lacte
709 1658 735 1679 ct
751 1653 839 1686 melle,

49 1706 93 1732 sed
111 1704 260 1740 pecoribus
281 1707 381 1737 aptant,
407 1705 434 1727 ct
449 1705 521 1727 mnta
540 1700 680 1731 animalia,
708 1705 789 1734 atque
805 1699 842 1726 ir-

50 1751 201 1778 rationales
216 1749 335 1784 pecudes
358 1747 453 1774 melius
482 1754 563 1780 qttattt
590 1745 737 1772 rationales
754 1746 842 1772 homi-

50 1806 96 1825 nes
110 1797 292 1824 nutrietttem.
319 1794 397 1821 Iesus
423 1801 488 1820 vero
508 1800 584 1819 meus
608 1791 727 1819 secundo
744 1791 842 1826 populo

52 1849 151 1871 terram
168 1849 254 1877 quam
277 1842 334 1872 dat,
351 1846 422 1867 terra
445 1843 488 1865 est
504 1838 573 1865 lacte
596 1842 624 1865 et
649 1838 727 1865 melle
744 1838 840 1869 fluens,

51 1891 102 1917 imo
127 1889 210 1916 favus
237 1887 323 1914 tncllis
349 1891 391 1912 est
417 1893 472 1919 pra:
487 1885 560 1911 ontni
579 1888 663 1911 terra.
689 1884 721 1910 Et
737 1883 843 1918 Moyses

52 1937 239 1963 ltatreditateut
258 1942 310 1960 non
328 1933 372 1960 dat
386 1934 411 1958 in
427 1932 512 1962 t'it'I‘O.
530 1938 580 1958 nec
597 1935 671 1958 sorte
692 1931 841 1963 distribuit,

52 1990 98 2009 nec
116 1985 209 2016 potest
221 1988 270 2014 per
288 1979 377 2013 plebes
392 1977 441 2013 (‘2).
461 1982 489 2003 et
504 1977 609 2006 dumos,
628 1985 660 2003 at:
674 1976 802 2008 familias,
817 1980 844 2002 et

52 2028 170 2058 nomina,
185 2031 214 2053 et
229 2025 324 2052 ntcrita
339 2023 506 2059 singulorum
521 2023 610 2049 divina
623 2027 695 2049 sorte
708 2029 841 2056 pensare;

51 2076 101 2103 hoc
115 2075 192 2102 solus
210 2073 274 2100 facit
289 2073 378 2105 Jesus,
392 2072 434 2098 cui
455 2078 536 2098 omne
549 2069 680 2104 judicium
694 2069 774 2096 Pater
787 2075 842 2096 tra-

52 2123 118 2149 didit
129 2122 152 2137 ⁸²
169 2131 175 2148 :
192 2121 251 2155 ipse
266 2120 317 2146 scit
330 2119 466 2153 quomodo
482 2117 610 2152 populum
635 2124 712 2143 suunt
729 2123 781 2142 non
799 2123 844 2142 so-

53 2167 104 2194 Iunt
117 2175 165 2202 per
181 2167 282 2199 tribus,
296 2171 324 2192 ct
338 2164 465 2196 lautitias,
481 2169 509 2190 et
522 2163 628 2194 domos,
648 2169 740 2188 verum
756 2166 782 2188 et
795 2168 843 2196 per

55 2215 159 2241 nomina
182 2218 405 2246 unumquemque
430 2211 511 2243 digna
529 2213 556 2236 et
578 2208 741 2243 competenti
771 2215 844 2234 tuan-

55 2261 128 2288 sione
140 2261 292 2294 dispenset.
306 2257 376 2285 Sunt
391 2263 481 2284 tamen
500 2255 582 2290 aliqui
599 2255 625 2281 in
645 2254 704 2281 istis
716 2253 760 2288 qui
778 2261 843 2280 con-
857 2241 882 2272 ί)

56 2307 153 2334 ditione
169 2305 257 2333 sortis
273 2304 485 2338 superemineat,
502 2306 528 2329 et
541 2301 653 2328 omnino
672 2307 721 2326 ttec
736 2299 842 2326 addun-

57 2358 98 2380 tur
107 2355 140 2381 ad
155 2358 260 2381 sortem
275 2351 325 2386 (5).
341 2350 442 2377 Omnes
457 2349 568 2378 Levitae,
587 2348 612 2374 id
629 2351 671 2374 est
687 2353 781 2373 omnes
797 2345 842 2380 qui

57 2401 157 2428 intente
187 2404 215 2426 et
248 2398 432 2424 indesinenter
455 2398 616 2430 permanettt
639 2394 664 2420 itt
691 2392 844 2420 ministerio

57 2447 112 2480 Dei,
130 2451 158 2474 et
177 2444 326 2482 pervigiles
346 2444 371 2470 itt
385 2442 496 2470 servitio
510 2441 568 2474 ejus
582 2440 714 2467 excubias
733 2443 841 2473 gerunt,

57 2498 153 2521 sortem
167 2494 239 2520 inter
255 2495 366 2518 caeteros
384 2498 436 2516 tton
453 2489 592 2522 accipiunt
609 2496 616 2514 :
631 2487 677 2512 sed
695 2493 743 2512 nec
755 2485 843 2512 nunti-

59 2547 91 2566 tto
106 2539 133 2567 itt
150 2545 224 2566 terra
240 2543 282 2565 est
299 2545 360 2564 sors
372 2544 478 2568 eorum,
495 2536 541 2562 sed
559 2536 617 2569 ipse
637 2534 767 2560 Dntltitttts
782 2539 842 2560 sors

92 2633 125 2651 “‘
137 2634 219 2662 Nunt.
245 2641 318 2663 “Vt,
338 2631 383 2662 5'5,
407 2631 452 2657 54.
490 2631 513 2646 δ’
527 2630 604 2658 Joatt.
618 2637 645 2659 v,
656 2629 701 2655 9.2.

60 2669 81 2686 ιδ
99 2669 162 2697 Luc.
191 2679 251 2702 χιιι,
275 2670 321 2696 ‘23.
359 2668 381 2684 δ’
397 2667 493 2694 Matth.
523 2665 653 2697 ιχιν,12.

95 2757 133 2794 (1)
151 2759 197 2786 Sic
209 2758 299 2784 Codex
313 2757 404 2784 Sancti
420 2754 581 2794 Theoderici
600 2752 748 2794 Bernensis.
764 2751 841 2794 bibit.

61 2786 131 2825 editi,
150 2803 159 2819 ι
179 2795 284 2820 numeri
307 2796 369 2818 sunt
384 2797 410 2819 el
427 2792 452 2818 itt
469 2791 500 2817 iis
519 2798 586 2824 quos
603 2789 726 2823 legimus.
743 2797 752 2811 ι
771 2786 840 2813 Infra

63 2829 127 2854 idem
143 2837 207 2860 ms.,
228 2837 238 2854 ι
255 2829 374 2854 secundo
386 2833 456 2854 nunc
472 2826 584 2860 populus
599 2825 655 2858 qui,
676 2833 685 2848 ι
698 2829 750 2860 etc.

95 2863 132 2898 (ἓ)
149 2857 220 2890 Idem
238 2871 301 2895 tns.,
319 2871 328 2887 ι
345 2867 371 2889 et
401 2857 513 2895 Moyses
527 2857 634 2898 quidem
658 2857 840 2886 Itatrcditatent

66 2895 166 2925 non'iu
185 2898 272 2930 clero,
301 2905 388 2932 neque
411 2901 484 2923 sorte
511 2895 659 2927 distribuit,
685 2901 733 2920 nec
751 2897 840 2926 potest

629 164 661 191 IV
678 161 845 191 NUMEKOS
865 161 1007 189 IIOMIIJA
1039 161 1109 189 XXI.

740 2628 762 2644 ιδ
778 2627 913 2659 Mattlt.vt,
929 2626 976 2654 21.

691 2664 714 2679 ⁸⁸
728 2663 795 2691 Gen.
823 2671 859 2689 ι·ι.

1626 161 1677 189 758

852 226 874 252 Α
889 223 928 249 eis
942 226 969 248 et
984 221 1129 248 Inereditas
1146 227 1206 248 esse
1222 224 1398 247 memoratur.
1415 220 1468 248 Per
1489 220 1538 248 bos
1553 220 1591 248 illi
1610 221 1677 249 Inibi

887 267 1015 295 videntur
1029 266 1154 298 indicari,
1170 267 1215 301 qui
1227 266 1308 293 nttllis
1323 274 1462 301 corporeae
1475 268 1679 296 natumobsta-

887 313 956 342 culis
971 313 1100 345 hebetati,
1119 313 1167 339 sed
1188 312 1308 339 omnium
1327 313 1475 340 visibilium
1494 314 1610 348 gloriam
1634 322 1680 342 su-

889 358 1036 394 pergressi,
1057 359 1083 385 in
1105 358 1161 386 sola
1177 359 1228 385 sibi
1255 359 1387 392 sapientia
1409 359 1455 387 Dei
1470 364 1498 387 et
1515 360 1599 387 verbo
1620 361 1680 395 ejus

889 405 994 432 vivendi
1013 411 1090 431 nsunt
1109 404 1323 439 exercitiumque
1338 408 1497 439 pesuerunt,
1516 404 1563 439 qui
1582 412 1681 439 corpo-

889 458 966 478 reum
979 450 1046 477 nihil
1064 450 1217 483 requirunt,
1235 450 1302 478 nihil
1329 451 1442 478 rationis
1463 450 1592 478 alienum.
1608 450 1682 478 Con-

890 496 1034 530 cupierunt
1049 495 1122 522 enim
1141 495 1316 529 sapientiam,
1344 496 1542 529 concupierunt
1560 501 1681 522 secreto-

892 549 950 569 rum
967 541 1013 568 Dei
1031 541 1198 575 agnitionem
1217 549 1224 567 :
1241 546 1269 569 et
1285 542 1330 569 ubi
1346 546 1387 569 est
1403 549 1450 568 cor
1463 548 1570 572 eorum,
1587 541 1623 568 ibi
1638 547 1680 568 est

890 593 917 614 ct
933 587 1075 614 thesaurus
1098 594 1192 614 eorum
1210 586 1243 613 ⁸³.
1259 586 1306 614 Isti
1331 594 1397 621 ergo
1411 586 1598 614 [nereditatem
1626 596 1678 615 non

891 634 991 660 habent
1006 633 1032 660 in
1052 633 1143 665 terris,
1165 633 1212 660 sed
1238 634 1485 667 supergrediuntur
1498 640 1606 660 summa
1620 635 1681 662 coeli

891 679 1009 714 fastigia,
1026 683 1053 706 et
1072 678 1107 706 ibi
1124 686 1233 712 semper
1251 678 1277 705 itt
1292 678 1417 712 Domino,
1433 687 1542 714 semper
1557 680 1583 706 in
1599 681 1682 708 verbo

890 726 959 760 ejus,
975 732 1083 758 semper
1098 724 1123 751 in
1146 724 1279 758 sapientia
1301 729 1328 751 et
1352 725 1378 751 in
1402 724 1538 760 voluptate
1561 726 1684 754 scientia:

891 772 950 806 ejus
965 771 1175 799 deliciabnntur.
1194 770 1244 797 llic
1258 771 1297 798 eis
1309 771 1396 801 cibus.
1409 771 1460 798 hoc
1473 772 1524 798 erit
1541 773 1682 806 poculum,

893 818 950 844 istm
970 817 1081 848 divitim,
1097 816 1149 843 hoc
1166 816 1219 843 erit
1234 823 1360 850 regnum.
1376 815 1456 843 Tales
1472 824 1538 852 ergo
1552 822 1644 850 erunt,
1654 822 1683 844 et

893 864 918 890 in
937 864 970 891 iis
997 867 1076 890 erunt
1103 862 1154 894 illi,
1175 862 1275 896 quibus
1297 862 1443 890 hereditas
1473 863 1530 896 ipse
1553 864 1684 891 Dominus

891 911 953 938 erit.
975 910 1027 943 Qui
1043 914 1133 936 atttetn
1150 908 1296 936 inferiores
1312 914 1387 941 sunt,
1405 917 1457 936 ttec
1475 910 1500 936 in
1520 910 1602 936 istunt
1621 918 1684 945 pro-

892 957 1012 984 fectttunt
1026 956 1157 982 verticem
1174 960 1369 989 pervenerunt,
1398 956 1585 983 hacreditatetn
1603 961 1685 983 terra:

891 1002 1036 1036 accipient,
1052 1001 1115 1028 licet
1130 1000 1298 1027 sublimioris
1323 1000 1438 1035 alicujus
1453 1005 1481 1027 et
1507 1001 1682 1036 potentioris.

892 1048 978 1075 Terra
1004 1047 1078 1074 enim
1104 1046 1253 1073 viventium
1275 1046 1486 1080 repromittitur,
1516 1055 1576 1081 qua
1591 1047 1684 1081 utique

893 1094 995 1121 idcirco
1013 1098 1084 1120 terra
1099 1092 1246 1120 viventium
1269 1092 1381 1124 dicitur,
1401 1093 1473 1127 quod
1490 1094 1592 1120 nesciat
1610 1102 1686 1121 mor-

894 1145 957 1167 tem.
983 1139 1016 1166 Et
1031 1139 1073 1165 isti
1099 1138 1207 1172 quidem
1227 1138 1327 1172 magni,
1345 1142 1373 1164 et
1390 1138 1432 1165 isti
1447 1139 1534 1171 beati;
1551 1140 1599 1166 sed
1618 1140 1683 1167 bea-

893 1185 976 1212 tiores
993 1184 1030 1211 illi
1045 1184 1089 1217 qni
1101 1183 1156 1217 jam
1175 1190 1227 1210 non
1244 1190 1293 1217 per
1306 1182 1449 1216 speculum
1466 1188 1493 1210 et
1509 1183 1535 1210 in
1553 1184 1685 1218 a'nignta-

893 1235 928 1264 te,
947 1238 1035 1265 tteque
1049 1231 1074 1257 itt
1099 1229 1261 1257 substantiis
1274 1229 1472 1263 corporalibus,
1502 1231 1549 1256 sed
1564 1230 1632 1257 facie
1647 1232 1681 1257 ad

892 1277 991 1304 facient
1009 1276 1091 1303 Deuut
1106 1275 1247 1306 videbunt,
1265 1275 1405 1308 sapientiae
1425 1275 1622 1303 illuntiuatione
1637 1284 1683 1302 ra-

892 1322 970 1354 diati,
991 1326 1018 1348 et
1034 1328 1119 1355 Iverae
1143 1320 1298 1347 divinitatis
1320 1328 1435 1355 capaces
1469 1329 1516 1356 per
1538 1323 1684 1355 puritatem

892 1368 984 1397 cordis
1000 1368 1089 1395 effecti
1107 1374 1115 1394 :
1129 1367 1338 1402 portioncmque
1355 1374 1432 1394 sltam
1449 1375 1502 1394 non
1533 1369 1560 1395 in
1575 1374 1684 1396 creatu-

893 1424 933 1448 ra,
947 1414 995 1443 sed
1011 1414 1036 1441 in
1051 1418 1175 1441 creatore
1192 1413 1335 1445 habentes,
1353 1413 1399 1447 qui
1424 1418 1466 1441 est
1493 1421 1577 1447 super
1591 1415 1683 1441 omnia

892 1461 963 1489 Deus
979 1460 1017 1496 (4)
1036 1459 1196 1487 benedictus
1209 1458 1234 1484 itt
1255 1459 1367 1487 smcula.

856 901 877 928 Β

927 1524 1007 1559 353
1023 1523 1050 1550 ἓ.
1064 1523 1107 1549 Ait
1120 1529 1184 1556 ergo
1199 1521 1222 1538 “
1239 1531 1245 1549 :
1263 1531 1271 1547 ι
1291 1521 1329 1548 Ex
1347 1529 1459 1548 numero
1473 1522 1610 1549 nontinunt
1627 1524 1686 1557 pln-

855 1572 877 1600 C
894 1571 969 1598 ribus
994 1569 1069 1603 plura
1083 1568 1219 1595 dabuntur
1235 1567 1261 1594 in
1274 1571 1386 1598 sortem,
1400 1572 1428 1593 et
1440 1567 1545 1602 exiguis
1560 1569 1686 1603 exiguam

894 1615 972 1643 dabis
988 1614 1184 1642 hzcretlitatem.
1209 1612 1356 1647 unicuique
1374 1613 1445 1640 sicut
1466 1614 1616 1641 recensitus
1632 1621 1685 1647 est,

895 1661 1006 1688 dabitur
1032 1659 1176 1686 ltmreditas
1202 1658 1270 1692 ejus.
1291 1667 1300 1683 ι
1317 1658 1436 1686 Historia
1466 1659 1517 1687 hoc
1550 1666 1591 1688 est
1615 1662 1686 1696 quod

894 1708 983 1739 docet,
1000 1710 1029 1732 ut
1045 1705 1066 1732 si
1081 1712 1134 1739 qua
1164 1703 1250 1730 tribus
1276 1705 1447 1732 nuttterosior
1465 1705 1580 1732 habetur
1597 1707 1623 1733 in
1638 1714 1686 1741 po-

894 1753 974 1788 pulis.
993 1751 1095 1784 majora
1112 1756 1191 1777 terra:
1208 1750 1293 1784 spatia
1309 1751 1460 1778 sortiatur:
1478 1752 1500 1778 si
1522 1759 1573 1786 qua
1596 1756 1686 1779 autent

894 1799 999 1825 minore
1024 1797 1163 1824 hominum
1191 1803 1304 1822 nttmero
1323 1802 1461 1828 censetur,
1476 1798 1598 1824 breviore
1623 1806 1688 1832 pos-

894 1844 1016 1872 sessione
1043 1847 1171 1869 cotttenta
1196 1842 1242 1869 sit.
1270 1842 1323 1869 Sed
1350 1843 1477 1876 quoniam
1497 1847 1574 1869 terra:
1607 1843 1687 1875 hujus

894 1890 1052 1918 divisionem
1073 1888 1314 1921 hmreditatnmque
1339 1889 1617 1922 lcrrenant,spccieut
1646 1889 1687 1915 di-

894 1937 981 1964 cimus
992 1941 1084 1963 tenere
1100 1934 1139 1969 (5)
1156 1939 1182 1960 et
1197 1933 1339 1968 imaginem
1360 1933 1514 1960 futurorum
1540 1935 1684 1966 bonorttttt,

895 1990 925 2009 ac
943 1982 1056 2009 formam
1075 1980 1196 2008 caelestis
1214 1979 1297 2011 illius,
1312 1987 1372 2013 qua:
1393 1987 1406 2005 a
1434 1979 1556 2006 fidelibus
1572 1985 1599 2006 et
1624 1988 1687 2007 san-

895 2030 947 2057 ctis
965 2033 1102 2063 speratur,
1118 2026 1284 2053 ltatreditatis
1299 2025 1462 2052 ostendere:
1477 2026 1587 2060 requiro
1600 2026 1625 2052 in
1642 2027 1685 2053 illa

896 2075 1055 2103 hcercditale
1071 2082 1130 2107 qua:
1148 2073 1280 2108 speranda
1293 2077 1343 2105 est,
1359 2073 1403 2106 qui
1417 2072 1472 2099 sint
1485 2072 1585 2107 plures,
1602 2077 1628 2100 et
1641 2074 1686 2107 qtti

894 2122 949 2149 sint
965 2120 1055 2155 pauci,
1073 2124 1099 2146 et
1122 2118 1229 2145 invenio
1248 2118 1283 2145 ibi
1309 2118 1446 2145 beatiores
1468 2126 1571 2152 paucos
1591 2120 1686 2147 haberi

894 2175 974 2202 quam
994 2167 1094 2202 plures.
1108 2165 1173 2191 Nam
1186 2165 1231 2198 qtti
1248 2172 1295 2199 per
1306 2165 1377 2191 viam
1393 2165 1473 2191 latant
1488 2170 1514 2192 et
1527 2166 1686 2199 spatiosatr,

894 2221 955 2248 qum
975 2212 1048 2239 ducit
1074 2211 1107 2238 ad
1130 2211 1321 2246 perditionem,
1338 2211 1442 2246 egerint
1460 2212 1522 2243 iter,
1546 2211 1621 2238 ntulti
1643 2212 1686 2239 di-

896 2265 996 2286 cuntur
1010 2258 1043 2286 ⁸⁸.
1058 2258 1107 2292 Qui
1130 2265 1194 2286 vero
1219 2265 1267 2292 per
1289 2261 1391 2284 arctam
1413 2262 1440 2284 et
1456 2262 1596 2290 angustam
1614 2258 1686 2284 viam

898 2305 1077 2340 porrexerint,
1089 2312 1149 2339 qua;
1163 2305 1238 2331 ducit
1255 2303 1287 2330 ad
1301 2304 1393 2335 vitam,
1407 2303 1485 2336 pauci
1504 2303 1685 2338 appellantur.

898 2348 928 2375 EI
944 2348 1041 2376 iteruttt
1064 2348 1089 2375 in
1110 2349 1172 2375 aliis
1192 2348 1292 2376 dicitur
1305 2348 1349 2374 ‘5:
1369 2356 1379 2372 ι
1402 2348 1487 2380 Quam
1510 2349 1587 2382 pauci
1612 2355 1687 2381 sttui,

898 2396 943 2430 qui
960 2395 1108 2422 salvantur.
1126 2404 1135 2420 ι
1152 2395 1184 2421 Et
1201 2395 1297 2422 iterum
1316 2394 1343 2420 in
1363 2394 1425 2421 aliis
1437 2394 1480 2420 ‘7:
1497 2404 1505 2419 ι
1524 2394 1574 2422 Ubi
1594 2395 1686 2422 multi-

897 2441 1013 2475 plicatur
1033 2440 1172 2476 iniquitas,
1189 2440 1346 2475 refrigescet
1363 2440 1484 2467 eltaritas
1500 2440 1658 2473 multorum,
1675 2451 1685 2467 ι

899 2494 950 2514 non
966 2494 1124 2522 paucorum.
1139 2485 1192 2513 Sed
1208 2492 1235 2513 et
1250 2487 1275 2513 in
1293 2493 1366 2518 arca,
1383 2493 1443 2520 qua:
1463 2493 1476 2511 a
1489 2485 1546 2513 Noe
1563 2491 1688 2513 constru-

897 2537 941 2559 cta
958 2537 1000 2559 est
1011 2531 1045 2566 “,
1062 2532 1106 2559 ubi
1126 2539 1259 2559 mensura:
1275 2531 1384 2558 coalitus
1398 2532 1506 2563 dantur,
1524 2532 1550 2558 itt
1574 2531 1686 2559 infcrio-

1013 2625 1038 2642 “
1057 2625 1134 2653 Nunt.
1154 2633 1228 2657 xxvi,
1242 2626 1285 2656 5‘5,
1299 2625 1346 2651 5t.
1383 2624 1406 2639 ⁵⁵
1420 2623 1515 2650 Mattlt.
1530 2630 1577 2656 vn,
1593 2623 1685 2657 15,”.

898 2750 1000 2785 plebes,
1021 2759 1030 2775 ι
1049 2755 1102 2776 etc.

943 2786 970 2818 5)
988 2786 1059 2812 Idem
1075 2792 1137 2814 ηιξ..
1157 2793 1166 2808 ε
1184 2782 1367 2818 dncnnlnrad
1383 2786 1497 2808 sortem.
1512 2791 1523 2807 ο

943 2786 970 2818 5)
988 2786 1059 2812 Idem
1075 2792 1137 2814 ηιξ..
1157 2793 1166 2808 ε
1184 2786 1321 2811 ducuntur
1334 2786 1367 2808 ad
1383 2786 1497 2808 sortem.

931 2786 971 2855 is)
987 2821 1090 2847 Nomen
1106 2828 1119 2855 ξ
1141 2821 1234 2855 Deus}
1251 2817 1420 2855 suppleture
1439 2825 1506 2843 ntss.

921 2851 1072 2889 Θούριε
1101 2854 1194 2881 Sancti
1214 2851 1374 2881 Theudorici
1399 2851 1551 2884 ltenteusis,
1565 2853 1682 2880 «didici-

895 2899 954 2918 llllIS
970 2896 1071 2917 lCllCI‘C.
1088 2899 1097 2914 ι
