1903 3052
209 157 263 186 ’159

933 155 1094 183 ORiGENIS

1810 155 1868 183 750

207 217 285 244 ribtts
302 220 484 244 trecentorum
499 214 651 242 cubitorum
673 214 783 249 ponitur
800 214 953 248 longitudo,
970 218 1035 246 et-A
1049 215 1140 242 educit
1155 223 1216 242 eum
1232 215 1322 248 foras,
1340 222 1401 241 cum
1421 221 1466 242 res
1479 214 1610 249 postulat.
1626 219 1656 242 et
1673 222 1774 242 rerum
1789 216 1865 242 visi-

207 262 403 296 quinquaginta
427 261 578 288 cubitorutn
604 259 727 287 latitudo.
749 258 800 287 Ubi
819 267 885 286 vero
908 263 999 287 textus

207 309 268 343 ejus
284 308 316 335 ad
337 307 432 334 altiora
454 306 603 340 consurgit,
627 306 652 332 in
675 309 821 340 angustum
839 305 955 340 cogitur,
973 310 1000 332 et

208 361 357 390 paucorum
383 353 535 380 cubitorum
553 352 731 379 conclusione
752 351 898 386 colligitur,
917 351 954 378 ita
971 355 1000 377 ut

209 400 349 426 summitas
364 398 422 432 ejus
437 399 464 425 in
484 399 565 426 unius
582 398 666 425 cubiti
689 397 807 432 spatium
829 404 1001 424 consumme-

209 450 252 471 tur
266 453 272 471 ε
286 449 484 479 proptereaque
500 445 525 471 in
546 444 722 472 inferioribus
744 443 862 478 quidem,
879 443 922 470 ubi
945 443 999 470 lata

206 496 235 517 et
253 491 372 524 spatiosa
388 491 558 518 habebantur
568 491 638 522 loca,
651 489 692 517 vel
707 490 811 522 bestiae,
828 490 869 516 vel
883 490 1001 524 pecudes

207 541 286 562 erant
304 535 452 568 collocatre,
465 536 492 562 in
509 536 696 571 superioribus
712 543 776 562 vero
788 542 851 562 aves
865 542 873 562 :
887 535 912 562 in
928 542 1001 562 sum-

185 573 188 592 l'
208 582 260 608 mis
273 586 374 614 autem,
386 589 446 616 qua:
457 583 613 617 angustiora
624 587 650 608 et
662 582 757 609 altiora
769 586 858 613 erant,
872 581 907 608 ibi
920 581 1001 608 homo

212 627 354 654 rationalis
373 627 530 655 collocatur.
548 628 606 663 Ipse
619 635 683 654 vero
697 632 791 654 vertex
813 627 839 653 in
856 634 939 653 unum
953 635 1001 654 cu-

208 672 293 700 bitum
306 673 452 708 colligitur.
469 672 566 700 Omnia
583 674 654 700 enint
668 672 702 700 ad
716 672 857 700 tnonadem
873 672 1001 706 redigun-

208 724 263 746 tur.
280 719 345 752 Quae
363 724 452 746 tamen
468 718 609 746 Trinitatis
623 723 825 746 sacramentum
844 718 870 745 in
889 725 1001 745 uutnero

209 770 391 793 trecentorum
402 766 555 793 cubitorum
567 766 700 800 designat,
711 770 738 792 et
751 765 814 792 huic
827 770 1001 792 sacramento

209 813 349 846 proximus
362 812 470 846 ponitur
484 811 565 838 Itomo
584 815 679 845 utpote
695 811 836 837 rationalis
851 815 878 837 et
893 810 938 837 Dei
954 818 1001 836 ca-

209 865 271 891 pas.
288 857 340 884 Sed
357 857 427 883 unde
446 864 505 891 qum
532 857 568 883 sit
593 855 745 883 diﬂerentia
768 855 838 882 inter
858 863 958 890 paucos
974 860 1000 882 et

209 904 318 935 multos,
335 903 493 938 colligamus
511 902 632 930 indicia?
658 901 731 929 Pone
754 909 862 929 omnem
886 902 998 929 humani

210 949 317 983 generis
333 956 488 981 numerum,
501 956 533 975 ex
548 948 684 975 universis
707 939 831 983 gentibus
845 947 914 982 elige
932 947 999 974 lide-

211 995 262 1026 Ies,
274 996 332 1022 sine
348 995 430 1022 dubio
442 995 582 1028 pauciores
596 1001 688 1027 erunt,
699 1002 780 1028 quam
794 999 856 1020 sunt
867 994 997 1021 universi.

209 1039 286 1067 Tunc
299 1039 398 1066 deinde
419 1046 451 1066 ex
477 1039 595 1067 fidelium
619 1048 742 1073 numero,
766 1040 836 1074 elige
863 1039 999 1067 meliores.

207 1086 316 1113 Certum
330 1091 372 1113 est
388 1086 460 1121 quod
479 1086 564 1113 multo
580 1086 695 1115 inferior
719 1094 848 1114 numerus
876 1095 1001 1114 remane-

207 1131 257 1159 bit.
275 1131 309 1158 Et
322 1132 419 1158 iterum
436 1139 468 1158 ex
487 1132 553 1166 ipsis
570 1140 638 1167 quos
659 1133 784 1168 elegeris,
798 1133 867 1167 elige
891 1140 999 1160 rursum

206 1178 394 1214 perfectiores.
412 1180 557 1213 pauciores
570 1180 692 1212 profecto
709 1180 838 1213 reperies.
854 1179 886 1206 Et
897 1184 1000 1214 quanto

208 1225 324 1259 amplius
338 1225 461 1260 eligendo
485 1226 662 1259 processeris,
677 1230 752 1252 tanto
779 1225 866 1260 magis
885 1227 999 1261 exiguos

207 1276 235 1298 et
260 1272 402 1306 pauciores
428 1273 551 1300 invenies
575 1278 716 1306 usquequo
737 1272 833 1299 ultimo
854 1271 946 1299 venias
966 1272 999 1299 ad

208 1324 290 1343 unum
307 1317 434 1351 aliquem,
450 1317 495 1352 qui
513 1317 679 1344 conlidenler
700 1317 773 1344 dicat
787 1317 820 1350 δ’,
836 1317 898 1352 quia
913 1326 922 1342 ι
939 1325 999 1344 am-

209 1359 281 1393 plius
295 1367 376 1394 quam
397 1368 492 1388 ontues
517 1361 556 1388 illi
573 1361 705 1389 laboravi.
725 1371 734 1387 ι
754 1361 784 1388 lli
803 1368 868 1396 ergo
885 1361 932 1396 qui
948 1363 999 1389 hoc

210 1404 289 1432 modo
307 1406 398 1440 plures
409 1411 482 1438 sunt,
502 1407 562 1440 plus
577 1411 657 1433 terra:
669 1412 697 1433 et
711 1406 771 1441 plus
787 1414 927 1441 corporeae
943 1407 999 1433 hat-

208 1451 332 1479 reditalis
354 1453 511 1487 accipiunt:
531 1453 608 1487 pauci
630 1458 720 1480 autent
745 1453 872 1488 exigttum
896 1453 997 1488 aliquid

209 1499 242 1525 tle
259 1503 329 1525 terra
340 1504 554 1534 consequuntur,
569 1499 615 1534 qui
630 1500 691 1535 plus
705 1500 730 1526 in
748 1500 862 1528 Domino
878 1501 996 1528 habent:

209 1546 254 1572 alii
277 1550 365 1572 autetn
398 1546 464 1572 nihil
486 1547 598 1573 omnino
622 1545 660 1583 (li)
688 1551 802 1574 terrente
831 1547 997 1574 hereditatis
1012 1562 1033 1591 Ο

209 1591 355 1626 accipiunt,
379 1591 400 1618 si
422 1592 467 1626 qui
485 1591 558 1625 digni
583 1592 685 1619 fuerint
707 1592 861 1620 sacerdotes
886 1600 947 1620 esse
973 1598 1000 1621 et

211 1637 329 1664 ntinistri
346 1637 403 1670 Dei,
420 1638 517 1665 horum
537 1638 609 1665 enint
624 1646 657 1665 ett
676 1638 783 1673 integro
799 1638 855 1673 ipse
868 1639 999 1667 Dominus

210 1684 353 1711 lnereditas
367 1683 430 1712 erit.
448 1683 480 1711 Et
501 1685 562 1718 quis
587 1684 623 1711 ita
647 1684 744 1712 beatus
757 1689 809 1718 est,
827 1690 856 1712 ut
870 1685 912 1712 vel
931 1685 1000 1713 inter

210 1738 311 1764 paucos
322 1730 450 1765 exiguum
464 1735 543 1758 torrat
556 1730 682 1766 accipiat.
695 1730 736 1758 vel
756 1730 827 1757 inter
841 1730 942 1758 electos
957 1739 1000 1758 sa-

209 1776 333 1803 cerdotes
343 1781 370 1803 et
381 1776 521 1804 ministros
530 1776 616 1804 solum
630 1776 713 1804 Deum
722 1785 819 1811 capere
833 1777 1000 1805 hereditatis

208 1827 283 1849 sorte
295 1828 433 1850 mereatur
442 1823 456 1850 2
464 1823 539 1851 Licet
550 1823 634 1850 etiam
647 1823 696 1858 ipsi
705 1826 941 1858 propterjumenta
951 1832 999 1851 sua

208 1869 343 1903 accipiant
356 1869 457 1904 aliquid
473 1873 564 1902 terrae,
581 1870 628 1897 sed
642 1869 713 1896 illius
726 1874 805 1896 teme
815 1877 875 1904 quae
888 1869 1000 1897 ttrbibus

208 1915 333 1949 contigua
345 1920 387 1942 est
396 1919 421 1941 et
432 1915 551 1942 adhaeret
561 1915 729 1942 civitatibus.
742 1915 833 1943 Potest
845 1920 935 1941 tamen
951 1916 998 1942 ad.

209 1957 262 1984 huc
278 1963 305 1985 et
318 1958 371 1985 alio
391 1958 469 1985 modo
485 1959 598 1993 intelligi
627 1967 718 1986 sermo
736 1959 798 1990 iste,
817 1960 862 1994 qui
884 1960 949 1986 dicit
972 1965 1001 1986 ut

209 2004 331 2038 pluribus
346 2005 540 2038 multiplicetur
558 2005 715 2032 hatreditas.
732 2004 807 2032 Unus
823 2005 896 2032 eniut
910 2005 1000 2039 justus

209 2051 358 2077 secundum
372 2051 423 2078 ltoc
435 2051 506 2084 quod
519 2055 648 2085 acceptus
662 2055 703 2078 est
715 2050 771 2078 Deo
784 2050 834 2087 (7),
849 2057 898 2084 pro
919 2051 1000 2086 pluri-

211 2095 261 2122 bus
287 2096 409 2122 ltabctur.
436 2095 557 2130 Denique
582 2101 610 2122 et
632 2097 765 2131 scripturn
790 2101 830 2124 est
846 2097 891 2124 "z
917 2106 926 2122 ι
950 2096 1002 2124 Per

211 2147 293 2166 tttnnu
306 2140 454 2174 sapientem
472 2141 669 2168 iultaltitabitur
681 2142 784 2172 civitas,
803 2142 888 2169 tribus
907 2146 1000 2169 autem

211 2185 364 2219 iniquorum
386 2185 564 2214 dcsolabitttr.
584 2196 594 2213 ι
612 2187 644 2214 Ει
669 2195 737 2214 unus
758 2187 849 2221 justus
872 2196 921 2222 pro
945 2193 1001 2215 toto

211 2231 311 2258 mundo
329 2236 479 2266 reputatur,
496 2233 580 2267 iniqui
603 2239 704 2266 autent,
716 2233 823 2261 etiamsi
841 2234 918 2261 multi
935 2234 1000 2267 siut,

210 2278 300 2313 exigui
318 2284 343 2304 et
359 2285 407 2312 pro
426 2279 509 2306 nihilo
525 2281 660 2306 ducuntur
673 2281 743 2314 apttd
761 2280 854 2308 Deunt.
872 2280 921 2308 Est
934 2289 999 2316 ergo

207 2329 235 2351 et
263 2324 405 2351 multitudo
433 2324 593 2358 laudabilis,
616 2326 689 2353 sicut
712 2325 834 2353 videmus
860 2326 941 2353 etiam
965 2327 998 2354 ad

207 2369 348 2396 Abraham
363 2369 475 2402 dictum,
498 2377 559 2397 cmn
581 2370 675 2397 eduxit
694 2377 753 2397 eum
780 2370 851 2399 Deus
873 2371 956 2404 foras,
972 2377 1000 2400 et

207 2415 277 2441 uixit
293 2415 326 2441 ad
344 2423 405 2442 eum
418 2414 439 2430 ³⁸
457 2423 464 2441 :
484 2424 494 2440 ι
512 2414 626 2450 Respice
643 2417 677 2444 ad
691 2417 802 2451 caelum,
822 2418 845 2445 si
864 2424 940 2454 potes
957 2419 997 2446 di-

207 2468 356 2489 numerare
373 2461 478 2494 stellas,
493 2461 529 2488 ita
541 2462 592 2489 erit
613 2470 705 2490 semen
721 2469 806 2491 tumtt.
823 2473 832 2490 ι
848 2464 875 2491 ltt
900 2472 953 2500 quo
976 2473 1003 2495 et

207 2507 258 2534 hoc
281 2507 397 2540 intuere,
412 2508 546 2543 quomodo
565 2507 656 2541 justus
674 2509 747 2536 intus
768 2514 821 2542 est,
839 2515 865 2537 et
880 2511 908 2537 iu
931 2511 1002 2538 inte-

207 2553 326 2581 rioribtts
342 2561 449 2589 semper
461 2553 585 2581 consistit
600 2563 606 2582 :
628 2557 690 2590 quia
709 2557 780 2583 itttus
797 2556 824 2582 iu
843 2557 1002 2583 abscondito

207 2604 268 2626 orat
288 2599 407 2631 Patrem.
431 2606 459 2628 et
484 2601 573 2629 omnis
599 2601 685 2637 gloria
711 2601 772 2629 lilire
800 2602 882 2637 regis,
897 2602 922 2629 id
948 2607 999 2634 est,

209 2645 307 2672 animm
333 2646 442 2681 regalis,
470 2647 635 2674 intrinsecus
660 2652 719 2680 est;
746 2647 791 2674 sed
816 2654 905 2674 tatttett
931 2647 1001 2675 Deus

244 2693 265 2708 δ’
285 2693 294 2720 I
317 2693 377 2721 Cor.
394 2702 437 2727 xv,
460 2695 502 2722 l0.
539 2695 561 2711 '°
578 2695 659 2722 Eccli.
673 2703 728 2729 xvt,
745 2695 771 2723 5.
810 2696 831 2711 ³¹
849 2695 915 2723 Gcn.
933 2704 977 2728 xv,
993 2695 1020 2724 5.

210 2727 232 2743 "
249 2728 340 2754 Matth.
357 2730 468 2761 xtx,28.
507 2730 530 2745 ⁵⁸
545 2729 623 2757 Joan.
640 2739 705 2764 xvn,
722 2727 766 2758 91.

247 2772 285 2812 (_6)
297 2773 349 2813 μιᾳ
360 2779 449 2813 autem
459 2775 718 2813 uiltilgoutnino,retc.
730 2776 776 2804 Sic
789 2777 888 2805 habent
903 2785 999 2804 manu~

211 2807 315 2841 scripti.
335 2807 410 2836 Libri
425 2816 487 2835 vero
502 2810 578 2841 editi,
596 2819 604 2835 ι
621 2807 664 2837 ubi
683 2819 773 2839 autent
797 2813 864 2839 nihil
885 2813 998 2839 ontuino

212 2842 512 2883 terrenterhtrreditatis
530 2845 675 2883 accipiant,
691 2847 713 2872 si
731 2847 775 2881 qtti
791 2847 863 2883 digni
886 2847 996 2880 fuerint,

212 2878 369 2904 sacerdotes
385 2882 448 2904 sunt
460 2883 487 2905 et
503 2879 631 2912 tttittisll‘i,
648 2890 656 2906 r
671 2886 725 2908 etc.

1016 890 1036 917 η

1051 260 1144 287 hilium
1156 261 1226 287 ratio
1240 261 1370 295 deposcit.
1384 259 1478 287 Potest
1492 268 1556 295 ergo
1570 265 1596 287 et
1615 261 1667 288 hoc
1684 262 1773 288 modo
1786 261 1863 287 mul-

1051 307 1086 334 tis
1101 308 1170 339 istis,
1185 308 1230 342 qui
1252 312 1315 334 sunt
1335 308 1405 334 sicut
1422 307 1508 334 stellae
1530 307 1593 335 cceli
1614 307 1641 334 in
1659 307 1861 339 multitudine,

1051 353 1222 387 multiplicari
1240 353 1395 386 htereditas,
1413 358 1439 380 et
1457 353 1563 388 exiguis
1581 353 1634 380 illis
1651 353 1791 380 videlicet
1810 353 1860 388 qui

1052 399 1159 426 etiatttsi
1177 407 1293 426 numero
1308 399 1385 426 multi
1404 405 1478 430 sunt,
1499 400 1562 426 vitae
1587 403 1677 427 tamen
1702 407 1766 426 suae
1786 400 1863 427 indi-

1051 444 1154 479 gnitate
1176 450 1203 471 ct.
1225 444 1327 471 vilitate
1343 444 1433 479 exigui
1450 444 1597 477 habentur,
1613 445 1714 479 exigua
1731 444 1863 472 haeredi-

1053 496 1094 518 tas
1117 489 1190 525 poni.

1087 536 1113 563 5.
1133 545 1142 561 ι
1163 535 1214 562 Per
1226 539 1340 567 sortem,
1355 535 1444 570 inquit
1457 535 1491 566 ",
1504 535 1556 561 erit
1573 535 1745 562 haereditatis
1759 535 1862 563 distri-

1053 582 1139 609 butio.
1157 591 1167 608 ι
1187 581 1243 608 Hoc
1262 581 1371 616 quidem
1389 581 1553 615 praecipitur,
1569 582 1616 608 sed
1633 589 1696 608 cum
1713 582 1801 608 venio
1824 581 1859 607 ad

1051 627 1217 662 Scripturas,
1230 627 1309 654 video
1332 627 1419 662 ipsum
1436 626 1556 662 Moysen.
1571 627 1614 654 cui
1634 627 1687 654 ista
1715 627 1858 654 mandan-

1053 677 1107 705 tur,
1121 677 1195 700 sorte
1212 680 1264 699 non
1289 672 1327 699 uti
1352 673 1378 699 in
1401 673 1533 700 divisione
1554 674 1724 700 haereditatis
1742 673 1857 705 Ruben,

1051 723 1078 747 et
1101 719 1170 750 Gad,
1194 723 1221 745 et
1238 718 1357 745 dimidia:
1378 719 1465 746 tribus
1482 718 1617 746 Manassae.
1640 719 1694 746 Sed
1722 725 1750 746 et
1773 718 1859 746 Jesus

1052 764 1136 797 Nave,
1150 769 1226 791 extra
1242 770 1345 792 sortem
1366 765 1412 792 dat
1428 765 1614 792 haereditatem
1629 766 1713 793 tribui
1728 764 1815 797 Juda,
1829 769 1857 792 et

1052 810 1143 843 Caleb,
1158 816 1185 838 et
1197 815 1273 838 extra
1295 814 1395 838 sortem
1412 811 1458 837 dat
1471 815 1498 838 et
1515 811 1596 838 tribtti
1615 810 1746 845 Ephrem,
1761 816 1794 837 el.
1811 811 1855 837 di-

1053 856 1142 883 midiae
1157 855 1238 883 tribui
1256 856 1379 883 Manasse
1396 865 1403 883 :
1420 857 1447 883 in
1467 857 1574 884 caeteris
1598 864 1658 883 sors
1676 856 1812 888 mittitur,
1828 861 1855 882 et

1052 902 1137 937 prima
1153 910 1212 929 sors
1229 902 1369 937 Benjamin
1387 903 1518 937 procedit,
1531 908 1558 929 et
1573 903 1636 930 inde
1654 903 1712 938 jam
1731 903 1853 931 tribuum

1052 949 1227 984 reliquarum.
1243 948 1320 976 Unde
1336 955 1400 983 puto
1420 948 1492 983 quod
1511 953 1539 975 et
1556 949 1582 974 in
1603 948 1647 975 illa
1670 949 1749 983 regni
1764 949 1854 976 caelo-

1053 1002 1111 1022 rum
1128 995 1208 1022 beata
1223 995 1383 1023 hatreditate
1395 999 1476 1021 erunt
1490 994 1583 1029 aliqui,
1600 995 1645 1029 qui
1668 1002 1722 1021 non
1739 995 1854 1021 veniant

1052 1040 1085 1067 ad
1100 1045 1211 1073 sortem,
1229 1048 1317 1075 neque
1332 1048 1393 1067 cum
1407 1040 1523 1072 caeteris,
1535 1040 1661 1074 quamvis
1679 1041 1736 1067 sint
1749 1039 1852 1071 sancti,

1052 1087 1267 1113 nunterabuntur
1284 1095 1292 1113 :
1311 1087 1358 1113 sed
1373 1086 1428 1112 erit
1444 1086 1553 1120 egregia
1566 1086 1689 1119 quaedam
1704 1091 1733 1113 et
1749 1085 1854 1112 eximia

1051 1140 1146 1160 eorum
1162 1133 1315 1165 luereditas,
1326 1133 1398 1162 sicut
1414 1132 1466 1159 fuit
1484 1131 1566 1159 Caleb
1583 1139 1617 1159 ex
1633 1132 1704 1158 tribu
1722 1130 1807 1163 Juda,
1827 1135 1853 1157 et

1050 1178 1113 1206 Jesu
1135 1179 1220 1214 ipsius
1243 1176 1289 1206 ﬁlii
1313 1178 1397 1206 Nave.
1420 1178 1496 1206 Sicut
1521 1178 1604 1211 enim,
1619 1177 1694 1204 verbi
1713 1184 1801 1204 causa
1817 1176 1851 1209 ⁸³,

1051 1231 1112 1251 cum
1134 1228 1195 1258 post
1217 1224 1337 1258 praelium
1362 1224 1512 1251 victoribus
1534 1223 1679 1258 provincire
1693 1223 1853 1258 partiuntur

1052 1270 1149 1304 spolia.
1163 1271 1266 1306 egregii
1281 1271 1383 1306 quique
1397 1275 1424 1297 et
1443 1270 1533 1297 eximii
1553 1270 1701 1297 bellatores
1716 1275 1772 1296 non
1788 1277 1850 1296 eum

1051 1317 1157 1344 caeteris
1171 1316 1303 1344 militibus
1314 1317 1341 1343 in
1355 1316 1490 1344 divisione
1503 1315 1651 1349 spoliorutn
1661 1315 1803 1342 ducuntur
1816 1315 1849 1341 ad

1051 1368 1165 1395 sortem,
1181 1363 1228 1391 sed
1252 1363 1353 1398 optima
1381 1370 1495 1397 quaeque
1512 1366 1540 1390 et
1555 1362 1690 1397 praecipua
1706 1361 1748 1388 eis
1763 1361 1851 1388 virtu-

1051 1412 1107 1435 tum
1123 1409 1219 1436 tnerito
1240 1409 1434 1442 decernuntur,
1452 1408 1542 1436 czeteri
1560 1415 1624 1435 vero
1642 1412 1760 1434 utuntur
1775 1412 1849 1434 sorte

1051 1453 1107 1480 solo
1127 1453 1189 1487 jure
1215 1454 1335 1481 victoriae
1354 1461 1363 1481 :
1386 1455 1422 1481 ita
1450 1454 1515 1480 mihi
1537 1454 1644 1481 videtur
1668 1459 1696 1481 et
1716 1454 1848 1481 Dominus

1051 1497 1136 1534 354
1153 1506 1227 1526 nteus
1239 1498 1317 1526 Iesus
1329 1499 1454 1526 Christus
1467 1498 1589 1526 facturus
1601 1507 1608 1525 :
1625 1499 1762 1533 quosdam
1775 1499 1847 1525 enim

1050 1551 1118 1578 quos
1137 1544 1188 1571 scit
1205 1544 1387 1572 abundantius
1411 1551 1493 1579 qualn
1515 1548 1630 1572 caeteros
1655 1544 1808 1577 laborasse,
1822 1550 1847 1570 ct

1051 1597 1165 1624 quorum
1184 1594 1259 1625 gesta
1278 1591 1420 1625 magnilica
1443 1591 1628 1625 sublimesque
1647 1591 1766 1618 virtutes
1790 1591 1847 1624 ipse

1051 1636 1200 1671 cognoscit,
1211 1635 1263 1663 illis
1275 1636 1426 1671 prascipuos
1437 1644 1557 1671 quosque
1569 1641 1597 1664 et
1611 1637 1739 1669 eximios,
1755 1642 1844 1670 atque,

1051 1685 1080 1707 ut
1095 1680 1132 1708 ita
1150 1681 1261 1708 audeam
1278 1682 1380 1713 dicere,
1400 1681 1502 1709 similes
1520 1682 1572 1708 sibi
1590 1681 1709 1709 [tonores
1723 1682 1846 1709 decernit

1051 1731 1079 1753 ct
1099 1726 1209 1761 glorias.
1236 1729 1333 1755 Arinen
1355 1727 1405 1754 tibi
1425 1727 1532 1754 videtur
1552 1727 1641 1755 simile
1664 1728 1769 1762 aliquid
1792 1736 1845 1756 sua!

1052 1772 1227 1800 beatitudinis
1237 1772 1400 1800 clarissimis
1412 1774 1468 1800 suis
1479 1763 1605 1800 conferre
1617 1774 1770 1809 discipulis.
1784 1782 1843 1802 cum

1052 1817 1118 1844 dicit
1134 1818 1177 1843 “‘z
1197 1827 1206 1842 ι
1225 1817 1315 1851 Pater,
1331 1818 1393 1845 volo
1415 1823 1444 1844 ιιι
1468 1818 1512 1845 ttbi
1530 1827 1580 1853 ego
1602 1827 1661 1846 stttn
1684 1824 1713 1846 et
1728 1820 1772 1846 isti
1792 1821 1844 1846 sint

1053 1864 1177 1891 mecum?
1191 1873 1200 1889 ι
1216 1864 1248 1891 Et
1274 1871 1335 1891 cum
1359 1865 1455 1892 iterum
1479 1865 1590 1897 dicit",
1612 1865 1674 1900 quia
1692 1875 1701 1891 ι
1718 1867 1843 1894 sedebitis

1052 1915 1078 1936 et
1094 1916 1140 1936 vos
1154 1917 1237 1944 super
1252 1909 1391 1937 duodecim
1409 1909 1520 1938 thronos
1534 1910 1688 1944 judicantes
1702 1912 1842 1939 dlIOdeCllll

1053 1955 1139 1981 tribUs
1156 1954 1254 1982 Israel?
1274 1964 1282 1980 I
1302 1954 1332 1981 Et
1360 1955 1459 1982 iterutn
1475 1955 1522 1981 ":
1543 1964 1552 1980 ι
1572 1954 1649 1982 Sicut
1677 1960 1705 1982 tu
1733 1956 1760 1982 itt
1787 1965 1843 1987 me,

1052 2000 1141 2033 Pater,
1154 2006 1182 2028 et
1195 2009 1245 2036 ego
1257 2001 1282 2028 in
1302 2007 1340 2032 te,
1356 2002 1391 2028 ita
1409 2007 1436 2029 et
1450 2002 1494 2029 isti
1510 2001 1537 2028 in
1552 2002 1630 2029 nobis
1648 2010 1731 2029 unum
1746 2003 1819 2030 sint?
1833 2013 1842 2028 ι

1054 2046 1115 2074 IIa-c
1137 2048 1228 2074 omnia
1255 2055 1308 2075 non
1327 2052 1402 2076 sorte
1426 2048 1621 2080 decernuntur,
1636 2049 1683 2076 sed
1704 2049 1845 2076 electionis

1052 2094 1229 2129 prmrogativa
1245 2093 1284 2129 (8)
1301 2093 1435 2121 donantur
1458 2094 1492 2121 ab
1517 2102 1549 2122 eo
1565 2094 1609 2129 qui
1630 2095 1713 2121 corda
1729 2099 1758 2121 et
1773 2103 1845 2122 Ineu-

1054 2145 1093 2168 les
1109 2141 1249 2168 hominum
1274 2141 1348 2168 videt
1371 2142 1456 2174 solus,
1472 2143 1517 2177 qui
1541 2150 1591 2170 nos
1607 2150 1716 2177 quoque
1739 2143 1846 2170 etiamsi

1052 2195 1106 2214 non
1120 2187 1191 2214 inter
1205 2186 1320 2214 eximios
1335 2193 1363 2215 et
1380 2188 1491 2221 electos,
1508 2192 1589 2223 atque
1613 2189 1674 2215 illos
1697 2189 1743 2223 qui
1765 2196 1842 2224 supra

1017 2232 1039 2259 D
1054 2239 1154 2260 sortem
1168 2236 1242 2264 sunt,
1259 2232 1284 2258 iu
1301 2237 1402 2260 sortem
1429 2239 1518 2260 tamen
1542 2238 1698 2260 sanctorum
1722 2233 1844 2268 dignetur

1054 2279 1188 2306 adducere
1211 2288 1217 2304 :
1239 2278 1281 2305 cui
1303 2282 1342 2305 est
1373 2279 1458 2312 gloria
1481 2284 1509 2306 et
1530 2279 1675 2313 imperium
1700 2280 1726 2306 itt
1748 2280 1842 2306 Saft‘tlltl

1053 2325 1225 2352 Stt'ettlurtttn.
1245 2325 1340 2352 Anton.

1328 2371 1467 2399 IlOlIILIA
1489 2370 1570 2398 XXII.

1107 2416 1142 2442 De
1157 2416 1261 2450 ﬁliabus
1277 2416 1414 2451 Scip/mal,
1430 2420 1454 2444 et
1468 2417 1499 2443 de
1512 2416 1676 2443 successione
1698 2415 1793 2452 Moysi.

1090 2463 1115 2489 Ι.
1129 2461 1254 2497 Quinque
1279 2462 1340 2490 ﬁlim
1361 2462 1479 2493 fuerunt,
1496 2469 1612 2496 quarunt
1638 2462 1719 2488 etiam
1736 2463 1837 2491 nomina

1054 2507 1079 2534 itt
1101 2507 1241 2542 Scriptura
1261 2508 1457 2543 comprehensa
1482 2511 1558 2539 sunt,
1574 2507 1608 2534 de
1630 2506 1761 2542 Salphaat
1776 2516 1838 2542 quo-

1052 2554 1112 2580 dam
1127 2553 1246 2581 Israelita
1259 2554 1418 2589 progenitas,
1428 2553 1473 2588 qui
1487 2557 1609 2580 ntortuus
1623 2558 1666 2580 est
1682 2554 1708 2580 in
1726 2554 1835 2582 deserta.

1053 2600 1124 2629 nulla
1136 2601 1207 2627 virili
1223 2601 1315 2628 subole
1328 2600 1468 2627 derelicta.
1483 2598 1543 2626 Istae
1557 2607 1623 2634 ergo
1639 2599 1701 2626 lilia:
1716 2599 1835 2634 Salphaat

1051 2647 1225 2681 interpellant
1239 2646 1359 2682 Moysen,
1374 2651 1402 2674 et
1422 2651 1523 2674 sortent
1542 2650 1664 2680 paternae
1682 2646 1835 2672 hereditatis

1066 2695 1088 2712 "
1102 2695 1180 2722 Num.
1201 2702 1276 2728 xxvt,
1290 2695 1335 2722 55.
1373 2694 1396 2710 "
1411 2694 1424 2721 J
1437 2702 1467 2722 is.
1479 2701 1535 2720 xtv.
1574 2692 1598 2708 ”
1609 2691 1688 2720 Joan.
1704 2701 1769 2726 xvu,
1793 2693 1832 2720 id.

1089 2776 1127 2812 (7)
1143 2775 1218 2807 lllss.,
1233 2783 1242 2801 ι
1261 2775 1333 2810 quod
1355 2780 1482 2809 acceptus
1495 2779 1536 2801 est
1558 2774 1624 2802 Deo.
1644 2784 1654 2800 ι
1675 2773 1750 2801 Libb.
1766 2773 1834 2805 editi,

1055 2821 1063 2838 ι
1084 2812 1154 2845 qttod
1169 2816 1310 2845 acceptum
1324 2815 1365 2837 est
1379 2811 1442 2837 Deo.
1461 2819 1471 2836 ι

1089 2843 1127 2886 (8)
1157 2843 1333 2886 Μεη-ἰωεειιι
1353 2845 1492 2886 electionis
1512 2845 1705 2886 praerogativa.
1730 2853 1738 2870 ι
1762 2843 1832 2871 Libb.

1058 2880 1135 2913 editi,
1154 2890 1162 2906 ι
1183 2881 1231 2908 scd
1244 2880 1395 2909 dilectionis
1410 2880 1596 2916 praerogativa.
1619 2889 1630 2907 θ
