1902 3052
54 146 100 173 7Η

632 143 664 171 IN
686 143 850 171 NUMEROS
869 142 1010 170 ll0.\lll.l.\
1029 142 1111 170 XXII.

1627 142 1680 168 7ἶῖ

53 208 200 239 (Ἠιυευιιιιι
223 204 355 233 dicentes,
375 210 408 229 ne
430 202 551 229 deleatur
571 209 669 228 nomen
693 202 778 235 patris
793 209 837 228 ea-
853 203 874 230 A
890 205 1056 233 terpretatur
1070 200 1162 227 umbra
1188 199 1215 226 in
1236 207 1281 226 ore
1305 198 1361 229 eius
1378 199 1452 233 (ll);
1469 203 1544 233 pater
1565 205 1678 233 operum

54 258 110 276 rum
127 251 158 276 de
176 249 264 276 medio
280 247 365 283 plebis
381 255 446 280 suae,
467 248 528 281 quia
545 255 597 274 non
612 252 659 274 est-
671 247 694 274 ei
711 247 753 274 vir
767 247 839 274 ﬁlius

52 301 140 322 natus.
163 295 256 322 ltefert
285 302 334 329 pro
358 294 410 321 hoc
432 293 536 328 Moyses
561 292 786 320 consultatioiiein
806 292 838 319 ad

54 340 145 367 Deutn.
157 338 357 373 Otnnipoleutis
373 343 463 365 autem
479 338 524 364 Dei
540 337 682 364 clementia
697 345 750 364 non
765 345 840 371 sper-

53 386 104 417 nit,
134 393 183 413 nec
212 385 325 420 despicit
351 384 577 412 consultationem
604 392 663 418 quae
689 383 802 411 oﬂ'ertur
824 391 838 410 a

53 431 158 466 puellis,
170 436 197 457 et
221 439 273 458 non
300 431 385 458 solum
410 437 537 463 responsa
554 430 618 456 dare
643 430 778 463 dignatur,
791 429 838 456 sed

52 477 185 503 iutantum
212 476 318 510 probat,
343 481 371 503 et
392 474 562 509 amplectitur
589 474 669 500 verba
689 481 792 505 earum,
810 478 839 500 ut

50 530 82 549 ex
102 522 167 557 ipsis
180 527 281 549 :eterna
302 523 456 550 hominibus
471 522 530 556 jura
546 520 692 548 constituat
709 526 736 547 et
753 528 837 547 smon-

49 570 82 597 lis
96 568 222 596 omnibus
232 568 408 595 observamla.
423 569 465 594 Ait
477 567 548 594 enim
559 566 580 581 ⁵⁷
598 575 604 593 :
619 576 628 591 ι
645 565 770 600 Loquens
780 571 838 592 erat

51 615 180 642 Dominus
193 614 224 641 ad
238 613 373 652 Moysen;
386 613 470 641 Recte
516 613 612 640 locuta:
624 619 685 640 sunt
701 613 761 640 ﬁliae
779 613 838 639 Sal-

49 663 143 695 phaal.
160 660 238 687 Dabis
253 660 293 686 eis
308 660 504 694 possessionem
520 659 546 686 in
560 659 648 686 medio
662 658 773 685 fratrum
791 667 837 694 pa-

49 708 100 735 tris
119 706 172 738 sui,
187 710 213 733 et
228 705 303 732 dabis
327 709 427 732 sortem
451 705 534 739 patris
562 705 681 739 ipsarum
710 705 785 739 ipsis,
810 710 837 732 et

48 754 116 782 ﬁliis
128 753 207 780 Israel
223 751 340 786 loqueris
358 752 470 778 dicens:
487 751 570 778 Homo
585 751 607 778 si
632 756 755 779 mortuus
779 751 838 778 fue-

47 801 95 832 rit,
115 804 142 826 et
159 799 228 826 ﬁlius
243 805 294 825 non
313 796 392 824 fuerit
409 797 446 828 ci,
465 797 563 824 dabitis
579 797 765 824 haereditatem
779 797 837 831 cjus

47 845 113 872 lilia:
135 844 203 878 ejus.
222 843 297 876 Quod
324 843 345 870 si
364 850 418 870 non
439 842 520 869 fuerit
543 843 568 869 ei
595 842 647 868 ﬁlia
663 843 712 877 (9),
737 842 836 870 dabitis

892 247 1044 274 intellectus
1054 251 1105 274 est.
1119 246 1196 279 διξερε
1208 252 1273 279 ergo
1285 245 1395 278 accidit,
1409 249 1436 271 et
1451 251 1502 271 non
1519 245 1597 278 pauci
1609 245 1680 271 inter

891 293 990 320 fratres
1003 297 1109 320 nostros
1126 296 1200 324 sunt,
1215 292 1239 318 in
1256 292 1356 326 quibus
1383 291 1535 318 intellectus
1558 290 1637 317 altior
1652 295 1680 316 et

890 338 1052 373 profundior
1066 338 1164 369 nullus,
1179 338 1226 364 sed
1252 341 1293 365 est
1313 338 1338 364 in
1357 337 1396 364 eis
1414 344 1509 364 sensus
1530 341 1679 368 emortuus,

889 385 959 411 sicut
983 384 1015 411 de
1034 383 1148 417 quodam
1166 383 1297 416 scriptum
1323 386 1366 409 est
1382 382 1405 397 ⁸⁸
1421 390 1427 408 :
1444 391 1453 408 ι
1472 382 1505 408 Ει
1527 385 1679 408 emortuum

889 434 931 456 est
944 437 992 457 ροι-
1004 429 1065 462 ejus
1081 429 1106 456 in
1125 429 1193 463 ipso.
1214 437 1223 454 ›
1243 429 1294 455 lste
1310 435 1374 462 ergo
1398 428 1504 455 etiamsi
1525 428 1558 454 ad
1578 427 1679 454 intelli-

890 475 1008 509 gentiam
1026 475 1177 509 spiritalem
1205 473 1272 500 nihil
1298 473 1379 508 sapit,
1395 473 1442 500 sed
1463 477 1504 500 est
1529 477 1680 504 emortuus,

891 526 980 547 tamen
1004 520 1027 547 si
1050 520 1174 554 genuerit
1202 519 1280 551 ﬁlias,
1305 519 1332 546 id
1356 524 1398 546 est
1420 526 1500 553 opera
1524 518 1679 549 ministerii.

889 574 972 600 opera
990 566 1195 600 obsequiorum,
1213 573 1296 600 opera
1313 565 1502 592 mandatorum
1521 565 1580 595 Dei,
1594 565 1680 591 htere-

889 612 1093 644 ditatemterrze
1109 619 1169 639 cuni
1194 611 1272 646 plebe
1293 611 1398 638 Domini
1422 611 1607 644 consequitur.
1623 609 1680 637 Non

889 657 986 690 poterit
1003 657 1111 690 quidem
1135 656 1207 684 inter
1229 665 1276 685 eos
1300 656 1447 688 numerari,
1462 664 1575 690 quorum
1593 656 1682 690 portio

890 703 1020 730 Dominus
1034 708 1086 734 est,
1101 711 1216 738 quorum
1240 703 1385 731 haereditas
1402 703 1470 730 Deus
1485 708 1538 734 est,
1560 710 1612 730 non
1631 709 1681 737 po-

888 749 951 775 terit
964 749 990 775 in
1006 750 1193 776 ministrorum
1208 755 1234 777 et
1245 749 1418 776 sacerdotum
1435 756 1550 776 numero
1563 748 1681 782 suscipi,

889 795 915 822 iu
932 795 1038 829 plebeio
1062 800 1150 822 tamen
1176 795 1271 822 ordine
1294 795 1478 822 haereditalem
1495 800 1573 822 terrae
1588 801 1683 829 repro-

888 840 1026 867 missionis
1043 840 1178 873 accipiet:
1197 849 1205 865 i
1224 840 1299 867 Multi
1314 841 1386 867 enim
1404 845 1465 867 sunt
1478 840 1579 873 vocati,
1600 840 1680 874 pauci

45 874 328 918 literedi'tatein—fratri
344 888 411 922 ejus.
426 889 501 922 Quod
517 889 539 915 si
556 896 607 915 non
627 874 726 916 fuerint
743 890 766 916 ei
783 890 836 916 fra~
852 874 873 901 Β
888 889 977 911 θυιθιη
1002 885 1081 912 elecli
1107 885 1141 911 "-
1159 894 1168 910 ι
1186 885 1343 912 Oslendilur
1368 890 1458 912 tamen
1483 889 1510 911 et.
1538 892 1619 911 causa
1647 890 1681 910 e\'

45 939 116 966 tres,
135 932 235 960 dabitis
261 932 443 959 hereditatem
464 932 539 959 fratri
558 934 643 966 patris
665 933 732 966 ejus.
759 934 836 967 Quod

43 980 67 1007 si
85 986 140 1007 non
156 979 256 1006 fuerint
270 979 293 1006 ei
312 979 408 1006 fratres
423 980 505 1013 patris
521 978 588 1012 ejus.
602 979 700 1006 dabitis
725 980 836 1007 haeredi-

44 1029 132 1052 tatem
148 1024 308 1056 domestico,
321 1024 366 1059 qui
378 1023 459 1051 fuerit
476 1024 651 1059 propinquior
668 1024 703 1051 illi
715 1033 747 1052 ex
765 1025 835 1052 tribu

43 1078 107 1103 sua,
133 1075 161 1098 et
182 1069 269 1104 capiet
291 1069 475 1096 haereditatem
500 1070 569 1104 ejus,
593 1076 619 1097 et
638 1071 691 1097 erit
708 1071 757 1098 hoc
776 1071 837 1099 ﬁliis

44 1115 304 1150 lsraeljustilicatio
325 1115 431 1149 iudicii,
453 1115 524 1143 sicut
553 1115 695 1143 consuluit
709 1117 838 1143 Dominus

43 1161 145 1197 Moysi.
165 1170 176 1188 ι
193 1161 256 1189 Haec
271 1161 418 1188 secundum
434 1162 577 1189 historiam
591 1162 655 1196 quid
671 1162 773 1196 vigoris
788 1164 836 1189 ha-

42 1209 141 1240 beanl,
158 1209 284 1235 omnibus
298 1207 385 1242 palam
400 1212 441 1235 est
455 1208 500 1242 qui
515 1208 603 1235 sciunt
617 1208 690 1242 leges
706 1209 771 1235 istas
785 1217 837 1236 non

41 1254 134 1281 solum
154 1253 224 1288 apud
245 1253 313 1280 ﬁlios
335 1252 416 1280 lsrael
437 1254 578 1286 custodiri,
593 1254 640 1281 sed
660 1254 730 1288 apud
744 1262 839 1282 omnes

42 1301 184 1333 homines,
199 1299 246 1334 qui
265 1305 354 1327 tamen
380 1299 484 1335 legibus
511 1300 614 1327 vivunt.
631 1299 708 1328 Unde
728 1306 840 1335 apparet

41 1347 122 1382 quod
150 1347 263 1374 libertas
287 1347 402 1374 ﬁliarum
428 1346 557 1381 Salphaat
582 1354 635 1374 non
667 1348 753 1375 solum
773 1349 839 1382 ipsis

39 1393 234 1421 hereditatem
258 1393 421 1426 contulerit,
446 1394 492 1420 sed
520 1397 547 1420 et
574 1398 704 1428 perpetua
730 1395 838 1422 vivendi

36 1439 103 1472 jura
120 1438 222 1466 saeculo
239 1439 353 1466 dederit.
368 1439 450 1466 Vides
474 1443 574 1473 quanta
592 1439 628 1466 sit
649 1440 730 1467 etiam
754 1441 840 1468 histo-

37 1485 92 1512 ria:
111 1484 201 1519 ipsius
218 1484 321 1511 utilitas
345 1485 371 1511 iu
402 1484 459 1519 lege
482 1484 540 1512 Dei.
566 1484 632 1518 Quis
656 1491 743 1520 potest
765 1486 839 1522 leges

887 930 970 965 ipsius
993 931 1111 958 nominis
1138 931 1374 966 interpretatione,
1393 930 1456 966 quia
1481 931 1532 958 iste
1551 930 1682 964 Salphaat

887 983 940 1002 non
966 977 1084 1010 potuerit
1112 976 1180 1003 ﬁlios
1210 985 1356 1011 generare,
1381 977 1427 1004 sed
1447 976 1526 1003 ﬁlias.
1548 976 1683 1010 Interpre‘

894 1024 966 1047 tatur
986 1022 1071 1053 enim,
1100 1026 1128 1048 ιιι
1152 1022 1280 1053 diximus,
1299 1024 1392 1048 umbra
1412 1022 1438 1048 in
1453 1029 1496 1048 ore
1515 1021 1581 1056 ejus.
1601 1020 1683 1047 Vides

887 1073 951 1100 ergo
981 1066 1107 1098 quoniam
1143 1066 1165 1093 si
1202 1067 1263 1101 quis
1294 1067 1418 1093 umbram
1445 1065 1511 1101 legis
1545 1066 1628 1092 habet
1655 1065 1682 1091 in

887 1119 945 1143 ore,
961 1116 987 1138 et
1003 1120 1054 1138 non
1071 1112 1156 1146 ipsam
1171 1111 1316 1147 imaginem
1343 1120 1446 1144 rerum,
1460 1112 1504 1139 hic
1526 1112 1589 1146 quia
1612 1110 1683 1138 nihil

887 1157 969 1193 355
994 1157 1135 1191 spiritale,
1161 1157 1229 1184 nihil
1252 1157 1377 1192 profundi
1403 1157 1556 1184 intellectus
1581 1156 1684 1184 sentire

889 1209 989 1239 potest,
1005 1204 1053 1231 sed
1069 1204 1127 1231 sola
1140 1205 1237 1231 umbra
1255 1203 1323 1238 legis
1337 1203 1363 1230 in
1379 1211 1426 1231 ore
1441 1203 1498 1238 ejus
1512 1208 1565 1236 est,
1583 1210 1682 1231 sensus

889 1250 965 1277 vivos
985 1255 1014 1278 et
1035 1250 1175 1285 spiritales
1196 1257 1249 1278 non
1273 1254 1362 1284 potest
1388 1257 1534 1284 generare,
1550 1257 1682 1284 generare

891 1301 980 1324 tamen
999 1300 1089 1331 potest
1103 1303 1184 1330 opera
1203 1300 1229 1322 et
1251 1301 1340 1327 actus,
1355 1303 1415 1330 quin
1429 1300 1492 1322 sunt
1509 1295 1683 1329 simplicioris

890 1343 953 1370 vitae
976 1341 1139 1368 ministeria.
1162 1341 1193 1368 Et
1212 1341 1273 1368 ideo
1299 1341 1419 1368 ostendit
1442 1340 1468 1366 in
1489 1340 1531 1367 his
1563 1340 1682 1366 clemen-

891 1389 928 1416 tia
944 1388 1000 1419 Dei,
1026 1388 1097 1422 quod
1118 1387 1320 1414 innocentiores
1344 1387 1453 1422 quique,
1471 1387 1576 1414 etiamsi
1602 1394 1682 1413 sensu

892 1434 1030 1467 deﬁciant,
1051 1434 1152 1461 habent
1172 1437 1261 1460 tamen
1290 1441 1372 1468 opera
1400 1432 1487 1464 bona,
1512 1440 1565 1459 non
1587 1432 1683 1460 exclu-

892 1480 992 1507 duntur
1015 1482 1049 1507 ab
1074 1479 1233 1506 luerettitate
1251 1484 1419 1506 Sanctorum.
1447 1478 1529 1506 Recte
1552 1484 1616 1513 ergo
1639 1478 1678 1505 lo-

35 1531 113 1557 istas
138 1529 285 1564 aliquando
301 1530 460 1563 dissolvere,
475 1531 574 1565 quibus
598 1531 741 1559 universus
755 1533 840 1560 υιίιιιι-
853 1542 874 1570 C
892 1531 961 1553 culte
974 1531 1037 1552 sunt
1052 1526 1113 1552 lilia:
1130 1525 1271 1559 Salphaat.

36 1576 187 1604 mundus?
203 1576 255 1603 Sed
272 1582 361 1603 tamen
377 1583 426 1604 nos
439 1583 592 1611 quaeramus
603 1579 738 1613 quomodo
757 1579 839 1606 etiam

34 1624 209 1658 spiritaliter
225 1623 402 1650 :ediﬁcemur.
419 1623 510 1652 Potest
528 1625 601 1651 enim
628 1625 684 1652 ﬁeri
708 1630 736 1652 ut
754 1634 840 1661 neque

35 1671 106 1698 lilia;
122 1670 181 1706 (10)
198 1670 263 1697 mihi
275 1670 330 1696 sint
341 1669 488 1697 secundum
502 1678 623 1702 carnem,
638 1679 724 1705 neque
739 1671 839 1706 aliquid

35 1718 130 1749 ruris,
147 1716 224 1750 cujus
235 1717 294 1750 capi
311 1716 397 1750 possit
417 1716 570 1744 haeredilas.
590 1717 658 1750 Quid
673 1718 756 1753 ergo?
773 1718 841 1744 nihil

32 1765 116 1798 apud
134 1771 197 1790 cum
219 1763 265 1798 qui
285 1762 436 1796 huiusmodi
464 1767 517 1795 est,
540 1763 590 1789 ista
613 1763 654 1790 lex
674 1764 839 1798 oporabitur,

32 1816 65 1836 et
84 1809 141 1836 erit
164 1809 243 1836 alicui
267 1809 384 1836 otiosum
406 1808 478 1843 quod
500 1809 589 1836 divina
614 1817 679 1837 voce
704 1811 839 1838 sancitum

30 1856 103 1884 est!
118 1856 301 1890 Requiramus
316 1862 381 1890 ergo
395 1855 475 1882 etiam
498 1856 567 1890 apud
584 1855 734 1890 spiritalem
755 1857 840 1892 legem

31 1909 105 1938 qua
124 1902 181 1929 sint
200 1901 258 1929 ista:
273 1900 334 1928 ﬁli-2
359 1901 489 1935 quinque,
506 1909 620 1936 quarum
642 1902 748 1930 etiamsi
765 1907 842 1937 pater

30 1953 173 1975 mortuus
190 1948 271 1974 fuerit
284 1954 333 1982 pro
348 1947 440 1981 aliquo
451 1952 574 1981 peccato,
590 1948 655 1982 ipsa:
679 1953 768 1975 tamen
787 1949 842 1975 hir-

31 1994 194 2021 reditatem
218 2001 250 2021 cx
274 1994 358 2021 verbo
379 1994 425 2022 Dei
453 1995 571 2030 capiant.
590 1995 620 2021 lu
643 1996 840 2030 superioribus,

30 2049 109 2069 eum
126 2041 163 2069 de
175 2041 343 2075 spiritalibus
355 2041 417 2069 ﬁliis
430 2046 618 2076 tractareiniis,
629 2042 744 2069 virtutes
757 2042 840 2069 animi

26 2097 62 2117 ei.
87 2096 190 2117 sensus
207 2089 305 2116 mentis
329 2089 399 2116 ﬁlios
416 2088 470 2116 dici
495 2089 646 2116 docuimus.
667 2089 841 2124 Consequens

24 2139 102 2164 sine
117 2135 204 2162 dubio
220 2140 247 2162 et
265 2136 431 2163 conveniens
447 2135 556 2163 videtur
575 2135 656 2163 etiam
674 2135 742 2163 ﬁlias
759 2144 840 2170 opera

26 2191 104 2218 qua:
126 2181 253 2216 corporis
272 2182 423 2209 ministerio
444 2182 604 2216 explentur,
628 2182 762 2216 accipere.
779 2182 841 2210 Ideo

929 1582 957 1609 2.
979 1582 1041 1609 Post
1066 1582 1124 1608 lltl‘C
1146 1582 1256 1615 ponitur
1272 1580 1313 1607 lex
1333 1580 1378 1607 Dei
1402 1581 1435 1608 de
1456 1580 1639 1613 successione,
1654 1584 1684 1607 ut

893 1629 980 1664 primo
996 1630 1077 1660 ﬁlius,
1102 1629 1157 1655 ﬁlia
1181 1629 1301 1656 secundo
1317 1629 1342 1656 iu
1366 1629 1426 1656 loco
1438 1621 1586 1662 succedat,
1603 1630 1683 1656 tertio

893 1675 987 1707 frater,
1012 1680 1109 1709 quarto
1126 1676 1211 1710 patris
1234 1675 1329 1702 frater.
1351 1675 1468 1708 Quintus
1493 1683 1562 1702 vero
1584 1676 1684 1711 gradus

893 1725 997 1747 certum
1014 1721 1134 1755 aliquem
1150 1728 1202 1746 non
1216 1721 1351 1755 designat,
1367 1721 1412 1747 sed
1428 1721 1556 1755 quisquis
1572 1721 1610 1748 illi
1625 1729 1683 1755 pro-

893 1765 1019 1798 pinquior
1035 1773 1066 1792 ex
1091 1766 1164 1792 omni
1186 1765 1288 1792 familia
1307 1765 1403 1799 fuerit,
1420 1771 1448 1792 ut
1468 1766 1525 1800 ipse
1541 1768 1682 1794 succedat.

893 1811 920 1837 lu
946 1811 988 1838 his
1005 1817 1059 1837 tam
1076 1811 1182 1846 integer
1204 1817 1231 1839 et
1257 1812 1394 1846 perfectus
1418 1818 1460 1840 est
1478 1812 1598 1840 liistorire
1620 1821 1682 1839 sen-

893 1864 950 1890 sus,
967 1861 995 1884 iit
1018 1857 1084 1884 nihil
1109 1858 1251 1892 requirere
1268 1859 1393 1885 videatur
1416 1859 1588 1885 extrinsecus
1613 1859 1681 1894 (12).

893 1904 994 1931 Tamen
1020 1905 1042 1930 si
1067 1903 1130 1938 quis
1147 1903 1216 1930 bene
1240 1903 1266 1930 in
1293 1904 1465 1938 spiritalibus
1490 1905 1594 1939 legibus
1617 1913 1681 1932 eru—

893 1950 965 1977 ditus
985 1954 1043 1981 est,
1063 1954 1090 1976 et
1117 1949 1239 1984 pleniore
1271 1950 1392 1977 scientiae
1418 1950 1522 1978 lumine
1547 1951 1681 1985 radiatus,

893 1995 937 2022 ille
962 2000 1052 2030 potest
1071 1995 1222 2029 intelligere
1241 1995 1364 2023 diversos
1388 1997 1455 2023 istos
1476 1997 1680 2024 successionum

892 2041 1001 2077 gradus,
1018 2046 1045 2068 et
1068 2041 1203 2076 quomodo
1226 2040 1330 2076 primus
1352 2042 1387 2068 sit
1405 2043 1601 2076 eonsequeudm
1625 2050 1683 2070 cte-

892 2089 970 2116 lestis
988 2089 1155 2116 haereditaiis
1169 2088 1279 2122 gradus,
1293 2088 1423 2115 doctriuie
1438 2094 1466 2115 et
1481 2089 1604 2116 scientiae
1624 2097 1682 2116 tne-

893 2135 956 2167 rito,
979 2135 1025 2169 qui
1049 2138 1090 2161 est
1115 2134 1252 2161 maseulus
1281 2133 1361 2161 ﬁlius.
1387 2134 1529 2162 Secundus
1564 2143 1678 2170 operum

894 2181 1086 2216 praerogativa,
1112 2189 1171 2216 qua:
1196 2181 1250 2208 ﬁlia
1276 2186 1327 2208 est.
1352 2181 1462 2208 Tertius
1482 2183 1681 2216 compassiouis

25 2215 164 2263 denique
179 2215 210 2254 et
221 2227 364 2262 quinarius
385 2228 426 2255 eis
441 2215 569 2255 numerus
585 2215 738 2255 ascribitur.
756 2228 840 2261 Quin—
854 2215 881 2245 Ῑ)
892 2215 1009 2263 alicujus
1029 2232 1056 2254 et
1075 2215 1245 2259 imitationis,
1263 2232 1375 2262 propter
1391 2227 1462 2262 quod
1486 2232 1513 2254 et
1531 2215 1615 2254 frater
1631 2236 1682 2255 no-

27 2282 96 2309 que
117 2273 193 2301 enim
207 2273 332 2307 corporei
354 2281 448 2301 sensus
467 2278 541 2306 sunt,
564 2273 663 2308 quibus
678 2282 758 2301 omne
773 2282 841 2309 opus

25 2319 172 2354 expletur
187 2318 214 2345 in
227 2325 351 2352 corpore.
370 2318 430 2345 Istre
445 2326 510 2353 ergo
524 2318 644 2354 quinque
663 2318 734 2350 ﬁliai,
750 2319 775 2346 id
799 2324 841 2347 est

24 2373 158 2400 operum
174 2364 317 2399 perfectio,
330 2365 436 2392 etiamsi
452 2370 529 2400 patre
550 2365 681 2392 orheutiir
698 2369 724 2392 et
748 2373 839 2392 rema-

23 2415 128 2439 neant
154 2410 295 2445 orphanai,
323 2414 482 2437 nontamen
507 2409 652 2444 cjiciuntur
667 2411 700 2437 ab
725 2410 840 2437 lueredi-

24 2461 111 2487 tato,
131 2463 222 2490 neque
239 2455 418 2482 excluduntur
432 2464 446 2482 a
462 2463 556 2489 regno,
570 2456 616 2482 sed
636 2455 662 2481 in
678 2455 767 2482 medio
784 2455 840 2490 ple-

22 2504 85 2531 bis
108 2503 156 2529 Dei
183 2502 336 2536 portionem
359 2502 526 2529 hiercditatis
553 2501 701 2536 accipiunt.
729 2502 838 2530 lutei-im

22 2549 190 2577 videamus
211 2549 273 2583 quis
296 2552 337 2576 est
365 2548 416 2575 iste
438 2553 514 2583 pater
538 2555 641 2579 carum,
656 2548 701 2582 qui
719 2553 841 2575 mortuus

18 2602 107 2624 esse
123 2595 236 2622 dicitur.
255 2595 393 2629 Salphaat,
415 2595 510 2629 inquit,
537 2594 664 2628 Salphaat
681 2599 771 2621 anteiit
798 2595 840 2621 iii-

74 2653 105 2669 ⁸⁷
117 2651 201 2678 Num.
217 2659 302 2684 xxvii,
318 2651 344 2684 7,
355 2651 382 2683 8,
396 2652 423 2684 9,
440 2651 484 2684 l0,
501 2652 544 2678 ll.

75 2699 122 2735 (9)
139 2698 218 2730 Mss.,
233 2699 331 2735 c_quod
345 2699 366 2726 si
383 2698 537 2735 nonrl’uerit
550 2698 654 2735 citilia,
674 2702 727 2735 [et
739 2698 781 2735 ita
792 2699 840 2725 ha-

18 2731 93 2764 bet;
106 2731 212 2770 :textus
232 2731 342 2760 Gnaeus
365 2733 418 2760 τῶν
437 2734 474 2770 Οξ,
491 2732 549 2770 scivi
563 2733 591 2760 δὲ
616 2733 653 2769 μὴ
716 2732 838 2770 θυγάτηρ

22 2769 133 2806 αὐτῷ.
157 2768 309 2806 Male-ergo
330 2769 395 2797 libb.
419 2769 484 2796 editi
508 2769 618 2799 habent,
635 2768 731 2804 i'qiiod
746 2769 768 2795 si
785 2768 837 2794 non

17 2803 152 2834 fuerint
169 2804 193 2830 ei
209 2803 281 2830 ﬁlim.
300 2812 308 2828 ι

75 2841 141 2876 (10)
158 2839 236 2876 Mss,
252 2846 261 2863 l
280 2837 349 2864 tilite.
363 2839 459 2876 iltilili.
474 2836 550 2867 editi,
569 2845 578 2862 ς
598 2835 655 2863 ﬁlii.
677 2845 688 2861 ι

74 2873 139 2909 (ιι)
159 2874 287 2908 Sulphiiui
308 2879 393 2900 mitem
420 2874 605 2907 interpretatur
627 2877 715 2897 unum
738 2874 763 2894 ta
784 2873 836 2894 oar:

892 2274 1022 2301 minatur.
1045 2274 1115 2301 Sunt
1137 2274 1210 2301 enim
1232 2274 1367 2305 nonnulli,
1389 2274 1434 2308 qui
1459 2279 1555 2308 sponte
1571 2274 1680 2308 quidem

890 2327 949 2352 sua,
964 2324 991 2347 et
1011 2319 1121 2354 proprio
1134 2319 1277 2346 intellectu
1298 2319 1366 2347 nihil
1381 2325 1473 2354 agunt,
1489 2320 1567 2354 positi
1591 2325 1680 2347 tamen

889 2365 961 2393 inter
978 2365 1088 2397 fratres,
1104 2372 1136 2393 ex
1158 2366 1312 2394 imitatione
1333 2370 1495 2393 cieterorum
1518 2366 1612 2393 eadem
1639 2367 1680 2392 vi-

892 2412 989 2439 dentur
1004 2419 1085 2446 agere
1100 2419 1160 2446 quae
1173 2417 1200 2439 et
1220 2412 1258 2438 illi
1279 2417 1373 2446 agunt,
1397 2411 1442 2446 qui
1462 2412 1599 2439 intellectu
1617 2419 1680 2445 pro-

893 2457 952 2491 prio
975 2461 1128 2484 moventur.
1147 2457 1233 2484 Datur
1249 2458 1331 2484 etiam
1355 2457 1415 2484 istis
1442 2458 1537 2483 tertius
1563 2456 1680 2482 hancdi-

893 2504 958 2530 tatis
979 2504 1028 2530 sub
1052 2503 1129 2530 titulo
1147 2503 1264 2531 fratrum
1294 2503 1413 2530 nominis
1434 2503 1545 2537 gradus.
1560 2501 1679 2534 Quartus

891 2557 967 2582 vero,
993 2556 1074 2584 quem
1100 2549 1211 2577 fratrem
1235 2550 1320 2585 patris
1349 2549 1488 2582 nominat,
1509 2552 1597 2583 potest
1622 2548 1680 2575 lor-o

892 2596 974 2622 tassis
997 2595 1110 2630 intelligi
1137 2596 1181 2623 ille
1209 2596 1276 2623 ordo
1303 2595 1461 2628 hominum,
1483 2595 1527 2629 qui
1550 2595 1642 2621 audita
1663 2601 1681 2622 ιι

583 2651 606 2667 ⁵³
623 2651 630 2678 l
649 2650 716 2686 Reg.
734 2659 799 2684 xxv,
813 2652 859 2679 5⁵1.
889 2653 912 2668 ³³
928 2650 1022 2678 Matth.
1039 2659 1106 2684 xxii,
1123 2653 1166 2679 Η.

894 2697 995 2724 κως-Α
1006 2689 1051 2729 53'.
1067 2707 1076 2723 ι
1090 2699 1194 2731 umbra,
1210 2708 1219 2724 ι
1233 2704 1259 2726 et
1270 2703 1318 2730 ΓΕ),
1338 2708 1347 2724 ‹
1365 2706 1405 2730 os,
1417 2699 1483 2727 oris.
1501 2708 1510 2724 ι

919 2732 982 2772 ita)
1002 2733 1092 2761 Codex
1115 2734 1206 2761 Sancti
1228 2735 1390 2762 Theudorici
1417 2734 1570 2768 lteniensis,
1594 2743 1613 2772 ¢_
1633 2735 1677 2763 in-

892 2770 1037 2796 trinsecus.
1051 2778 1060 2793 ›
1600 2770 1613 2775 ··

927 2803 983 2842 (l3)
1004 2802 1083 2834 Mss,
1109 2812 1119 2829 ι
1135 2803 1197 2831 huic
1220 2803 1372 2838 proximus.
1387 2813 1396 2830 i
1423 2804 1500 2833 Libb.
1514 2805 1599 2836 editi.
1620 2813 1630 2831 α
1646 2805 1678 2837 iis

890 2843 1041 2871 proxuuus.
1054 2847 1063 2864 ι
