1902 3052
224 126 277 154 Ἠδ

957 124 1118 152 ORIGENIS
1807 129 1851 156 7H

224 184 358 219 patribus,
378 187 403 209 et
420 188 541 209 veterum
559 181 717 209 narratione
737 188 863 217 suscepta
879 190 1013 210 conantur
1030 187 1050 212 Α
1066 183 1464 217 ipsctransgressioniscrimen
1477 183 1762 219 inettrrit,ctiamipse
1771 184 1851 212 factus

224 227 348 262 imp‘lere,
371 233 397 255 et
415 236 466 255 non
491 233 543 255 tam
563 229 678 262 propriis
703 229 828 256 sensibus
855 229 939 260 moti,
963 237 1012 256 nec

223 274 366 308 prmseutis
380 274 510 300 doctrina:
523 274 781 301 commouitiouiltus
791 274 913 305 excitati,
928 282 1010 308 quam

224 325 344 346 veterum
366 319 407 346 vel
432 320 587 353 traditione,
610 321 650 347 vel
673 322 869 348 consuetudine
894 321 950 348 sola
972 321 1012 348 in-

222 365 318 396 stituti.
338 365 400 391 houi
426 370 516 392 tauten
543 366 643 400 aliquid
670 373 778 401 gerunt.
806 368 923 395 Ultimus
948 375 1011 395 vero

224 412 323 445 gradus
341 412 473 438 scribitur
489 412 544 445 ille,
562 414 608 447 qtti
626 414 748 448 quolibet
772 419 850 448 pacto
868 415 930 440 huic
951 422 1011 448 pro-

219 457 310 484 ximus
325 458 380 492 (l5)
399 458 481 485 fuerit
496 469 502 486 :
518 460 596 493 quasi
620 460 641 487 si
663 460 778 492 diceret,
788 460 851 487 Sive
868 461 1011 487 nor-mione

219 503 276 529 sive
290 504 405 531 veritate
427 505 558 532 doctrinae
573 507 594 533 si
618 507 680 540 quis
697 506 798 541 aliquid
821 506 884 532 boui
902 507 1009 539 fecerit,

219 556 272 574 non
290 549 387 582 peribit
403 549 466 577 boni
483 551 574 585 operis
600 559 714 583 merces,
737 551 783 578 sed
808 552 938 586 largiente
959 553 1011 579 Do~

219 595 293 621 mino
311 595 398 622 locum
424 596 593 624 baereditatis
619 598 746 631 accipiet.
771 597 834 624 Iliae
861 598 969 631 quidem
994 607 1008 625 a

219 641 296 667 nobis
324 643 452 668 audacter
481 641 604 669 fortassis
636 648 816 678 pnesumpta,
839 648 866 669 et
894 644 919 670 ιιι
952 651 1010 671 me-

219 685 294 711 dium
315 686 420 720 prolata
436 687 591 718 videantur,
611 695 662 714 non
684 692 771 714 tamen
791 688 843 714 erit
863 689 1009 715 absurdum

220 732 244 757 si
273 731 442 765 spiritalibus
469 732 602 766 spiritalia
631 739 830 767 proponentes,
854 735 1010 762 secretioris

219 784 266 804 eos
287 776 472 811 intelligentiae
484 778 666 809 aemulatores,
677 779 843 812 cupidosque
855 779 1008 807 reddamus.

252 822 279 848 5.
301 822 365 849 Post
383 824 439 850 hate
456 823 570 850 historia
592 823 719 854 refertur,
739 829 765 851 et
782 825 939 852 narratione
961 825 1010 852 tui-

1067 234 1105 254 est
1117 228 1166 254 sub
1176 233 1296 262 peccato.
1307 228 1420 260 Idcirco,
1431 229 1524 261 credo,
1532 236 1592 255 cum
1604 230 1768 257 confidentia
1782 231 1850 258 dice-

1067 274 1262 308 batApostolus
1272 273 1305 306 θ’,
1314 274 1376 308 quia
1387 283 1397 299 ι
1413 275 1534 309 regnavit
1547 282 1619 301 mors
1632 275 1666 302 ab
1677 275 1764 302 Adam
1775 284 1852 311 usque

1067 321 1098 347 ad
1115 320 1233 355 Moysen.
1248 330 1256 346 ι
1278 320 1400 347 Accessit
1415 321 1486 347 enim
1506 321 1539 347 ad
1556 320 1678 356 Moysen,
1691 326 1720 348 et
1736 329 1790 349 nec
1806 323 1854 357 ipse

1066 365 1195 399 pepercit.
1209 365 1242 392 Et
1252 365 1322 398 ideo,
1336 365 1443 400 opinor,
1457 366 1607 398 diccbat“,
1620 367 1701 400 quiat
1717 373 1851 400 peccatum

1066 411 1188 437 itttroivit
1204 411 1230 437 itt
1248 411 1319 437 hunc
1337 412 1477 442 utttmlunt,
1491 417 1518 438 et
1542 419 1590 445 per
1607 418 1752 446 peceatum
1771 416 1854 444 mors;

1066 455 1092 482 in
1114 463 1168 489 quo
1182 463 1278 482 omnes
1298 461 1489 490 peccaverunt.
1502 465 1511 481 ι
1532 457 1564 483 Et
1583 457 1680 484 iterum
1700 458 1744 485 δ”ε
1762 467 1772 482 ε
1787 458 1850 486 Con-

1065 502 1146 528 clusit
1163 502 1234 529 Deus
1250 509 1343 529 otnnes
1366 502 1417 529 sub
1440 508 1561 536 peccato,
1584 507 1613 529 ut
1628 504 1757 531 omnibus
1774 506 1847 531 mise-

1064 553 1188 574 reatum
1208 547 1259 574 Sed
1276 547 1376 582 gratias
1392 547 1505 574 Domino
1520 547 1581 574 Jesu
1597 548 1719 580 Christo,
1737 549 1786 583 qui
1807 557 1851 576 nos

1066 590 1192 618 liberavit
1207 591 1240 618 de
1254 599 1367 626 corpore
1384 593 1478 618 tuortis
1493 592 1582 626 hujus,
1599 598 1628 620 ut
1643 594 1687 621 ttbi
1706 595 1849 621 abundavit

1064 642 1216 671 peccatum,
1242 637 1475 671 superabttudarct
1499 638 1585 672 gratia
1600 639 1633 665 ".
1655 639 1722 666 Nam
1749 640 1850 676 Moyses

1065 685 1199 716 qttomodo
1227 683 1342 716 aliquem
1373 682 1491 709 liberare
1517 683 1651 717 potuisset
1674 692 1690 711 a
1722 687 1848 719 peccatis,

1064 738 1124 756 cum
1136 731 1217 756 etiam
1233 730 1281 763 ipsi
1296 728 1412 760 dicatur,
1425 729 1487 763 quia
1508 737 1517 754 ι
1536 731 1699 764 transgressi
1712 731 1781 758 estis
1795 739 1850 759 ver-

1064 777 1125 802 l-ttm
1153 784 1241 803 metttu
1265 777 1291 802 in
1316 776 1424 803 deserto
1447 775 1494 802 Sin
1509 795 1516 808 ,
1538 779 1565 802 et
1589 784 1641 802 tton
1667 784 1709 804 me
1729 779 1849 805 sanctifi-

1064 823 1146 849 castis
1158 823 1184 849 in
1196 829 1264 856 aqua
1276 829 1368 848 coram
1383 821 1445 848 filiis
1458 821 1556 848 Israel?
1568 830 1577 846 ι
1592 825 1620 848 ut
1631 822 1804 850 manifestum
1818 825 1850 850 sit

216 868 321 899 rabilis,
335 873 361 895 et
377 868 515 895 intellectu
541 870 695 903 magnifica.
712 869 824 897 Ponitur
846 872 917 898 enim
941 879 1008 906 quo-
1026 866 1046 893 Β
1063 869 1188 896 omnibus
1198 867 1269 902 quod
1283 867 1328 895 ille
1340 868 1435 895 debeat
1447 867 1519 894 solus
1533 867 1699 903 requiri,qui
1711 869 1786 897 solus
1794 877 1849 904 pec-

216 913 297 940 modo
322 913 390 940 Deus
413 913 513 940 dixerit
531 914 563 940 ad
591 914 718 949 Moysen,
743 920 771 942 ιιι
797 917 957 943 ascenderet
981 916 1007 943 itt

217 964 346 991 montem,
357 964 384 985 et
401 959 462 986 inde
476 967 537 986 cum
549 961 745 994 prospexisset,
756 962 902 990 etiutuitus
913 963 1009 991 fuisset

217 1011 326 1030 outnem
338 1009 437 1030 terratn
453 1004 682 1038 repromissionis,
696 1006 732 1032 ibi
743 1006 944 1042 defungeretur.
955 1008 1008 1036 Sed

215 1049 260 1076 ille
289 1050 333 1083 qui
364 1049 452 1084 populi
477 1057 568 1077 curam
599 1052 684 1085 magis
708 1060 787 1087 quam
811 1054 852 1081 sui
882 1060 1006 1088 gereret,

215 1099 275 1122 orat
293 1096 326 1122 ad
346 1095 430 1121 Deum
449 1100 477 1122 ut
494 1097 635 1130 provideat
653 1098 788 1125 hominem
805 1100 850 1133 qui
866 1105 943 1135 regat
959 1109 1006 1135 po-

214 1142 306 1176 pulum
333 1141 438 1168 lsrael:
459 1151 468 1167 (
484 1142 523 1170 Ne
548 1143 612 1176 fiat,
638 1144 771 1178 inquit“,
797 1153 930 1181 synagoga
951 1147 1007 1174 ha-e

215 1188 286 1214 sicut
302 1195 367 1215 oves
382 1189 481 1222 quibus
497 1197 550 1215 non
566 1194 607 1216 cst
626 1195 745 1224 pastor.)
759 1191 826 1218 Vide
839 1199 903 1226 ergo
916 1192 1006 1226 pritno

213 1235 334 1260 omnium
353 1235 488 1268 quomodo
503 1235 548 1269 qui
568 1236 705 1270 perfectus
726 1241 754 1263 et
771 1237 865 1265 beatus
881 1244 933 1270 est,
952 1246 1004 1266 ιιοιι

215 1279 241 1304 itt
261 1279 337 1311 valle,
363 1287 412 1306 nec
430 1280 456 1306 in
473 1280 563 1314 aliqua
583 1285 662 1307 terrte
680 1281 802 1316 planitie,
820 1287 866 1309 aut
884 1283 910 1311 in
937 1284 1006 1311 colle

214 1325 315 1360 aliquo,
339 1326 383 1352 sed
402 1325 430 1352 in
453 1331 554 1359 tuente,
577 1326 602 1353 id
633 1332 675 1354 est
698 1329 723 1354 itt
744 1328 798 1354 alto
815 1332 842 1355 et
868 1329 894 1356 in
920 1331 1005 1358 arduo

213 1370 366 1404 defungitur
382 1370 449 1397 loco.
466 1371 532 1398 Vitae
549 1379 664 1406 namque
680 1373 737 1407 ejus
757 1375 959 1402 consummatio
977 1380 1005 1403 et

213 1415 345 1450 perfectio
361 1415 512 1443 habebatur
532 1416 559 1444 in
584 1417 703 1445 excelso.
726 1417 778 1445 Sed
794 1423 821 1446 et
842 1419 930 1448 oculis
947 1421 1004 1449 suis

213 1462 336 1488 contueri
355 1461 467 1496 jubetur
479 1469 586 1489 omnem
606 1467 705 1490 terram
725 1465 956 1501 repromissionis,
974 1472 1003 1494 et

215 1508 360 1543 diligenter
372 1516 405 1536 ex
430 1508 559 1535 eminenti
584 1509 701 1537 statione
716 1516 815 1538 cuncta
833 1513 1000 1548 perspicere.

213 1553 366 1588 Oportebat
382 1554 453 1581 enim
476 1561 610 1581 summam
626 1555 803 1588 perfectionis
824 1563 1003 1586 consecutura

216 1599 284 1626 nihil
308 1594 474 1634 incognitum
508 1607 661 1631 remanere,
685 1601 731 1628 sed
758 1606 918 1630 cunctorum
943 1611 1004 1638 quzu

214 1645 339 1673 videntur
362 1651 389 1672 et
413 1646 561 1672 audiuntur
590 1647 692 1674 habere
718 1648 868 1675 notitiam:
891 1649 925 1676 ob
951 1650 1002 1677 hoc

213 1693 305 1724 credo,
320 1696 348 1718 ιιι
365 1691 485 1718 omnium
502 1699 563 1726 quae
582 1692 607 1719 itt
628 1700 709 1720 carne
731 1694 845 1728 positus,
863 1696 999 1730 corporali

213 1738 295 1772 erepit
318 1741 444 1771 aspectu,
463 1737 489 1763 in
512 1737 610 1771 spirittt
634 1739 757 1772 effectus,
778 1744 806 1766 et
823 1741 896 1767 nuda
914 1747 1004 1769 tuente

212 1784 245 1811 ad
263 1784 397 1810 auditoria
414 1788 442 1810 et
456 1783 650 1818 discipulatutu
675 1785 816 1820 sapientiae
840 1794 999 1821 properans,

213 1831 343 1858 velociter
355 1838 449 1857 eorum
464 1830 585 1858 rationes
596 1836 756 1865 assequatur
767 1837 795 1859 et
811 1840 918 1861 causas.
934 1833 1000 1860 Nam

214 1877 280 1912 quid
296 1877 433 1904 videbitur
451 1877 579 1903 utilitatis
596 1882 624 1903 ut
637 1878 783 1905 decessuro
800 1878 832 1906 de
850 1879 960 1912 sarculo,
975 1886 1002 1908 et

213 1924 294 1950 linem
314 1924 378 1950 vita:
392 1922 473 1956 hujus
494 1923 619 1957 protinus
632 1929 776 1958 accepturo
791 1925 1002 1952 ostenderentur

212 1974 293 1997 terrae
314 1974 342 1996 et
366 1969 426 1996 loca
454 1977 569 2003 quorum
599 1976 649 1996 nec
676 1969 795 1997 laborem
822 1978 1002 2005 perpessurus

209 2022 284 2044 esset
302 2016 369 2052 (ll),
385 2023 435 2043 nec
453 2016 566 2051 gratiam
585 2017 781 2052 suscepturus?
794 2017 934 2045 Pet-terret
957 2026 1000 2046 me

210 2070 277 2090 sane
298 2070 387 2090 sermo
410 2063 455 2097 qui
481 2063 614 2096 sequitur,
637 2069 665 2091 et
682 2064 716 2091 ad
736 2063 882 2091 dicendum
907 2065 998 2092 reddit

212 2109 335 2135 timidum
355 2117 387 2136 ac
411 2109 564 2144 trepidum,
588 2117 641 2144 quo
669 2110 702 2137 de
725 2118 822 2145 magno
843 2111 887 2137 illo
909 2111 1000 2146 Moyse

212 2154 313 2181 famulo
334 2159 361 2182 et
378 2156 466 2182 amico
490 2156 548 2188 Dei,
564 2157 609 2184 cui
635 2157 704 2184 facie
727 2158 759 2184 ad
778 2158 874 2186 faciem
895 2158 999 2186 locutus

1061 920 1150 942 catum
1172 921 1223 940 non
1236 913 1315 945 fecit,
1337 920 1384 940 nec
1401 913 1527 940 iuventus
1540 918 1581 940 est
1594 914 1671 941 dolus
1683 915 1710 941 in
1722 923 1771 942 ore
1783 915 1846 949 ejus.

1094 960 1122 987 4.
1144 959 1196 987 Sed
1211 959 1318 986 interim
1332 959 1470 986 videmnus
1483 959 1582 994 Moysis
1606 960 1844 995 magnificentiam.

1060 1005 1229 1032 Recessurus
1252 1006 1284 1032 de
1308 1004 1408 1032 sa:culo
1437 1009 1499 1031 orat
1528 1004 1627 1036 Deum,
1649 1010 1679 1031 ιιι
1712 1006 1848 1040 provideat

1059 1051 1155 1077 ducem
1177 1049 1286 1084 populo.
1308 1049 1377 1081 Quid
1393 1049 1462 1084 agis,
1475 1057 1492 1076 0
1512 1049 1636 1085 Moyses?
1649 1050 1778 1085 Nunquid
1803 1051 1847 1078 filii

1060 1095 1108 1123 tibi
1123 1103 1175 1122 non
1194 1100 1267 1125 sunt,
1279 1094 1394 1122 Gcrsum
1406 1100 1433 1121 et
1444 1095 1551 1122 Eliezer
1569 1095 1643 1131 ([5)?
1660 1096 1742 1132 356
1758 1098 1813 1124 Aut
1826 1098 1846 1124 si

1058 1141 1160 1175 aliquid
1176 1141 1208 1167 de
1222 1140 1289 1175 ipsis
1303 1140 1422 1174 dubitas,
1436 1148 1488 1167 non
1503 1145 1566 1167 sunt
1583 1141 1630 1168 lilii
1649 1141 1743 1169 fratris
1758 1144 1847 1178 magni

1058 1193 1086 1214 et
1098 1187 1199 1222 egregii
1214 1186 1282 1213 viri?
1301 1186 1443 1220 Quomodo
1463 1193 1514 1213 non
1528 1193 1591 1214 oras
1605 1187 1687 1214 Deum
1707 1195 1758 1221 pro
1772 1189 1847 1223 ipsis.

1058 1237 1087 1260 ut
1098 1240 1146 1260 eos
1167 1232 1315 1260 constituat
1331 1231 1429 1267 populo
1442 1233 1542 1260 duces?
1560 1232 1613 1260 Sed
1629 1233 1744 1264 discant,
1756 1234 1849 1262 Eccle-

1057 1279 1157 1306 Iiarutn
1173 1278 1308 1312 principes
1321 1285 1493 1305 successores
1505 1278 1557 1305 sibi
1579 1286 1631 1305 non
1645 1286 1704 1309 eos,
1719 1281 1766 1314 qui
1782 1288 1844 1308 con-

1056 1325 1241 1358 sanguinitate
1251 1325 1359 1358 generis
1368 1323 1454 1358 juncti
1469 1328 1542 1358 sunt,
1557 1331 1606 1351 nec
1618 1325 1664 1358 qui
1679 1326 1773 1353 carnis
1785 1334 1848 1361 pm.

1056 1371 1210 1406 pinquitate
1233 1371 1383 1403 sociantur,
1421 1375 1584 1398 testamento
1613 1371 1738 1406 signare,
1762 1380 1848 1406 neque

1057 1418 1263 1446 luereditarium
1287 1417 1396 1444 tradere
1421 1417 1552 1445 Ecclesia:
1580 1419 1780 1452 prlncipatum,
1800 1422 1848 1446 sed

1057 1464 1160 1492 referre
1172 1464 1205 1491 ad
1215 1463 1346 1498 judicium
1364 1463 1422 1494 Dei,
1438 1467 1466 1489 ct
1480 1470 1533 1490 non
1545 1464 1648 1498 eligere
1663 1464 1753 1496 illum,
1767 1473 1848 1499 quom

1056 1509 1191 1536 humanus
1208 1509 1379 1536 commendat
1401 1506 1523 1540 allectus,
1543 1509 1590 1535 sed
1613 1509 1657 1536 Dei
1678 1509 1784 1542 jttdicio
1806 1516 1847 1537 to-

1057 1559 1113 1581 tutu
1134 1555 1167 1582 de
1187 1553 1356 1582 successoris
1376 1554 1510 1581 electione
1526 1554 1698 1588 permittere.
1721 1554 1847 1590 Nunquid

1056 1610 1108 1629 non
1124 1606 1230 1636 poterat
1252 1601 1359 1636 Moyses
1381 1599 1481 1634 eligere
1505 1601 1660 1635 principem
1686 1602 1798 1636 populo,
1820 1609 1848 1629 et

1056 1657 1119 1676 vero
1131 1649 1233 1683 judicio
1246 1648 1358 1683 eligere,
1372 1652 1399 1675 et
1420 1652 1492 1674 recta
1509 1647 1637 1682 iustaque
1650 1649 1800 1680 sententia,
1814 1650 1847 1676 ad

1055 1704 1134 1732 quem
1156 1697 1263 1723 dixerat
1283 1695 1355 1722 Deus
1371 1694 1414 1722 "2
1435 1704 1444 1721 ι
1459 1694 1535 1729 Elige
1555 1697 1726 1729 presbyteros
1750 1695 1848 1730 populo

1055 1751 1123 1778 quos
1145 1746 1172 1769 tu
1190 1743 1247 1776 ipse
1262 1742 1317 1769 scis
1338 1743 1514 1778 presbyteros
1526 1748 1597 1773 esse,
1614 1750 1623 1766 ι
1637 1745 1665 1768 et
1678 1741 1762 1776 elegit
1778 1741 1849 1768 tales

1055 1790 1082 1816 itt
1107 1790 1206 1824 quibus
1228 1788 1357 1816 continuo
1384 1787 1429 1815 Dei
1454 1788 1570 1822 spiritus
1595 1787 1800 1822 requiesceret,
1820 1792 1848 1814 et

1056 1836 1252 1870 prophetarent
1266 1835 1379 1862 omnes?
1393 1834 1459 1868 Quis
1482 1841 1548 1868 ergo
1574 1833 1611 1859 ita
1634 1832 1723 1866 potuit.
1743 1832 1847 1867 eligere

1055 1882 1205 1916 principem
1219 1881 1322 1915 populi,
1337 1887 1366 1908 ιιι
1388 1881 1495 1916 Moyses
1514 1878 1641 1914 poterat?
1658 1878 1711 1906 Sed
1726 1879 1779 1906 hoc
1792 1887 1847 1906 non

1057 1927 1131 1958 facit,
1147 1935 1199 1954 nott
1213 1927 1300 1961 eligit,
1316 1933 1367 1952 ιιοιι
1392 1927 1484 1952 audet.
1498 1924 1553 1952 Cur
1568 1932 1620 1951 ttou
1636 1923 1734 1950 audet?
1747 1923 1785 1951 Ne
1799 1931 1849 1958 po-

1055 1973 1137 2001 steris
1171 1973 1391 2007 praesumptionis
1426 1971 1563 2005 relinquat
1594 1969 1762 2003 exemplum.
1792 1970 1846 1998 Sed

1054 2017 1176 2045 ausculta
1190 2018 1255 2052 quid
1268 2017 1353 2044 dicit:
1371 2027 1380 2042 ι
1394 2016 1551 2047 Provideat,
1567 2015 1653 2050 inquit
1663 2014 1697 2047 "',
1715 2014 1847 2043 Dominus

1055 2063 1126 2091 Deus
1141 2064 1285 2098 spirituum
1310 2068 1338 2090 et
1357 2063 1445 2090 omnis
1467 2062 1572 2095 carnis,
1599 2059 1738 2087 hominem
1763 2068 1846 2095 super

1054 2118 1218 2146 synagogatu
1241 2110 1321 2142 hanc,
1341 2111 1386 2145 qui
1410 2111 1566 2145 egrediatur
1588 2115 1653 2136 ante
1674 2109 1774 2137 faciem
1796 2117 1844 2137 eo-

1055 2165 1124 2190 rum,
1137 2162 1163 2184 et
1177 2157 1222 2191 qui
1241 2156 1418 2191 ingrediatur,
1435 2161 1461 2183 et
1473 2157 1518 2190 qui
1533 2156 1666 2190 producat
1676 2163 1738 2189 eos,
1753 2161 1781 2183 et
1797 2156 1842 2190 qui

211 2206 253 2228 est
265 2201 348 2234 Deus,
363 2210 411 2237 per
424 2211 504 2238 quem
522 2203 597 2239 signa
612 2209 639 2231 et
653 2204 768 2232 virtutes
791 2205 914 2233 mirifica:
939 2214 1001 2240 per-
1017 2206 1038 2232 ι)
1056 2203 1176 2230 reducat.
1190 2212 1198 2228 ι
1218 2202 1247 2229 Si
1270 2209 1335 2237 ergo
1358 2206 1448 2229 lalllus
1462 2202 1506 2229 ille
1521 2210 1552 2229 ac
1573 2203 1634 2229 talis
1657 2202 1768 2237 Moyses
1790 2209 1841 2229 non

211 2252 322 2282 petrata:
335 2254 408 2280 sunt,
422 2253 475 2275 tam
490 2250 593 2284 gravia,
609 2254 660 2276 tam
673 2251 821 2284 pet‘iculoSa
835 2252 1000 2280 referuntur.

212 2293 280 2326 Quid
295 2294 367 2320 enim
385 2294 409 2321 ei
426 2294 493 2322 dicit
515 2295 602 2323 Deus?
620 2305 630 2322 ι
644 2296 679 2324 Ει
700 2298 853 2331 apponeris,
870 2298 1000 2332 inquit“,

213 2340 244 2367 ad
263 2340 389 2375 populum
406 2346 480 2368 ttttttn
495 2347 523 2368 et.
538 2346 576 2377 ιιι,
595 2343 665 2370 sicut
690 2344 829 2378 appositus
851 2348 891 2370 est
911 2344 1001 2370 Aaron

216 2387 300 2412 l'rater
312 2391 372 2414 tuus
389 2387 415 2414 in
435 2391 526 2414 monte
542 2387 587 2415 0r.
604 2397 613 2414 ι
632 2389 665 2415 Ει
680 2389 761 2423 quasi
776 2397 886 2415 causam
904 2389 1000 2416 mortis

211 2433 320 2466 exponit
330 2433 423 2459 dicens
437 2442 444 2460 :
458 2442 466 2459 ι
483 2433 598 2468 Propter
611 2434 853 2468 quodtransgressi
863 2434 929 2461 estis
937 2442 997 2461 vcr-

210 2477 272 2504 buut
289 2486 378 2505 meum
396 2479 421 2505 in
434 2479 541 2506 deserto
554 2480 612 2511 Sin,
625 2486 686 2506 cum
702 2479 800 2506 restitit
814 2486 949 2515 synagoga
966 2486 999 2505 ne

210 2531 253 2550 me
270 2524 463 2552 sanctiﬁcaret.
480 2526 538 2552 Non
560 2534 603 2553 tne
625 2526 814 2553 sauctilicastis
832 2526 858 2552 itt
869 2534 939 2560 aqua
955 2533 1001 2552 co-

208 2575 267 2596 ram
283 2571 333 2598 eis.
346 2581 355 2598 ›
376 2572 482 2607 Ergone
497 2572 524 2599 in
537 2572 614 2607 culpa
624 2577 664 2600 cst
676 2573 757 2599 etiam
776 2572 900 2607 Moyses?
913 2571 999 2598 Etiam

245 2638 268 2654 ⁵ο
288 2639 367 2665 Num.
388 2647 478 2672 xxvtt,
501 2641 543 2667 l7.
581 2642 601 2657 εί
624 2641 689 2668 ibid.
711 2641 753 2671 l5,
780 2641 820 2667 14.

214 2671 236 2688 ⁸⁸
259 2673 339 2700 Νιιιιι.
357 2683 396 2708 xt,
417 2671 476 2702 16.7
499 2677 520 2692 ⁸⁷
540 2675 622 2704 Num.
639 2684 724 2708 χχιιι,
747 2675 789 2708 l6,
808 2677 846 2703 17.

246 2739 301 2776 (η)
322 2742 404 2771 Mss..
433 2753 442 2768 ι
465 2751 642 2779 perpessurus
669 2749 752 2772 esset.
769 2754 778 2770 ι
808 2744 886 2771 Libb.
910 2743 995 2776 editi,

212 2785 221 2800 ι
239 2783 380 2811 perpessus
395 2783 446 2805 est.
457 2789 466 2805 ι

247 2813 302 2847 (l5)
323 2813 407 2839 Recte
429 2822 494 2841 mss.
509 2815 621 2846 habent,
644 2815 782 2842 «Ge-rsum
803 2819 831 2841 et
854 2814 970 2844 Eliezer,
985 2823 994 2838 ι

213 2850 281 2875 male
297 2856 362 2875 vero
380 2848 439 2875 libri
455 2854 533 2875 attlea
553 2850 634 2882 editi,
656 2860 664 2876 ι
679 2849 781 2876 Gerson
801 2855 827 2877 et
848 2851 969 2877 Eleazar.
984 2858 993 2874 ι

865 2641 887 2656 ⁶²
908 2640 985 2666 Rom.
996 2647 1021 2671 v,
1036 2638 1079 2665 Ην.

889 2676 910 2691 ⁸⁸
931 2675 1009 2705 Ibin.
1028 2674 1071 2705 18,
1094 2674 1138 2706 l9,
1150 2673 1194 2700 ΞΟ.

1052 2248 1301 2283 permittitjudicio
1324 2255 1373 2274 suo
1394 2248 1426 2274 de
1445 2247 1571 2282 eligendo
1588 2249 1710 2282 principe
1731 2249 1840 2284 populi,

1052 2295 1084 2322 de
1106 2294 1299 2322 constituendo
1322 2301 1491 2326 successore,
1516 2295 1578 2328 quis
1596 2294 1648 2321 erit
1667 2294 1713 2328 qui
1729 2295 1840 2326 audeat,

1051 2340 1092 2367 vel
1114 2348 1148 2367 ex
1161 2340 1237 2374 plebe
1250 2347 1310 2373 qua;
1324 2348 1396 2375 saepe
1415 2341 1584 2368 clamoribus
1596 2341 1629 2368 ad
1652 2340 1781 2373 gratiam,
1796 2346 1841 2367 aut

1051 2387 1139 2420 pretio
1156 2386 1281 2414 fortassis
1304 2387 1424 2414 excitata
1448 2386 1504 2421 (l6)
1521 2387 1624 2413 moveri
1638 2386 1724 2418 solet,
1745 2386 1789 2413 vel
1809 2395 1839 2412 ex

1055 2433 1120 2467 ipsis
1133 2433 1214 2459 etiam
1228 2434 1416 2461 sacerdotibus
1428 2433 1489 2467 quis
1502 2433 1554 2459 erit
1565 2433 1608 2466 qui
1624 2440 1653 2460 se
1666 2433 1794 2459 idoneum
1809 2435 1839 2458 ad

1053 2479 1103 2506 hoc
1115 2479 1229 2512 iudicet,
1243 2480 1294 2507 nisi
1314 2480 1336 2507 si
1352 2480 1395 2507 cui
1411 2480 1510 2512 oranti,
1529 2485 1558 2506 et
1571 2479 1673 2512 petenti
1695 2486 1709 2504 a
1727 2478 1841 2505 Domino

1054 2525 1206 2552 reveletur?
1229 2526 1306 2553 Sicut
1324 2531 1349 2553 et
1367 2525 1436 2552 Deus
1450 2526 1515 2552 dicit
1529 2525 1562 2552 ad
1583 2525 1691 2559 Moysen
1705 2523 1751 2551 “:
1767 2532 1777 2548 ι
1792 2523 1840 2549 As-

1054 2578 1130 2597 sutue
1142 2571 1174 2598 ad
1197 2572 1370 2606 temetipsum
1393 2570 1485 2598 Iesum
1501 2570 1586 2596 filium
1599 2569 1683 2602 Nave,
1699 2569 1839 2595 hominem

1127 2638 1149 2653 “'
1175 2638 1239 2664 ihid.
1261 2638 1303 2665 1‘2.
1342 2639 1365 2654 “
1383 2639 1459 2666 liom.
1476 2647 1513 2668 xt,
1532 2637 1576 2664 ΒΞ.
1616 2638 1638 2653 εδ
1654 2637 1734 2664 Rom.
1751 2645 1778 2668 v,
1796 2637 1839 2663 ‘20.

1342 2639 1365 2654 “
1383 2639 1459 2666 ltom.
1476 2647 1513 2669 xt,
1532 2637 1576 2664 ΒΞ.

1053 2743 1117 2771 \‘ide
1134 2743 1218 2770 Exod.
1233 2751 1262 2775 ιι,
1275 2742 1322 2772 ‘22,
1336 2747 1361 2769 ct
1378 2742 1461 2769 Exod.
1477 2748 1555 2769 xvttt.
1569 2741 1595 2766 4.

1086 2779 1142 2814 (lii)
1164 2778 1240 2809 Mss.,
1258 2788 1267 2803 ι
1282 2784 1328 2804 attt
1347 2778 1435 2811 pretio
1451 2776 1576 2802 fortassis
1588 2775 1739 2814 excitata.’
1757 2774 1840 2802 Libb.

1049 2810 1156 2847 ρ‹11ἰι,’‹
1170 2819 1217 2839 aut
1231 2815 1263 2840 ad
1281 2810 1397 2847 pretium
1413 2814 1530 2838 fortasse
1544 2810 1702 2838 excitatis...
