1902 3052
72 114 129 143 745

73 223 172 244 manus
186 221 246 243 tuas
261 223 343 250 super
355 224 426 249 eum,
438 221 466 243 et
477 221 581 244 statues
592 225 654 244 euut
671 225 764 244 coram
785 217 863 244 Elea-

72 269 139 289 zaro
161 261 312 291 sacerdote.
330 266 357 288 et
377 266 512 296 praecepta
534 261 598 288 dato
619 262 642 288 ei
666 262 692 289 in
716 267 861 297 conspectu

73 307 159 334 totius
179 312 371 342 synagogas,“
384 306 502 342 praecipe
521 307 553 334 de
576 308 634 340 ipso
654 315 745 334 coram
770 308 821 339 eis,
835 312 863 335 et

72 352 155 379 dabis
167 352 320 380 claritatem
340 357 412 380 tuam
425 359 505 387 super
518 351 604 384 illum,
618 357 647 379 ut
659 353 769 380 audiant
786 353 861 380 illum

73 398 122 425 ﬁlii
139 399 236 426 Israel.
250 408 260 425 ι
275 399 360 426 Audis
371 399 511 426 evidenter
522 398 720 426 ordinationem
732 399 863 434 principis

74 444 169 478 populi
190 449 244 471 tam
263 444 406 472 manifeste
427 444 603 478 descriptam,
622 449 651 470 ιιι
671 452 740 479 pene
759 445 864 480 exposi-

74 488 151 515 tione
164 496 217 515 non
233 493 321 524 egeat.
334 488 411 515 Nulla
426 488 472 516 hic
484 489 574 524 populi
593 489 768 521 acclamatio,
791 490 862 517 nulla

73 534 326 568 consanguinitatis
341 535 421 568 ratio,
443 535 514 562 nulla
538 536 748 571 propinquitatis
770 536 863 563 habita

73 580 272 614 contemplatio
290 585 342 607 est.
364 580 530 615 Propinquis
552 589 679 616 agrorum
703 587 730 609 et
752 583 865 618 praulio-

74 632 137 651 rum
161 625 331 660 relinquatur
352 626 498 654 haereditas
511 635 518 653 ε
533 627 693 662 gubernatio
716 628 806 662 populi
825 628 862 656 illi

75 671 215 702 tradatur,
229 679 310 706 quem
325 672 394 698 Deus
407 672 520 706 elegerit
534 681 541 699 :
557 673 659 700 homini
674 673 778 701 scilicet
801 674 862 706 tali,

75 719 122 750 qui
146 717 238 749 habet,
265 718 336 744 sicut
359 718 490 752 scriptum
513 719 643 752 audistis,
666 719 693 746 in
715 720 864 753 semetipso

73 761 212 796 Spiritum
237 762 284 789 Dei
311 767 338 790 et
362 767 497 798 praecepta
520 763 567 790 Dei
592 765 618 791 in
635 770 780 799 conspectu
805 764 864 797 ejus

74 813 148 843 sunt,
162 815 189 836 et
207 810 252 844 qui
271 809 355 844 Moysi
371 809 448 836 valde
468 814 549 837 notus
569 814 597 836 et
613 809 755 837 lamiliaris
775 810 820 843 sit,
837 810 863 837 id

659 113 691 140 IN
710 112 1032 149 NUMEROSJIOMILIA
1049 113 1141 141 XXIII.

71 170 122 205 qui
144 170 226 198 habet
252 169 384 205 Spiritum
407 170 455 198 Dei
477 171 503 198 in
526 171 725 206 semetipso.ct
742 172 864 206 impones
879 175 900 202 Α

1647 113 1698 142 Ὶιῦ

1182 169 1320 198 HOMIle
1341 170 1432 198 XXIII.

915 217 953 244 De
976 225 1006 244 eo
1029 217 1099 251 quod
1123 217 1250 250 scriptum
1275 221 1311 243 est
1332 224 1341 243 ι
1363 225 1372 242 ι
1395 216 1505 243 Munera
1532 225 1610 249 mea,
1633 218 1697 246 datu

1028 260 1084 278 mea
1096 251 1130 283 ⁷³,
1143 261 1152 278 ›
1168 257 1191 279 ει
1205 251 1237 278 de
1250 251 1401 278 diversitate
1417 252 1600 286 festivitatem.

951 309 977 335 I.
997 307 1025 334 Si
1047 307 1203 334 observatio
1227 308 1443 340 sacrificiorum,
1468 313 1494 335 et
1518 308 1641 337 instituta
1657 309 1698 337 Ie-

914 355 994 390 galia,
1013 361 1072 388 qua:
1087 354 1114 381 in
1133 359 1194 390 typo
1212 355 1271 382 data
1295 359 1358 382 sunt
1379 355 1477 389 populo
1494 354 1590 388 Israel,
1613 364 1699 390 usque

915 401 947 427 ad
963 407 1084 435 praesens
1106 404 1212 434 tempus
1228 406 1304 427 stare
1326 400 1493 434 potuissent,
1516 402 1699 430 exclusissent

915 445 974 472 sine
992 445 1074 472 dubio
1096 444 1234 479 Evangelii
1258 445 1336 471 ﬁdem
1361 452 1409 478 per
1428 453 1508 479 quam
1526 452 1560 473 ex
1581 447 1697 474 adventu

916 491 1021 518 Domini
1037 491 1122 518 nostri
1141 490 1204 518 Jesu
1223 491 1324 518 Christi
1347 495 1441 524 gentes
1453 496 1651 519 convertuntur
1664 493 1697 520 ad

915 536 1010 564 Deum.
1024 536 1088 563 Erat
1101 536 1173 563 enim
1193 536 1218 563 in
1236 536 1289 563 illis
1302 544 1363 571 quae
1388 540 1452 563 tunc
1469 537 1697 571 obscrvabantur,

915 581 1056 616 magniﬁca
1071 581 1206 616 quaedam,
1227 586 1254 608 et
1269 581 1352 608 totius
1372 582 1534 608 reverentiae
1553 582 1631 616 plena
1655 590 1699 610 re-

915 628 989 662 ligio,
1011 634 1071 662 quae
1084 635 1117 654 ex
1133 626 1193 662 ipso
1210 627 1290 654 etiam
1308 627 1395 661 primo
1409 632 1521 662 aspectu
1543 628 1701 663 obstupefa-

915 679 991 702 ceret
1010 675 1156 701 iutuentes.
1169 673 1235 707 Quis
1251 674 1322 701 eniin
1346 674 1440 701 videns
1463 674 1543 707 illud,
1563 676 1634 710 quod
1652 684 1701 710 ap—

916 720 1066 754 pellabatur
1101 721 1287 747 sanctuarium
1302 720 1360 747 sive
1373 721 1537 754 sacrarium,
1552 726 1578 748 ct
1593 722 1701 749 intuens

914 765 1010 797 altare,
1025 769 1143 792 a~tantes
1156 765 1237 792 etiam
1252 766 1410 793 sacerdotes
1423 767 1557 794 sacriﬁcia
1572 775 1701 794 consumo

915 815 1031 842 tuantes,
1044 819 1205 846 omnemque
1225 812 1348 838 ordinem
1366 819 1422 846 quo
1436 817 1533 839 cuncta
1555 813 1600 840 illa
1622 820 1700 848 gere-

73 859 129 885 est,
147 854 173 880 in
193 861 247 888 quo
260 854 295 882 sit
312 854 422 881 claritas
438 854 504 890 legis
517 859 545 882 et
567 854 692 888 scientia,
715 859 742 881 ut
757 855 862 889 possint
877 850 899 878 Β
914 855 1013 883 bantur
1021 856 1165 890 aspiciens,
1175 863 1226 883 non
1240 860 1346 890 putaret
1358 856 1545 891 plenissimum
1558 857 1629 885 hunc
1641 865 1700 885 esse

74 907 138 926 eum
160 901 254 926 audire
271 899 317 927 ﬁlii
340 899 432 927 Israel.
454 899 554 927 Verum
575 900 701 934 quoniam
724 899 863 936 mysteriis

75 950 177 972 cttucta
193 945 292 972 referta
312 951 385 978 sunt,
398 954 450 973 non
466 954 608 981 possumus
625 953 686 981 quze
700 946 863 980 pretiosiora

74 995 140 1018 sunt
168 991 308 1024 omittere,
334 992 439 1019 etiamsi
468 993 523 1019 hinc
550 1000 610 1027 qua:
641 993 788 1019 secundum
819 992 864 1020 Iit.-

76 1041 165 1063 teram
184 1038 358 1071 mandantur,
385 1038 537 1065 necessaria
564 1039 706 1065 videantur
726 1043 753 1066 et
774 1038 862 1066 utilia.

73 1081 286 1109 Consideremus
299 1090 363 1117 ergo
375 1090 435 1116 quae
452 1083 486 1110 sit
501 1082 600 1118 Moysis
623 1090 706 1116 mors,
722 1083 784 1110 ﬁnis
805 1084 864 1111 sine

74 1129 160 1156 dubio
177 1128 244 1163 legis
259 1139 263 1156 :
277 1129 324 1156 sed
338 1129 403 1164 legis
421 1128 491 1156 illius
505 1137 563 1163 qua:
580 1130 727 1157 secundum
746 1129 862 1157 litteram

73 1175 186 1202 dicitur.
208 1175 273 1208 Quis
296 1179 386 1202 autem
410 1174 468 1210 ejus
490 1175 552 1202 linis
573 1175 632 1202 est?
661 1175 861 1203 Sacriﬁciorutn

73 1220 181 1247 scilicet
205 1221 376 1255 interruptio,
391 1225 419 1247 et
442 1224 603 1247 cancrorum
630 1228 689 1256 qua:
711 1221 792 1248 simili
812 1221 862 1249 ob-

74 1265 214 1293 servantia
231 1266 394 1293 mandautur
408 1266 433 1292 in
455 1265 524 1299 lege.
546 1266 607 1293 Haec
628 1274 693 1302 ergo
712 1267 756 1294 ubi
781 1267 861 1295 linem

75 1311 223 1346 accipiunt.
237 1311 317 1338 Jesus
330 1311 444 1346 suscipit
457 1311 637 1347 principatmn
651 1321 658 1339 :
678 1321 687 1338 ι
702 1313 776 1341 Finis
789 1314 860 1342 cnim

74 1356 144 1390 legis
166 1355 292 1383 Christus
315 1356 348 1383 ad
365 1356 499 1390 justit‘iam
520 1357 592 1384 omni
617 1357 736 1384 credenti
749 1359 781 1384 ⁵ο.
797 1367 806 1383 ›
829 1358 862 1385 Et

73 1402 147 1428 sicut
158 1401 191 1428 de
201 1392 338 1436 prioribus
349 1401 450 1428 dictum
465 1405 515 1433 est,
527 1402 589 1436 quia
602 1411 611 1427 ι
623 1410 717 1430 omnes
730 1403 756 1430 in
770 1403 862 1439 Moyse

75 1447 205 1482 baptizati
223 1452 287 1475 sunt
299 1448 326 1475 in
340 1447 410 1475 nube
424 1452 452 1475 et.
468 1448 494 1475 in
513 1449 578 1475 mari
592 1449 630 1482 ’°;
644 1458 653 1474 ›
670 1449 704 1475 ita
716 1454 742 1476 et
754 1450 787 1477 de
799 1449 861 1478 Jcsu

72 1493 177 1522 dicitur
190 1493 257 1530 (I7),
270 1494 333 1529 quia
346 1501 441 1521 omnes
465 1495 491 1521 in
511 1493 573 1522 Jesu
599 1494 725 1529 baptizati
749 1501 813 1522 sunt
835 1497 860 1523 in

72 1540 178 1574 Spiritu
193 1544 286 1567 sancto
296 1544 322 1567 et
333 1547 413 1574 aqua.
423 1539 502 1568 Iesus
514 1548 630 1575 namque
643 1546 694 1572 est,
704 1542 750 1576 qui
766 1543 862 1570 transit

72 1592 161 1619 aquas
172 1584 308 1617 Iordanis,
321 1589 348 1612 et
360 1585 386 1612 in
399 1586 467 1619 ipsis
477 1586 737 1621 quodammodojatn
752 1592 805 1614 tum
818 1596 862 1622 po.

73 1629 168 1663 pulum
183 1630 304 1664 baptizat
317 1637 325 1656 :
338 1634 365 1657 et
380 1630 438 1664 ipse
451 1636 492 1658 est
512 1631 557 1665 qui
573 1636 671 1658 terram
685 1633 860 1666 liaereditatis,

73 1680 176 1704 terram
185 1681 306 1704 sanctam
316 1676 433 1710 partitur
442 1677 587 1708 universis.
595 1685 647 1705 non
658 1678 740 1713 priori
750 1680 860 1714 populo,

72 1723 122 1750 sed
145 1723 274 1750 secundo.
295 1722 373 1749 I‘rior
389 1722 460 1749 enim
474 1722 588 1757 populus
609 1728 718 1758 propter
733 1725 861 1758 pracvari-

72 1769 211 1796 cationem
231 1776 308 1796 suam
332 1768 432 1795 cecidit
453 1769 478 1795 in
494 1768 614 1796 deserto.
632 1769 669 1796 De
687 1769 750 1796 Jesu
770 1775 860 1798 autent

74 1814 247 1849 temporibus
259 1815 369 1847 dicitur,
381 1815 446 1849 quia
461 1823 470 1840 t
486 1818 559 1841 terra
572 1815 675 1849 quievit
686 1823 700 1842 a
716 1815 832 1849 bellis“;
847 1826 857 1843 ι

72 1861 147 1894 quod
165 1859 249 1895 Moysi
266 1864 387 1895 tempore
400 1859 454 1886 dici
479 1867 531 1886 non
557 1861 654 1894 potuit.
670 1861 723 1888 Sed
745 1863 778 1888 de
797 1861 860 1889 Jesu

69 1907 127 1932 hoc
148 1904 247 1931 dicitur
260 1912 319 1931 meo
332 1905 454 1936 Domino,
476 1913 529 1931 non
544 1905 590 1931 illo
604 1904 686 1932 Nave.
705 1907 794 1940 Atque
807 1908 862 1934 uti-

74 1961 137 1981 nam
155 1961 214 1980 mea
230 1957 300 1980 terra
315 1958 402 1980 cesset
414 1960 429 1979 a
445 1952 532 1979 bellis.
555 1953 587 1980 Et
608 1960 714 1980 cessare
729 1959 821 1988 posset
837 1953 859 1981 si

70 2009 124 2035 ego
137 1999 199 2027 Iesu
214 1999 327 2034 principi
349 2005 409 2026 meo
422 1999 537 2026 ﬁdeliter
557 1998 715 2026 militarem.
734 1998 762 2026 Si
786 1999 858 2026 enim

72 2054 185 2082 paream
208 2053 267 2073 meo
286 2046 399 2072 Domino
411 2044 489 2076 Jesu,
504 2052 641 2078 nunquam
662 2051 727 2071 caro
745 2051 805 2072 mea
820 2045 860 2072 in-

71 2097 167 2127 surget
181 2093 311 2119 adversus
329 2092 453 2126 spiritum
475 2097 576 2122 meum,
592 2097 641 2118 nec
656 2089 859 2125 impugnabitur

72 2144 149 2167 terra
166 2146 223 2165 mea
244 2139 277 2165 ab
290 2137 454 2165 adversariis
468 2136 606 2171 gentibus,
621 2136 737 2163 diversis
755 2136 859 2163 scilicet

70 2184 304 2219 concupiscentiis
325 2183 472 2211 stimulata.
497 2182 613 2210 Oremus
632 2189 708 2217 ergo,
730 2187 760 2208 ut
779 2181 858 2209 Jesus

72 2235 170 2265 regnet
189 2237 270 2265 super
288 2237 348 2262 nos,
369 2233 397 2256 et
412 2232 502 2256 cesset
524 2233 596 2255 terra
621 2232 714 2254 nostra
735 2236 749 2254 a
770 2227 857 2260 bellis,

70 2281 162 2305 cesset
183 2276 218 2303 ab
242 2274 492 2310 itnpugnationihus
522 2273 673 2301 carnalium
707 2273 857 2301 desiderio-

70 2330 132 2350 rum
151 2330 158 2348 :
179 2326 207 2348 ct
227 2328 289 2348 cum
315 2321 366 2348 ista
390 2319 648 2353 cessaverint,tunc
674 2318 859 2353 unusquisque

72 2368 226 2402 requiescet
239 2367 289 2393 sub
301 2367 354 2393 vite
367 2373 425 2396 sua,
438 2370 464 2392 et
478 2367 527 2393 sub
541 2365 592 2392 ﬁcu
606 2372 665 2396 sua,
679 2369 707 2391 et
721 2363 771 2390 sub
785 2363 857 2390 oliva

70 2422 120 2441 sua
132 2415 168 2440 '1'.
182 2413 239 2440 Sub
253 2413 404 2440 velamento
423 2412 495 2439 enim
510 2411 609 2443 Patris,
627 2415 654 2437 ct
668 2409 740 2441 Filii,
754 2415 783 2437 et
797 2409 857 2443 Spi-

71 2461 142 2488 ritus
167 2459 251 2487 sancli
272 2459 423 2493 requiescet
447 2457 557 2488 anima,
575 2464 636 2490 qua:
660 2464 754 2490 pacem
777 2455 804 2482 in
828 2462 859 2482 se

73 2507 274 2540 recuperaverit
289 2506 380 2532 carnis
402 2511 434 2531 ac
458 2503 580 2537 spiritus.
605 2501 658 2536 Ipsi
684 2506 788 2528 interno
803 2500 858 2527 Deo

71 2552 158 2588 gloria
172 2551 198 2578 in
211 2551 306 2578 saecula
321 2550 490 2578 szeculorum.
504 2549 602 2575 Amen.

105 2701 129 2718 ⁶⁹
151 2701 229 2728 Rom.
252 2709 278 2731 π,
294 2700 321 2726 4.
360 2698 384 2715 ⁷⁸
403 2697 490 2725 Illor.
507 2705 533 2730 κ,
550 2697 578 2723 2.
616 2697 638 2712 "
659 2694 714 2722 Jos.
739 2703 785 2728 χι,
808 2693 855 2721 25.

82 2744 126 2769 ιιι,
142 2738 167 2768 I,
179 2737 207 2763 Ξ.
254 2735 277 2751 ⁷⁵
290 2735 368 2762 Νιιιη.
382 2741 477 2766 xxvut,
488 2732 513 2765 l,
527 2733 554 2763 2,
568 2732 594 2759 5.

108 2829 165 2866 (17)
185 2828 263 2858 Mss"
281 2837 290 2853 ε
306 2827 431 2854 dicitur.»
449 2825 526 2853 Libb.
539 2825 616 2857 editi,
632 2833 641 2849 ι
657 2823 764 2851 dicatur
787 2830 796 2847 ι

235 2877 367 2906 Parnm.
391 2874 449 2904 Gn.
473 2873 543 2904 XII.

915 901 1005 932 ritum.
1020 909 1073 936 quo
1087 900 1158 927 Deus
1170 905 1279 928 creator
1290 901 1410 928 ontnium
1423 901 1456 927 ab
1468 901 1586 929 humano
1601 909 1701 937 genere

913 946 965 974 coli
976 947 1103 973 deberet?
1112 946 1163 974 Sed
1173 947 1275 981 gratias
1284 947 1411 974 adventui
1421 947 1534 979 Christi,
1543 949 1587 982 qui
1596 949 1701 975 animas

915 997 1023 1020 nostras
1038 992 1157 1020 avellens
1168 993 1201 1019 ab
1215 993 1266 1020 hoc
1280 993 1389 1024 intuitu,
1405 993 1438 1020 ad
1452 993 1699 1021 considerationem

914 1037 994 1072 357
1013 1037 1164 1064 cwlestinm
1187 1041 1214 1064 et
1236 1037 1489 1071 contemplationem
1508 1045 1598 1066 rerum
1621 1039 1703 1073 spiri-

915 1082 1007 1110 talium
1024 1081 1150 1114 contulit,
1166 1085 1192 1109 et
1207 1082 1340 1109 destruxit
1355 1082 1465 1117 quidem
1478 1083 1520 1109 illa
1533 1091 1592 1117 qua:
1603 1091 1700 1116 litatum

914 1127 1076 1156 videbantur
1100 1129 1127 1155 in
1154 1128 1253 1159 terris.
1277 1127 1435 1163 cultumque
1453 1129 1499 1156 Dei
1515 1137 1530 1155 a
1548 1129 1701 1157 visibilibus

914 1174 948 1201 ad
963 1173 1112 1202 invisibilia
1130 1173 1280 1206 transtulit,
1293 1178 1321 1201 et
1336 1181 1350 1200 a
1363 1174 1559 1208 temporalibus
1572 1176 1606 1202 ad
1619 1181 1698 1205 teter.

914 1228 960 1248 na.
977 1221 1029 1248 Sed
1052 1227 1147 1247 revera
1175 1220 1232 1254 ipse
1260 1220 1391 1247 Dominus
1420 1219 1498 1247 Jesus
1524 1220 1649 1248 Christus
1673 1229 1701 1250 et

914 1274 995 1294 aures
1015 1265 1130 1300 requirit
1145 1273 1205 1300 qua:
1221 1266 1278 1293 haec
1296 1265 1407 1293 audiant
1431 1270 1459 1292 et
1474 1265 1567 1292 oculos
1582 1267 1627 1300 qui
1644 1268 1702 1296 haec

914 1313 1031 1340 rideant.
1050 1311 1128 1340 Unde
1140 1317 1166 1340 et
1182 1319 1231 1339 nos
1248 1318 1320 1338 nunc
1342 1310 1427 1344 legem
1451 1311 1542 1337 datam
1561 1319 1609 1345 per
1624 1311 1701 1350 Moy-

914 1365 969 1385 sem
983 1357 1114 1385 habentes
1128 1357 1154 1383 in
1172 1356 1308 1389 manibus,
1319 1360 1346 1383 et
1357 1355 1479 1383 volentes
1487 1364 1546 1384 eam
1558 1359 1701 1387 ostendere

914 1405 1000 1438 legem
1018 1411 1078 1431 esse
1093 1403 1242 1438 spiritalem
1257 1422 1265 1434 ,
1284 1410 1364 1430 aures
1382 1410 1396 1429 a
1420 1402 1498 1431 vobis
1512 1409 1540 1430 et
1554 1405 1647 1433 oculos
1662 1410 1702 1432 ta-

913 1447 952 1476 les
968 1449 1142 1484 requirimus,
1164 1448 1210 1483 qui
1231 1455 1284 1475 non
1301 1447 1332 1474 ad
1351 1447 1397 1474 illa
1413 1455 1472 1482 qua:
1487 1454 1549 1476 sunt
1562 1450 1700 1478 destructa

916 1494 1074 1529 respiciant,
1087 1495 1134 1521 sed
1149 1493 1194 1528 qui
1213 1492 1248 1520 ibi
1265 1493 1322 1520 lucc
1337 1493 1488 1528 requirant,
1512 1493 1554 1521 ubi
1576 1494 1700 1524 Christus

916 1546 957 1567 est
985 1541 1010 1567 in
1028 1541 1121 1567 dextra
1144 1539 1191 1567 Dei
1217 1539 1326 1571 sedens,
1342 1544 1369 1566 et
1383 1546 1442 1573 qua:
1457 1542 1564 1567 sut‘Sum
1580 1546 1642 1567 sunt
1657 1549 1699 1568 sa-

915 1587 1001 1621 piant,
1020 1594 1072 1613 uon
1086 1593 1146 1620 qua:
1163 1590 1226 1612 sunt
1244 1592 1328 1618 snpra
1348 1589 1436 1611 terras
1449 1585 1482 1611 ⁷⁸.
1501 1585 1621 1612 Suﬁiciat
1636 1594 1699 1621 ergo

916 1632 966 1658 ista
989 1632 1156 1666 prmfationis
1179 1631 1239 1658 loco
1262 1638 1312 1665 pro
1335 1630 1367 1657 iis
1386 1638 1448 1665 qua:
1464 1631 1577 1659 dicenda
1593 1637 1666 1666 sunt,
1683 1641 1698 1660 ιι

915 1677 994 1704 nobis
1008 1684 1068 1704 esse
1084 1675 1234 1711 praemissa.

950 1722 977 1748 2.
993 1721 1069 1749 Nune
1081 1727 1171 1749 autem
1190 1723 1224 1749 ad
1237 1729 1268 1749 ea
1279 1721 1346 1755 jam,
1370 1729 1429 1755 quas
1447 1722 1547 1756 scripta
1560 1727 1635 1754 sunt,
1654 1729 1700 1751 re.

915 1767 1033 1794 niamus.
1061 1776 1071 1792 ι
1089 1767 1122 1794 Et.
1144 1768 1250 1794 locutus
1275 1771 1337 1797 est,
1368 1767 1456 1800 inquit
1469 1767 1503 1798 ⁷⁵,
1524 1767 1651 1795 Dominus
1667 1768 1699 1794 ad

916 1814 1026 1848 Moysen
1041 1813 1135 1841 dicens
1151 1822 1157 1839 :
1176 1813 1297 1846 Praccipe
1324 1812 1385 1839 liliis
1416 1812 1508 1845 Israel,
1528 1817 1553 1839 et
1577 1814 1651 1840 dices
1667 1815 1700 1840 ad

915 1867 963 1887 eos
977 1867 984 1885 :
1003 1859 1113 1886 Munera
1132 1866 1202 1890 mea,
1225 1859 1285 1885 data
1301 1865 1370 1890 mea,
1390 1857 1493 1884 hostias
1505 1865 1579 1885 meas
1594 1859 1619 1884 in
1636 1859 1700 1886 odo-

914 1913 970 1933 rem
999 1905 1141 1932 suavitatis
1164 1904 1318 1936 observate,
1334 1907 1363 1930 ut
1378 1903 1498 1930 oll‘eratis
1518 1903 1582 1941 mihi
1600 1903 1625 1930 in
1644 1904 1700 1931 die.

914 1952 965 1979 bus
975 1953 1049 1980 testis
1062 1951 1137 1982 lueis,
1148 1955 1174 1978 et
1181 1950 1255 1978 dices
1267 1950 1299 1976 ad
1312 1956 1359 1976 eos
1370 1957 1376 1974 :
1388 1948 1433 1975 lla:
1442 1952 1503 1975 sunt
1517 1949 1612 1976 hostia:
1621 1957 1697 1982 mem,

914 2006 981 2033 quas
998 1997 1121 2025 oll'eratis
1135 1997 1260 2024 Domino.
1277 2005 1286 2020 ι
1305 1994 1389 2022 Nemo
1404 2002 1480 2021 suum
1504 1994 1605 2029 aliquid
1622 1995 1698 2022 ollert

913 2045 979 2077 Deo,
998 2045 1044 2071 sed
1062 2043 1134 2078 quod
1152 2041 1229 2069 oli‘ert
1246 2039 1350 2068 Domini
1369 2044 1431 2071 est,
1454 2044 1481 2067 et
1501 2047 1553 2066 non
1579 2046 1633 2067 tam
1650 2048 1697 2067 sua

913 2090 974 2124 quis
999 2089 1077 2117 oll'ert
1103 2088 1168 2119 Deo,
1186 2095 1267 2122 quam
1287 2086 1337 2121 ipsi
1359 2093 1420 2120 qua:
1444 2093 1491 2112 sua
1519 2090 1582 2113 sunt
1600 2087 1696 2114 reddit.

913 2137 1061 2170 Propterea
1083 2141 1148 2170 ergo
1175 2133 1268 2161 volens
1293 2132 1424 2159 Dominus
1449 2132 1648 2159 sacriﬁciorum
1670 2139 1698 2159 ιιι

913 2189 1054 2209 munerum
1078 2179 1278 2207 olIerentlorum
1302 2178 1355 2204 sibi
1382 2177 1417 2204 ab
1445 2177 1601 2204 hominibus
1625 2178 1697 2212 leges

911 2228 1042 2257 scribere,
1071 2225 1159 2260 pritno
1183 2224 1304 2252 onmium
1322 2223 1452 2257 ipsorum,
1473 2229 1533 2257 qum
1560 2222 1696 2250 oll‘crcnda

911 2277 1000 2304 erant,
1031 2272 1119 2307 aperit
1146 2270 1278 2297 rationem
1299 2274 1327 2296 et
1351 2269 1417 2296 dicit
1435 2277 1442 2295 :
1460 2277 1469 2294 ι
1489 2268 1598 2295 Munera
1626 2276 1695 2298 mea,

912 2319 973 2345 data
990 2324 1061 2349 mea,
1077 2316 1211 2344 sacriﬁcia
1226 2322 1284 2342 mea
1313 2314 1338 2341 in
1360 2314 1470 2342 odorem
1490 2314 1630 2341 suavitatis
1647 2314 1697 2339 ob-

911 2368 1036 2395 servate,
1060 2367 1089 2390 ut
1112 2360 1234 2390 offeratis
1259 2360 1323 2388 mibi
1341 2360 1367 2387 in
1384 2359 1479 2387 diebus
1493 2359 1569 2386 festis
1591 2359 1667 2385 meis.
1683 2366 1694 2384 ω

913 2409 985 2440 Ilaec,
1002 2408 1100 2443 inquit,
1122 2414 1234 2434 munera
1257 2407 1290 2433 de
1302 2405 1404 2440 ‘quibus
1421 2405 1496 2432 vobis
1514 2409 1695 2440 praecepturum

909 2463 970 2482 sum
986 2459 1016 2482 ut
1028 2454 1151 2481 olferatis
1175 2453 1242 2480 mihi
1268 2453 1293 2480 in
1321 2453 1418 2480 diebus
1436 2451 1515 2479 festis
1537 2451 1614 2489 meis,
1632 2449 1695 2476 data

910 2509 968 2528 mea
988 2505 1063 2533 sunt,
1078 2501 1130 2527 hoc
1143 2505 1201 2532 est,
1221 2508 1236 2526 a
1253 2507 1296 2526 tne
1309 2498 1388 2526 vobis
1403 2498 1509 2525 dantur.
1528 2496 1548 2522 Α
1566 2503 1608 2522 me
1624 2495 1694 2521 enim

909 2551 1008 2574 cuncta
1033 2553 1094 2580 quas
1117 2546 1197 2573 babct
1223 2545 1370 2572 humanum
1396 2542 1511 2578 percipit
1539 2548 1635 2574 genus.
1656 2539 1695 2566 Nc.

911 2591 969 2626 quis
984 2598 1049 2623 ergo
1065 2590 1093 2618 in
1113 2589 1262 2618 ollerendis
1285 2588 1443 2616 muneribus
1458 2585 1582 2614 beneﬁcii
1599 2592 1627 2611 sc
1643 2583 1694 2610 alio

1548 2689 1570 2705 ⁷⁸
1588 2687 1691 2716 Coloss.

904 2695 927 2711 ⁷²
955 2693 988 2722 IIl
1017 2693 1084 2729 Reg.
1100 2701 1143 2726 tv,
1161 2693 1206 2720 25.
1245 2692 1269 2709 ’³
1292 2691 1446 2722 Nunuxu,
1464 2691 1509 2717 4t).

1501 2863 1537 2892 2’2
