1902 3052
206 80 255 107 767

942 79 1103 109 ORIGENIS

1786 83 1835 110 πε

205 140 270 174 quid
295 139 420 167 conferre
434 139 560 167 crederet
579 139 643 171 Deo,
670 143 696 166 et
716 146 764 173 ptr
784 140 834 167 hoc
853 140 950 174 impius
966 140 991 167 in
1009 142 1030 171 Α
1045 141 1123 176 cujus
1141 141 1244 170 scilicet
1270 140 1350 169 verba
1374 149 1426 169 non
1450 142 1530 170 audio
1543 163 1550 176 ,
1568 146 1698 177 tanquam
1716 143 1830 171 mortui.

204 195 237 214 oo
253 187 311 221 ipso
324 194 378 222 quo
389 187 471 214 Deum
486 185 576 214 colere
591 186 731 213 videbatur
751 186 896 214 exsisteret
917 187 993 223 (quid

205 233 277 261 enim
293 237 346 260 tam
361 233 473 266 impium
491 239 572 267 quam
590 232 612 259 si
628 236 705 267 putet
732 232 788 267 (18)
817 233 898 260 Ιιοηιο
920 233 993 260 velut

206 279 336 313 indigenti
355 279 457 314 aliquid
473 286 504 306 se
515 283 645 314 prtestarc
660 278 715 307 Deo
726 278 762 314 ³2),
781 279 949 312 necessario,
965 284 994 307 ut

205 327 333 357 diximus,
346 325 422 358 prius
438 324 535 352 edocet
555 324 706 356 hominem,
721 332 776 359 quo
789 325 856 352 sciat
871 332 900 352 se
916 325 994 360 quid-

204 371 268 405 quid
283 370 381 398 obtulit
400 369 468 403 Deo,
487 369 601 396 reddere
617 369 643 396 id
659 370 683 396 ei
705 370 794 404 potius
809 378 891 404 quam
909 369 991 397 oti'er-

206 424 243 444 re.
261 416 313 444 Sed
328 421 355 443 et
369 415 435 443 illud
452 415 593 442 videamus
607 415 745 450 quomodo
758 416 795 442 ait
815 425 820 442 :
840 424 849 441 (
869 414 933 448 Qum
949 415 992 442 of-

204 461 300 489 feratis
313 461 378 489 mihi
392 461 418 488 in
431 461 527 488 diebus
542 459 618 488 festis
634 460 728 488 meis.)
743 460 828 488 Habet
841 469 906 497 ergo
923 461 993 489 Deus

203 508 260 535 dies
277 507 360 535 festos
371 507 455 534 suos?
469 506 564 534 Habet.
580 506 626 534 Est
638 507 711 533 enim
724 507 747 533 ei
769 514 867 541 magna
885 506 992 535 festivi-

203 559 245 579 las
271 553 390 579 humana
417 552 501 579 salus.
531 551 588 586 Ego
614 555 680 586 puto
703 551 773 585 qttod
797 559 845 585 per
871 552 993 587 singulos

204 605 327 632 quosque
341 597 525 629 credentium,
552 603 600 631 per
620 596 742 631 singulos
769 596 814 630 qui
830 601 992 623 convertun—

204 651 248 671 tur
267 645 303 672 ad
322 644 420 676 Deum,
433 644 479 678 qui
494 642 640 678 proficiunt
656 642 682 669 in
701 641 765 675 fide,
785 641 920 669 festivitas
935 642 992 669 ori-

204 698 248 718 tur
262 691 380 718 Domini.
398 690 542 724 Quomodo
557 694 638 724 pnlas
657 689 777 716 laetificat
793 697 865 721 eum.
884 697 944 717 cum
968 689 992 717 is

202 737 247 771 qui
263 736 350 763 fuerat
367 735 530 770 impudicus,
554 734 583 761 tit
601 739 709 766 castus,
728 738 756 762 et
769 734 815 769 qui
840 734 930 761 fuerat
947 735 991 762 in-

199 781 445 817 justas,justitiam
460 781 535 813 colit,
552 780 634 815 ctqni
653 779 741 807 fuerat
755 780 863 815 impius,
877 779 992 808 cﬂicitnr

1045 187 1099 215 Sed
1123 193 1150 216 et
1175 189 1218 216 illa
1243 189 1390 217 humanum
1407 195 1492 223 genus
1507 188 1684 217 lamentantis
1705 188 1754 216 Dei
1782 195 1834 217 vox

1043 238 1085 261 est
1103 241 1156 269 qua
1172 235 1272 261 dicitur
1289 241 1337 269 per
1351 235 1511 269 prophetam
1529 234 1551 251 ⁷·
1566 244 1573 262 :
1592 243 1601 260 ι
1620 234 1676 261 Heu
1694 241 1750 267 me,
1764 242 1834 269 quo-

1043 280 1116 307 niam
1137 279 1228 308 factus
1244 288 1304 308 sum
1322 281 1393 308 sicut
1415 281 1459 315 qui
1482 285 1630 316 congregat
1653 280 1785 316 stipulam
1810 281 1835 308 in

1044 332 1143 357 utesse,
1158 330 1186 352 et
1203 326 1274 352 sicut
1290 332 1413 352 racemos
1431 325 1457 352 in
1474 325 1621 358 vindemia,
1636 326 1700 360 quia
1724 333 1779 353 non
1795 333 1837 353 est

1043 371 1128 405 spica,
1148 378 1237 406 neque
1263 372 1358 398 botrns
1383 371 1416 398 ad
1445 371 1549 398 edenda
1577 370 1770 406 primogenita.
1786 371 1834 399 ﬂei

1044 417 1109 444 mihi
1131 417 1232 450 anima,
1248 417 1376 452 quoniam
1401 416 1482 452 periit
1509 421 1651 445 revertens
1667 425 1682 444 a
1698 421 1789 449 terra,
1807 424 1834 445 et

1043 463 1088 497 qui
1113 464 1232 498 corrigat
1251 463 1278 489 in
1300 462 1456 490 hominibus
1479 470 1531 490 non
1548 467 1600 490 est.
1614 473 1623 489 ι
1640 463 1748 490 Domini
1771 470 1834 491 sunt

1044 509 1102 536 ista:
1114 515 1203 539 voces.
1221 516 1308 544 genus
1325 509 1472 535 humanum
1487 508 1614 544 lugentis.
1627 508 1686 542 Ipse
1698 509 1773 536 enim
1789 516 1836 536 ve-

1044 555 1083 581 nit
1096 554 1128 581 ad
1140 554 1319 589 colligendam
1336 563 1462 587 messem.
1480 560 1507 582 et
1523 555 1627 582 invenit
1640 555 1770 590 stipulam
1785 563 1834 589 pro

1044 607 1142 632 messe,
1158 604 1186 626 et
1200 599 1274 627 venit
1287 600 1320 627 ad
1335 600 1515 636 colligendam
1531 600 1709 632 vindemiam.
1727 601 1775 628 sed
1793 601 1834 628 in-

1043 645 1116 671 venit
1132 652 1254 672 racemos
1270 653 1370 679 paucos
1385 653 1435 681 pro
1454 645 1587 672 vindemia
1600 665 1608 678 ,
1625 645 1764 679 apostolos
1777 647 1832 673 sci-

1043 690 1106 718 licet
1126 701 1131 718 :
1153 697 1222 726 quos
1242 700 1251 716 ε
1269 692 1320 718 nisi
1338 691 1466 719 Dominus
1484 691 1603 719 Sabaoth
1617 691 1771 726 reliquisset
1786 700 1833 720 no-

1043 736 1085 763 bis
1101 743 1192 764 semen
1208 737 1248 768 “.
1269 746 1278 763 ι
1290 741 1316 764 et
1328 745 1442 771 granum
1463 738 1592 765 frumenti
1615 738 1667 764 nisi
1685 738 1832 766 cecidisset

1038 782 1070 808 in
1090 786 1189 809 terram
1210 787 1239 809 ut
1261 783 1380 810 fructum
1408 783 1554 817 plurimum
1579 783 1681 811 faceret
1698 804 1706 816 ,
1735 793 1744 810 ι
1763 785 1831 811 sicut

202 831 282 866 pius?
309 830 370 858 Istat
389 836 486 856 omnes
502 828 670 863 singulorum
686 834 856 862 quorumque
873 835 990 855 convcr-
1007 821 1030 851 Β
1045 827 1161 855 Sodoma
1180 827 1242 855 facti
1264 835 1389 856 essemus
1407 833 1434 856 et
1457 829 1526 856 sicut
1552 829 1705 857 Gomorrha
1729 831 1832 857 similes

203 878 316 909 siones,
349 874 512 902 festivitates
550 877 682 907 generant
707 872 771 899 Deo.
799 871 853 900 Nec
878 873 989 900 dubium

202 928 293 951 autem
313 921 379 957 quin
398 925 426 948 et
451 919 584 948 Dominus
610 924 704 946 noster
731 918 812 946 Iesus
838 918 966 946 Christus
981 939 988 949 .

203 968 250 1003 qui
263 975 311 1003 pro
327 967 415 995 salute
430 970 522 993 nostra
537 966 618 992 ctiam
642 965 802 1000 sanguinem
817 972 896 993 suum
909 965 988 997 fudit.

202 1018 266 1048 agat
281 1012 459 1041 festivitatem
480 1011 625 1038 maximam
640 1032 648 1043 ,
679 1019 740 1038 cum
760 1018 849 1045 operae
873 1011 988 1046 pretium

203 1060 276 1087 videt
302 1065 364 1086 esse
385 1057 456 1092 quod
481 1064 510 1083 se
534 1057 704 1089 liumiliavit,
729 1061 756 1084 et
781 1057 896 1084 formam
917 1056 989 1084 servi

202 1105 352 1140 suscipiens
377 1103 465 1131 factus
488 1107 530 1130 est
551 1103 680 1130 obediens
700 1110 785 1138 usque
803 1103 836 1130 ad
863 1108 988 1130 mortem.

201 1151 263 1186 Agit
286 1150 354 1177 festa
378 1149 481 1184 pariter
500 1152 527 1177 et
552 1147 673 1182 Spiritus
695 1153 824 1180 sanctus,
846 1148 890 1175 ubi
913 1148 989 1182 plura

201 1197 251 1224 sibi
265 1195 341 1222 videt
356 1195 382 1221 in
401 1194 433 1221 iis
446 1194 491 1228 qui
511 1197 711 1221 c0nvertnntnr
725 1194 759 1220 ad
775 1193 869 1224 Deum,
890 1193 988 1227 templa

201 1246 363 1277 praeparata.
380 1240 447 1267 Nam
462 1241 496 1266 de
510 1241 612 1274 angelis
628 1239 692 1274 quid
706 1239 807 1271 dicam,
824 1240 857 1265 ad
873 1246 988 1273 quorum

202 1287 375 1314 festivitatem
393 1285 544 1312 lictantinm
558 1305 566 1317 ,
584 1285 713 1312 dicuntur
738 1285 870 1311 accedere
894 1292 988 1311 onmes

201 1333 247 1368 qni
265 1334 461 1359 convertuntur
477 1329 510 1356 ad
533 1323 693 1357 Dominum?
710 1329 764 1356 Aut
792 1336 844 1356 non
867 1333 909 1356 est
936 1329 988 1356 illis

202 1386 300 1414 magna
319 1376 470 1408 festivitas,
490 1383 551 1402 cum
580 1375 708 1402 ltetantur
726 1385 734 1401 ‹
754 1377 780 1403 in
806 1375 876 1403 caelo
905 1383 988 1410 super

202 1433 256 1452 uno
287 1429 432 1460 peccatore
458 1423 645 1459 paenitentiam
671 1426 771 1456 agente
796 1422 882 1457 magis
906 1429 986 1456 quam

200 1479 282 1506 super
306 1471 453 1505 nonaginta
480 1476 576 1497 novem
596 1469 678 1502 iustis
706 1468 751 1502 qui
779 1475 832 1494 non
865 1468 988 1503 indigent

201 1501 360 1553 pteuitentia
375 1501 419 1543 "‘1’
437 1525 445 1542 ι
462 1516 552 1550 Agunt
568 1501 634 1548 ergo
659 1501 741 1540 etiam
756 1513 845 1547 angeli
860 1501 934 1540 diem
948 1511 989 1540 fe-
1003 1501 1024 1529 θ

200 1569 284 1595 stum,
304 1562 427 1589 lietantes
445 1568 526 1596 super
543 1560 576 1588 iis
607 1560 652 1594 qui
671 1558 835 1594 refugientes
853 1554 988 1585 consortia

201 1610 365 1641 daemonum,
387 1615 435 1642 per
452 1607 582 1634 exercitia
605 1606 737 1633 virtutum
756 1605 888 1639 angelicis
903 1612 932 1632 se
949 1605 988 1632 fe-

200 1655 304 1683 stinant
317 1655 425 1681 sociare
441 1651 599 1680 consortiis.
612 1651 710 1677 Mirum
727 1649 843 1676 fortasse
856 1649 903 1682 sit,
917 1649 989 1684 quod

201 1701 294 1729 dicere
312 1699 375 1728 volo
392 1709 398 1726 :
419 1705 528 1730 causas,
545 1702 576 1724 ut
588 1697 705 1729 videtur,
722 1695 878 1723 festivitatis
895 1701 923 1722 et
942 1695 988 1721 lae-

200 1747 268 1774 titiae
294 1753 344 1774 nos
372 1745 427 1772 Deo
443 1750 471 1772 et
486 1744 591 1778 angelis
616 1743 712 1770 damus
727 1749 734 1768 :
751 1749 801 1769 nos
817 1741 988 1768 occasionem

201 1793 301 1821 laetitiae
321 1797 348 1819 ct
370 1790 560 1818 exsultationis
577 1789 602 1815 in
619 1787 700 1815 terris
727 1787 808 1821 positi
831 1785 901 1813 cmlo
918 1793 989 1820 prae-

200 1842 306 1871 bemus,
319 1838 383 1865 dum
399 1843 481 1870 super
494 1839 581 1862 terras
597 1833 779 1866 ambulantes,
798 1832 988 1860 conversatio-

200 1893 261 1914 nem
277 1884 408 1912 habemus
425 1883 452 1909 in
468 1881 558 1913 cmlis,
575 1885 602 1908 ct
615 1887 664 1915 per
682 1879 733 1907 hoc
748 1879 806 1906 sine
820 1878 902 1906 dubio
917 1878 986 1905 diem

200 1933 300 1960 festum
317 1929 475 1958 ctelestibus
495 1927 641 1954 virtutibus
654 1932 826 1961 generamus.
850 1924 903 1952 Sed
917 1924 987 1952 sicut

199 1978 265 2006 boni
289 1981 368 2004 actus
384 1974 472 2002 nostri
500 1977 528 2000 et
544 1972 676 2000 virtutum
692 1971 847 2006 profectus,
866 1970 986 1998 laetitiam

200 2023 431 2056 festivitatemque
447 2020 501 2047 Deo
516 2023 544 2046 et
556 2018 661 2053 angelis
677 2017 802 2053 gignunt.
831 2016 869 2043 ita
891 2024 987 2044 vereor

201 2078 234 2098 ne
248 2066 318 2097 m'ala
331 2066 503 2095 conversatio
516 2069 607 2092 nostra
625 2071 678 2091 non
692 2064 779 2092 solum
794 2063 885 2095 terris,
898 2063 946 2090 sed
959 2068 987 2090 et

199 2116 269 2144 coelo
284 2113 494 2142 lamentationes
517 2110 629 2138 inducat
647 2114 674 2137 et
695 2109 801 2141 luctus.
819 2114 847 2137 et
863 2109 986 2136 fortassis

199 2162 281 2188 etiam
297 2158 348 2194 ipsi
368 2158 426 2186 Deo
446 2157 551 2184 luctum
574 2155 707 2182 incutiant
727 2155 844 2182 humana
863 2159 983 2190 peccata.

199 2208 253 2234 Ant
269 2212 321 2232 non
338 2201 458 2237 lugentis
471 2205 513 2228 est
528 2199 572 2227 illa
593 2207 646 2227 vox
661 2207 721 2227 cum
733 2200 832 2228 dicitur
844 2200 865 2215 "
879 2209 885 2226 :
901 2208 910 2225 ι
925 2199 986 2227 Poc-

199 2253 268 2279 nitet
284 2257 337 2282 me.
350 2249 414 2284 quia
429 2247 481 2275 feci
497 2247 633 2275 hominem
649 2245 869 2281 superterram?»
890 2244 943 2272 Sed
958 2249 986 2272 et

200 2298 243 2325 illa
261 2297 367 2324 Domini
384 2299 412 2322 et
425 2293 575 2322 Salvatoris
593 2293 680 2320 nOstri
703 2292 730 2319 in
755 2291 910 2325 Evangelia,
938 2291 982 2319 ubi

198 2344 264 2372 dicit
277 2343 301 2359 ⁷⁸
318 2350 326 2369 :
345 2351 355 2368 ἰ
372 2341 533 2373 Jerusalem,
546 2338 708 2371 Jerusalem,
722 2345 782 2373 quae
798 2338 904 2373 lapidas
922 2344 984 2371 pro-

198 2392 304 2425 phetas,
321 2394 348 2416 ct
366 2387 468 2415 occidis
489 2393 537 2414 eos
559 2386 658 2413 missos
673 2385 704 2412 ad
721 2391 746 2412 tc
757 2405 764 2417 ,
787 2384 895 2418 quoties
912 2383 983 2410 volui

196 2429 452 2472 congregare'filios
463 2440 533 2466 tuos,
548 2431 777 2467 quemadmodum
800 2429 898 2464 gallina
918 2437 983 2456 con-

199 2486 293 2517 gregat
309 2481 396 2516 pullos
412 2487 476 2507 suos
504 2478 553 2506 sub
581 2477 631 2504 alis
651 2476 718 2508 suis,
740 2479 767 2503 et
784 2475 914 2503 noluisti?
927 2484 936 2500 ι
949 2473 985 2501 Et

198 2537 231 2557 ne
246 2534 323 2564 putes
342 2527 405 2563 quia
427 2527 460 2554 de
476 2523 599 2559 antiquis
623 2522 810 2549 tantummodo
827 2520 927 2548 dictum
941 2524 982 2547 est

196 2575 266 2610 quod
280 2572 461 2608 lapidaverint
483 2570 629 2606 prophetas
645 2577 652 2595 :
670 2572 697 2594 et
710 2574 760 2602 ego
778 2566 858 2594 hodie
877 2566 899 2593 si
921 2572 982 2600 pro-

196 2621 284 2656 pheta:
299 2619 380 2646 verba
402 2625 456 2644 non
475 2616 597 2647 audiam,
611 2615 633 2643 si
653 2614 753 2641 monita
770 2613 829 2647 ejus
842 2619 979 2646 spcrnam,

196 2664 285 2699 lapido
311 2663 480 2698 prophetam.
500 2666 528 2688 ct
544 2665 676 2696 quantum
696 2660 721 2686 in
739 2666 781 2686 me
798 2663 856 2689 est,
874 2657 979 2687 occido,

233 2722 254 2737 "
275 2722 342 2749 an.
362 2729 406 2754 xv,
424 2722 450 2747 τ.
489 2721 510 2736 ⁷⁷
523 2721 592 2747 Gen.
606 2728 642 2752 vi,
656 2720 682 2747 6.

196 2756 219 2772 "
238 2757 290 2783 lsa.
311 2765 329 2787 ι.
346 2757 387 2783 14.

731 2719 754 2734 ⁷⁸
771 2717 865 2745 Matth.
880 2723 958 2748 xxttt,
974 2716 1018 2742 57.

1044 873 1201 900 fuissemus.
1216 882 1228 899 ι
1248 874 1357 909 Angelis
1374 881 1482 909 quoque
1501 874 1558 906 Del,
1579 875 1651 902 sicut
1667 882 1749 910 supra
1763 875 1830 907 dixi~

1044 926 1114 951 mus,
1129 919 1158 946 fit
1175 919 1302 954 gaudium
1327 920 1352 947 in
1372 920 1441 948 coelo
1454 928 1537 955 super
1549 928 1603 948 uno
1616 926 1761 955 peccatore
1775 928 1830 955 pm-

1044 964 1186 992 nitentiam
1205 970 1311 1000 agente.
1327 966 1439 993 Certum
1457 972 1498 994 est
1521 967 1593 1001 quod
1617 966 1662 993 ubi
1684 974 1734 1000 pro
1753 967 1830 993 bonis

1043 1010 1139 1044 gaudia
1166 1015 1294 1045 aguntur,
1314 1011 1350 1038 ibi
1369 1019 1417 1045 pro
1436 1012 1583 1039 contrariis
1602 1011 1769 1040 lamentetur
1786 1020 1793 1038 :
1808 1013 1828 1039 si

1043 1061 1108 1089 ergo
1124 1056 1243 1091 gaudent
1262 1064 1311 1091 pro
1326 1063 1468 1090 conversol
1485 1064 1598 1084 necesse
1613 1062 1655 1084 est
1674 1062 1703 1084 ut
1720 1058 1831 1092 lugeant

1043 1108 1092 1135 pro
1116 1107 1258 1136 peccante.
1271 1102 1418 1137 Propterea
1442 1110 1508 1137 ergo
1526 1103 1596 1137 quod
1624 1102 1707 1138 358
1727 1103 1831 1138 grande

1046 1156 1055 1172 ι
1074 1152 1214 1182 peccatum
1237 1149 1365 1182 peccavit
1383 1148 1544 1179 Jerusalem.
1560 1157 1569 1174 ι
1586 1150 1736 1175 Secundum
1758 1150 1829 1183 quod

1042 1193 1173 1227 scriptum
1183 1197 1225 1220 est
1236 1192 1263 1220 in
1274 1192 1507 1224 Lametitatione,c
1521 1195 1546 1221 in
1560 1194 1743 1221 commotione
1759 1196 1830 1222 facta

1041 1239 1114 1266 est“
1126 1259 1133 1272 ,
1153 1248 1161 1264 ι
1178 1243 1205 1265 et
1216 1239 1355 1273 perierunt
1367 1247 1462 1267 omnes
1484 1239 1645 1267 festivitates
1657 1240 1715 1274 ejus
1729 1245 1757 1267 et
1773 1241 1831 1268 dies

1042 1284 1178 1311 solemnes
1193 1284 1251 1318 ejus
1267 1305 1274 1317 ,
1300 1285 1428 1318 quoniam
1458 1293 1546 1312 meum
1570 1285 1663 1313 Jesnm
1691 1285 1830 1313 Christum

1040 1330 1210 1357 occiderunt.
1228 1330 1261 1357 Et
1278 1335 1421 1365 propterea
1437 1331 1503 1359 dicit
1518 1329 1550 1358 ad
1567 1339 1614 1359 eos
1626 1332 1648 1348 "'
1669 1343 1674 1359 :
1691 1341 1700 1357 ι
1713 1331 1831 1360 Neoute-

1043 1376 1101 1403 nias
1118 1381 1223 1404 vestras
1238 1381 1266 1404 et
1282 1376 1400 1404 Sabbata
1417 1381 1445 1404 et
1464 1378 1522 1405 dies
1544 1378 1629 1405 festos
1647 1383 1755 1405 vestros
1772 1379 1830 1405 odit

1041 1421 1130 1449 anima
1146 1429 1214 1448 mea.
1232 1431 1240 1447 I
1261 1421 1310 1448 Hic
1331 1421 1453 1456 quidem,
1471 1423 1514 1450 ubi
1529 1424 1562 1450 de
1577 1424 1736 1450 muneribus
1753 1431 1828 1450 man-

1042 1467 1132 1499 datur,
1159 1467 1204 1494 ubi
1223 1467 1312 1494 adhuc
1336 1467 1408 1494 nulla
1427 1473 1535 1502 peccata
1563 1473 1640 1500 sunt,
1664 1469 1722 1496 dies
1745 1469 1828 1497 festos

1041 1520 1116 1540 meos
1127 1513 1211 1546 dicit;
1227 1513 1272 1540 ubi
1286 1519 1376 1541 autem
1388 1518 1528 1548 peccatum
1544 1520 1598 1547 est,
1614 1522 1666 1542 non
1681 1523 1768 1548 meos,
1782 1517 1828 1542 sed

1041 1562 1146 1586 vestros
1165 1558 1222 1586 dies
1239 1558 1323 1585 festos
1335 1558 1401 1585 dicit
1417 1558 1558 1586 Dominus.
1576 1558 1638 1587 Hzec
1656 1564 1748 1587 autem
1767 1568 1828 1587 om-

1041 1603 1083 1630 nia
1102 1603 1128 1630 in
1152 1603 1250 1638 quibus
1274 1603 1316 1630 vel
1337 1603 1439 1638 lugere,
1459 1603 1502 1631 vel
1517 1604 1650 1638 gaudere,
1666 1605 1708 1632 vel
1725 1606 1826 1638 odisse,

1040 1649 1080 1676 vel
1101 1649 1185 1676 lactari
1206 1649 1307 1676 dicitur
1324 1649 1410 1681 Dens,
1434 1649 1539 1684 tropico
1566 1654 1592 1676 et
1610 1650 1730 1677 humano
1753 1659 1828 1678 inore

1040 1694 1196 1730 accipienda
1216 1699 1278 1722 sunt
1295 1694 1329 1721 ab
1342 1694 1481 1727 Scriptura
1499 1695 1564 1722 dici.
1581 1695 1678 1723 Aliena
1693 1704 1775 1731 porro
1787 1704 1828 1725 est

1039 1740 1130 1767 divina
1147 1744 1242 1767 natura
1261 1740 1296 1767 ab
1309 1740 1383 1767 omni
1407 1741 1543 1775 passionis
1567 1746 1596 1769 et
1618 1743 1829 1776 permutationis

1038 1785 1147 1817 affectu,
1168 1785 1194 1812 in
1211 1785 1256 1812 illo
1276 1792 1384 1819 semper
1397 1785 1573 1812 beatitudinis
1587 1785 1665 1820 apice
1679 1786 1829 1813 immobilis

1038 1836 1065 1858 et
1083 1832 1243 1858 inconcussa
1262 1831 1423 1865 perdurans.

1073 1877 1100 1904 3.
1118 1876 1186 1909 Quia
1201 1884 1267 1912 ergo
1284 1876 1414 1904 festorum
1438 1876 1512 1910 leges
1535 1877 1667 1904 habemus
1684 1877 1711 1904 in
1738 1878 1827 1905 mani-

1039 1923 1097 1955 bus,
1113 1927 1140 1949 et
1166 1923 1228 1950 inde
1251 1930 1323 1949 nunc
1346 1929 1437 1950 sermo
1452 1927 1506 1955 est,
1523 1923 1693 1957 requiramus
1713 1923 1828 1958 diligen-

1040 1971 1094 1996 tius
1109 1969 1156 2002 qui
1174 1968 1210 1995 sit
1224 1968 1291 1995 crdo
1307 1967 1497 2000 festivitatum,
1511 1973 1541 1995 ut
1555 1975 1587 1995 ex
1601 1968 1668 2003 ipsis
1682 1969 1828 1996 ordinibus

1036 2019 1064 2040 ct
1090 2013 1285 2041 sacrificiorum
1312 2013 1365 2040 ritu
1397 2014 1524 2048 colligere
1547 2014 1682 2049 possimus
1710 2015 1828 2048 qualiter

1038 2061 1223 2095 unusquisque
1246 2069 1277 2088 cx
1305 2061 1362 2088 suis
1387 2060 1493 2088 actibus
1518 2065 1546 2088 et
1571 2062 1826 2089 conversationibns

1038 2108 1141 2135 sanctis
1159 2107 1214 2134 Deo
1235 2106 1411 2134 festivitatem
1430 2107 1516 2141 possit
1532 2114 1639 2142 parare.
1655 2107 1748 2135 Prima
1762 2116 1826 2142 ergo

1037 2157 1078 2181 est
1098 2153 1233 2181 festivitas
1254 2153 1318 2186 Dei,
1335 2160 1395 2187 qua:
1415 2153 1568 2187 appellatur
1586 2153 1767 2185 iudesinens,
1792 2156 1825 2180 de

1038 2200 1072 2227 iis
1092 2199 1165 2227 enim
1186 2199 1344 2232 mandatur,
1369 2207 1430 2233 quae
1457 2199 1642 2227 indesinenter
1657 2201 1757 2228 etsine
1772 2201 1823 2228 ulla

1037 2253 1150 2281 prorsus
1167 2246 1366 2280 interruptione
1383 2246 1525 2273 matutinis
1545 2251 1571 2272 et
1594 2247 1762 2281 vespertinis
1783 2255 1823 2274 δας

1037 2291 1150 2320 crificiis
1163 2292 1323 2319 offerantur.
1338 2291 1467 2319 Mandatus
1482 2292 1563 2326 igitur
1582 2292 1764 2319 feativitatnm
1789 2294 1824 2320 ri~

1037 2343 1092 2370 tus.
1108 2346 1161 2365 non
1179 2338 1267 2372 primo
1280 2338 1372 2365 statim
1383 2338 1456 2365 venit
1468 2339 1500 2365 ad
1513 2338 1685 2365 festivitatem
1701 2339 1823 2372 Pascha},

1036 2391 1124 2418 neque
1140 2384 1174 2410 ad
1188 2384 1368 2418 Azymornm,
1385 2391 1473 2418 neque
1490 2383 1523 2410 ad
1540 2383 1726 2418 Scenopegiae,
1743 2385 1824 2413 aliar

1035 2438 1088 2464 que
1104 2430 1136 2457 de
1147 2430 1244 2465 quibus
1262 2430 1431 2464 prmcipitur,
1446 2430 1494 2457 sed
1507 2430 1579 2457 hanc
1592 2431 1707 2464 primam
1722 2432 1822 2466 posuit.

1035 2477 1062 2504 in
1084 2483 1136 2510 qua
1159 2475 1322 2504 sacrificium
1342 2475 1498 2503 indesinens
1512 2476 1622 2502 mandat
1636 2475 1727 2503 oﬁ'erri
1745 2484 1753 2504 :
1771 2485 1824 2512 quo

1034 2522 1140 2549 scilicet
1151 2525 1283 2556 agnoscat
1301 2520 1347 2548 ille
1359 2521 1404 2555 qui
1419 2521 1476 2547 vult
1489 2528 1550 2548 esse
1569 2520 1709 2554 perfectus
1719 2527 1748 2549 et
1762 2530 1824 2549 san-

1034 2573 1105 2600 ctus,
1128 2567 1190 2602 quia
1214 2575 1267 2594 non
1291 2567 1437 2601 aliquando
1453 2566 1561 2600 quidem
1575 2567 1679 2602 agenda
1692 2572 1735 2595 est
1750 2568 1822 2598 Deo.

1034 2613 1178 2648 aliquando
1198 2620 1263 2640 vero
1281 2621 1333 2640 non
1353 2613 1458 2644 agenda
1477 2612 1628 2643 festivitas,
1645 2613 1693 2640 sed
1714 2620 1825 2648 semper

1036 2663 1062 2685 et
1089 2657 1274 2685 indesinenter
1289 2657 1379 2691 justus
1402 2664 1484 2692 agere
1506 2656 1586 2685 debet
1609 2657 1680 2684 dietn
1711 2657 1825 2685 festum.

1058 2716 1174 2744 “Mich.
1190 2724 1237 2749 vn,
1264 2716 1289 2748 i,
1312 2715 1339 2742 ‘3.
1378 2716 1402 2732 ⁸⁰
1424 2715 1476 2744 lsa.
1505 2723 1523 2748 ι,
1538 2715 1564 2742 9.
1603 2715 1625 2731 ⁸⁸
1643 2715 1751 2745 Thren.
1765 2720 1827 2747 1.3.

233 2801 287 2837 (l8)
302 2802 378 2834 3155.,
395 2813 403 2828 ι
417 2809 496 2836 quam
508 2802 529 2828 si
543 2806 626 2836 putet.
638 2811 647 2827 ι
667 2801 744 2828 Libb.
767 2800 844 2832 editi,
863 2808 872 2824 ‹
885 2798 937 2825 nisi
954 2800 975 2825 si
987 2801 1072 2832 putet.
1092 2808 1100 2823 ι
