1902 3052
40 128 89 154 7'19

620 128 653 156 IN
671 128 838 157 NUMEROS
855 127 996 156 llOMlLlA
1010 128 1106 156 XXlll.

1618 129 1672 158 750

39 186 213 215 Sacriﬁcium
233 194 359 222 namque,
376 188 449 222 quod
474 187 660 216 indesinenter
676 195 702 217 et
730 190 755 216 in
773 197 831 216 ma-
846 191 869 220 Α
885 189 996 221 habeas,
1015 196 1068 216 non
1085 188 1216 223 respicias
1231 189 1263 216 ad
1279 190 1424 224 prtesentia
1439 192 1467 216 et
1479 187 1609 221 visibilia,
1625 188 1672 216 sed

40 233 135 261 tutinis
152 238 179 260 et
195 233 221 260 in
238 234 402 268 vespertinis
425 236 572 262 mandatur
593 235 694 269 offerri,
719 237 770 264 hoc
789 237 830 263 in-

39 280 162 312 dicatur,
183 284 211 306 ut
225 280 251 306 in
271 280 329 315 lege
357 288 388 308 ac
409 281 563 316 prophetis,
582 289 642 316 quae
667 283 831 310 matutinum

39 332 147 362 temptts
167 327 329 359 ostendunt,
343 331 370 354 et
383 327 409 353 in
426 327 583 362 evangeliea
600 328 737 360 doctrina,
753 328 778 355 id
791 334 832 355 est

38 373 112 399 enim
137 373 334 407 vespertinum,
358 380 418 407 qua:
452 380 565 408 vespera
590 375 685 401 tnttndi
711 374 833 401 Salvato-

40 419 77 444 ris
96 418 217 444 ostendit
236 417 580 450 adventumhindesinenti
602 418 750 445 intentione
771 426 832 452 pcr-

38 464 131 490 sistat.
161 463 216 490 Has
238 471 301 498 ergo
323 463 485 491 festivitates
508 463 637 491 Dominus
664 465 753 491 dicit:
772 475 780 490 ι
801 465 832 491 Et

37 508 222 536 observabitis
235 508 294 536 dies
310 508 395 535 festos
409 516 494 536 meos.
511 518 521 534 ι
538 509 599 536 Dies
612 517 679 544 ergo
694 510 778 538 festus
791 515 832 538 est

40 554 161 585 Domini,
178 554 200 581 si
221 559 248 582 et
263 555 426 582 sacriﬁcium
454 555 612 582 iudesinens
634 555 792 588 offeramus,
808 556 831 583 si

37 600 101 628 sine
127 600 332 628 intermissione
357 609 466 629 oremus
480 622 487 632 ,
505 601 541 628 ita
556 606 585 628 ut
600 603 731 629 ascendat
743 603 832 630 oratio

38 651 135 673 nostra
158 646 231 674 sicut
246 646 386 675 incensum
408 647 434 675 in
458 652 605 682 conspectu
621 648 678 681 ejus
697 656 786 680 mane,
806 654 832 676 et

37 692 159 719 clevatio
186 700 315 719 manuttm
348 699 502 721 nostrarum
532 694 579 720 fiat
609 695 633 721 ei
665 695 831 721 sacrificium

38 737 228 771 vespertinum
242 737 288 764 εν.
304 737 350 764 Est.
366 738 449 773 igitur
465 739 550 773 prima
569 738 726 766 soletnnitas
744 740 832 766 sacri-

39 784 95 810 licii
123 783 325 817 indesinentis,
352 792 412 819 qua:
432 792 446 811 a
470 784 620 812 cultoribus
641 785 779 821 Evangelii
799 793 832 813 eo

39 829 123 856 modo
146 837 200 864 quo
216 837 297 864 supra
314 830 491 865 exposuimus
504 852 511 863 ,
537 831 618 858 debet
643 832 756 866 expleri.
777 831 830 860 Sed

36 876 182 910 quoniam,
204 876 274 903 sicut
290 864 466 911 propheticus
490 885 580 905 sermo
600 864 753 912 perdocuit,
771 879 830 906 dies
846 864 870 897 Β

38 922 105 950 festi
128 928 304 958 peccatorum
325 927 526 950 convertuntur
551 924 578 951 in
597 924 710 957 luctum,
727 928 754 951 et
770 932 832 952 can-

37 970 93 996 tica
107 976 204 996 eorum
227 968 253 995 in
273 968 426 1003 planctum,
449 975 553 997 certum
572 974 614 997 est
627 971 690 1005 quia
705 971 750 1005 qui
772 979 832 1005 pec-

37 1019 85 1042 cat
117 1019 144 1041 et
171 1015 226 1049 agit
253 1014 323 1041 diem
349 1015 470 1049 peCCati,
489 1022 570 1050 agere
585 1023 637 1043 non
655 1021 744 1051 potest
760 1016 830 1044 diem

39 1060 142 1088 festum
158 1070 164 1087 :
179 1066 205 1087 et
219 1059 279 1087 ideo
293 1060 346 1087 illis
362 1060 458 1088 diebtts
476 1062 574 1095 quibus
596 1066 709 1095 peccat,
733 1062 831 1089 oll‘erre

38 1114 92 1133 non
109 1110 200 1141 potest
214 1106 371 1133 indesinens
388 1106 552 1134 sacriﬁcium
570 1107 634 1134 Deo.
653 1107 706 1135 Sed
729 1107 772 1135 ille
793 1108 832 1135 of-

38 1152 114 1179 ferre
130 1156 232 1186 potest,
249 1151 293 1186 qui
307 1151 493 1179 indesinenter
511 1153 631 1179 custodit
645 1152 790 1187 justitiam,
804 1157 832 1180 et

37 1203 190 1225 conservat
214 1198 390 1231 semetipsum
410 1205 424 1224 a
448 1203 569 1233 peccato.
593 1199 649 1231 Qua
674 1199 718 1226 die
741 1204 830 1226 autem

38 1243 222 1277 interruperit
240 1247 267 1269 et
284 1244 449 1277 peccaverit,
467 1248 571 1270 certqu
589 1249 632 1270 est.
652 1245 724 1278 quod
740 1244 765 1270 in
786 1245 830 1271 illa

36 1288 84 1316 die
111 1296 166 1315 non
188 1288 267 1315 ochrt
292 1289 455 1316 sacriﬁcium
473 1289 630 1316 indesineus
646 1290 713 1326 Deo.~
730 1290 832 1318 Vereor

35 1335 145 1369 aliquid
162 1335 251 1362 dicere
273 1336 345 1370 quod
369 1343 400 1362 ex
425 1337 598 1363 sermonibus
619 1337 775 1371 apostolicis
791 1338 829 1364 in-

37 1382 125 1416 telligi
158 1382 258 1415 datur,
277 1389 310 1408 tte
334 1381 403 1410 forte
417 1381 510 1408 videar
527 1381 632 1417 aliquos
652 1383 828 1410 contristare.

35 1428 106 1455 Nam
123 1429 146 1456 si
162 1429 250 1455 oratio
262 1427 327 1462 justi
341 1429 411 1455 sicut
429 1429 568 1455 incensttm
584 1427 699 1455 oll‘ertur
718 1429 745 1455 in
766 1436 830 1456 con»

32 1480 136 1509 specto
150 1474 268 1506 Domini,
281 1479 308 1501 et
318 1474 434 1502 elevatio
448 1481 576 1501 manuum
590 1473 649 1507 ejus
665 1474 831 1502 sacrificium

32 1526 79 1548 est
99 1522 303 1555 vespertinum,
325 1521 392 1548 dicit
411 1525 500 1548 atttem
515 1521 665 1555 Apostolus
683 1521 715 1548 iis
736 1521 781 1556 qtti
804 1522 830 1548 in

31 1567 179 1603 coniugiis
197 1573 260 1594 sunt
273 1567 296 1583 ⁸³
312 1576 319 1594 :
338 1577 348 1592 ι
365 1566 453 1593 Nolite
479 1566 606 1593 fraudare
627 1567 760 1600 invicem,
781 1568 831 1595 nisi

32 1615 111 1643 forte
128 1622 163 1641 ex
182 1622 315 1641 consensu
338 1615 371 1641 ad
390 1619 493 1648 tempus
505 1634 511 1645 ,
536 1618 566 1640 ιιι
582 1615 681 1641 vacetis
703 1615 830 1646 orationi,

30 1666 64 1687 et
84 1661 187 1687 iterum
209 1660 234 1687 in
253 1660 366 1694 idipsum
385 1660 460 1692 sitis;
478 1668 486 1685 ν
506 1664 610 1686 certqu
631 1664 672 1686 est
692 1660 754 1694 quia
781 1660 833 1687 im-

30 1707 151 1740 peditur
174 1706 338 1733 sacriﬁcium
356 1705 514 1732 indesinens
529 1705 563 1732 iis
580 1705 625 1739 qtti
643 1705 833 1740 coniugalibus

31 1751 254 1780 necessitatibus
278 1752 413 1778 serviunt.
440 1751 516 1779 Unde
537 1751 646 1778 videtur
675 1751 740 1778 mihi
759 1752 831 1785 quod

31 1800 113 1826 illius
135 1804 178 1826 est
203 1799 288 1826 solius
306 1798 406 1826 offerre
422 1798 587 1826 sacriﬁcium
604 1798 771 1829 indesineus,
786 1799 831 1833 qui

30 1845 208 1872 indesinenti
234 1849 261 1871 et
280 1850 415 1880 perpetua:
431 1851 459 1871 se
473 1844 612 1871 devoverit
626 1843 756 1871 castitati.
778 1843 832 1870 Sed

30 1895 103 1918 sunt
116 1896 146 1917 et
159 1889 205 1916 alii
223 1890 281 1916 dics
293 1890 352 1916 festi
369 1890 411 1921 iis,
426 1889 471 1924 qui
487 1888 559 1916 forte
582 1896 635 1915 non
656 1892 770 1922 possunt
791 1888 833 1914 in-

29 1937 201 1965 desinenter
221 1936 362 1964 immolare
382 1935 516 1963 sacriﬁcia
535 1935 680 1962 castitatis.

72 1983 102 2010 4.
122 1983 249 2010 Secunda
276 1989 342 2016 ergo
364 1982 499 2009 festivitas
515 1987 577 2015 post
595 1981 774 2008 indesinentis
788 1987 832 2008 sa-

28 2029 139 2057 crificii
162 2028 340 2056 festivitatem
368 2028 480 2062 ponitur
508 2027 639 2059 Sabbati,
667 2031 694 2054 et
723 2032 832 2061 oportet

24 2079 199 2103 sanclorum
215 2081 350 2109 quemque
364 2078 391 2101 et
404 2073 508 2107 justum
530 2081 610 2108 agere
622 2073 703 2100 etiam
717 2073 830 2100 Sabbali

23 2121 228 2149 festivitatem.
247 2120 312 2153 Quae
329 2123 372 2147 est
387 2124 479 2146 autem
500 2118 634 2146 festivitas
651 2118 762 2145 Sabbati
779 2118 830 2145 nisi

24 2169 94 2197 illa.
112 2168 147 2194 de
165 2174 217 2201 qua
240 2165 387 2199 Apostolus
410 2164 478 2191 dicit
492 2164 531 2196 ⁸⁸,
551 2163 749 2198 «Relinquetur
766 2171 831 2198 ergo

848 1543 870 1575 C

885 235 916 261 ad
933 234 1081 262 invisibilia
1095 239 1122 261 et
1137 234 1237 267 futura,
1255 235 1313 262 haec
1330 240 1372 262 est
1385 235 1541 262 observatio
1559 233 1670 261 Sabbati

882 280 1042 307 Christiani.
1066 279 1119 308 Sed
1140 281 1198 308 haec
1218 286 1245 308 et
1264 281 1349 308 Judaei
1368 282 1514 309 observare
1529 280 1671 309 deberent.

884 327 1006 361 Denique
1021 327 1102 354 etiam
1123 327 1194 362 apud
1210 328 1285 361 ipsos
1300 328 1322 355 si
1340 327 1427 360 faber,
1446 328 1468 355 si
1487 333 1607 355 structor
1619 346 1628 359 ,
1644 331 1672 354 et

884 372 905 398 si
928 373 990 406 quis
1015 372 1170 407 huiusmodi
1190 373 1317 408 opiﬁcum
1345 374 1437 405 fuerit,
1459 373 1561 400 otiatur
1584 372 1611 400 in
1630 372 1674 400 die

883 417 1005 445 Sabbati.
1022 418 1120 445 Lector
1134 423 1224 446 autem
1247 419 1312 454 legis
1328 419 1437 451 divinte,
1452 418 1495 445 Vt'l
1511 418 1605 446 doctor
1619 425 1672 446 non

884 465 984 492 desinit
998 465 1032 492 ab
1043 473 1126 500 opere
1142 473 1204 497 suo,
1219 470 1246 493 et
1264 470 1353 493 tamen
1371 466 1518 493 Sabbatum
1536 473 1589 492 non
1607 472 1674 492 con-

884 511 1000 538 taminat
1017 520 1023 538 :
1043 512 1082 539 sic
1093 511 1164 538 enim
1177 516 1204 539 et
1218 512 1347 539 Dominus
1363 519 1438 540 meus
1450 511 1514 538 dicit
1529 511 1560 538 ad
1570 519 1618 538 eos
1631 511 1672 537 ":

886 566 895 583 ι
910 559 963 584 Aut
982 566 1035 585 non
1056 558 1161 593 legistis
1174 577 1181 590 ,
1198 558 1261 592 quia
1289 562 1315 584 et
1342 556 1497 584 sacerdotes
1521 556 1548 584 in
1574 557 1674 591 templo

883 604 1032 631 Sabbatum
1048 604 1162 636 violant,
1176 609 1202 630 et
1219 605 1278 630 sine
1293 603 1406 630 crimine
1424 608 1486 629 sunt
1498 601 1577 638 (l9)?
1595 611 1603 628 ι
1622 602 1674 635 Qui

883 659 947 687 ergo
958 655 1048 678 cessat
1064 651 1097 678 ab
1112 651 1240 686 operibus
1254 650 1346 677 saeculi
1365 654 1392 677 et
1405 649 1572 684 spiritalibtts
1583 654 1675 680 vacat,

885 698 936 725 iste
952 702 993 724 est
1014 697 1058 732 qui
1074 696 1237 724 sacriﬁcium
1255 695 1365 723 Sabbati
1388 700 1413 722 ct
1427 695 1499 722 diem
1512 695 1608 722 festtun
1619 696 1675 730 agit

884 743 1077 772 Sabbatorum.
1090 742 1180 777 Ncqtte
1194 748 1276 769 onera
1290 745 1380 776 portat
1395 741 1421 767 in
1439 741 1492 768 via.
1512 739 1588 768 Onus
1600 741 1672 767 enim

883 795 925 818 est
950 796 1030 817 omne
1050 793 1206 823 peccatum,
1232 787 1460 822 quemadmodum
1478 787 1544 813 dicit
1564 791 1591 813 ct
1610 786 1674 814 Pro-

883 840 962 873 pheta
971 838 1008 864 “:
1022 847 1031 863 ι
1044 837 1120 864 Sicut
1131 843 1200 863 onus
1213 843 1295 870 grave
1304 839 1421 868 gravata:
1434 839 1497 861 sunt
1509 841 1591 868 super
1601 842 1652 860 me.
1663 844 1671 858 ι

885 884 979 919 Neque
994 884 1084 918 ignem
1101 882 1236 913 accendit,
1250 881 1326 908 illttm
1342 881 1447 908 scilicet
1464 881 1565 914 ignem,
1578 880 1674 913 dequo

886 931 985 958 dicitur
998 930 1021 945 ⁸⁷
1038 937 1044 956 :
1060 939 1069 954 ι
1087 928 1125 956 lte
1138 929 1165 955 in
1188 927 1290 955 lumine
1307 927 1377 962 ignis
1392 927 1485 958 vestri,
1499 931 1527 953 et
1549 927 1573 953 in
1597 925 1674 952 flam-

886 984 929 1004 ma
953 983 1034 1011 quam
1060 973 1235 1001 accendistis.
1253 982 1262 998 ι
1287 973 1314 999 ln
1342 971 1462 999 Sabbato
1488 972 1675 1007 unusquisque

885 1022 964 1050 sedet
979 1022 1038 1049 loco
1054 1028 1113 1052 suo,
1127 1024 1154 1046 et
1168 1027 1221 1046 non
1234 1018 1356 1053 procedit
1370 1026 1402 1045 ex
1420 1025 1462 1045 eo.
1478 1017 1544 1051 Quis
1558 1026 1622 1053 ergo
1632 1023 1674 1046 est

886 1068 962 1094 locus
978 1066 1110 1101 spiritalis
1123 1065 1244 1092 animm?
1263 1063 1373 1091 Justitia
1394 1069 1436 1091 est
1452 1064 1527 1090 locus
1548 1064 1606 1097 ejus
1620 1085 1627 1098 ,
1647 1069 1675 1090 et

885 1113 968 1149 359
978 1113 1091 1144 veritas,
1103 1111 1247 1147 sapientia,
1263 1110 1454 1142 sanctiﬁcatio,
1471 1116 1499 1137 et
1511 1111 1600 1137 omnia
1614 1117 1673 1144 quae

885 1161 1009 1187 Christus
1019 1164 1070 1192 est,
1086 1158 1161 1185 locus
1173 1158 1268 1184 animat:
1279 1161 1330 1184 est.
1346 1156 1384 1183 Ex
1401 1163 1454 1190 quo
1472 1155 1531 1182 loco
1542 1163 1601 1182 eam
1621 1163 1673 1182 non

885 1211 991 1241 oportet
1017 1206 1102 1236 exire,
1120 1209 1149 1231 ut
1173 1212 1235 1231 vera
1252 1203 1371 1230 Sabbato
1392 1202 1542 1234 custodiat,
1560 1206 1587 1228 et
1599 1202 1673 1228 diem

886 1250 984 1278 festutn
1004 1251 1030 1277 in
1051 1249 1194 1277 sacriﬁciis
1221 1249 1314 1282 exigat
1338 1247 1517 1274 Sabbatorum
1533 1255 1540 1274 :
1559 1247 1628 1273 sicut
1647 1251 1674 1272 et

887 1294 1016 1322 Dominus
1035 1295 1141 1322 dicebat
1157 1292 1180 1310 ³⁸
1195 1301 1203 1321 :
1219 1302 1228 1319 ι
1244 1293 1293 1326 Qui
1317 1293 1342 1319 in
1365 1300 1407 1319 me
1423 1296 1522 1324 manet,
1539 1297 1566 1318 et
1580 1299 1630 1326 ego
1646 1291 1673 1318 in

886 1342 940 1369 illo.
961 1351 969 1368 ν
988 1342 1063 1374 Quod
1079 1346 1168 1367 autem
1189 1340 1307 1367 diximus
1323 1346 1386 1365 vera
1403 1338 1534 1370 Sabbata,
1553 1338 1574 1364 si
1594 1337 1675 1364 altius

885 1391 1040 1421 repetamus
1054 1393 1113 1419 quae
1125 1385 1179 1411 sint
1197 1391 1259 1410 vera
1278 1383 1406 1415 Sabbato,
1425 1382 1492 1408 ultra
1509 1382 1579 1408 hunc
1596 1390 1674 1408 mun-

886 1433 948 1458 dum
962 1436 1002 1459 est
1018 1432 1072 1458 reri
1098 1430 1212 1458 Sabbati
1235 1430 1400 1457 observatio.
1423 1428 1499 1461 Quod
1518 1429 1590 1454 enim
1604 1429 1670 1455 scri-

887 1481 960 1511 ptum
974 1481 1016 1503 cst
1031 1476 1058 1503 in
1079 1476 1179 1504 Genesi
1198 1475 1232 1507 ⁸³,
1248 1475 1309 1510 quia
1325 1484 1334 1500 ι
1353 1474 1486 1509 requievit
1500 1474 1571 1501 Deus
1586 1473 1613 1500 in
1631 1474 1674 1501 die

888 1521 1000 1549 Sabhati
1016 1523 1049 1548 ab
1074 1522 1201 1556 operibus
1217 1521 1286 1553 SlllS,
1308 1530 1317 1545 ι
1334 1528 1386 1547 non
1404 1520 1526 1547 videmus
1552 1520 1593 1546 vel
1610 1524 1674 1547 tunc

887 1569 986 1596 factum
1014 1576 1074 1595 esse
1091 1569 1115 1594 in
1138 1568 1182 1594 die
1205 1568 1331 1601 septima,
1348 1568 1388 1593 vel
1407 1567 1489 1594 etiam
1515 1574 1586 1593 nunc
1603 1565 1673 1594 ﬁeri.

887 1615 1002 1649 Semper
1028 1615 1099 1641 enim
1121 1615 1241 1641 vidcnms
1267 1614 1350 1640 Deum
1370 1613 1494 1647 operari,
1519 1618 1545 1639 el
1571 1611 1673 1639 nullout

885 1661 1035 1688 Sabbatum
1049 1666 1089 1687 est
1102 1661 1128 1687 in
1143 1668 1196 1694 qtto
1210 1660 1279 1686 Deus
1293 1667 1345 1686 non
1358 1665 1496 1693 operetur,
1513 1659 1539 1686 itt
1556 1664 1673 1692 quonon

884 1707 1017 1742 producat
1043 1707 1125 1732 solem
1150 1713 1228 1732 suum
1255 1711 1337 1739 super
1365 1704 1451 1732 bonos
1475 1708 1503 1731 et
1526 1705 1619 1738 malus,
1648 1711 1676 1733 et

884 1752 958 1786 pluat
974 1751 1154 1785 superjustos
1168 1756 1195 1776 et
1211 1750 1335 1783 iniustos,
1354 1749 1380 1776 iu
1395 1757 1448 1784 quo
1463 1757 1515 1777 non
1541 1752 1675 1784 producat

885 1798 912 1824 in
926 1797 1064 1823 montibus
1081 1796 1185 1828 fenum,
1206 1799 1234 1822 et
1249 1795 1361 1822 herbam
1383 1793 1506 1822 servituti
1519 1795 1672 1824 hominum.

886 1843 911 1871 in
932 1850 986 1877 quo
1004 1850 1056 1869 non
1072 1842 1207 1877 percutiat
1220 1847 1243 1868 et
1258 1845 1346 1873 sanet,
1358 1841 1474 1867 deducat
1493 1841 1519 1867 in
1537 1841 1674 1867 infernum

883 1894 910 1915 ct
925 1889 1045 1920 reducat,
1061 1889 1088 1915 in
1105 1895 1159 1922 quo
1173 1887 1343 1915 nan-occidat
1355 1891 1382 1912 et
1399 1887 1488 1913 vivere
1502 1886 1585 1913 faciat
1600 1887 1672 1914 "'7'.

885 1935 964 1963 Unde
982 1941 1008 1963 et
1028 1936 1157 1962 Dominus
1173 1935 1198 1961 in
1213 1933 1369 1968 Evangeliis
1380 1941 1441 1960 cutn
1452 1933 1535 1960 Judaei
1550 1935 1675 1968 praescri-

858 1997 866 2006 ι
884 1983 982 2010 herent
995 1981 1047 2008 sibi
1063 1981 1096 2007 de
1109 1981 1268 2014 operatione
1284 1983 1312 2006 ct
1331 1980 1474 2006 curatione
1489 1979 1612 2009 Sabbati.
1631 1988 1673 2006 re-

884 2028 992 2063 spondit
1005 2028 1046 2055 eis
1058 2028 1080 2043 “
1099 2036 1105 2054 :
1126 2036 1134 2052 ι
1152 2027 1233 2054 Pater
1247 2033 1419 2061 mensusque
1437 2026 1517 2053 modo
1533 2033 1672 2060 operatur,

884 2078 912 2101 et
926 2081 976 2109 ego
990 2082 1104 2108 operor;
1125 2083 1133 2099 ι
1150 2073 1296 2100 ostendens
1311 2080 1359 2106 per
1377 2073 1434 2099 btec
1448 2073 1473 2099 in
1490 2072 1563 2100 nullo
1578 2073 1671 2100 seculi

884 2119 964 2154 hujus
982 2120 1104 2147 Sabbato
1126 2119 1299 2153 requiescere
1323 2118 1406 2145 Deum
1429 2125 1442 2145 a
1461 2119 1673 2153 dispensationi—

884 2166 934 2192 bus
946 2166 1039 2192 tnundi
1053 2171 1079 2192 et
1093 2174 1106 2192 a
1123 2165 1324 2199 provisiouibus
1340 2165 1447 2199 generis
1469 2165 1589 2193 bumani.
1602 2165 1672 2197 .Naut

23 2212 234 2242 sabbatismus,
251 2220 259 2236 ι
290 2210 340 2237 hoc
356 2213 414 2241 est,
430 2208 546 2236 Sabbali
562 2209 716 2235 observabo
732 2208 831 2242 ροριιιο
847 2217 871 2246 ι)
885 2217 1040 2239 creaturam
1063 2212 1171 2246 quidem
1199 2211 1263 2238 fecit
1285 2218 1318 2238 ex
1338 2211 1416 2239 initio
1429 2232 1437 2244 ,
1461 2216 1488 2239 et
1506 2211 1674 2242 substantias

24 2259 105 2287 Dei?
124 2257 322 2292 Relinquentes
337 2262 401 2291 ergo
416 2255 544 2282 Judaicas
568 2255 679 2282 Sabbati
699 2255 828 2281 observa-

25 2306 141 2335 tiones,
159 2303 248 2337 qualis
272 2302 369 2329 debeat
394 2308 454 2329 esse
479 2301 637 2328 Christiano
653 2299 764 2327 Sabbati
781 2299 830 2326 ob-

22 2351 171 2382 servatio,
189 2349 340 2376 videamus.
366 2348 415 2375 Die
441 2347 552 2375 Sabbati
572 2346 639 2373 nihil
655 2354 688 2373 ex
704 2345 830 2374 omnibus

23 2396 133 2424 mundi
149 2395 255 2422 actibus
271 2399 379 2429 oportet
400 2394 520 2429 operari.
543 2393 571 2420 Si
591 2400 659 2428 ergo
670 2393 782 2420 desinas
796 2393 830 2419 ab

20 2444 167 2470 nluiuibus
181 2442 356 2470 saecularibus
368 2441 509 2476 operibus,
528 2445 556 2467 et
576 2440 641 2467 nihil
662 2440 829 2466 mundanum

21 2498 129 2526 geras,
144 2490 192 2516 sed
210 2488 377 2524 spiritalibus
389 2487 519 2521 operibus
532 2494 623 2519 vaces,
640 2487 673 2513 ad
686 2485 829 2513 ecclesiam

19 2536 197 2566 convenias,
214 2534 377 2561 lectionibus
393 2534 493 2561 divinis
507 2538 535 2560 et
558 2533 718 2559 tractatibus
736 2539 828 2558 aurem

19 2583 169 2619 praebeas,
188 2585 216 2609 et
238 2582 272 2608 de
295 2580 457 2608 coelestibus
473 2580 579 2614 cogites
592 2599 599 2610 ,
624 2579 657 2606 de
672 2577 763 2605 futura
783 2585 830 2611 spe

15 2629 250 2658 sollicitudinem
263 2635 352 2663 geras,
367 2632 510 2654 venturum
522 2625 655 2660 judicium
672 2633 727 2660 prie
744 2625 831 2652 oculis

55 2712 97 2729 3"
112 2710 186 2739 Psal.
201 2717 275 2743 cxu,
288 2709 315 2735 2.
353 2708 376 2724 ⁸³
390 2709 398 2735 l
414 2709 477 2736 Cor.
494 2715 542 2739 vn,
567 2707 593 2733 5.
632 2705 736 2743 “illaab.
751 2713 787 2736 tv,
801 2705 827 2743 Si.

10 2752 40 2765 "
66 2747 150 2775 Joan.
168 2753 213 2778 xv,
226 2745 254 2772 5.
291 2745 314 2760 ⁸³
331 2744 430 2771 Geues.
454 2752 483 2776 ιι,
503 2743 532 2769 2.

9 2788 18 2798 '-
31 2788 41 2800 ι
62 2783 146 2811 Joan.
163 2789 191 2813 ν,
203 2781 246 2807 l7-

63 2830 125 2868 (IV9)
140 2829 192 2856 Aut
211 2837 261 2868 non
273 2828 452 2868 legistis'quia
464 2831 490 2866 _el
502 2825 705 2868 Isacerdotes‘in
731 2823 826 2868 templo

13 2860 183 2895 διίὺθιῆιιιιιι
199 2860 308 2896 violant,
323 2869 345 2890 et
361 2860 416 2890 siue
431 2863 539 2889 crimine
560 2865 630 2887 sunt.
655 2860 755 2887 llorutn
773 2865 832 2893 qua:

886 2259 1007 2292 protulit,
1032 2263 1147 2293 quantas
1161 2249 1265 2285 sciebat
1278 2262 1371 2292 utpote
1388 2266 1478 2284 rerttnt
1495 2259 1622 2285 conditor
1641 2259 1673 2284 ad

886 2304 1079 2338 perfectionem
1097 2303 1192 2331 mundi
1207 2310 1287 2338 posse
1303 2303 1442 2338 sufﬁcere,
1461 2304 1507 2331 sed
1532 2312 1617 2339 usque
1639 2306 1672 2331 ad

885 2349 1148 2376 consummationem
1172 2348 1263 2375 stecttli
1290 2348 1324 2375 ab
1342 2355 1435 2375 carum
1463 2349 1617 2383 provisione
1645 2355 1673 2377 et

886 2394 1088 2429 dispensatione
1096 2402 1148 2422 non
1159 2399 1258 2421 cess:tt.
1268 2393 1326 2420 Erit
1336 2402 1400 2429 ergo
1409 2402 1501 2421 verum
1510 2395 1671 2427 Sabbatum,

887 2441 913 2467 itt
930 2449 984 2475 quo
1001 2442 1152 2476 requiescet
1164 2441 1235 2467 Deus
1256 2441 1290 2467 ab
1305 2441 1433 2468 omnibus
1449 2441 1576 2475 operibus
1597 2441 1653 2468 suis
1664 2461 1670 2472 ,

885 2486 1014 2514 saeculum
1031 2487 1164 2518 futurttm,
1177 2491 1240 2514 tttnc
1255 2494 1315 2513 cum
1329 2485 1450 2520 anfugiet
1465 2486 1552 2519 dolor,
1566 2491 1594 2513 et
1621 2487 1671 2513 tri-

884 2533 971 2562 Stilia.
984 2537 1009 2560 ct
1026 2533 1188 2568 gemitus,el
1204 2534 1255 2561 erit
1267 2533 1357 2560 omnia
1372 2533 1435 2559 etin
1449 2532 1574 2559 omnilms
1590 2532 1671 2559 Deus.

883 2579 910 2605 lu
932 2587 984 2613 quo
1006 2579 1126 2607 Sabbato
1151 2580 1284 2607 concedat
1300 2579 1383 2606 etiam
1410 2580 1488 2606 nobis
1512 2578 1582 2605 Deus
1598 2578 1670 2606 diem

886 2624 986 2652 festum
1003 2632 1084 2657 aqere
1110 2632 1202 2652 secum
1244 2630 1269 2652 ct
1292 2633 1352 2652 cttm
1375 2626 1477 2652 sanctis
1502 2624 1604 2660 angelis
1617 2624 1672 2652 suis

1156 2703 1178 2718 ⁸⁴¹
1194 2703 1264 2730 Psal.
1278 2710 1394 2735 “svnt,
1416 2703 1442 2730 5.
1481 2703 1502 2719 ’"
1518 2703 1569 2731 lsa.
1584 2711 1610 2731 ι.
1627 2703 1670 2730 Η.

868 2705 890 2721 ⁸⁵
909 2703 988 2731 Jnatt.
1003 2712 1051 2736 vn,
1070 2704 1116 2731 ‘22.

569 2742 629 2758 ’°-"
650 2741 744 2769 Matth.
760 2748 786 2773 ν,
801 2740 854 2773 45;
869 2741 938 2767 l‘sal.
951 2747 1040 2769 cxtvt.
1056 2740 1086 2771 8;
1100 2738 1159 2766 Job.
1172 2747 1197 2771 v,
1212 2739 1243 2765 18
1256 2745 1262 2770 ;
1276 2738 1284 2764 l
1300 2739 1363 2772 lteg.
1380 2745 1410 2770 ιι,
1423 2738 1456 2770 6;
1472 2737 1503 2764 IV
1517 2738 1583 2772 “eg.
1599 2739 1628 2770 5,
1644 2741 1670 2765 ts.

883 2831 913 2849 ex
932 2821 1061 2848 memoria
1080 2820 1202 2846 citantur
1218 2819 1251 2846 ab
1264 2819 1376 2855 Origine
1394 2826 1503 2852 sensus,
1523 2826 1575 2846 non
1590 2818 1672 2846 verba

888 2858 1023 2884 habentur
1037 2855 1114 2884 Joan,
1133 2863 1179 2888 vn,
1196 2855 1241 2882 2'2.
