1902 3052
245 114 293 141 ῖὲὶ

961 115 1121 142 ORIGENIS

1827 120 1868 148 πίε

246 175 314 202 festa
342 174 500 206 celebrare,
527 173 673 201 offerentes
699 174 864 202 sacrificium
890 175 988 209 laudis,
1011 181 1038 204 et
1052 179 1074 207 Α
1092 176 1202 204 Paschm
1215 177 1383 208 solcnmilas,
1402 175 1427 203 in
1443 184 1494 211 qua
1511 177 1659 206 festivitate
1673 187 1758 213 agnus
1772 182 1866 207 occidi-

247 220 391 248 reddentes
407 221 545 248 Altissimo
563 223 625 247 vota
644 225 749 252 nostra,
769 228 829 255 quae
841 221 886 248 hic
906 222 1036 249 distinxe-

247 273 310 295 runt
326 269 395 294 labia
411 273 513 295 nostra.
529 267 604 294 Tunc
615 266 742 293 fortassis
762 272 789 294 et
804 257 972 295 sacrificium
992 269 1035 295 in-

246 314 383 345 detinens,
399 314 432 340 de
443 321 497 348 quo
511 320 591 348 supra
609 311 803 347 exposuimus,
820 313 917 341 melius
936 313 1034 341 offere-

246 367 300 386 tur.
312 359 389 386 ’l‘une
409 359 482 386 euiut
498 359 596 386 melius
621 360 811 387 indesinenter
825 361 926 394 poterit
944 361 1034 389 anima

243 405 371 432 assistere
384 405 438 432 Deo
452 410 478 432 et
492 404 590 439 offerre
604 405 770 433 sacrificium
787 406 876 434 laudis
904 414 953 442 per
969 415 1036 442 pon-

244 451 343 478 tificem
361 459 499 486 magnum,
518 452 564 486 qui
585 457 628 479 est
651 452 780 480 sacerdos
803 453 828 480 in
843 457 975 480 aeternum
990 461 1034 482 se-

243 498 361 524 cundum
378 496 499 524 ordinem
513 496 711 525 Melchisedech
724 498 758 525 τ’.

278 544 307 571 5.
330 543 423 571 Tertia
448 543 584 571 festivitas
616 544 726 578 ponitur
750 543 904 571 Neomenize
927 545 986 572 dies
1006 546 1032 573 in

244 599 296 626 qua
309 589 423 618 offertur
438 596 464 617 et
482 590 580 617 hostia.
594 588 741 617 Neomenia
754 595 843 617 autem
854 591 953 618 dicitur
965 599 1032 619 nova

243 638 315 664 luna.
334 637 381 664 Est
396 644 462 672 ergo
476 641 505 663 et
523 636 573 663 ista
596 634 733 662 festivitas
755 643 815 663 cutn
836 636 898 663 luna
923 637 1034 664 innova-

246 689 298 710 tur.
316 682 388 709 Nova
408 686 498 709 autem
513 682 625 713 dicitur,
643 689 704 709 cum
725 682 776 709 soli
801 683 924 716 proxima
951 683 1034 710 fuerit

241 728 347 760 effecta,
367 732 395 754 et
410 727 489 754 valde
512 727 536 754 ei
558 726 720 761 conjttncta,
737 727 772 754 ita
794 732 820 754 ut
839 727 889 754 sub
909 725 1038 756 claritate‘

241 775 298 809 ejus
319 775 413 801 lateat.
432 772 486 800 Sed
504 774 610 804 mirum,
623 773 739 800 fortasse
754 773 897 807 videatur,
920 775 973 802 imo
988 783 1034 802 su-

243 822 373 856 perfluum
399 821 441 848 lex
457 820 548 848 divina
564 821 705 848 mandare.
730 821 799 854 Quid
819 821 892 848 enim
908 821 1030 857 religioni

242 868 464 899 eonducit,lnna:
480 874 568 899 novin,
589 867 615 894 id
632 872 674 894 est
687 875 749 895 cum
770 867 948 902 conjungitur
969 868 1030 901 soli,

242 921 269 942 et
284 914 455 947 adlueretei,
481 914 629 941 observare
644 913 840 941 festivitatem?
865 913 928 941 Haec
952 915 974 942 si
991 922 1033 942 se-

241 962 360 989 cundum
375 961 494 988 litteram
513 960 736 992 considerantur,
752 967 806 988 non
832 964 887 987 tam
904 961 1031 996 religiosa

241 1015 322 1043 quam
339 1007 530 1041 superstitiosa
545 1005 720 1039 videbuntur,
737 1006 784 1034 sed
797 1006 902 1034 sciebat
926 1012 1032 1042 aposto-

242 1053 284 1080 lus
304 1052 417 1084 Paulus,
431 1052 494 1086 quia
508 1058 566 1079 .non
580 1050 613 1078 de
627 1050 662 1078 iis
683 1051 805 1086 loquitur
820 1051 873 1084 lex,
893 1060 943 1080 nec
956 1052 1030 1079 illttm

242 1100 322 1127 ritum
335 1099 380 1134 qui
395 1106 411 1125 a
422 1097 524 1126 Judasis
543 1098 685 1126 observari
698 1100 814 1131 videtur,
831 1099 949 1135 Spiritus
965 1107 1029 1127 san-

239 1151 299 1174 ctus
313 1145 462 1180 praecepit;
482 1149 510 1173 et
524 1145 585 1172 ideo
603 1146 638 1173 ad
650 1153 700 1174 eos
713 1146 758 1180 qui
776 1145 857 1173 ﬁdem
872 1145 919 1173 Dei
938 1153 1029 1173 susce»

239 1196 340 1227 perunt
357 1190 464 1218 dicebat
475 1191 498 1206 "
519 1199 526 1218 :
543 1200 552 1216 ι
564 1190 650 1219 Nemo
670 1199 734 1227 ergo
744 1199 792 1220 vos
802 1192 904 1227 judicet
919 1193 944 1219 in
957 1192 1028 1227 cibo,

239 1242 286 1264 aut
300 1242 378 1271 potu,
393 1241 440 1263 aut
453 1240 531 1271 parte
551 1236 604 1264 diei
620 1236 697 1272 festi,
715 1241 761 1264 aut
780 1237 925 1265 Neomenia
951 1237 1006 1274 (20)
1019 1258 1028 1272 ,

238 1288 285 1310 aut
301 1282 429 1315 Sabbato,
450 1289 511 1316 qua:
522 1286 587 1309 sunt
600 1283 696 1311 umbra
713 1283 878 1311 futurorum.
898 1293 908 1310 ι
923 1283 952 1311 Si
964 1292 1028 1320 ergo

227 1329 335 1368 umbra
350 1328 510 1356 futurorum
521 1333 563 1356 est
576 1329 737 1362 Sabbatum,
753 1329 786 1357 de
798 1337 852 1364 quo
862 1338 913 1365 pro
924 1330 1028 1358 viribus

240 1383 321 1410 supra
340 1374 523 1408 explicuimus
534 1394 541 1406 ,
556 1378 583 1401 et
599 1374 746 1402 Neonteuia
763 1375 858 1403 umbra
873 1376 1027 1404 futurorqu

238 1426 292 1454 est,
304 1426 416 1449 eertum
440 1424 482 1448 est
495 1422 567 1455 quod
578 1425 604 1448 et
615 1424 721 1448 craterae
732 1421 892 1449 festivitates
903 1423 1028 1450 similiter

238 1467 340 1495 umbra:
358 1471 420 1494 sunt
453 1466 618 1494 futurorum.
648 1465 702 1493 Sed
733 1474 806 1494 nunc
828 1467 971 1496 videamus
993 1468 1028 1496 de

1088 228 1142 251 tur.
1160 218 1213 252 Sed
1226 225 1286 251 vide
1301 228 1327 250 lu
1349 231 1448 257 agnum
1462 232 1568 256 vrrum,
1585 233 1684 260 agnum
1703 225 1762 257 Dei,
1780 234 1868 261 agnum

1089 271 1134 306 qui
1153 270 1222 298 tollit
1251 275 1361 305 peccata
1388 271 1479 298 mundi
1494 271 1528 303 7°,
1542 275 1569 297 et
1581 271 1673 303 dicito,
1692 272 1756 306 quia
1776 273 1867 308 pascha

1064 342 1067 344 _
1088 322 1210 345 nostrum
1228 317 1386 345 immolatus
1406 321 1447 344 est
1465 316 1593 344 Christus
1610 317 1643 345 ⁷⁷.
1669 316 1756 344 Judzei
1773 318 1869 346 carnali

1086 370 1167 390 sensu
1190 363 1335 390 comedunt
1361 369 1460 389 carnes
1482 363 1557 397 agni,
1576 370 1625 390 nos
1641 367 1733 389 autem
1749 363 1868 389 comeda-

1087 417 1148 436 mus
1164 417 1275 437 carnem
1291 408 1373 436 Verhi
1397 409 1454 436 Dei.
1478 409 1538 442 ipse
1559 409 1631 435 enim
1647 408 1715 435 dixit
1730 409 1775 436 "2
1794 418 1802 433 ι
1821 409 1867 435 Nisi

1086 455 1261 484 cometlerilis
1277 462 1374 484 carnes
1398 462 1472 481 meas
1484 476 1491 486 ,
1508 462 1560 481 non
1586 454 1722 481 habebitis
1747 453 1830 481 vitam
1847 455 1868 481 ia

1088 502 1165 529 vobis
1177 502 1252 537 ipsis.
1266 512 1275 529 ι
1287 503 1345 530 Hoc
1357 503 1428 537 quod
1442 501 1522 528 modo
1533 500 1682 535 loquimur,
1701 507 1802 527 carnes
1814 506 1869 527 sunt

1086 548 1167 576 Verbi
1184 550 1244 582 Dei,
1269 550 1291 577 si
1311 553 1401 576 tamen
1419 557 1470 576 non
1496 548 1574 583 quasi
1593 547 1707 574 infirmis
1723 547 1810 579 olera,
1828 553 1868 573 ant

1084 595 1162 629 quasi
1179 596 1271 630 pueris
1293 595 1373 622 lactis
1392 594 1550 622 alimoniam
1565 592 1748 629 proferamus.
1769 592 1796 619 Si
1815 600 1868 627 per-

1086 640 1155 667 fecta
1170 640 1318 676 loquimur,
1333 640 1356 667 si
1372 641 1496 671 robusta,
1509 639 1532 666 si
1547 638 1672 670 fortiora.
1685 645 1786 665 carnes
1800 639 1868 665 ψιλὴ

1086 684 1165 712 Verbi
1179 685 1225 713 Dei
1242 686 1402 720 apponimus
1413 686 1605 713 comedendas.
1625 683 1675 711 Ubi
1689 684 1762 710 enim
1778 685 1866 718 mysti-

1084 738 1132 758 cus
1143 738 1243 763 sermo,
1260 730 1304 758 ubi
1316 731 1486 765 dogmatieus
1513 735 1540 757 et
1558 728 1701 756 Trinitatis
1716 729 1770 755 fide
1787 729 1867 763 reple—

1085 781 1128 803 tus
1143 777 1280 811 profertur
1303 784 1335 803 ac
1356 776 1474 808 solidus,
1497 776 1542 802 ubi
1564 775 1645 802 futuri
1667 775 1759 801 smculi
1783 780 1867 800 amoto

1085 822 1218 849 velamine
1233 822 1332 849 littera:
1346 821 1411 856 legis
1424 821 1557 856 spiritalis
1566 829 1737 850 sacramenta
1751 821 1867 855 pandun-

1049 852 1070 880 Β
1085 872 1138 899 tur,
1164 868 1209 895 ubi
1239 875 1303 902 spes
1320 867 1418 893 anima:
1433 867 1526 893 avulsa
1548 868 1582 894 de
1604 868 1685 894 terris
1700 867 1822 901 jactatnr
1843 866 1866 891 iu

1083 914 1179 947 caelos,
1190 919 1216 941 ct
1234 914 1260 941 in
1277 914 1328 941 illis
1345 913 1503 946 collocatur,
1523 921 1584 948 qua:
1600 913 1695 941 oculus
1723 920 1777 940 non
1792 911 1865 940 vidit.

1083 969 1132 988 nec
1145 961 1219 988 auris
1231 960 1347 994 audivit,
1357 967 1407 988 nec
1416 960 1442 987 in
1456 967 1504 987 cor
1512 959 1628 987 hominis
1641 959 1825 986 ascenderunt
1834 959 1867 990 ",

1083 1007 1140 1035 hate
1154 1007 1245 1035 omnia
1262 1014 1358 1034 carnes
1376 1011 1439 1033 sunt
1460 1005 1541 1032 Verbi
1563 1005 1608 1032 Dei
1624 1014 1630 1032 :
1648 1006 1748 1039 quibus
1760 1005 1805 1039 qui
1823 1012 1866 1038 po-

1083 1058 1136 1081 test
1158 1053 1280 1088 perfeeto
1303 1052 1440 1080 intelleettt
1465 1052 1538 1079 vesci
1556 1056 1582 1079 et
1599 1052 1681 1079 corde
1708 1051 1865 1085 purificato,

1083 1099 1128 1127 ille
1144 1106 1208 1126 vere
1222 1098 1380 1126 festivitatis
1397 1097 1509 1125 Paselne
1533 1098 1655 1124 immolat
1681 1097 1866 1128 sacrificium,

1079 1145 1163 1182 360
1179 1149 1206 1173 et
1218 1145 1289 1173 diem
1305 1144 1403 1172 festum
1427 1144 1482 1178 agit
1500 1151 1561 1170 cum
1574 1144 1629 1171 Deo
1640 1149 1665 1170 et
1680 1144 1784 1178 angelis
1800 1143 1869 1177 ejus.

1075 1180 1097 1187 ’ί
1116 1180 1225 1219 ἧξΡοει
1239 1191 1320 1224 hanc,
1338 1190 1393 1217 imo
1407 1190 1566 1216 continuata
1593 1189 1655 1216 huic
1674 1189 1812 1216 festivitas
1829 1196 1867 1215 se—

1079 1238 1173 1273 quitur
1183 1239 1360 1273 Azymorum,
1375 1243 1455 1270 quam
1468 1236 1567 1264 merito
1580 1234 1748 1266 celebrabis,
1775 1237 1799 1261 st
1821 1242 1867 1261 ex-

1080 1285 1209 1312 termines
1220 1291 1301 1312 omne
1317 1283 1482 1311 fermentum
1508 1282 1617 1310 malitiae
1638 1287 1665 1309 et
1688 1282 1820 1316 nequitia:
1837 1282 1868 1308 ab

1079 1330 1169 1357 anima
1183 1333 1240 1361 tua,
1254 1333 1385 1365 etazyma
1398 1327 1563 1356 sinceritatis
1587 1327 1764 1361 veritatisque
1778 1331 1868 1354 custo-

1077 1376 1149 1403 dias.
1176 1375 1270 1409 Neque
1297 1375 1370 1402 enim
1398 1374 1547 1409 putandum
1576 1378 1629 1406 est,
1655 1374 1868 1408 omnipotentem

1079 1423 1162 1449 Deum
1176 1421 1251 1456 leges
1268 1421 1371 1448 homini
1387 1428 1437 1455 pro
1461 1420 1594 1448 fermento
1609 1419 1734 1447 scribere
1759 1424 1787 1446 et
1806 1426 1868 1454 pro:

1079 1472 1172 1502 pterea
1184 1467 1281 1502 jubere
1293 1467 1470 1495 exterminari
1490 1466 1609 1493 animam
1625 1466 1660 1493 de
1679 1466 1782 1500 populo
1807 1473 1868 1496 suo.

237 1513 396 1540 Neontenia.
414 1512 537 1540 Diximus
556 1511 627 1548 quod
643 1511 796 1540 Neomeniae
819 1513 955 1542 festi-vitas
976 1521 1024 1549 ap-
1039 1525 1060 1554 ρ
1077 1514 1099 1541 si
1112 1521 1164 1548 qua
1179 1513 1249 1541 forte
1260 1521 1355 1548 parum
1373 1512 1475 1548 aliquid
1489 1512 1615 1540 fermenti
1634 1512 1715 1546 hujus
1729 1519 1763 1539 ex
1781 1512 1868 1539 farina

237 1559 364 1594 pellatur,
378 1566 439 1586 eum
455 1557 516 1585 luna
533 1558 656 1585 innovari
666 1559 791 1593 coeperit,
806 1564 833 1587 et
841 1559 890 1587 soli
901 1559 1024 1594 proxima

188 1604 197 1614 ‘
237 1606 321 1634 fuerit
351 1605 512 1641 penitusque
526 1605 680 1640 conjuncta.
700 1604 746 1632 Sol
769 1605 881 1639 iustitiae
901 1606 1024 1634 Christus

235 1657 298 1680 est:
314 1651 378 1678 huic
394 1651 419 1678 si
443 1651 520 1682 luna,
534 1650 560 1677 id
576 1656 619 1678 est
633 1651 754 1679 Ecclesia
773 1659 832 1685 sua,
848 1659 908 1686 quae
923 1651 1024 1680 lumine

236 1698 323 1732 ipsius
335 1696 464 1732 repletur,
476 1696 669 1731 junelarfuerit
687 1702 714 1724 et
729 1698 836 1732 penitus
860 1697 884 1725 ei
901 1698 1023 1726 adhzese-

236 1743 283 1775 rit,
310 1742 347 1769 ita
370 1746 400 1768 ut
425 1742 574 1769 secundum
600 1742 713 1769 verbum
734 1742 856 1777 Apostoli
871 1743 905 1776 ⁷⁸,
929 1744 976 1778 qui
992 1751 1023 1771 se

232 1787 321 1824 jungit
338 1787 451 1815 Domino
465 1795 534 1815 unus
549 1794 658 1815 cumeo
671 1787 783 1822 spiritus
793 1788 857 1820 ﬁat,
873 1793 936 1816 tune
947 1787 1023 1833 festi-

236 1834 348 1862 vitatem
372 1833 529 1862 Neomenia:
553 1834 629 1869 agit:
646 1838 710 1860 tunc
726 1833 799 1860 enim
823 1841 892 1861 nova
906 1833 1023 1862 eﬂicitur

235 1887 298 1908 cum
316 1879 444 1913 abiecerit
461 1883 581 1907 veterem
606 1877 756 1910 hominem,
775 1883 803 1905 et
819 1879 913 1906 induta
939 1879 1023 1907 fuerit

236 1934 348 1958 novum,
372 1927 418 1960 qui
444 1925 594 1953 secundum
612 1925 695 1952 Deum
717 1928 825 1952 creatus
839 1925 925 1959 est";
939 1929 1022 1960 atque

237 1973 274 2000 ita
286 1973 384 2000 merito
397 1972 581 1999 inn0vatiouis
599 1971 812 2004 solemnitatem,
828 1980 887 2006 qua:
903 1977 944 1999 est
952 1972 1022 2000 Neo-
1046 1998 1052 2004 ,

235 2019 332 2047 taenia
351 2018 486 2045 festivitas
497 2037 505 2050 ,
521 2022 608 2053 geret.
625 2017 703 2045 Tune
721 2017 837 2052 denique
852 2023 893 2045 est
913 2019 1021 2053 quando

236 2072 324 2100 neque
338 2065 435 2096 videri,
448 2072 536 2099 neque
549 2064 743 2099 comprehendi
763 2064 887 2092 humanis
904 2065 1021 2100 aspecti-

235 2111 284 2137 bus
297 2113 398 2144 potest.
417 2109 515 2137 Anima
531 2110 603 2136 enim
617 2116 677 2136 eum
696 2114 752 2137 tota
763 2117 793 2137 se
806 2109 951 2137 sociaverit
966 2110 1020 2138 ΒΟ·-

235 2156 320 2188 mino,
331 2160 360 2182 et
375 2155 513 2189 splendori
529 2155 598 2184 lucis
610 2156 668 2191 ejus
683 2161 736 2183 tota
749 2156 925 2188 concesserit,
938 2155 1021 2182 nihil-

235 2209 286 2236 que
313 2202 425 2229 omnino
454 2207 591 2230 terrenum
618 2203 730 2236 cogitat,
755 2201 822 2229 nihil
852 2202 1019 2229 mundanum

234 2248 358 2282 requirit,
374 2255 423 2275 nec
444 2249 599 2277 hominibus
616 2249 724 2284 placere
739 2248 848 2276 studet:
863 2249 910 2275 sed
936 2252 1019 2276 totatn

232 2302 262 2323 se
275 2294 427 2329 sapientiae,
443 2298 526 2322 totatn
541 2296 647 2327 lumini,
661 2299 744 2322 totam
757 2293 839 2321 calori
856 2294 944 2321 saneti
958 2294 1020 2329 Spi-

234 2340 523 2375 ritus'tnaneipaverit.
539 2341 646 2369 subtilis
660 2346 686 2367 et
698 2339 828 2375 spiritalis
836 2339 941 2373 effecta,
953 2347 1021 2375 quo-

233 2386 313 2414 tnodo
337 2386 411 2414 certti
426 2386 460 2413 ab
488 2383 654 2418 hominibus,
673 2390 720 2412 aut
735 2385 767 2412 ab
794 2385 918 2412 humanis
932 2389 1019 2420 potest

230 2432 423 2468 conspectibus
438 2432 624 2468 apprehendi?
647 2430 779 2457 Animalia
799 2438 915 2465 namque
936 2431 1017 2458 homo

231 2480 382 2514 intelligere
395 2484 422 2507 et
442 2480 599 2507 discernere
615 2485 666 2505 non
685 2482 774 2512 potest
801 2477 960 2511 spiritalem.
982 2477 1016 2505 Et

230 2525 290 2552 ideo
303 2525 460 2560 dignissime
476 2525 546 2552 diem
561 2524 660 2551 festum
677 2527 748 2558 aget,
765 2527 792 2550 et
812 2522 927 2550 hostiam
946 2522 1018 2550 Neo-

231 2573 325 2599 menia!
333 2572 458 2604 Domino,
471 2575 565 2606 utpote
575 2579 623 2606 per
634 2571 720 2604 ipsum
729 2569 1014 2604 iunovata,jugulabit.

265 2618 292 2646 6.
316 2618 419 2651 Quarto
439 2618 465 2645 in
483 2618 542 2646 loco
569 2618 680 2654 ponitur
704 2617 774 2644 inter
791 2615 950 2644 festivitates
967 2616 1014 2643 Dei

262 2685 286 2701 ⁸¹¹
302 2685 373 2713 Psal.
390 2694 444 2717 etx.
465 2686 490 2714 ι.
541 2686 564 2702 ⁷³
575 2686 680 2714 Coloss.
696 2693 726 2717 tt,
748 2685 793 2716 16.
810 2685 854 2712 17.

230 2727 255 2753 ν,
271 2719 299 2747 7.
336 2721 358 2737 ⁷⁸
369 2721 446 2754 Joau.
465 2729 501 2753 vt,
520 2721 565 2748 54.
601 2721 624 2738 ⁷³
640 2720 651 2747 l
665 2721 728 2748 Cor.
741 2729 771 2754 tt,
787 2720 813 2748 9.

264 2788 321 2826 (20)
341 2788 441 2826 ancs
456 2789 534 2826 codd.
553 2790 740 2826 manuscripti,
756 2798 764 2815 I
780 2795 827 2816 aut
837 2789 1009 2817 Neomenia.»

231 2823 396 2856 Libbiediti,
413 2833 421 2850 ι
439 2823 664 2858 ωιιᾟθοιηοιήω.
680 2834 689 2851 t

893 2685 916 2700 ⁷⁸
934 2684 1022 2713 lCor.
1038 2693 1077 2718 vt,
1094 2686 1138 2712 l7.

1076 1559 1217 1594 conspersi
1231 1559 1258 1586 in
1268 1559 1348 1586 domo
1356 1566 1403 1586 sua
1414 1558 1542 1586 habuisse
1553 1558 1769 1593 deprehenditur
1780 1567 1787 1584 :
1797 1567 1866 1585 vatu-

1075 1613 1129 1640 que
1145 1612 1238 1632 curam
1251 1611 1418 1640 magnopere
1435 1603 1519 1632 fuisse
1536 1605 1634 1632 divina:
1652 1604 1802 1639 majestati,
1814 1612 1867 1639 qua

1075 1651 1290 1686 fermentiihujus
1297 1659 1378 1679 causa
1388 1651 1415 1678 in
1426 1655 1529 1678 tantttm
1537 1659 1566 1678 se
1573 1650 1764 1683 dicatoﬂendi,
1775 1657 1803 1677 nt
1813 1651 1870 1677 aui-

1075 1707 1159 1732 mam,
1172 1706 1253 1734 quam
1263 1699 1320 1733 ipse
1334 1698 1368 1724 ad
1379 1698 1525 1734 imaginem
1535 1702 1562 1725 et
1569 1698 1779 1726 similitudinem
1790 1706 1867 1725 suam

1075 1746 1151 1779 feeit.
1163 1745 1338 1773 exterminari
1351 1752 1400 1780 pro
1417 1745 1467 1772 hoc
1479 1744 1573 1779 jubeat
1585 1748 1613 1771 et
1624 1744 1721 1776 everti,
1735 1752 1790 1771 non
1802 1743 1870 1771 mibi

1073 1791 1247 1820 videturhazc
1261 1791 1362 1818 divinis
1374 1790 1479 1826 legibus
1495 1790 1574 1825 digna
1589 1797 1649 1817 esse
1661 1790 1867 1826 intelligentia:

1073 1838 1120 1865 sed
1136 1836 1201 1864 illud
1219 1836 1305 1871 magis
1320 1840 1361 1863 est
1377 1835 1448 1870 quod
1463 1835 1609 1866 horrescit,
1624 1840 1652 1862 et
1677 1835 1780 1862 merito
1802 1836 1869 1862 hor-

1073 1883 1158 1911 rescit
1173 1883 1245 1910 Deus
1268 1882 1290 1910 si
1307 1881 1429 1914 malitiae,
1445 1881 1468 1908 si
1485 1881 1542 1912 irae,
1566 1880 1589 1907 si
1612 1880 1740 1915 nequitiae
1766 1880 1868 1914 spiritu

1074 1927 1280 1955 infermentetur
1291 1927 1381 1954 anima
1398 1930 1425 1953 et
1442 1927 1606 1953 intumescat
1618 1925 1651 1952 ad
1669 1925 1784 1960 ﬂagitia.
1805 1926 1868 1953 Ha-c

1073 1980 1126 2000 non
1142 1973 1198 2000 vult
1210 1979 1274 2000 βεδε
1284 1972 1311 2000 in
1324 1972 1414 1999 anima
1427 1971 1510 2006 Deus,
1521 1977 1548 2000 et
1561 1972 1615 2000 tale
1626 1971 1794 2000 fermentum
1815 1972 1868 1999 nisi

1073 2020 1257 2055 abjeeerimus
1271 2020 1304 2048 de
1318 2020 1399 2047 domo
1416 2019 1513 2046 anima:
1528 2022 1639 2050 nostrae,
1658 2018 1759 2045 merito
1772 2024 1871 2045 extero

1073 2066 1250 2094 minabimur.
1275 2065 1331 2093 Sed
1345 2072 1381 2092 ne
1396 2069 1555 2092 contemnas
1570 2064 1680 2091 etiamsi
1695 2071 1812 2098 parvam
1827 2065 1869 2091 vi-

1073 2112 1145 2140 deris
1158 2111 1213 2146 (21)
1231 2112 1299 2138 intra
1315 2117 1341 2138 te
1355 2111 1512 2139 fermentari
1534 2110 1675 2142 malitiam,
1689 2110 1754 2144 quia
1776 2110 1871 2136 modi-

1072 2166 1133 2186 cum
1152 2157 1279 2185 fermenti
1296 2161 1380 2184 totam
1409 2164 1526 2184 massam
1549 2156 1722 2191 corrumpit:
1745 2161 1773 2182 et
1803 2156 1867 2182 ideo

1072 2210 1159 2238 neque
1175 2203 1208 2230 de
1223 2210 1305 2238 parvo
1327 2206 1439 2238 peccato
1456 2202 1588 2236 negligas,
1604 2201 1734 2236 quoniam
1751 2208 1786 2228 ex
1809 2208 1867 2228 uno

1071 2253 1184 2284 peccato
1207 2253 1353 2282 generatur
1368 2252 1395 2275 et
1409 2248 1492 2275 aliud.
1507 2248 1584 2275 Sicut
1598 2248 1670 2275 enim
1694 2254 1727 2274 ex
1754 2247 1866 2280 iustitia

1070 2298 1219 2331 generatur
1240 2293 1358 2328 justitia,
1375 2298 1403 2320 et
1416 2300 1448 2320 ex
1466 2293 1593 2320 castitate
1613 2292 1725 2320 castitas
1748 2291 1782 2328 (si
1798 2292 1866 2326 quis

1074 2341 1146 2369 enirn
1159 2340 1247 2374 primo
1261 2340 1378 2366 tenuiter
1392 2345 1485 2367 castus
1502 2347 1562 2367 esse
1584 2340 1718 2373 cmperit,
1747 2344 1863 2373 accepto

1074 2386 1209 2415 castitatis
1224 2385 1360 2414 fermento
1373 2386 1493 2420 quotidie
1509 2385 1612 2412 castior
1623 2384 1764 2419 efﬁcitur),
1782 2385 1817 2411 ita
1834 2388 1865 2411 et

1070 2433 1116 2468 qui
1130 2433 1212 2461 semel
1231 2433 1300 2461 intra
1316 2441 1345 2461 se
1361 2432 1423 2459 licet
1447 2439 1559 2467 parvum
1575 2431 1687 2458 malitiae
1708 2431 1865 2466 reposuerit

1071 2481 1246 2511 fermentum,
1260 2479 1382 2514 quotidie
1396 2479 1542 2513 semetipso
1564 2478 1680 2512 nequior
1693 2478 1812 2505 efficitur
1830 2484 1865 2503 ac

1070 2526 1199 2554 deterior.
1214 2526 1246 2553 Et
1262 2527 1323 2553 ideo
1339 2525 1362 2553 si
1381 2526 1422 2553 vis
1437 2533 1517 2559 agere
1532 2525 1696 2559 Azymorum
1722 2523 1860 2550 festivita-

1069 2576 1124 2598 tem
1137 2578 1199 2598 eum
1223 2571 1289 2603 Deo,
1306 2580 1339 2599 ne
1363 2578 1476 2607 parvum
1488 2569 1595 2603 quidem
1611 2567 1726 2596 malitiae
1739 2567 1862 2595 fermen-

1070 2622 1125 2644 tum
1140 2616 1209 2644 iutra
1227 2621 1253 2644 te
1264 2618 1382 2645 residere
1396 2616 1519 2651 patiaris.

1185 2685 1209 2702 ⁷⁵
1224 2685 1324 2720 Ephes.
1340 2692 1377 2718 tv,
1392 2684 1439 2711 24.
1479 2683 1503 2700 ⁷⁸
1519 2682 1599 2711 Joan.
1614 2691 1633 2715 ι,
1646 2684 1694 2710 29.
1734 2684 1758 2699 τ’
1772 2683 1780 2710 l
1792 2682 1863 2713 Cor.

1103 2788 1158 2823 (21)
1176 2787 1266 2816 Codex
1291 2787 1382 2815 Sancti
1396 2787 1568 2823 Tlteodorici,
1585 2795 1596 2823 ε
1611 2785 1865 2823 exterminabitur,

1069 2826 1117 2852 sed
1133 2831 1166 2851 ne
1175 2829 1331 2851 contemnas
1339 2822 1445 2850 etiamsi
1462 2829 1556 2855 parum
1572 2822 1687 2850 videris.
1699 2831 1709 2848 ι
