  <div class='ocr_page' id='page_1' title='image "/cluster/home/n/w/nwhite01/storage/ocr_20150623/12/njp.32101077772422/404.png"; bbox 0 0 1902 3052; ppageno 0'>
   <div class='ocr_carea' id='block_1_1' title="bbox 67 125 124 152">
    <p class='ocr_par' dir='ltr' id='par_1_1' title="bbox 67 125 124 152">
     <span class='ocr_line' id='line_1_1' title="bbox 67 125 124 152; baseline 0 0"><span class='ocrx_word' id='word_1_1' title='bbox 67 125 124 152; x_wconf 75' lang='grc'><strong>755</strong></span> 
     </span>
    </p>
   </div>
   <div class='ocr_carea' id='block_1_2' title="bbox 637 121 1125 162">
    <p class='ocr_par' dir='ltr' id='par_1_2' title="bbox 637 121 1125 162">
     <span class='ocr_line' id='line_1_2' title="bbox 637 121 1125 162; baseline 0.006 -15"><span class='ocrx_word' id='word_1_2' title='bbox 637 121 670 148; x_wconf 83' lang='grc' dir='ltr'><strong>ΙΝ</strong></span> <span class='ocrx_word' id='word_1_3' title='bbox 686 121 853 150; x_wconf 80' lang='lat' dir='ltr'><strong>NUMEROS</strong></span> <span class='ocrx_word' id='word_1_4' title='bbox 868 121 1010 162; x_wconf 21' lang='lat' dir='ltr'><strong>ll‘OMlLIA</strong></span> <span class='ocrx_word' id='word_1_5' title='bbox 1033 122 1125 151; x_wconf 68' lang='lat' dir='ltr'>XXIII.</span> 
     </span>
    </p>
   </div>
   <div class='ocr_carea' id='block_1_3' title="bbox 1643 124 1691 150">
    <p class='ocr_par' dir='ltr' id='par_1_3' title="bbox 1643 124 1691 150">
     <span class='ocr_line' id='line_1_3' title="bbox 1643 124 1691 150; baseline 0 0"><span class='ocrx_word' id='word_1_6' title='bbox 1643 124 1674 150; x_wconf 64' lang='grc'><strong>75</strong></span> <span class='ocrx_word' id='word_1_7' title='bbox 1680 128 1691 150; x_wconf 69' lang='grc' dir='ltr'>ὶ</span> 
     </span>
    </p>
   </div>
   <div class='ocr_carea' id='block_1_4' title="bbox 103 179 1694 217">
    <p class='ocr_par' dir='ltr' id='par_1_4' title="bbox 103 179 1694 217">
     <span class='ocr_line' id='line_1_4' title="bbox 103 179 1694 217; baseline -0.001 -7"><span class='ocrx_word' id='word_1_8' title='bbox 103 183 131 212; x_wconf 90' lang='grc'><strong>8.</strong></span> <span class='ocrx_word' id='word_1_9' title='bbox 148 182 213 210; x_wconf 85' lang='lat' dir='ltr'><strong>Post</strong></span> <span class='ocrx_word' id='word_1_10' title='bbox 232 183 302 210; x_wconf 84' lang='lat' dir='ltr'><strong>hanc</strong></span> <span class='ocrx_word' id='word_1_11' title='bbox 315 181 440 216; x_wconf 86' lang='lat' dir='ltr'><strong>sequitur</strong></span> <span class='ocrx_word' id='word_1_12' title='bbox 456 184 534 208; x_wconf 82' lang='lat' dir='ltr'><strong>sexta</strong></span> <span class='ocrx_word' id='word_1_13' title='bbox 551 179 685 207; x_wconf 78' lang='lat' dir='ltr'><strong>festivitas</strong></span> <span class='ocrx_word' id='word_1_14' title='bbox 695 199 702 211; x_wconf 90' lang='lat'><strong>,</strong></span> <span class='ocrx_word' id='word_1_15' title='bbox 718 187 778 214; x_wconf 71' lang='lat' dir='ltr'><strong>qua:</strong></span> <span class='ocrx_word' id='word_1_16' title='bbox 790 179 858 207; x_wconf 82' lang='lat' dir='ltr'><strong>diei-</strong></span> <span class='ocrx_word' id='word_1_17' title='bbox 873 182 896 210; x_wconf 83' lang='lat' dir='ltr'><strong>A</strong></span> <span class='ocrx_word' id='word_1_18' title='bbox 911 181 1020 213; x_wconf 88' lang='lat' dir='ltr'><strong>festum,</strong></span> <span class='ocrx_word' id='word_1_19' title='bbox 1031 181 1082 209; x_wconf 83' lang='lat' dir='ltr'><strong>nisi</strong></span> <span class='ocrx_word' id='word_1_20' title='bbox 1093 181 1247 209; x_wconf 85' lang='lat' dir='ltr'><strong>aIllictiouis</strong></span> <span class='ocrx_word' id='word_1_21' title='bbox 1259 189 1354 217; x_wconf 88' lang='lat' dir='ltr'><strong>panetn</strong></span> <span class='ocrx_word' id='word_1_22' title='bbox 1367 182 1606 210; x_wconf 79' lang='lat' dir='ltr'><strong>mauducaveritet</strong></span> <span class='ocrx_word' id='word_1_23' title='bbox 1618 189 1694 209; x_wconf 82' lang='lat' dir='ltr'><strong>man-</strong></span> 
     </span>
    </p>
   </div>
   <div class='ocr_carea' id='block_1_5' title="bbox 60 225 857 261">
    <p class='ocr_par' dir='ltr' id='par_1_5' title="bbox 60 225 857 261">
     <span class='ocr_line' id='line_1_5' title="bbox 60 225 857 261; baseline -0.006 -4"><span class='ocrx_word' id='word_1_24' title='bbox 60 234 111 258; x_wconf 74' lang='lat' dir='ltr'><strong>tur</strong></span> <span class='ocrx_word' id='word_1_25' title='bbox 125 228 276 260; x_wconf 85' lang='lat' dir='ltr'><strong>Novorum.</strong></span> <span class='ocrx_word' id='word_1_26' title='bbox 294 229 319 255; x_wconf 89' lang='lat' dir='ltr'><strong>id</strong></span> <span class='ocrx_word' id='word_1_27' title='bbox 337 233 389 259; x_wconf 87' lang='lat' dir='ltr'><strong>est,</strong></span> <span class='ocrx_word' id='word_1_28' title='bbox 406 234 467 254; x_wconf 91' lang='lat' dir='ltr'><strong>cum</strong></span> <span class='ocrx_word' id='word_1_29' title='bbox 485 226 613 261; x_wconf 75' lang='lat' dir='ltr'><strong>primitize</strong></span> <span class='ocrx_word' id='word_1_30' title='bbox 627 226 661 252; x_wconf 88' lang='lat' dir='ltr'><strong>de</strong></span> <span class='ocrx_word' id='word_1_31' title='bbox 673 226 749 253; x_wconf 91' lang='lat' dir='ltr'><strong>novis</strong></span> <span class='ocrx_word' id='word_1_32' title='bbox 765 225 857 253; x_wconf 79' lang='lat' dir='ltr'><strong>fructi-</strong></span> 
     </span>
    </p>
   </div>
   <div class='ocr_carea' id='block_1_6' title="bbox 61 271 858 307">
    <p class='ocr_par' dir='ltr' id='par_1_6' title="bbox 61 271 858 307">
     <span class='ocr_line' id='line_1_6' title="bbox 61 271 858 307; baseline -0.004 -4"><span class='ocrx_word' id='word_1_33' title='bbox 61 276 114 303; x_wconf 88' lang='lat' dir='ltr'><strong>bus</strong></span> <span class='ocrx_word' id='word_1_34' title='bbox 127 274 292 302; x_wconf 82' lang='lat' dir='ltr'><strong>offeruntur.</strong></span> <span class='ocrx_word' id='word_1_35' title='bbox 308 273 360 301; x_wconf 86' lang='lat' dir='ltr'><strong>Ubi</strong></span> <span class='ocrx_word' id='word_1_36' title='bbox 377 273 450 301; x_wconf 91' lang='lat' dir='ltr'><strong>enim</strong></span> <span class='ocrx_word' id='word_1_37' title='bbox 476 273 625 299; x_wconf 68' lang='lat' dir='ltr'><strong>seminatus</strong></span> <span class='ocrx_word' id='word_1_38' title='bbox 647 271 729 299; x_wconf 87' lang='lat' dir='ltr'><strong>fuerit</strong></span> <span class='ocrx_word' id='word_1_39' title='bbox 749 280 814 307; x_wconf 90' lang='lat' dir='ltr'><strong>ager</strong></span> <span class='ocrx_word' id='word_1_40' title='bbox 831 277 858 300; x_wconf 90' lang='lat' dir='ltr'><strong>et</strong></span> 
     </span>
    </p>
   </div>
   <div class='ocr_carea' id='block_1_7' title="bbox 61 318 858 355">
    <p class='ocr_par' dir='ltr' id='par_1_7' title="bbox 61 318 858 355">
     <span class='ocr_line' id='line_1_7' title="bbox 61 318 858 355; baseline -0.005 -7"><span class='ocrx_word' id='word_1_41' title='bbox 61 321 213 355; x_wconf 85' lang='lat' dir='ltr'><strong>diligenter</strong></span> <span class='ocrx_word' id='word_1_42' title='bbox 224 320 360 353; x_wconf 79' lang='lat' dir='ltr'><strong>excultus,</strong></span> <span class='ocrx_word' id='word_1_43' title='bbox 372 325 452 355; x_wconf 87' lang='lat' dir='ltr'><strong>atque</strong></span> <span class='ocrx_word' id='word_1_44' title='bbox 461 319 495 346; x_wconf 90' lang='lat' dir='ltr'><strong>ad</strong></span> <span class='ocrx_word' id='word_1_45' title='bbox 511 318 695 345; x_wconf 91' lang='lat' dir='ltr'><strong>maturitatem</strong></span> <span class='ocrx_word' id='word_1_46' title='bbox 706 319 858 353; x_wconf 85' lang='lat' dir='ltr'><strong>pervenerit</strong></span> 
     </span>
    </p>
   </div>
   <div class='ocr_carea' id='block_1_8' title="bbox 63 362 857 400">
    <p class='ocr_par' dir='ltr' id='par_1_8' title="bbox 63 362 857 400">
     <span class='ocr_line' id='line_1_8' title="bbox 63 362 857 400; baseline -0.004 -8"><span class='ocrx_word' id='word_1_47' title='bbox 63 373 156 400; x_wconf 82' lang='lat' dir='ltr'><strong>seges,</strong></span> <span class='ocrx_word' id='word_1_48' title='bbox 173 367 270 393; x_wconf 90' lang='lat' dir='ltr'><strong>tuncin</strong></span> <span class='ocrx_word' id='word_1_49' title='bbox 280 365 414 392; x_wconf 89' lang='lat' dir='ltr'><strong>fructuum</strong></span> <span class='ocrx_word' id='word_1_50' title='bbox 424 363 591 399; x_wconf 89' lang='lat' dir='ltr'><strong>perfectione</strong></span> <span class='ocrx_word' id='word_1_51' title='bbox 605 362 739 390; x_wconf 80' lang='lat' dir='ltr'><strong>festivitas</strong></span> <span class='ocrx_word' id='word_1_52' title='bbox 753 362 857 390; x_wconf 87' lang='lat' dir='ltr'><strong>Domini</strong></span> 
     </span>
    </p>
   </div>
   <div class='ocr_carea' id='block_1_9' title="bbox 63 408 859 445">
    <p class='ocr_par' dir='ltr' id='par_1_9' title="bbox 63 408 859 445">
     <span class='ocr_line' id='line_1_9' title="bbox 63 408 859 445; baseline -0.004 -7"><span class='ocrx_word' id='word_1_53' title='bbox 63 411 185 445; x_wconf 77' lang='lat' dir='ltr'><strong>geritur.</strong></span> <span class='ocrx_word' id='word_1_54' title='bbox 209 410 238 438; x_wconf 90' lang='lat' dir='ltr'><strong>Si</strong></span> <span class='ocrx_word' id='word_1_55' title='bbox 247 418 313 445; x_wconf 87' lang='lat' dir='ltr'><strong>ergo</strong></span> <span class='ocrx_word' id='word_1_56' title='bbox 320 415 347 438; x_wconf 91' lang='lat' dir='ltr'><strong>et</strong></span> <span class='ocrx_word' id='word_1_57' title='bbox 356 416 384 437; x_wconf 91' lang='lat' dir='ltr'><strong>tu</strong></span> <span class='ocrx_word' id='word_1_58' title='bbox 392 411 431 437; x_wconf 82' lang='lat' dir='ltr'><strong>vis</strong></span> <span class='ocrx_word' id='word_1_59' title='bbox 439 409 574 437; x_wconf 84' lang='lat' dir='ltr'><strong>Novorum</strong></span> <span class='ocrx_word' id='word_1_60' title='bbox 586 408 656 436; x_wconf 88' lang='lat' dir='ltr'><strong>diem</strong></span> <span class='ocrx_word' id='word_1_61' title='bbox 666 408 762 436; x_wconf 88' lang='lat' dir='ltr'><strong>festum</strong></span> <span class='ocrx_word' id='word_1_62' title='bbox 778 415 859 442; x_wconf 84' lang='lat' dir='ltr'><strong>agere</strong></span> 
     </span>
    </p>
   </div>
   <div class='ocr_carea' id='block_1_10' title="bbox 63 452 858 490">
    <p class='ocr_par' dir='ltr' id='par_1_10' title="bbox 63 452 858 490">
     <span class='ocr_line' id='line_1_10' title="bbox 63 452 858 490; baseline -0.004 -7"><span class='ocrx_word' id='word_1_63' title='bbox 63 465 129 483; x_wconf 90' lang='lat' dir='ltr'><strong>eum</strong></span> <span class='ocrx_word' id='word_1_64' title='bbox 141 456 329 490; x_wconf 88' lang='lat' dir='ltr'><strong>Domino,vide</strong></span> <span class='ocrx_word' id='word_1_65' title='bbox 338 455 475 490; x_wconf 88' lang='lat' dir='ltr'><strong>quomodo</strong></span> <span class='ocrx_word' id='word_1_66' title='bbox 482 454 609 486; x_wconf 87' lang='lat' dir='ltr'><strong>semines,</strong></span> <span class='ocrx_word' id='word_1_67' title='bbox 619 458 665 480; x_wconf 88' lang='lat' dir='ltr'><strong>attt</strong></span> <span class='ocrx_word' id='word_1_68' title='bbox 675 452 719 480; x_wconf 91' lang='lat' dir='ltr'><strong>ubi</strong></span> <span class='ocrx_word' id='word_1_69' title='bbox 728 453 858 486; x_wconf 88' lang='lat' dir='ltr'><strong>semioes,</strong></span> 
     </span>
    </p>
   </div>
   <div class='ocr_carea' id='block_1_11' title="bbox 64 497 859 536">
    <p class='ocr_par' dir='ltr' id='par_1_11' title="bbox 64 497 859 536">
     <span class='ocr_line' id='line_1_11' title="bbox 64 497 859 536; baseline -0.004 -8"><span class='ocrx_word' id='word_1_70' title='bbox 64 507 96 528; x_wconf 90' lang='lat' dir='ltr'><strong>ut</strong></span> <span class='ocrx_word' id='word_1_71' title='bbox 105 498 194 536; x_wconf 80' lang='lat' dir='ltr'><strong>possis</strong></span> <span class='ocrx_word' id='word_1_72' title='bbox 204 503 270 529; x_wconf 86' lang='lat' dir='ltr'><strong>tales</strong></span> <span class='ocrx_word' id='word_1_73' title='bbox 281 506 382 528; x_wconf 84' lang='lat' dir='ltr'><strong>metere</strong></span> <span class='ocrx_word' id='word_1_74' title='bbox 391 500 505 533; x_wconf 86' lang='lat' dir='ltr'><strong>fructus,</strong></span> <span class='ocrx_word' id='word_1_75' title='bbox 519 507 551 527; x_wconf 81' lang='lat' dir='ltr'><strong>ex</strong></span> <span class='ocrx_word' id='word_1_76' title='bbox 562 499 662 534; x_wconf 87' lang='lat' dir='ltr'><strong>quibus</strong></span> <span class='ocrx_word' id='word_1_77' title='bbox 672 498 758 526; x_wconf 68' lang='lat' dir='ltr'><strong>laetari</strong></span> <span class='ocrx_word' id='word_1_78' title='bbox 774 497 859 525; x_wconf 86' lang='lat' dir='ltr'><strong>facias</strong></span> 
     </span>
    </p>
   </div>
   <div class='ocr_carea' id='block_1_12' title="bbox 65 544 859 582">
    <p class='ocr_par' dir='ltr' id='par_1_12' title="bbox 65 544 859 582">
     <span class='ocr_line' id='line_1_12' title="bbox 65 544 859 582; baseline -0.006 -8"><span class='ocrx_word' id='word_1_79' title='bbox 65 547 168 579; x_wconf 82' lang='lat' dir='ltr'><strong>Deum,</strong></span> <span class='ocrx_word' id='word_1_80' title='bbox 190 551 218 575; x_wconf 85' lang='lat' dir='ltr'><strong>et</strong></span> <span class='ocrx_word' id='word_1_81' title='bbox 233 555 314 582; x_wconf 82' lang='lat' dir='ltr'><strong>agere</strong></span> <span class='ocrx_word' id='word_1_82' title='bbox 338 547 409 574; x_wconf 90' lang='lat' dir='ltr'><strong>diem</strong></span> <span class='ocrx_word' id='word_1_83' title='bbox 424 546 532 574; x_wconf 88' lang='lat' dir='ltr'><strong>festum.</strong></span> <span class='ocrx_word' id='word_1_84' title='bbox 550 545 627 579; x_wconf 84' lang='lat' dir='ltr'><strong>Quod</strong></span> <span class='ocrx_word' id='word_1_85' title='bbox 644 545 724 572; x_wconf 85' lang='lat' dir='ltr'><strong>aliter</strong></span> <span class='ocrx_word' id='word_1_86' title='bbox 747 544 859 578; x_wconf 87' lang='lat' dir='ltr'><strong>implere</strong></span> 
     </span>
    </p>
   </div>
   <div class='ocr_carea' id='block_1_13' title="bbox 65 589 857 626">
    <p class='ocr_par' dir='ltr' id='par_1_13' title="bbox 65 589 857 626">
     <span class='ocr_line' id='line_1_13' title="bbox 65 589 857 626; baseline -0.003 -8"><span class='ocrx_word' id='word_1_87' title='bbox 65 600 122 620; x_wconf 85' lang='lat' dir='ltr'><strong>non</strong></span> <span class='ocrx_word' id='word_1_88' title='bbox 151 593 263 626; x_wconf 87' lang='lat' dir='ltr'><strong>poteris,</strong></span> <span class='ocrx_word' id='word_1_89' title='bbox 291 593 343 619; x_wconf 93' lang='lat' dir='ltr'><strong>nisi</strong></span> <span class='ocrx_word' id='word_1_90' title='bbox 367 591 463 619; x_wconf 77' lang='lat' dir='ltr'><strong>audias</strong></span> <span class='ocrx_word' id='word_1_91' title='bbox 487 591 647 626; x_wconf 85' lang='lat' dir='ltr'><strong>Apostolum</strong></span> <span class='ocrx_word' id='word_1_92' title='bbox 659 591 794 618; x_wconf 86' lang='lat' dir='ltr'><strong>dicentem</strong></span> <span class='ocrx_word' id='word_1_93' title='bbox 809 589 857 616; x_wconf 75' lang='lat' dir='ltr'><strong>l“‘:</strong></span> 
     </span>
    </p>
   </div>
   <div class='ocr_carea' id='block_1_14' title="bbox 70 635 858 672">
    <p class='ocr_par' dir='ltr' id='par_1_14' title="bbox 70 635 858 672">
     <span class='ocr_line' id='line_1_14' title="bbox 70 635 858 672; baseline -0.003 -9"><span class='ocrx_word' id='word_1_94' title='bbox 70 648 79 663; x_wconf 80' lang='grc' dir='ltr'><strong>ι</strong></span> <span class='ocrx_word' id='word_1_95' title='bbox 100 638 154 671; x_wconf 86' lang='lat' dir='ltr'><strong>Qui</strong></span> <span class='ocrx_word' id='word_1_96' title='bbox 176 638 293 665; x_wconf 86' lang='lat' dir='ltr'><strong>seminat</strong></span> <span class='ocrx_word' id='word_1_97' title='bbox 320 639 346 665; x_wconf 90' lang='lat' dir='ltr'><strong>itt</strong></span> <span class='ocrx_word' id='word_1_98' title='bbox 368 638 478 672; x_wconf 80' lang='lat' dir='ltr'><strong>spiritu.</strong></span> <span class='ocrx_word' id='word_1_99' title='bbox 502 637 534 664; x_wconf 87' lang='lat' dir='ltr'><strong>de</strong></span> <span class='ocrx_word' id='word_1_100' title='bbox 557 637 654 672; x_wconf 84' lang='lat' dir='ltr'><strong>spiritu</strong></span> <span class='ocrx_word' id='word_1_101' title='bbox 670 641 753 664; x_wconf 87' lang='lat' dir='ltr'><strong>metet</strong></span> <span class='ocrx_word' id='word_1_102' title='bbox 777 635 858 662; x_wconf 90' lang='lat' dir='ltr'><strong>vitam</strong></span> 
     </span>
    </p>
   </div>
   <div class='ocr_carea' id='block_1_15' title="bbox 62 681 858 714">
    <p class='ocr_par' dir='ltr' id='par_1_15' title="bbox 62 681 858 714">
     <span class='ocr_line' id='line_1_15' title="bbox 62 681 858 714; baseline -0.006 -3"><span class='ocrx_word' id='word_1_103' title='bbox 62 691 210 712; x_wconf 65' lang='lat' dir='ltr'><strong>aeternam.</strong></span> <span class='ocrx_word' id='word_1_104' title='bbox 229 693 238 710; x_wconf 74' lang='grc' dir='ltr'><strong>ι</strong></span> <span class='ocrx_word' id='word_1_105' title='bbox 257 684 285 712; x_wconf 89' lang='lat' dir='ltr'><strong>Si</strong></span> <span class='ocrx_word' id='word_1_106' title='bbox 300 684 339 711; x_wconf 89' lang='lat' dir='ltr'><strong>sic</strong></span> <span class='ocrx_word' id='word_1_107' title='bbox 355 684 473 711; x_wconf 86' lang='lat' dir='ltr'><strong>semines</strong></span> <span class='ocrx_word' id='word_1_108' title='bbox 491 689 518 711; x_wconf 90' lang='lat' dir='ltr'><strong>et</strong></span> <span class='ocrx_word' id='word_1_109' title='bbox 545 684 586 711; x_wconf 88' lang='lat' dir='ltr'><strong>sic</strong></span> <span class='ocrx_word' id='word_1_110' title='bbox 597 687 695 714; x_wconf 88' lang='lat' dir='ltr'><strong>metas,</strong></span> <span class='ocrx_word' id='word_1_111' title='bbox 712 689 775 710; x_wconf 87' lang='lat' dir='ltr'><strong>vere</strong></span> <span class='ocrx_word' id='word_1_112' title='bbox 788 681 858 708; x_wconf 88' lang='lat' dir='ltr'><strong>diem</strong></span> 
     </span>
    </p>
   </div>
   <div class='ocr_carea' id='block_1_16' title="bbox 64 728 858 764">
    <p class='ocr_par' dir='ltr' id='par_1_16' title="bbox 64 728 858 764">
     <span class='ocr_line' id='line_1_16' title="bbox 64 728 858 764; baseline -0.004 -8"><span class='ocrx_word' id='word_1_113' title='bbox 64 729 168 756; x_wconf 75' lang='lat' dir='ltr'><strong>festum</strong></span> <span class='ocrx_word' id='word_1_114' title='bbox 189 737 252 764; x_wconf 80' lang='lat' dir='ltr'><strong>ages</strong></span> <span class='ocrx_word' id='word_1_115' title='bbox 271 728 418 756; x_wconf 88' lang='lat' dir='ltr'><strong>N0vorum.</strong></span> <span class='ocrx_word' id='word_1_116' title='bbox 439 728 586 763; x_wconf 83' lang='lat' dir='ltr'><strong>Propterea</strong></span> <span class='ocrx_word' id='word_1_117' title='bbox 611 728 728 762; x_wconf 89' lang='lat' dir='ltr'><strong>denique</strong></span> <span class='ocrx_word' id='word_1_118' title='bbox 747 732 774 755; x_wconf 92' lang='lat' dir='ltr'><strong>et</strong></span> <span class='ocrx_word' id='word_1_119' title='bbox 795 734 858 761; x_wconf 87' lang='lat' dir='ltr'><strong>pro-</strong></span> 
     </span>
    </p>
   </div>
   <div class='ocr_carea' id='block_1_17' title="bbox 65 771 857 807">
    <p class='ocr_par' dir='ltr' id='par_1_17' title="bbox 65 771 857 807">
     <span class='ocr_line' id='line_1_17' title="bbox 65 771 857 807; baseline -0.005 -5"><span class='ocrx_word' id='word_1_120' title='bbox 65 775 147 806; x_wconf 75' lang='lat' dir='ltr'><strong>pheta</strong></span> <span class='ocrx_word' id='word_1_121' title='bbox 166 775 304 807; x_wconf 86' lang='lat' dir='ltr'><strong>admonet,</strong></span> <span class='ocrx_word' id='word_1_122' title='bbox 319 775 412 802; x_wconf 88' lang='lat' dir='ltr'><strong>dicens</strong></span> <span class='ocrx_word' id='word_1_123' title='bbox 425 775 446 791; x_wconf 70' lang='grc'>³⁸</span> <span class='ocrx_word' id='word_1_124' title='bbox 460 783 467 801; x_wconf 86' lang='lat'><strong>:</strong></span> <span class='ocrx_word' id='word_1_125' title='bbox 486 784 495 800; x_wconf 88' lang='grc'><em>‹</em></span> <span class='ocrx_word' id='word_1_126' title='bbox 507 775 635 801; x_wconf 87' lang='lat' dir='ltr'><strong>Iunovate</strong></span> <span class='ocrx_word' id='word_1_127' title='bbox 647 774 723 800; x_wconf 87' lang='lat' dir='ltr'><strong>vobis</strong></span> <span class='ocrx_word' id='word_1_128' title='bbox 739 771 857 803; x_wconf 85' lang='lat' dir='ltr'><strong>novalia,</strong></span> 
     </span>
    </p>
   </div>
   <div class='ocr_carea' id='block_1_18' title="bbox 64 817 858 854">
    <p class='ocr_par' dir='ltr' id='par_1_18' title="bbox 64 817 858 854">
     <span class='ocr_line' id='line_1_18' title="bbox 64 817 858 854; baseline -0.005 -8"><span class='ocrx_word' id='word_1_129' title='bbox 64 823 93 846; x_wconf 86' lang='lat' dir='ltr'><strong>et</strong></span> <span class='ocrx_word' id='word_1_130' title='bbox 103 819 190 846; x_wconf 84' lang='lat' dir='ltr'><strong>nolite</strong></span> <span class='ocrx_word' id='word_1_131' title='bbox 199 819 334 846; x_wconf 86' lang='lat' dir='ltr'><strong>seminare</strong></span> <span class='ocrx_word' id='word_1_132' title='bbox 342 825 423 854; x_wconf 86' lang='lat' dir='ltr'><strong>super</strong></span> <span class='ocrx_word' id='word_1_133' title='bbox 435 819 539 852; x_wconf 86' lang='lat' dir='ltr'><strong>spinas.</strong></span> <span class='ocrx_word' id='word_1_134' title='bbox 552 827 561 844; x_wconf 84' lang='grc'><strong>›</strong></span> <span class='ocrx_word' id='word_1_135' title='bbox 576 817 626 851; x_wconf 81' lang='lat' dir='ltr'><strong>Qui</strong></span> <span class='ocrx_word' id='word_1_136' title='bbox 639 825 702 852; x_wconf 90' lang='lat' dir='ltr'><strong>ergo</strong></span> <span class='ocrx_word' id='word_1_137' title='bbox 721 824 767 844; x_wconf 89' lang='lat' dir='ltr'><strong>cor</strong></span> <span class='ocrx_word' id='word_1_138' title='bbox 781 823 858 843; x_wconf 88' lang='lat' dir='ltr'><strong>suutu</strong></span> 
     </span>
    </p>
   </div>
   <div class='ocr_carea' id='block_1_19' title="bbox 913 226 1695 261">
    <p class='ocr_par' dir='ltr' id='par_1_19' title="bbox 913 226 1695 261">
     <span class='ocr_line' id='line_1_19' title="bbox 913 226 1695 261; baseline 0.003 -8"><span class='ocrx_word' id='word_1_139' title='bbox 913 226 1053 254; x_wconf 80' lang='lat' dir='ltr'><strong>ducarerit</strong></span> <span class='ocrx_word' id='word_1_140' title='bbox 1070 227 1169 261; x_wconf 89' lang='lat' dir='ltr'><strong>pascha</strong></span> <span class='ocrx_word' id='word_1_141' title='bbox 1193 235 1254 255; x_wconf 80' lang='lat' dir='ltr'><strong>cum</strong></span> <span class='ocrx_word' id='word_1_142' title='bbox 1279 228 1471 255; x_wconf 77' lang='lat' dir='ltr'><strong>amaritudine.</strong></span> <span class='ocrx_word' id='word_1_143' title='bbox 1500 228 1695 256; x_wconf 84' lang='lat' dir='ltr'><strong>Manducabitis</strong></span> 
     </span>
    </p>
   </div>
   <div class='ocr_carea' id='block_1_20' title="bbox 910 272 1695 308">
    <p class='ocr_par' dir='ltr' id='par_1_20' title="bbox 910 272 1695 308">
     <span class='ocr_line' id='line_1_20' title="bbox 910 272 1695 308; baseline 0.003 -10"><span class='ocrx_word' id='word_1_144' title='bbox 910 272 993 306; x_wconf 89' lang='lat' dir='ltr'><strong>enim,</strong></span> <span class='ocrx_word' id='word_1_145' title='bbox 1013 273 1101 307; x_wconf 84' lang='lat' dir='ltr'><strong>inquit</strong></span> <span class='ocrx_word' id='word_1_146' title='bbox 1115 273 1150 305; x_wconf 60' lang='lat'><strong>5&#39;,</strong></span> <span class='ocrx_word' id='word_1_147' title='bbox 1165 281 1259 308; x_wconf 80' lang='lat' dir='ltr'><strong>az-yma</strong></span> <span class='ocrx_word' id='word_1_148' title='bbox 1276 281 1337 301; x_wconf 88' lang='lat' dir='ltr'><strong>cum</strong></span> <span class='ocrx_word' id='word_1_149' title='bbox 1355 274 1548 305; x_wconf 82' lang='lat' dir='ltr'><strong>amaritudine,</strong></span> <span class='ocrx_word' id='word_1_150' title='bbox 1577 274 1634 300; x_wconf 84' lang='lat' dir='ltr'><strong>sive</strong></span> <span class='ocrx_word' id='word_1_151' title='bbox 1659 274 1695 307; x_wconf 57' lang='lat' dir='ltr'><strong>pi«</strong></span> 
     </span>
    </p>
   </div>
   <div class='ocr_carea' id='block_1_21' title="bbox 909 317 1694 353">
    <p class='ocr_par' dir='ltr' id='par_1_21' title="bbox 909 317 1694 353">
     <span class='ocr_line' id='line_1_21' title="bbox 909 317 1694 353; baseline 0.001 -9"><span class='ocrx_word' id='word_1_152' title='bbox 909 317 986 344; x_wconf 80' lang='lat' dir='ltr'><strong>criis.</strong></span> <span class='ocrx_word' id='word_1_153' title='bbox 1002 318 1087 345; x_wconf 84' lang='lat' dir='ltr'><strong>Audis</strong></span> <span class='ocrx_word' id='word_1_154' title='bbox 1104 325 1170 353; x_wconf 77' lang='lat' dir='ltr'><strong>ergo</strong></span> <span class='ocrx_word' id='word_1_155' title='bbox 1189 318 1252 352; x_wconf 91' lang='lat' dir='ltr'><strong>quid</strong></span> <span class='ocrx_word' id='word_1_156' title='bbox 1269 324 1361 346; x_wconf 85' lang='lat' dir='ltr'><strong>essent</strong></span> <span class='ocrx_word' id='word_1_157' title='bbox 1378 319 1539 346; x_wconf 81' lang='lat' dir='ltr'><strong>festivitates</strong></span> <span class='ocrx_word' id='word_1_158' title='bbox 1559 319 1603 346; x_wconf 87' lang='lat' dir='ltr'><strong>Dei</strong></span> <span class='ocrx_word' id='word_1_159' title='bbox 1619 327 1626 344; x_wconf 89' lang='lat'><strong><em>:</em></strong></span> <span class='ocrx_word' id='word_1_160' title='bbox 1642 326 1694 345; x_wconf 89' lang='lat' dir='ltr'><strong>non</strong></span> 
     </span>
    </p>
   </div>
   <div class='ocr_carea' id='block_1_22' title="bbox 910 363 1698 399">
    <p class='ocr_par' dir='ltr' id='par_1_22' title="bbox 910 363 1698 399">
     <span class='ocr_line' id='line_1_22' title="bbox 910 363 1698 399; baseline 0 -9"><span class='ocrx_word' id='word_1_161' title='bbox 910 363 1045 397; x_wconf 89' lang='lat' dir='ltr'><strong>rccipiunt</strong></span> <span class='ocrx_word' id='word_1_162' title='bbox 1060 364 1230 391; x_wconf 77' lang='lat' dir='ltr'><strong>dulcedinem</strong></span> <span class='ocrx_word' id='word_1_163' title='bbox 1245 365 1412 399; x_wconf 89' lang='lat' dir='ltr'><strong>corporalem</strong></span> <span class='ocrx_word' id='word_1_164' title='bbox 1423 385 1430 397; x_wconf 90' lang='lat'><strong>,</strong></span> <span class='ocrx_word' id='word_1_165' title='bbox 1447 365 1514 392; x_wconf 91' lang='lat' dir='ltr'><strong>nihil</strong></span> <span class='ocrx_word' id='word_1_166' title='bbox 1529 365 1672 392; x_wconf 82' lang='lat' dir='ltr'><strong>remissum</strong></span> <span class='ocrx_word' id='word_1_167' title='bbox 1687 384 1698 396; x_wconf 93' lang='lat'><strong>,.</strong></span> 
     </span>
    </p>
   </div>
   <div class='ocr_carea' id='block_1_23' title="bbox 911 408 1695 444">
    <p class='ocr_par' dir='ltr' id='par_1_23' title="bbox 911 408 1695 444">
     <span class='ocr_line' id='line_1_23' title="bbox 911 408 1695 444; baseline 0.001 -9"><span class='ocrx_word' id='word_1_168' title='bbox 911 408 980 436; x_wconf 88' lang='lat' dir='ltr'><strong>nihil</strong></span> <span class='ocrx_word' id='word_1_169' title='bbox 996 409 1257 444; x_wconf 82' lang='lat' dir='ltr'><strong>volnptuosum,aut</strong></span> <span class='ocrx_word' id='word_1_170' title='bbox 1271 409 1438 438; x_wconf 79' lang='lat' dir='ltr'><strong>luxuriosum</strong></span> <span class='ocrx_word' id='word_1_171' title='bbox 1450 410 1554 442; x_wconf 91' lang='lat' dir='ltr'><strong>volunt,</strong></span> <span class='ocrx_word' id='word_1_172' title='bbox 1567 410 1613 437; x_wconf 85' lang='lat' dir='ltr'><strong>sed</strong></span> <span class='ocrx_word' id='word_1_173' title='bbox 1628 409 1695 436; x_wconf 79' lang='lat' dir='ltr'><strong>ami-</strong></span> 
     </span>
    </p>
   </div>
   <div class='ocr_carea' id='block_1_24' title="bbox 910 453 1695 490">
    <p class='ocr_par' dir='ltr' id='par_1_24' title="bbox 910 453 1695 490">
     <span class='ocr_line' id='line_1_24' title="bbox 910 453 1695 490; baseline 0 -10"><span class='ocrx_word' id='word_1_174' title='bbox 910 453 1029 481; x_wconf 88' lang='lat' dir='ltr'><strong>ctionem</strong></span> <span class='ocrx_word' id='word_1_175' title='bbox 1053 454 1150 481; x_wconf 69' lang='lat' dir='ltr'><strong>animae</strong></span> <span class='ocrx_word' id='word_1_176' title='bbox 1174 460 1202 482; x_wconf 90' lang='lat' dir='ltr'><strong>et</strong></span> <span class='ocrx_word' id='word_1_177' title='bbox 1229 454 1437 482; x_wconf 82' lang='lat' dir='ltr'><strong>amaritudinem</strong></span> <span class='ocrx_word' id='word_1_178' title='bbox 1462 455 1695 490; x_wconf 88' lang='lat' dir='ltr'><strong>lmtuilitatemquc</strong></span> 
     </span>
    </p>
   </div>
   <div class='ocr_carea' id='block_1_25' title="bbox 910 500 1695 535">
    <p class='ocr_par' dir='ltr' id='par_1_25' title="bbox 910 500 1695 535">
     <span class='ocr_line' id='line_1_25' title="bbox 910 500 1695 535; baseline -0.001 -8"><span class='ocrx_word' id='word_1_179' title='bbox 910 500 1073 535; x_wconf 90' lang='lat' dir='ltr'><strong>deposcunt,</strong></span> <span class='ocrx_word' id='word_1_180' title='bbox 1089 501 1153 535; x_wconf 84' lang='lat' dir='ltr'><strong>quia</strong></span> <span class='ocrx_word' id='word_1_181' title='bbox 1171 501 1216 535; x_wconf 86' lang='lat' dir='ltr'><strong>qui</strong></span> <span class='ocrx_word' id='word_1_182' title='bbox 1236 508 1265 528; x_wconf 87' lang='lat' dir='ltr'><strong>se</strong></span> <span class='ocrx_word' id='word_1_183' title='bbox 1291 501 1425 532; x_wconf 85' lang='lat' dir='ltr'><strong>bnmiliat.</strong></span> <span class='ocrx_word' id='word_1_184' title='bbox 1452 502 1509 534; x_wconf 79' lang='lat' dir='ltr'><strong>ipso</strong></span> <span class='ocrx_word' id='word_1_185' title='bbox 1532 501 1695 528; x_wconf 79' lang='lat' dir='ltr'><strong>exaltabitur</strong></span> 
     </span>
    </p>
   </div>
   <div class='ocr_carea' id='block_1_26' title="bbox 909 546 1696 582">
    <p class='ocr_par' dir='ltr' id='par_1_26' title="bbox 909 546 1696 582">
     <span class='ocr_line' id='line_1_26' title="bbox 909 546 1696 582; baseline 0.001 -10"><span class='ocrx_word' id='word_1_186' title='bbox 909 547 980 580; x_wconf 89' lang='lat' dir='ltr'><strong>apud</strong></span> <span class='ocrx_word' id='word_1_187' title='bbox 1008 547 1101 574; x_wconf 89' lang='lat' dir='ltr'><strong>Deum.</strong></span> <span class='ocrx_word' id='word_1_188' title='bbox 1120 546 1177 575; x_wconf 85' lang='lat' dir='ltr'><strong>Hoc</strong></span> <span class='ocrx_word' id='word_1_189' title='bbox 1203 554 1268 582; x_wconf 89' lang='lat' dir='ltr'><strong>ergo</strong></span> <span class='ocrx_word' id='word_1_190' title='bbox 1291 547 1414 582; x_wconf 83' lang='lat' dir='ltr'><strong>deposcit</strong></span> <span class='ocrx_word' id='word_1_191' title='bbox 1440 552 1468 574; x_wconf 89' lang='lat' dir='ltr'><strong>ct</strong></span> <span class='ocrx_word' id='word_1_192' title='bbox 1495 547 1696 581; x_wconf 78' lang='lat' dir='ltr'><strong>propitiationis</strong></span> 
     </span>
    </p>
   </div>
   <div class='ocr_carea' id='block_1_27' title="bbox 908 591 1694 619">
    <p class='ocr_par' dir='ltr' id='par_1_27' title="bbox 908 591 1694 619">
     <span class='ocr_line' id='line_1_27' title="bbox 908 591 1694 619; baseline 0.001 -1"><span class='ocrx_word' id='word_1_193' title='bbox 908 591 979 618; x_wconf 88' lang='lat' dir='ltr'><strong>dies.</strong></span> <span class='ocrx_word' id='word_1_194' title='bbox 993 591 1061 618; x_wconf 86' lang='lat' dir='ltr'><strong>Cum</strong></span> <span class='ocrx_word' id='word_1_195' title='bbox 1078 592 1150 619; x_wconf 90' lang='lat' dir='ltr'><strong>enim</strong></span> <span class='ocrx_word' id='word_1_196' title='bbox 1168 592 1266 619; x_wconf 87' lang='lat' dir='ltr'><strong>allIicta</strong></span> <span class='ocrx_word' id='word_1_197' title='bbox 1290 592 1372 619; x_wconf 89' lang='lat' dir='ltr'><strong>fuerit</strong></span> <span class='ocrx_word' id='word_1_198' title='bbox 1393 593 1482 619; x_wconf 90' lang='lat' dir='ltr'><strong>anima</strong></span> <span class='ocrx_word' id='word_1_199' title='bbox 1513 597 1540 619; x_wconf 88' lang='lat' dir='ltr'><strong>et</strong></span> <span class='ocrx_word' id='word_1_200' title='bbox 1555 592 1694 619; x_wconf 83' lang='lat' dir='ltr'><strong>lmmiliata</strong></span> 
     </span>
    </p>
   </div>
   <div class='ocr_carea' id='block_1_28' title="bbox 910 637 1696 673">
    <p class='ocr_par' dir='ltr' id='par_1_28' title="bbox 910 637 1696 673">
     <span class='ocr_line' id='line_1_28' title="bbox 910 637 1696 673; baseline 0.001 -9"><span class='ocrx_word' id='word_1_201' title='bbox 910 637 937 664; x_wconf 90' lang='lat' dir='ltr'><strong>in</strong></span> <span class='ocrx_word' id='word_1_202' title='bbox 951 642 1097 672; x_wconf 88' lang='lat' dir='ltr'><strong>conspectu</strong></span> <span class='ocrx_word' id='word_1_203' title='bbox 1119 638 1237 672; x_wconf 84' lang='lat' dir='ltr'><strong>Domini,</strong></span> <span class='ocrx_word' id='word_1_204' title='bbox 1253 643 1315 666; x_wconf 87' lang='lat' dir='ltr'><strong>tunc</strong></span> <span class='ocrx_word' id='word_1_205' title='bbox 1326 639 1350 666; x_wconf 85' lang='lat' dir='ltr'><strong>ei</strong></span> <span class='ocrx_word' id='word_1_206' title='bbox 1371 638 1562 673; x_wconf 80' lang='lat' dir='ltr'><strong>repropitiatur</strong></span> <span class='ocrx_word' id='word_1_207' title='bbox 1578 638 1657 671; x_wconf 84' lang='lat' dir='ltr'><strong>Deus,</strong></span> <span class='ocrx_word' id='word_1_208' title='bbox 1669 643 1696 665; x_wconf 83' lang='lat' dir='ltr'><strong>et</strong></span> 
     </span>
    </p>
   </div>
   <div class='ocr_carea' id='block_1_29' title="bbox 910 683 1695 719">
    <p class='ocr_par' dir='ltr' id='par_1_29' title="bbox 910 683 1695 719">
     <span class='ocr_line' id='line_1_29' title="bbox 910 683 1695 719; baseline 0.001 -10"><span class='ocrx_word' id='word_1_209' title='bbox 910 687 975 710; x_wconf 90' lang='lat' dir='ltr'><strong>tunc</strong></span> <span class='ocrx_word' id='word_1_210' title='bbox 992 683 1026 710; x_wconf 90' lang='lat' dir='ltr'><strong>ad</strong></span> <span class='ocrx_word' id='word_1_211' title='bbox 1038 689 1097 710; x_wconf 90' lang='lat' dir='ltr'><strong>eam</strong></span> <span class='ocrx_word' id='word_1_212' title='bbox 1114 683 1188 710; x_wconf 90' lang='lat' dir='ltr'><strong>venit</strong></span> <span class='ocrx_word' id='word_1_213' title='bbox 1200 683 1255 716; x_wconf 91' lang='lat' dir='ltr'><strong>ille,</strong></span> <span class='ocrx_word' id='word_1_214' title='bbox 1275 693 1284 709; x_wconf 77' lang='grc' dir='ltr'><strong>ι</strong></span> <span class='ocrx_word' id='word_1_215' title='bbox 1302 691 1381 719; x_wconf 86' lang='lat' dir='ltr'><strong>quem</strong></span> <span class='ocrx_word' id='word_1_216' title='bbox 1396 684 1536 718; x_wconf 86' lang='lat' dir='ltr'><strong>proposuit</strong></span> <span class='ocrx_word' id='word_1_217' title='bbox 1549 683 1620 710; x_wconf 86' lang='lat' dir='ltr'><strong>Deus</strong></span> <span class='ocrx_word' id='word_1_218' title='bbox 1633 691 1695 717; x_wconf 88' lang='lat' dir='ltr'><strong>pro-</strong></span> 
     </span>
    </p>
   </div>
   <div class='ocr_carea' id='block_1_30' title="bbox 910 728 1696 765">
    <p class='ocr_par' dir='ltr' id='par_1_30' title="bbox 910 728 1696 765">
     <span class='ocr_line' id='line_1_30' title="bbox 910 728 1696 765; baseline 0.001 -10"><span class='ocrx_word' id='word_1_219' title='bbox 910 728 1064 762; x_wconf 82' lang='lat' dir='ltr'><strong>pitiatorem</strong></span> <span class='ocrx_word' id='word_1_220' title='bbox 1083 735 1132 763; x_wconf 92' lang='lat' dir='ltr'><strong>per</strong></span> <span class='ocrx_word' id='word_1_221' title='bbox 1144 729 1223 756; x_wconf 86' lang='lat' dir='ltr'><strong>fidem</strong></span> <span class='ocrx_word' id='word_1_222' title='bbox 1241 730 1266 756; x_wconf 94' lang='lat' dir='ltr'><strong>iu</strong></span> <span class='ocrx_word' id='word_1_223' title='bbox 1285 730 1416 765; x_wconf 81' lang='lat' dir='ltr'><strong>sanguine</strong></span> <span class='ocrx_word' id='word_1_224' title='bbox 1433 737 1482 757; x_wconf 91' lang='lat' dir='ltr'><strong>suo</strong></span> <span class='ocrx_word' id='word_1_225' title='bbox 1497 729 1530 762; x_wconf 68' lang='grc'><strong>³³,</strong></span> <span class='ocrx_word' id='word_1_226' title='bbox 1547 739 1555 755; x_wconf 79' lang='grc' dir='ltr'><strong>ι</strong></span> <span class='ocrx_word' id='word_1_227' title='bbox 1573 730 1696 756; x_wconf 81' lang='lat' dir='ltr'><strong>Christus</strong></span> 
     </span>
    </p>
   </div>
   <div class='ocr_carea' id='block_1_31' title="bbox 910 771 1431 809">
    <p class='ocr_par' dir='ltr' id='par_1_31' title="bbox 910 771 1431 809">
     <span class='ocr_line' id='line_1_31' title="bbox 910 771 1431 809; baseline 0.006 -10"><span class='ocrx_word' id='word_1_228' title='bbox 910 771 990 800; x_wconf 86' lang='lat' dir='ltr'><strong>Jesus</strong></span> <span class='ocrx_word' id='word_1_229' title='bbox 1009 773 1139 801; x_wconf 86' lang='lat' dir='ltr'><strong>Dominus</strong></span> <span class='ocrx_word' id='word_1_230' title='bbox 1151 779 1178 800; x_wconf 91' lang='lat' dir='ltr'><strong>et</strong></span> <span class='ocrx_word' id='word_1_231' title='bbox 1192 774 1347 809; x_wconf 85' lang='lat' dir='ltr'><strong>redemptor</strong></span> <span class='ocrx_word' id='word_1_232' title='bbox 1363 775 1431 809; x_wconf 83' lang='lat' dir='ltr'><strong>ejus.</strong></span> 
     </span>
    </p>
   </div>
   <div class='ocr_carea' id='block_1_32' title="bbox 946 818 1696 858">
    <p class='ocr_par' dir='ltr' id='par_1_32' title="bbox 946 818 1696 858">
     <span class='ocr_line' id='line_1_32' title="bbox 946 818 1696 858; baseline 0.001 -12"><span class='ocrx_word' id='word_1_233' title='bbox 946 819 988 846; x_wconf 83' lang='lat' dir='ltr'><strong>Il.</strong></span> <span class='ocrx_word' id='word_1_234' title='bbox 998 818 1057 846; x_wconf 85' lang='lat' dir='ltr'><strong>Jam</strong></span> <span class='ocrx_word' id='word_1_235' title='bbox 1070 827 1135 846; x_wconf 90' lang='lat' dir='ltr'><strong>vero</strong></span> <span class='ocrx_word' id='word_1_236' title='bbox 1150 820 1262 848; x_wconf 90' lang='lat' dir='ltr'><strong>ultimus</strong></span> <span class='ocrx_word' id='word_1_237' title='bbox 1277 821 1335 848; x_wconf 85' lang='lat' dir='ltr'><strong>dies</strong></span> <span class='ocrx_word' id='word_1_238' title='bbox 1352 820 1436 849; x_wconf 86' lang='lat' dir='ltr'><strong>festus</strong></span> <span class='ocrx_word' id='word_1_239' title='bbox 1450 821 1497 849; x_wconf 91' lang='lat' dir='ltr'><strong>Dei</strong></span> <span class='ocrx_word' id='word_1_240' title='bbox 1516 823 1578 858; x_wconf 79' lang='lat' dir='ltr'><strong>quis</strong></span> <span class='ocrx_word' id='word_1_241' title='bbox 1591 823 1626 850; x_wconf 85' lang='lat' dir='ltr'><strong>sit</strong></span> <span class='ocrx_word' id='word_1_242' title='bbox 1643 829 1696 856; x_wconf 88' lang='lat' dir='ltr'><strong>quo</strong></span> 
     </span>
    </p>
   </div>
   <div class='ocr_carea' id='block_1_33' title="bbox 64 857 1696 904">
    <p class='ocr_par' dir='ltr' id='par_1_33' title="bbox 64 857 1696 904">
     <span class='ocr_line' id='line_1_33' title="bbox 64 857 1696 904; baseline -0.001 -14"><span class='ocrx_word' id='word_1_243' title='bbox 64 868 92 890; x_wconf 89' lang='lat' dir='ltr'><strong>et</strong></span> <span class='ocrx_word' id='word_1_244' title='bbox 110 863 269 891; x_wconf 87' lang='lat' dir='ltr'><strong>interiorem</strong></span> <span class='ocrx_word' id='word_1_245' title='bbox 284 863 420 890; x_wconf 89' lang='lat' dir='ltr'><strong>hominem</strong></span> <span class='ocrx_word' id='word_1_246' title='bbox 435 867 547 890; x_wconf 83' lang='lat' dir='ltr'><strong>renovat</strong></span> <span class='ocrx_word' id='word_1_247' title='bbox 562 863 595 890; x_wconf 89' lang='lat' dir='ltr'><strong>de</strong></span> <span class='ocrx_word' id='word_1_248' title='bbox 612 862 656 889; x_wconf 86' lang='lat' dir='ltr'><strong>die</strong></span> <span class='ocrx_word' id='word_1_249' title='bbox 673 862 699 888; x_wconf 91' lang='lat' dir='ltr'><strong>itt</strong></span> <span class='ocrx_word' id='word_1_250' title='bbox 715 861 796 893; x_wconf 89' lang='lat' dir='ltr'><strong>diem,</strong></span> <span class='ocrx_word' id='word_1_251' title='bbox 810 859 861 886; x_wconf 86' lang='lat' dir='ltr'><strong>iste</strong></span> <span class='ocrx_word' id='word_1_252' title='bbox 877 857 897 884; x_wconf 85' lang='grc' dir='ltr'><strong><em>Β</em></strong></span> <span class='ocrx_word' id='word_1_253' title='bbox 912 864 984 893; x_wconf 69' lang='lat' dir='ltr'><strong>Deus,</strong></span> <span class='ocrx_word' id='word_1_254' title='bbox 996 865 1139 893; x_wconf 56' lang='lat' dir='ltr'><strong>[mtalurin</strong></span> <span class='ocrx_word' id='word_1_255' title='bbox 1156 866 1436 900; x_wconf 59' lang='lat' dir='ltr'><strong>holnine,\videanlus.</strong></span> <span class='ocrx_word' id='word_1_256' title='bbox 1463 868 1696 904; x_wconf 57' lang='lat' dir='ltr'><strong>sce,,opegia,in-</strong></span> 
     </span>
    </p>
   </div>
   <div class='ocr_carea' id='block_1_34' title="bbox 64 905 853 943">
    <p class='ocr_par' dir='ltr' id='par_1_34' title="bbox 64 905 853 943">
     <span class='ocr_line' id='line_1_34' title="bbox 64 905 853 943; baseline -0.005 -7"><span class='ocrx_word' id='word_1_257' title='bbox 64 910 120 936; x_wconf 76' lang='lat' dir='ltr'><strong>sibi</strong></span> <span class='ocrx_word' id='word_1_258' title='bbox 135 910 245 936; x_wconf 90' lang='lat' dir='ltr'><strong>innovat</strong></span> <span class='ocrx_word' id='word_1_259' title='bbox 255 909 405 941; x_wconf 87' lang='lat' dir='ltr'><strong>uovalia,et</strong></span> <span class='ocrx_word' id='word_1_260' title='bbox 416 916 468 935; x_wconf 92' lang='lat' dir='ltr'><strong>nou</strong></span> <span class='ocrx_word' id='word_1_261' title='bbox 480 908 595 935; x_wconf 82' lang='lat' dir='ltr'><strong>seminat</strong></span> <span class='ocrx_word' id='word_1_262' title='bbox 605 915 687 943; x_wconf 81' lang='lat' dir='ltr'><strong>super</strong></span> <span class='ocrx_word' id='word_1_263' title='bbox 696 907 798 942; x_wconf 87' lang='lat' dir='ltr'><strong>spinas,</strong></span> <span class='ocrx_word' id='word_1_264' title='bbox 806 905 853 933; x_wconf 84' lang='lat' dir='ltr'><strong>sed</strong></span> 
     </span>
    </p>
   </div>
   <div class='ocr_carea' id='block_1_35' title="bbox 63 952 857 989">
    <p class='ocr_par' dir='ltr' id='par_1_35' title="bbox 63 952 857 989">
     <span class='ocr_line' id='line_1_35' title="bbox 63 952 857 989; baseline -0.004 -8"><span class='ocrx_word' id='word_1_265' title='bbox 63 961 151 989; x_wconf 76' lang='lat' dir='ltr'><strong>super</strong></span> <span class='ocrx_word' id='word_1_266' title='bbox 160 959 261 980; x_wconf 91' lang='lat' dir='ltr'><strong>terram</strong></span> <span class='ocrx_word' id='word_1_267' title='bbox 273 953 381 986; x_wconf 86' lang='lat' dir='ltr'><strong>bonam,</strong></span> <span class='ocrx_word' id='word_1_268' title='bbox 396 961 456 988; x_wconf 76' lang='lat' dir='ltr'><strong>qua:</strong></span> <span class='ocrx_word' id='word_1_269' title='bbox 473 953 567 980; x_wconf 91' lang='lat' dir='ltr'><strong>reddat</strong></span> <span class='ocrx_word' id='word_1_270' title='bbox 577 953 601 980; x_wconf 89' lang='lat' dir='ltr'><strong>ei</strong></span> <span class='ocrx_word' id='word_1_271' title='bbox 619 953 736 981; x_wconf 86' lang='lat' dir='ltr'><strong>fructum</strong></span> <span class='ocrx_word' id='word_1_272' title='bbox 750 952 857 979; x_wconf 90' lang='lat' dir='ltr'><strong>tricesi-</strong></span> 
     </span>
    </p>
   </div>
   <div class='ocr_carea' id='block_1_36' title="bbox 67 998 856 1034">
    <p class='ocr_par' dir='ltr' id='par_1_36' title="bbox 67 998 856 1034">
     <span class='ocr_line' id='line_1_36' title="bbox 67 998 856 1034; baseline -0.003 -7"><span class='ocrx_word' id='word_1_273' title='bbox 67 1008 154 1032; x_wconf 89' lang='lat' dir='ltr'><strong>mum,</strong></span> <span class='ocrx_word' id='word_1_274' title='bbox 167 1004 212 1026; x_wconf 87' lang='lat' dir='ltr'><strong>aut</strong></span> <span class='ocrx_word' id='word_1_275' title='bbox 225 999 435 1034; x_wconf 81' lang='lat' dir='ltr'><strong>sexagesimum,</strong></span> <span class='ocrx_word' id='word_1_276' title='bbox 454 1004 499 1026; x_wconf 87' lang='lat' dir='ltr'><strong>aut</strong></span> <span class='ocrx_word' id='word_1_277' title='bbox 516 1000 705 1027; x_wconf 87' lang='lat' dir='ltr'><strong>centesinmm.</strong></span> <span class='ocrx_word' id='word_1_278' title='bbox 725 998 778 1026; x_wconf 88' lang='lat' dir='ltr'><strong>Iste</strong></span> <span class='ocrx_word' id='word_1_279' title='bbox 792 1005 856 1033; x_wconf 86' lang='lat' dir='ltr'><strong>ergo</strong></span> 
     </span>
    </p>
   </div>
   <div class='ocr_carea' id='block_1_37' title="bbox 67 1044 856 1081">
    <p class='ocr_par' dir='ltr' id='par_1_37' title="bbox 67 1044 856 1081">
     <span class='ocr_line' id='line_1_37' title="bbox 67 1044 856 1081; baseline -0.001 -9"><span class='ocrx_word' id='word_1_280' title='bbox 67 1051 123 1079; x_wconf 85' lang='lat' dir='ltr'><strong>est,</strong></span> <span class='ocrx_word' id='word_1_281' title='bbox 135 1047 181 1080; x_wconf 91' lang='lat' dir='ltr'><strong>qui</strong></span> <span class='ocrx_word' id='word_1_282' title='bbox 194 1046 220 1072; x_wconf 94' lang='lat' dir='ltr'><strong>in</strong></span> <span class='ocrx_word' id='word_1_283' title='bbox 237 1046 334 1080; x_wconf 88' lang='lat' dir='ltr'><strong>spiritu</strong></span> <span class='ocrx_word' id='word_1_284' title='bbox 351 1046 476 1077; x_wconf 87' lang='lat' dir='ltr'><strong>seminat,</strong></span> <span class='ocrx_word' id='word_1_285' title='bbox 494 1050 522 1073; x_wconf 88' lang='lat' dir='ltr'><strong>et</strong></span> <span class='ocrx_word' id='word_1_286' title='bbox 542 1045 646 1081; x_wconf 76' lang='lat' dir='ltr'><strong>colligit</strong></span> <span class='ocrx_word' id='word_1_287' title='bbox 663 1044 781 1072; x_wconf 88' lang='lat' dir='ltr'><strong>fructum</strong></span> <span class='ocrx_word' id='word_1_288' title='bbox 801 1044 856 1079; x_wconf 90' lang='lat' dir='ltr'><strong>spi-</strong></span> 
     </span>
    </p>
   </div>
   <div class='ocr_carea' id='block_1_38' title="bbox 67 1097 857 1132">
    <p class='ocr_par' dir='ltr' id='par_1_38' title="bbox 67 1097 857 1132">
     <span class='ocr_line' id='line_1_38' title="bbox 67 1097 857 1132; baseline -0.003 -7"><span class='ocrx_word' id='word_1_289' title='bbox 67 1099 149 1125; x_wconf 85' lang='lat' dir='ltr'><strong>ritus.</strong></span> <span class='ocrx_word' id='word_1_290' title='bbox 165 1098 280 1126; x_wconf 87' lang='lat' dir='ltr'><strong>F&#39;ructus</strong></span> <span class='ocrx_word' id='word_1_291' title='bbox 299 1101 390 1125; x_wconf 83' lang='lat' dir='ltr'><strong>autent</strong></span> <span class='ocrx_word' id='word_1_292' title='bbox 405 1097 528 1132; x_wconf 89' lang='lat' dir='ltr'><strong>spiritus,</strong></span> <span class='ocrx_word' id='word_1_293' title='bbox 543 1097 658 1132; x_wconf 91' lang='lat' dir='ltr'><strong>primum</strong></span> <span class='ocrx_word' id='word_1_294' title='bbox 680 1097 801 1124; x_wconf 91' lang='lat' dir='ltr'><strong>omnium</strong></span> <span class='ocrx_word' id='word_1_295' title='bbox 815 1101 857 1124; x_wconf 90' lang='lat' dir='ltr'><strong>est</strong></span> 
     </span>
    </p>
   </div>
   <div class='ocr_carea' id='block_1_39' title="bbox 67 1142 857 1179">
    <p class='ocr_par' dir='ltr' id='par_1_39' title="bbox 67 1142 857 1179">
     <span class='ocr_line' id='line_1_39' title="bbox 67 1142 857 1179; baseline -0.003 -8"><span class='ocrx_word' id='word_1_296' title='bbox 67 1144 199 1179; x_wconf 86' lang='lat' dir='ltr'><strong>gaudium</strong></span> <span class='ocrx_word' id='word_1_297' title='bbox 211 1144 243 1171; x_wconf 80' lang='grc'><strong>⁸⁸.</strong></span> <span class='ocrx_word' id='word_1_298' title='bbox 264 1143 298 1171; x_wconf 87' lang='lat' dir='ltr'><strong>Et</strong></span> <span class='ocrx_word' id='word_1_299' title='bbox 321 1144 419 1171; x_wconf 89' lang='lat' dir='ltr'><strong>merito</strong></span> <span class='ocrx_word' id='word_1_300' title='bbox 440 1144 510 1171; x_wconf 82' lang='lat' dir='ltr'><strong>diem</strong></span> <span class='ocrx_word' id='word_1_301' title='bbox 533 1144 632 1171; x_wconf 90' lang='lat' dir='ltr'><strong>festum</strong></span> <span class='ocrx_word' id='word_1_302' title='bbox 655 1151 785 1171; x_wconf 91' lang='lat' dir='ltr'><strong>novorum</strong></span> <span class='ocrx_word' id='word_1_303' title='bbox 801 1142 857 1170; x_wconf 89' lang='lat' dir='ltr'><strong>fru-</strong></span> 
     </span>
    </p>
   </div>
   <div class='ocr_carea' id='block_1_40' title="bbox 68 1188 857 1225">
    <p class='ocr_par' dir='ltr' id='par_1_40' title="bbox 68 1188 857 1225">
     <span class='ocr_line' id='line_1_40' title="bbox 68 1188 857 1225; baseline 0 -9"><span class='ocrx_word' id='word_1_304' title='bbox 68 1194 163 1216; x_wconf 82' lang='lat' dir='ltr'><strong>ctuum</strong></span> <span class='ocrx_word' id='word_1_305' title='bbox 182 1190 248 1225; x_wconf 88' lang='lat' dir='ltr'><strong>agit,</strong></span> <span class='ocrx_word' id='word_1_306' title='bbox 264 1189 309 1224; x_wconf 89' lang='lat' dir='ltr'><strong>qui</strong></span> <span class='ocrx_word' id='word_1_307' title='bbox 329 1189 458 1224; x_wconf 80' lang='lat' dir='ltr'><strong>gaudium</strong></span> <span class='ocrx_word' id='word_1_308' title='bbox 474 1189 570 1221; x_wconf 86' lang='lat' dir='ltr'><strong>metit;</strong></span> <span class='ocrx_word' id='word_1_309' title='bbox 585 1189 720 1224; x_wconf 60' lang='lat' dir='ltr'><strong>praecipue</strong></span> <span class='ocrx_word' id='word_1_310' title='bbox 737 1189 759 1216; x_wconf 90' lang='lat' dir='ltr'><strong>si</strong></span> <span class='ocrx_word' id='word_1_311' title='bbox 777 1188 857 1216; x_wconf 88' lang='lat' dir='ltr'><strong>simul</strong></span> 
     </span>
    </p>
   </div>
   <div class='ocr_carea' id='block_1_41' title="bbox 67 1235 858 1270">
    <p class='ocr_par' dir='ltr' id='par_1_41' title="bbox 67 1235 858 1270">
     <span class='ocr_line' id='line_1_41' title="bbox 67 1235 858 1270; baseline 0 -8"><span class='ocrx_word' id='word_1_312' title='bbox 67 1239 154 1262; x_wconf 78' lang='lat' dir='ltr'><strong>meiat</strong></span> <span class='ocrx_word' id='word_1_313' title='bbox 168 1239 197 1262; x_wconf 91' lang='lat' dir='ltr'><strong>et</strong></span> <span class='ocrx_word' id='word_1_314' title='bbox 223 1242 326 1269; x_wconf 89' lang='lat' dir='ltr'><strong>pacem,</strong></span> <span class='ocrx_word' id='word_1_315' title='bbox 342 1240 370 1262; x_wconf 87' lang='lat' dir='ltr'><strong>et</strong></span> <span class='ocrx_word' id='word_1_316' title='bbox 398 1235 567 1270; x_wconf 83' lang='lat' dir='ltr'><strong>patientiam,</strong></span> <span class='ocrx_word' id='word_1_317' title='bbox 594 1240 622 1262; x_wconf 89' lang='lat' dir='ltr'><strong>et</strong></span> <span class='ocrx_word' id='word_1_318' title='bbox 647 1235 806 1268; x_wconf 86' lang='lat' dir='ltr'><strong>bonitatem,</strong></span> <span class='ocrx_word' id='word_1_319' title='bbox 829 1240 858 1262; x_wconf 92' lang='lat' dir='ltr'><strong>et</strong></span> 
     </span>
    </p>
   </div>
   <div class='ocr_carea' id='block_1_42' title="bbox 68 1280 858 1315">
    <p class='ocr_par' dir='ltr' id='par_1_42' title="bbox 68 1280 858 1315">
     <span class='ocr_line' id='line_1_42' title="bbox 68 1280 858 1315; baseline 0 -7"><span class='ocrx_word' id='word_1_320' title='bbox 68 1281 317 1312; x_wconf 85' lang='lat' dir='ltr'><strong>mansuetudinem.</strong></span> <span class='ocrx_word' id='word_1_321' title='bbox 349 1280 471 1315; x_wconf 88' lang='lat' dir='ltr'><strong>aliosque</strong></span> <span class='ocrx_word' id='word_1_322' title='bbox 496 1281 593 1308; x_wconf 89' lang='lat' dir='ltr'><strong>horum</strong></span> <span class='ocrx_word' id='word_1_323' title='bbox 618 1281 723 1308; x_wconf 86' lang='lat' dir='ltr'><strong>similes</strong></span> <span class='ocrx_word' id='word_1_324' title='bbox 752 1280 858 1308; x_wconf 88' lang='lat' dir='ltr'><strong>fructus</strong></span> 
     </span>
    </p>
   </div>
   <div class='ocr_carea' id='block_1_43' title="bbox 66 1326 857 1362">
    <p class='ocr_par' dir='ltr' id='par_1_43' title="bbox 66 1326 857 1362">
     <span class='ocr_line' id='line_1_43' title="bbox 66 1326 857 1362; baseline 0 -7"><span class='ocrx_word' id='word_1_325' title='bbox 66 1328 89 1355; x_wconf 97' lang='lat' dir='ltr'><strong>si</strong></span> <span class='ocrx_word' id='word_1_326' title='bbox 108 1327 227 1362; x_wconf 80' lang='lat' dir='ltr'><strong>colligat,</strong></span> <span class='ocrx_word' id='word_1_327' title='bbox 244 1326 403 1362; x_wconf 80' lang='lat' dir='ltr'><strong>dignissime</strong></span> <span class='ocrx_word' id='word_1_328' title='bbox 419 1334 552 1355; x_wconf 90' lang='lat' dir='ltr'><strong>novorum</strong></span> <span class='ocrx_word' id='word_1_329' title='bbox 569 1326 707 1355; x_wconf 88' lang='lat' dir='ltr'><strong>fructuum</strong></span> <span class='ocrx_word' id='word_1_330' title='bbox 726 1326 857 1355; x_wconf 88' lang='lat' dir='ltr'><strong>festivita-</strong></span> 
     </span>
    </p>
   </div>
   <div class='ocr_carea' id='block_1_44' title="bbox 68 1372 341 1408">
    <p class='ocr_par' dir='ltr' id='par_1_44' title="bbox 68 1372 341 1408">
     <span class='ocr_line' id='line_1_44' title="bbox 68 1372 341 1408; baseline 0.004 -9"><span class='ocrx_word' id='word_1_331' title='bbox 68 1379 123 1401; x_wconf 85' lang='lat' dir='ltr'><strong>tem</strong></span> <span class='ocrx_word' id='word_1_332' title='bbox 139 1372 253 1401; x_wconf 87' lang='lat' dir='ltr'><strong>Domino</strong></span> <span class='ocrx_word' id='word_1_333' title='bbox 269 1376 341 1408; x_wconf 83' lang='lat' dir='ltr'><strong>aget.</strong></span> 
     </span>
    </p>
   </div>
   <div class='ocr_carea' id='block_1_45' title="bbox 103 1435 858 1473">
    <p class='ocr_par' dir='ltr' id='par_1_45' title="bbox 103 1435 858 1473">
     <span class='ocr_line' id='line_1_45' title="bbox 103 1435 858 1473; baseline 0.001 -9"><span class='ocrx_word' id='word_1_334' title='bbox 103 1437 131 1464; x_wconf 87' lang='lat'><strong>9.</strong></span> <span class='ocrx_word' id='word_1_335' title='bbox 139 1435 216 1464; x_wconf 79' lang='lat' dir='ltr'><strong>Tunc</strong></span> <span class='ocrx_word' id='word_1_336' title='bbox 223 1436 317 1464; x_wconf 87' lang='lat' dir='ltr'><strong>deinde</strong></span> <span class='ocrx_word' id='word_1_337' title='bbox 323 1437 443 1472; x_wconf 86' lang='lat' dir='ltr'><strong>sequitur</strong></span> <span class='ocrx_word' id='word_1_338' title='bbox 450 1436 580 1465; x_wconf 80' lang='lat' dir='ltr'><strong>festivitas</strong></span> <span class='ocrx_word' id='word_1_339' title='bbox 587 1437 858 1473; x_wconf 88' lang='lat' dir='ltr'><strong>Septimorum.Sieut</strong></span> 
     </span>
    </p>
   </div>
   <div class='ocr_carea' id='block_1_46' title="bbox 67 1483 856 1518">
    <p class='ocr_par' dir='ltr' id='par_1_46' title="bbox 67 1483 856 1518">
     <span class='ocr_line' id='line_1_46' title="bbox 67 1483 856 1518; baseline 0.003 -8"><span class='ocrx_word' id='word_1_340' title='bbox 67 1483 144 1510; x_wconf 72' lang='lat' dir='ltr'><strong>enim</strong></span> <span class='ocrx_word' id='word_1_341' title='bbox 154 1483 225 1510; x_wconf 81' lang='lat' dir='ltr'><strong>inter</strong></span> <span class='ocrx_word' id='word_1_342' title='bbox 232 1483 289 1511; x_wconf 82' lang='lat' dir='ltr'><strong>dies</strong></span> <span class='ocrx_word' id='word_1_343' title='bbox 299 1483 432 1518; x_wconf 84' lang='lat' dir='ltr'><strong>septimus</strong></span> <span class='ocrx_word' id='word_1_344' title='bbox 438 1484 550 1518; x_wconf 85' lang='lat' dir='ltr'><strong>quisque</strong></span> <span class='ocrx_word' id='word_1_345' title='bbox 558 1484 617 1511; x_wconf 89' lang='lat' dir='ltr'><strong>dies</strong></span> <span class='ocrx_word' id='word_1_346' title='bbox 623 1484 783 1512; x_wconf 86' lang='lat' dir='ltr'><strong>observatur</strong></span> <span class='ocrx_word' id='word_1_347' title='bbox 791 1484 856 1512; x_wconf 77' lang='lat' dir='ltr'><strong>Sab-</strong></span> 
     </span>
    </p>
   </div>
   <div class='ocr_carea' id='block_1_47' title="bbox 907 909 1698 946">
    <p class='ocr_par' dir='ltr' id='par_1_47' title="bbox 907 909 1698 946">
     <span class='ocr_line' id='line_1_47' title="bbox 907 909 1698 946; baseline 0.004 -10"><span class='ocrx_word' id='word_1_348' title='bbox 907 911 979 944; x_wconf 90' lang='lat' dir='ltr'><strong>quit.</strong></span> <span class='ocrx_word' id='word_1_349' title='bbox 986 909 1105 938; x_wconf 58' lang='lat' dir='ltr'><strong>laetatur</strong></span> <span class='ocrx_word' id='word_1_350' title='bbox 1112 918 1177 946; x_wconf 88' lang='lat' dir='ltr'><strong>ergo</strong></span> <span class='ocrx_word' id='word_1_351' title='bbox 1184 918 1267 945; x_wconf 90' lang='lat' dir='ltr'><strong>super</strong></span> <span class='ocrx_word' id='word_1_352' title='bbox 1275 914 1379 944; x_wconf 88' lang='lat' dir='ltr'><strong>tc,eum</strong></span> <span class='ocrx_word' id='word_1_353' title='bbox 1390 917 1415 940; x_wconf 90' lang='lat' dir='ltr'><strong>te</strong></span> <span class='ocrx_word' id='word_1_354' title='bbox 1424 913 1520 940; x_wconf 85' lang='lat' dir='ltr'><strong>viderit</strong></span> <span class='ocrx_word' id='word_1_355' title='bbox 1528 915 1554 940; x_wconf 87' lang='lat' dir='ltr'><strong>iu</strong></span> <span class='ocrx_word' id='word_1_356' title='bbox 1566 914 1615 941; x_wconf 88' lang='lat' dir='ltr'><strong>hoc</strong></span> <span class='ocrx_word' id='word_1_357' title='bbox 1623 922 1698 940; x_wconf 82' lang='lat' dir='ltr'><strong>Illlltt-</strong></span> 
     </span>
    </p>
   </div>
   <div class='ocr_carea' id='block_1_48' title="bbox 907 956 1697 993">
    <p class='ocr_par' dir='ltr' id='par_1_48' title="bbox 907 956 1697 993">
     <span class='ocr_line' id='line_1_48' title="bbox 907 956 1697 993; baseline 0.004 -9"><span class='ocrx_word' id='word_1_358' title='bbox 907 958 941 984; x_wconf 88' lang='lat' dir='ltr'><strong>do</strong></span> <span class='ocrx_word' id='word_1_359' title='bbox 958 957 982 984; x_wconf 91' lang='lat' dir='ltr'><strong>in</strong></span> <span class='ocrx_word' id='word_1_360' title='bbox 1002 956 1180 984; x_wconf 86' lang='lat' dir='ltr'><strong>tabernaculis</strong></span> <span class='ocrx_word' id='word_1_361' title='bbox 1191 958 1269 993; x_wconf 74' lang='grc'><strong>361</strong></span> <span class='ocrx_word' id='word_1_362' title='bbox 1288 959 1468 992; x_wconf 88' lang='lat' dir='ltr'><strong>habitantem,</strong></span> <span class='ocrx_word' id='word_1_363' title='bbox 1482 969 1543 988; x_wconf 90' lang='lat' dir='ltr'><strong>cum</strong></span> <span class='ocrx_word' id='word_1_364' title='bbox 1561 965 1586 987; x_wconf 91' lang='lat' dir='ltr'><strong>tc</strong></span> <span class='ocrx_word' id='word_1_365' title='bbox 1599 960 1697 987; x_wconf 88' lang='lat' dir='ltr'><strong>viderit</strong></span> 
     </span>
    </p>
   </div>
   <div class='ocr_carea' id='block_1_49' title="bbox 907 1002 1695 1040">
    <p class='ocr_par' dir='ltr' id='par_1_49' title="bbox 907 1002 1695 1040">
     <span class='ocr_line' id='line_1_49' title="bbox 907 1002 1695 1040; baseline 0.004 -11"><span class='ocrx_word' id='word_1_366' title='bbox 907 1010 960 1030; x_wconf 95' lang='lat' dir='ltr'><strong>non</strong></span> <span class='ocrx_word' id='word_1_367' title='bbox 984 1002 1085 1030; x_wconf 87' lang='lat' dir='ltr'><strong>habere</strong></span> <span class='ocrx_word' id='word_1_368' title='bbox 1108 1002 1190 1030; x_wconf 75' lang='lat' dir='ltr'><strong>fixum</strong></span> <span class='ocrx_word' id='word_1_369' title='bbox 1208 1008 1236 1031; x_wconf 91' lang='lat' dir='ltr'><strong>et</strong></span> <span class='ocrx_word' id='word_1_370' title='bbox 1251 1003 1390 1032; x_wconf 88' lang='lat' dir='ltr'><strong>fundatum</strong></span> <span class='ocrx_word' id='word_1_371' title='bbox 1410 1006 1531 1032; x_wconf 89' lang='lat' dir='ltr'><strong>animum</strong></span> <span class='ocrx_word' id='word_1_372' title='bbox 1547 1014 1579 1033; x_wconf 84' lang='lat' dir='ltr'><strong>ac</strong></span> <span class='ocrx_word' id='word_1_373' title='bbox 1597 1013 1695 1040; x_wconf 82' lang='lat' dir='ltr'><strong>propo-</strong></span> 
     </span>
    </p>
   </div>
   <div class='ocr_carea' id='block_1_50' title="bbox 907 1048 1694 1086">
    <p class='ocr_par' dir='ltr' id='par_1_50' title="bbox 907 1048 1694 1086">
     <span class='ocr_line' id='line_1_50' title="bbox 907 1048 1694 1086; baseline 0.003 -11"><span class='ocrx_word' id='word_1_374' title='bbox 907 1048 988 1076; x_wconf 89' lang='lat' dir='ltr'><strong>situm</strong></span> <span class='ocrx_word' id='word_1_375' title='bbox 1004 1055 1084 1083; x_wconf 79' lang='lat' dir='ltr'><strong>super</strong></span> <span class='ocrx_word' id='word_1_376' title='bbox 1100 1053 1204 1080; x_wconf 85' lang='lat' dir='ltr'><strong>terras.</strong></span> <span class='ocrx_word' id='word_1_377' title='bbox 1219 1056 1269 1076; x_wconf 88' lang='lat' dir='ltr'><strong>nec</strong></span> <span class='ocrx_word' id='word_1_378' title='bbox 1283 1049 1483 1078; x_wconf 88' lang='lat' dir='ltr'><strong>desiderantem</strong></span> <span class='ocrx_word' id='word_1_379' title='bbox 1502 1058 1562 1086; x_wconf 79' lang='lat' dir='ltr'><strong>quae</strong></span> <span class='ocrx_word' id='word_1_380' title='bbox 1587 1055 1694 1077; x_wconf 80' lang='lat' dir='ltr'><strong>terrena</strong></span> 
     </span>
    </p>
   </div>
   <div class='ocr_carea' id='block_1_51' title="bbox 907 1095 1695 1131">
    <p class='ocr_par' dir='ltr' id='par_1_51' title="bbox 907 1095 1695 1131">
     <span class='ocr_line' id='line_1_51' title="bbox 907 1095 1695 1131; baseline 0.001 -8"><span class='ocrx_word' id='word_1_381' title='bbox 907 1099 986 1129; x_wconf 81' lang='lat' dir='ltr'><strong>sunt,</strong></span> <span class='ocrx_word' id='word_1_382' title='bbox 1012 1103 1062 1123; x_wconf 86' lang='lat' dir='ltr'><strong>nec</strong></span> <span class='ocrx_word' id='word_1_383' title='bbox 1074 1096 1197 1123; x_wconf 92' lang='lat' dir='ltr'><strong>umbram</strong></span> <span class='ocrx_word' id='word_1_384' title='bbox 1212 1095 1275 1122; x_wconf 72' lang='lat' dir='ltr'><strong>vita:</strong></span> <span class='ocrx_word' id='word_1_385' title='bbox 1297 1095 1378 1130; x_wconf 83' lang='lat' dir='ltr'><strong>hujus</strong></span> <span class='ocrx_word' id='word_1_386' title='bbox 1400 1097 1476 1131; x_wconf 89' lang='lat' dir='ltr'><strong>qttasi</strong></span> <span class='ocrx_word' id='word_1_387' title='bbox 1495 1098 1695 1131; x_wconf 85' lang='lat' dir='ltr'><strong>possessionem</strong></span> 
     </span>
    </p>
   </div>
   <div class='ocr_carea' id='block_1_52' title="bbox 908 1142 1695 1178">
    <p class='ocr_par' dir='ltr' id='par_1_52' title="bbox 908 1142 1695 1178">
     <span class='ocr_line' id='line_1_52' title="bbox 908 1142 1695 1178; baseline 0.001 -8"><span class='ocrx_word' id='word_1_388' title='bbox 908 1142 1044 1177; x_wconf 87' lang='lat' dir='ltr'><strong>propriam</strong></span> <span class='ocrx_word' id='word_1_389' title='bbox 1060 1147 1087 1169; x_wconf 78' lang='lat' dir='ltr'><strong>et</strong></span> <span class='ocrx_word' id='word_1_390' title='bbox 1105 1146 1263 1178; x_wconf 86' lang='lat' dir='ltr'><strong>perpetuam</strong></span> <span class='ocrx_word' id='word_1_391' title='bbox 1286 1143 1477 1178; x_wconf 84' lang='lat' dir='ltr'><strong>deputantem,</strong></span> <span class='ocrx_word' id='word_1_392' title='bbox 1504 1145 1552 1171; x_wconf 90' lang='lat' dir='ltr'><strong>sed</strong></span> <span class='ocrx_word' id='word_1_393' title='bbox 1577 1145 1650 1172; x_wconf 90' lang='lat' dir='ltr'><strong>velut</strong></span> <span class='ocrx_word' id='word_1_394' title='bbox 1669 1144 1695 1171; x_wconf 91' lang='lat' dir='ltr'><strong>in</strong></span> 
     </span>
    </p>
   </div>
   <div class='ocr_carea' id='block_1_53' title="bbox 909 1179 1696 1226">
    <p class='ocr_par' dir='ltr' id='par_1_53' title="bbox 909 1179 1696 1226">
     <span class='ocr_line' id='line_1_53' title="bbox 909 1179 1696 1226; baseline 0.004 -11"><span class='ocrx_word' id='word_1_395' title='bbox 909 1179 1024 1216; x_wconf 72' lang='lat' dir='ltr'><strong>transitu</strong></span> <span class='ocrx_word' id='word_1_396' title='bbox 1040 1190 1157 1224; x_wconf 90' lang='lat' dir='ltr'><strong>positum</strong></span> <span class='ocrx_word' id='word_1_397' title='bbox 1173 1208 1180 1221; x_wconf 83' lang='lat'><strong>,</strong></span> <span class='ocrx_word' id='word_1_398' title='bbox 1197 1195 1224 1218; x_wconf 87' lang='lat' dir='ltr'><strong>et</strong></span> <span class='ocrx_word' id='word_1_399' title='bbox 1240 1189 1273 1217; x_wconf 89' lang='lat' dir='ltr'><strong>ad</strong></span> <span class='ocrx_word' id='word_1_400' title='bbox 1288 1197 1380 1217; x_wconf 89' lang='lat' dir='ltr'><strong>veram</strong></span> <span class='ocrx_word' id='word_1_401' title='bbox 1405 1190 1477 1217; x_wconf 87' lang='lat' dir='ltr'><strong>illam</strong></span> <span class='ocrx_word' id='word_1_402' title='bbox 1492 1191 1608 1226; x_wconf 88' lang='lat' dir='ltr'><strong>patriam</strong></span> <span class='ocrx_word' id='word_1_403' title='bbox 1625 1191 1696 1218; x_wconf 86' lang='lat' dir='ltr'><strong>unde</strong></span> 
     </span>
    </p>
   </div>
   <div class='ocr_carea' id='block_1_54' title="bbox 907 1235 1693 1271">
    <p class='ocr_par' dir='ltr' id='par_1_54' title="bbox 907 1235 1693 1271">
     <span class='ocr_line' id='line_1_54' title="bbox 907 1235 1693 1271; baseline 0.004 -10"><span class='ocrx_word' id='word_1_404' title='bbox 907 1241 1034 1270; x_wconf 85' lang='lat' dir='ltr'><strong>egressus</strong></span> <span class='ocrx_word' id='word_1_405' title='bbox 1046 1243 1077 1263; x_wconf 89' lang='lat' dir='ltr'><strong>es</strong></span> <span class='ocrx_word' id='word_1_406' title='bbox 1089 1256 1096 1269; x_wconf 92' lang='lat'><strong>,</strong></span> <span class='ocrx_word' id='word_1_407' title='bbox 1112 1236 1233 1271; x_wconf 86' lang='lat' dir='ltr'><strong>paradisi</strong></span> <span class='ocrx_word' id='word_1_408' title='bbox 1260 1235 1431 1264; x_wconf 86' lang='lat' dir='ltr'><strong>festinantem</strong></span> <span class='ocrx_word' id='word_1_409' title='bbox 1455 1244 1486 1263; x_wconf 89' lang='lat' dir='ltr'><strong>ac</strong></span> <span class='ocrx_word' id='word_1_410' title='bbox 1500 1237 1635 1265; x_wconf 86' lang='lat' dir='ltr'><strong>dicentem</strong></span> <span class='ocrx_word' id='word_1_411' title='bbox 1649 1237 1673 1253; x_wconf 80' lang='grc'><strong>⁸⁸</strong></span> <span class='ocrx_word' id='word_1_412' title='bbox 1686 1246 1693 1264; x_wconf 89' lang='lat'><strong>:</strong></span> 
     </span>
    </p>
   </div>
   <div class='ocr_carea' id='block_1_55' title="bbox 911 1282 1696 1318">
    <p class='ocr_par' dir='ltr' id='par_1_55' title="bbox 911 1282 1696 1318">
     <span class='ocr_line' id='line_1_55' title="bbox 911 1282 1696 1318; baseline 0 -9"><span class='ocrx_word' id='word_1_413' title='bbox 911 1292 919 1309; x_wconf 75' lang='grc' dir='ltr'><strong>ι</strong></span> <span class='ocrx_word' id='word_1_414' title='bbox 938 1282 1027 1311; x_wconf 85' lang='lat' dir='ltr'><strong>lucola</strong></span> <span class='ocrx_word' id='word_1_415' title='bbox 1041 1290 1091 1318; x_wconf 87' lang='lat' dir='ltr'><strong>ego</strong></span> <span class='ocrx_word' id='word_1_416' title='bbox 1106 1290 1165 1311; x_wconf 93' lang='lat' dir='ltr'><strong>sum</strong></span> <span class='ocrx_word' id='word_1_417' title='bbox 1180 1287 1207 1310; x_wconf 86' lang='lat' dir='ltr'><strong>et</strong></span> <span class='ocrx_word' id='word_1_418' title='bbox 1221 1284 1394 1318; x_wconf 78' lang='lat' dir='ltr'><strong>peregrinus,</strong></span> <span class='ocrx_word' id='word_1_419' title='bbox 1407 1282 1478 1310; x_wconf 86' lang='lat' dir='ltr'><strong>sicut</strong></span> <span class='ocrx_word' id='word_1_420' title='bbox 1493 1290 1588 1310; x_wconf 89' lang='lat' dir='ltr'><strong>onmes</strong></span> <span class='ocrx_word' id='word_1_421' title='bbox 1603 1286 1696 1317; x_wconf 86' lang='lat' dir='ltr'><strong>patres</strong></span> 
     </span>
    </p>
   </div>
   <div class='ocr_carea' id='block_1_56' title="bbox 909 1329 1695 1363">
    <p class='ocr_par' dir='ltr' id='par_1_56' title="bbox 909 1329 1695 1363">
     <span class='ocr_line' id='line_1_56' title="bbox 909 1329 1695 1363; baseline -0.003 -5"><span class='ocrx_word' id='word_1_422' title='bbox 909 1330 972 1358; x_wconf 92' lang='lat' dir='ltr'><strong>mei.</strong></span> <span class='ocrx_word' id='word_1_423' title='bbox 985 1338 996 1357; x_wconf 69' lang='grc' dir='ltr'><strong>ι</strong></span> <span class='ocrx_word' id='word_1_424' title='bbox 1014 1329 1041 1358; x_wconf 93' lang='lat' dir='ltr'><strong>In</strong></span> <span class='ocrx_word' id='word_1_425' title='bbox 1060 1329 1245 1358; x_wconf 88' lang='lat' dir='ltr'><strong>tabernaculis</strong></span> <span class='ocrx_word' id='word_1_426' title='bbox 1260 1330 1332 1357; x_wconf 91' lang='lat' dir='ltr'><strong>enim</strong></span> <span class='ocrx_word' id='word_1_427' title='bbox 1347 1329 1540 1356; x_wconf 87' lang='lat' dir='ltr'><strong>habitaverunt</strong></span> <span class='ocrx_word' id='word_1_428' title='bbox 1551 1333 1578 1356; x_wconf 88' lang='lat' dir='ltr'><strong>et</strong></span> <span class='ocrx_word' id='word_1_429' title='bbox 1594 1335 1695 1363; x_wconf 84' lang='lat' dir='ltr'><strong>patres,</strong></span> 
     </span>
    </p>
   </div>
   <div class='ocr_carea' id='block_1_57' title="bbox 907 1375 1697 1410">
    <p class='ocr_par' dir='ltr' id='par_1_57' title="bbox 907 1375 1697 1410">
     <span class='ocr_line' id='line_1_57' title="bbox 907 1375 1697 1410; baseline -0.004 -5"><span class='ocrx_word' id='word_1_430' title='bbox 907 1383 935 1405; x_wconf 87' lang='lat' dir='ltr'><strong>et</strong></span> <span class='ocrx_word' id='word_1_431' title='bbox 948 1377 1085 1405; x_wconf 88' lang='lat' dir='ltr'><strong>Abraham</strong></span> <span class='ocrx_word' id='word_1_432' title='bbox 1101 1378 1127 1405; x_wconf 95' lang='lat' dir='ltr'><strong>in</strong></span> <span class='ocrx_word' id='word_1_433' title='bbox 1142 1377 1241 1405; x_wconf 89' lang='lat' dir='ltr'><strong>casulis</strong></span> <span class='ocrx_word' id='word_1_434' title='bbox 1252 1397 1259 1409; x_wconf 92' lang='lat'><strong>,</strong></span> <span class='ocrx_word' id='word_1_435' title='bbox 1275 1377 1301 1404; x_wconf 91' lang='lat' dir='ltr'><strong>id</strong></span> <span class='ocrx_word' id='word_1_436' title='bbox 1323 1382 1365 1405; x_wconf 88' lang='lat' dir='ltr'><strong>est</strong></span> <span class='ocrx_word' id='word_1_437' title='bbox 1377 1399 1383 1410; x_wconf 94' lang='lat'><strong>,</strong></span> <span class='ocrx_word' id='word_1_438' title='bbox 1401 1378 1428 1404; x_wconf 91' lang='lat' dir='ltr'><strong>in</strong></span> <span class='ocrx_word' id='word_1_439' title='bbox 1445 1375 1630 1404; x_wconf 86' lang='lat' dir='ltr'><strong>tabernaculis</strong></span> <span class='ocrx_word' id='word_1_440' title='bbox 1647 1376 1697 1402; x_wconf 85' lang='lat' dir='ltr'><strong>ha-</strong></span> 
     </span>
    </p>
   </div>
   <div class='ocr_carea' id='block_1_58' title="bbox 909 1422 1696 1457">
    <p class='ocr_par' dir='ltr' id='par_1_58' title="bbox 909 1422 1696 1457">
     <span class='ocr_line' id='line_1_58' title="bbox 909 1422 1696 1457; baseline -0.003 -6"><span class='ocrx_word' id='word_1_441' title='bbox 909 1424 1007 1452; x_wconf 85' lang='lat' dir='ltr'><strong>bitavit</strong></span> <span class='ocrx_word' id='word_1_442' title='bbox 1021 1431 1081 1451; x_wconf 91' lang='lat' dir='ltr'><strong>cum</strong></span> <span class='ocrx_word' id='word_1_443' title='bbox 1099 1423 1174 1451; x_wconf 88' lang='lat' dir='ltr'><strong>Isaac</strong></span> <span class='ocrx_word' id='word_1_444' title='bbox 1197 1428 1225 1451; x_wconf 92' lang='lat' dir='ltr'><strong>et</strong></span> <span class='ocrx_word' id='word_1_445' title='bbox 1239 1422 1323 1452; x_wconf 73' lang='lat' dir='ltr'><strong>Iacob</strong></span> <span class='ocrx_word' id='word_1_446' title='bbox 1342 1423 1528 1451; x_wconf 72' lang='lat' dir='ltr'><strong>cohazredibus</strong></span> <span class='ocrx_word' id='word_1_447' title='bbox 1549 1423 1696 1457; x_wconf 86' lang='lat' dir='ltr'><strong>repromis-</strong></span> 
     </span>
    </p>
   </div>
   <div class='ocr_carea' id='block_1_59' title="bbox 908 1468 1696 1505">
    <p class='ocr_par' dir='ltr' id='par_1_59' title="bbox 908 1468 1696 1505">
     <span class='ocr_line' id='line_1_59' title="bbox 908 1468 1696 1505; baseline -0.003 -8"><span class='ocrx_word' id='word_1_448' title='bbox 908 1470 994 1498; x_wconf 88' lang='lat' dir='ltr'><strong>sionis</strong></span> <span class='ocrx_word' id='word_1_449' title='bbox 1007 1470 1140 1505; x_wconf 77' lang='lat' dir='ltr'><strong>ejusdem.</strong></span> <span class='ocrx_word' id='word_1_450' title='bbox 1154 1470 1221 1498; x_wconf 91' lang='lat' dir='ltr'><strong>Cum</strong></span> <span class='ocrx_word' id='word_1_451' title='bbox 1238 1477 1304 1505; x_wconf 86' lang='lat' dir='ltr'><strong>ergo</strong></span> <span class='ocrx_word' id='word_1_452' title='bbox 1321 1470 1408 1498; x_wconf 89' lang='lat' dir='ltr'><strong>incola</strong></span> <span class='ocrx_word' id='word_1_453' title='bbox 1432 1469 1516 1498; x_wconf 88' lang='lat' dir='ltr'><strong>fueris</strong></span> <span class='ocrx_word' id='word_1_454' title='bbox 1533 1473 1561 1496; x_wconf 89' lang='lat' dir='ltr'><strong>et</strong></span> <span class='ocrx_word' id='word_1_455' title='bbox 1578 1468 1696 1504; x_wconf 84' lang='lat' dir='ltr'><strong>peregri-</strong></span> 
     </span>
    </p>
   </div>
   <div class='ocr_carea' id='block_1_60' title="bbox 69 1515 1696 1566">
    <p class='ocr_par' dir='ltr' id='par_1_60' title="bbox 69 1515 1696 1566">
     <span class='ocr_line' id='line_1_60' title="bbox 69 1515 1696 1566; baseline 0.002 -10"><span class='ocrx_word' id='word_1_456' title='bbox 69 1532 178 1562; x_wconf 76' lang='lat' dir='ltr'><strong>batum,</strong></span> <span class='ocrx_word' id='word_1_457' title='bbox 188 1534 214 1556; x_wconf 90' lang='lat' dir='ltr'><strong>et</strong></span> <span class='ocrx_word' id='word_1_458' title='bbox 227 1534 267 1556; x_wconf 89' lang='lat' dir='ltr'><strong>est</strong></span> <span class='ocrx_word' id='word_1_459' title='bbox 282 1515 468 1562; x_wconf 45' lang='lat' dir='ltr'><strong>festivitas,it-a</strong></span> <span class='ocrx_word' id='word_1_460' title='bbox 478 1515 588 1558; x_wconf 40' lang='lat' dir='ltr'><strong>et&#39;intcr</strong></span> <span class='ocrx_word' id='word_1_461' title='bbox 600 1537 709 1558; x_wconf 86' lang='lat' dir='ltr'><strong>menses</strong></span> <span class='ocrx_word' id='word_1_462' title='bbox 726 1531 858 1566; x_wconf 87' lang='lat' dir='ltr'><strong>septimus</strong></span> <span class='ocrx_word' id='word_1_463' title='bbox 871 1525 892 1555; x_wconf 82' lang='lat' dir='ltr'><strong><em>C</em></strong></span> <span class='ocrx_word' id='word_1_464' title='bbox 911 1516 1100 1566; x_wconf 49' lang='lat' dir='ltr'><strong>P&quot;5_i“_l_e&quot;_&#39;§s</strong></span> <span class='ocrx_word' id='word_1_465' title='bbox 1112 1536 1120 1548; x_wconf 89' lang='lat'><strong>&#39;</strong></span> <span class='ocrx_word' id='word_1_466' title='bbox 1136 1520 1163 1543; x_wconf 69' lang='lat' dir='ltr'><strong>e&quot;</strong></span> <span class='ocrx_word' id='word_1_467' title='bbox 1177 1523 1231 1543; x_wconf 74' lang='lat'><strong>&quot;0&quot;</strong></span> <span class='ocrx_word' id='word_1_468' title='bbox 1247 1521 1288 1544; x_wconf 46' lang='lat' dir='ltr'><strong>esi</strong></span> <span class='ocrx_word' id='word_1_469' title='bbox 1312 1524 1389 1566; x_wconf 55' lang='grc' dir='ltr'><strong>¹¹¹θ¹ξ⁸</strong></span> <span class='ocrx_word' id='word_1_470' title='bbox 1403 1520 1447 1543; x_wconf 63' lang='grc' dir='ltr'><strong>ωδ</strong></span> <span class='ocrx_word' id='word_1_471' title='bbox 1464 1516 1515 1543; x_wconf 62' lang='lat' dir='ltr'><strong>ﬁxa</strong></span> <span class='ocrx_word' id='word_1_472' title='bbox 1530 1520 1557 1543; x_wconf 43' lang='lat' dir='ltr'><strong>ei</strong></span> <span class='ocrx_word' id='word_1_473' title='bbox 1575 1515 1696 1566; x_wconf 29' lang='lat' dir='ltr'><strong>“diu?</strong></span> 
     </span>
    </p>
   </div>
   <div class='ocr_carea' id='block_1_61' title="bbox 68 1575 859 1612">
    <p class='ocr_par' dir='ltr' id='par_1_61' title="bbox 68 1575 859 1612">
     <span class='ocr_line' id='line_1_61' title="bbox 68 1575 859 1612; baseline 0.003 -10"><span class='ocrx_word' id='word_1_474' title='bbox 68 1575 296 1610; x_wconf 84' lang='lat' dir='ltr'><strong>quisquemensis</strong></span> <span class='ocrx_word' id='word_1_475' title='bbox 316 1575 463 1602; x_wconf 90' lang='lat' dir='ltr'><strong>Sabbatum</strong></span> <span class='ocrx_word' id='word_1_476' title='bbox 479 1580 520 1603; x_wconf 86' lang='lat' dir='ltr'><strong>est</strong></span> <span class='ocrx_word' id='word_1_477' title='bbox 532 1576 782 1612; x_wconf 81' lang='lat' dir='ltr'><strong>mensinm.Agltur</strong></span> <span class='ocrx_word' id='word_1_478' title='bbox 794 1584 859 1612; x_wconf 85' lang='lat' dir='ltr'><strong>ergo</strong></span> 
     </span>
    </p>
   </div>
   <div class='ocr_carea' id='block_1_62' title="bbox 68 1621 860 1657">
    <p class='ocr_par' dir='ltr' id='par_1_62' title="bbox 68 1621 860 1657">
     <span class='ocr_line' id='line_1_62' title="bbox 68 1621 860 1657; baseline 0.003 -9"><span class='ocrx_word' id='word_1_479' title='bbox 68 1623 96 1648; x_wconf 92' lang='lat' dir='ltr'><strong>in</strong></span> <span class='ocrx_word' id='word_1_480' title='bbox 105 1629 139 1649; x_wconf 90' lang='lat' dir='ltr'><strong>eo</strong></span> <span class='ocrx_word' id='word_1_481' title='bbox 148 1622 291 1654; x_wconf 84' lang='lat' dir='ltr'><strong>festivitas,</strong></span> <span class='ocrx_word' id='word_1_482' title='bbox 299 1630 359 1657; x_wconf 71' lang='lat' dir='ltr'><strong>qua:</strong></span> <span class='ocrx_word' id='word_1_483' title='bbox 366 1621 463 1649; x_wconf 88' lang='lat' dir='ltr'><strong>dicitur</strong></span> <span class='ocrx_word' id='word_1_484' title='bbox 472 1621 589 1650; x_wconf 88' lang='lat' dir='ltr'><strong>Sabbata</strong></span> <span class='ocrx_word' id='word_1_485' title='bbox 601 1623 787 1656; x_wconf 82' lang='lat' dir='ltr'><strong>sabbatorum,</strong></span> <span class='ocrx_word' id='word_1_486' title='bbox 795 1628 822 1650; x_wconf 91' lang='lat' dir='ltr'><strong>et</strong></span> <span class='ocrx_word' id='word_1_487' title='bbox 831 1623 860 1650; x_wconf 87' lang='lat' dir='ltr'><strong>fit</strong></span> 
     </span>
    </p>
   </div>
   <div class='ocr_carea' id='block_1_63' title="bbox 69 1667 859 1704">
    <p class='ocr_par' dir='ltr' id='par_1_63' title="bbox 69 1667 859 1704">
     <span class='ocr_line' id='line_1_63' title="bbox 69 1667 859 1704; baseline 0.001 -8"><span class='ocrx_word' id='word_1_488' title='bbox 69 1670 97 1696; x_wconf 88' lang='lat' dir='ltr'><strong>in</strong></span> <span class='ocrx_word' id='word_1_489' title='bbox 107 1668 151 1695; x_wconf 89' lang='lat' dir='ltr'><strong>die</strong></span> <span class='ocrx_word' id='word_1_490' title='bbox 158 1667 243 1702; x_wconf 85' lang='lat' dir='ltr'><strong>prima</strong></span> <span class='ocrx_word' id='word_1_491' title='bbox 251 1669 350 1696; x_wconf 90' lang='lat' dir='ltr'><strong>mensis</strong></span> <span class='ocrx_word' id='word_1_492' title='bbox 358 1669 480 1695; x_wconf 90' lang='lat' dir='ltr'><strong>tubarum</strong></span> <span class='ocrx_word' id='word_1_493' title='bbox 492 1669 687 1697; x_wconf 89' lang='lat' dir='ltr'><strong>memoria.Sed</strong></span> <span class='ocrx_word' id='word_1_494' title='bbox 695 1669 756 1704; x_wconf 91' lang='lat' dir='ltr'><strong>quis</strong></span> <span class='ocrx_word' id='word_1_495' title='bbox 765 1674 805 1696; x_wconf 90' lang='lat' dir='ltr'><strong>est</strong></span> <span class='ocrx_word' id='word_1_496' title='bbox 813 1670 859 1704; x_wconf 89' lang='lat' dir='ltr'><strong>qui</strong></span> 
     </span>
    </p>
   </div>
   <div class='ocr_carea' id='block_1_64' title="bbox 71 1714 857 1752">
    <p class='ocr_par' dir='ltr' id='par_1_64' title="bbox 71 1714 857 1752">
     <span class='ocr_line' id='line_1_64' title="bbox 71 1714 857 1752; baseline -0.005 -6"><span class='ocrx_word' id='word_1_497' title='bbox 71 1719 246 1747; x_wconf 82' lang='lat' dir='ltr'><strong>festivitatem</strong></span> <span class='ocrx_word' id='word_1_498' title='bbox 259 1720 334 1752; x_wconf 88' lang='lat' dir='ltr'><strong>gerat</strong></span> <span class='ocrx_word' id='word_1_499' title='bbox 344 1714 480 1742; x_wconf 72' lang='lat' dir='ltr'><strong>memoriae</strong></span> <span class='ocrx_word' id='word_1_500' title='bbox 492 1715 628 1748; x_wconf 86' lang='lat' dir='ltr'><strong>tubarum,</strong></span> <span class='ocrx_word' id='word_1_501' title='bbox 646 1715 696 1742; x_wconf 81' lang='lat' dir='ltr'><strong>nisi</strong></span> <span class='ocrx_word' id='word_1_502' title='bbox 712 1716 758 1750; x_wconf 90' lang='lat' dir='ltr'><strong>qui</strong></span> <span class='ocrx_word' id='word_1_503' title='bbox 770 1719 857 1750; x_wconf 85' lang='lat' dir='ltr'><strong>potest</strong></span> 
     </span>
    </p>
   </div>
   <div class='ocr_carea' id='block_1_65' title="bbox 71 1761 856 1799">
    <p class='ocr_par' dir='ltr' id='par_1_65' title="bbox 71 1761 856 1799">
     <span class='ocr_line' id='line_1_65' title="bbox 71 1761 856 1799; baseline -0.005 -7"><span class='ocrx_word' id='word_1_504' title='bbox 71 1765 229 1799; x_wconf 80' lang='lat' dir='ltr'><strong>Scripturas</strong></span> <span class='ocrx_word' id='word_1_505' title='bbox 254 1762 426 1798; x_wconf 88' lang='lat' dir='ltr'><strong>propheticas</strong></span> <span class='ocrx_word' id='word_1_506' title='bbox 447 1767 474 1790; x_wconf 93' lang='lat' dir='ltr'><strong>et</strong></span> <span class='ocrx_word' id='word_1_507' title='bbox 489 1762 671 1798; x_wconf 80' lang='lat' dir='ltr'><strong>evangelicas,</strong></span> <span class='ocrx_word' id='word_1_508' title='bbox 698 1769 758 1797; x_wconf 69' lang='lat' dir='ltr'><strong>qua:</strong></span> <span class='ocrx_word' id='word_1_509' title='bbox 773 1761 856 1788; x_wconf 87' lang='lat' dir='ltr'><strong>veluti</strong></span> 
     </span>
    </p>
   </div>
   <div class='ocr_carea' id='block_1_66' title="bbox 71 1812 859 1848">
    <p class='ocr_par' dir='ltr' id='par_1_66' title="bbox 71 1812 859 1848">
     <span class='ocr_line' id='line_1_66' title="bbox 71 1812 859 1848; baseline -0.004 -6"><span class='ocrx_word' id='word_1_510' title='bbox 71 1814 197 1842; x_wconf 62' lang='lat' dir='ltr'><strong>caelestis</strong></span> <span class='ocrx_word' id='word_1_511' title='bbox 226 1814 348 1848; x_wconf 64' lang='lat' dir='ltr'><strong>quaedam</strong></span> <span class='ocrx_word' id='word_1_512' title='bbox 373 1818 518 1848; x_wconf 82' lang='lat' dir='ltr'><strong>personant</strong></span> <span class='ocrx_word' id='word_1_513' title='bbox 543 1813 606 1841; x_wconf 88' lang='lat' dir='ltr'><strong>tuba</strong></span> <span class='ocrx_word' id='word_1_514' title='bbox 625 1812 700 1848; x_wconf 74' lang='lat'><strong>(22),</strong></span> <span class='ocrx_word' id='word_1_515' title='bbox 730 1812 859 1840; x_wconf 90' lang='lat' dir='ltr'><strong>mandare</strong></span> 
     </span>
    </p>
   </div>
   <div class='ocr_carea' id='block_1_67' title="bbox 73 1859 860 1888">
    <p class='ocr_par' dir='ltr' id='par_1_67' title="bbox 73 1859 860 1888">
     <span class='ocr_line' id='line_1_67' title="bbox 73 1859 860 1888; baseline -0.003 -1"><span class='ocrx_word' id='word_1_516' title='bbox 73 1861 214 1887; x_wconf 71' lang='lat' dir='ltr'><strong>metum-ia:</strong></span> <span class='ocrx_word' id='word_1_517' title='bbox 230 1865 257 1888; x_wconf 87' lang='lat' dir='ltr'><strong>et</strong></span> <span class='ocrx_word' id='word_1_518' title='bbox 279 1860 351 1886; x_wconf 86' lang='lat' dir='ltr'><strong>intra</strong></span> <span class='ocrx_word' id='word_1_519' title='bbox 364 1859 522 1887; x_wconf 86' lang='lat' dir='ltr'><strong>thesaurum</strong></span> <span class='ocrx_word' id='word_1_520' title='bbox 533 1859 623 1887; x_wconf 88' lang='lat' dir='ltr'><strong>cordis</strong></span> <span class='ocrx_word' id='word_1_521' title='bbox 634 1859 674 1886; x_wconf 89' lang='lat' dir='ltr'><strong>sui</strong></span> <span class='ocrx_word' id='word_1_522' title='bbox 693 1859 860 1886; x_wconf 79' lang='lat' dir='ltr'><strong>recondere?</strong></span> 
     </span>
    </p>
   </div>
   <div class='ocr_carea' id='block_1_68' title="bbox 71 1904 857 1940">
    <p class='ocr_par' dir='ltr' id='par_1_68' title="bbox 71 1904 857 1940">
     <span class='ocr_line' id='line_1_68' title="bbox 71 1904 857 1940; baseline 0 -8"><span class='ocrx_word' id='word_1_523' title='bbox 71 1906 126 1940; x_wconf 88' lang='lat' dir='ltr'><strong>Qui</strong></span> <span class='ocrx_word' id='word_1_524' title='bbox 142 1913 207 1940; x_wconf 88' lang='lat' dir='ltr'><strong>ergo</strong></span> <span class='ocrx_word' id='word_1_525' title='bbox 223 1905 279 1932; x_wconf 62' lang='lat' dir='ltr'><strong>Itale</strong></span> <span class='ocrx_word' id='word_1_526' title='bbox 296 1905 394 1932; x_wconf 87' lang='lat' dir='ltr'><strong>facitet</strong></span> <span class='ocrx_word' id='word_1_527' title='bbox 410 1905 436 1932; x_wconf 92' lang='lat' dir='ltr'><strong>in</strong></span> <span class='ocrx_word' id='word_1_528' title='bbox 454 1904 513 1940; x_wconf 81' lang='lat' dir='ltr'><strong>lege</strong></span> <span class='ocrx_word' id='word_1_529' title='bbox 535 1905 580 1932; x_wconf 89' lang='lat' dir='ltr'><strong>Dei</strong></span> <span class='ocrx_word' id='word_1_530' title='bbox 600 1905 744 1932; x_wconf 89' lang='lat' dir='ltr'><strong>meditatur</strong></span> <span class='ocrx_word' id='word_1_531' title='bbox 761 1904 806 1933; x_wconf 88' lang='lat' dir='ltr'><strong>die</strong></span> <span class='ocrx_word' id='word_1_532' title='bbox 825 1913 857 1933; x_wconf 90' lang='lat' dir='ltr'><strong>ac</strong></span> 
     </span>
    </p>
   </div>
   <div class='ocr_carea' id='block_1_69' title="bbox 72 1951 856 1987">
    <p class='ocr_par' dir='ltr' id='par_1_69' title="bbox 72 1951 856 1987">
     <span class='ocr_line' id='line_1_69' title="bbox 72 1951 856 1987; baseline 0.001 -9"><span class='ocrx_word' id='word_1_533' title='bbox 72 1956 164 1983; x_wconf 85' lang='lat' dir='ltr'><strong>nocte,</strong></span> <span class='ocrx_word' id='word_1_534' title='bbox 191 1951 242 1979; x_wconf 87' lang='lat' dir='ltr'><strong>iste</strong></span> <span class='ocrx_word' id='word_1_535' title='bbox 265 1951 439 1979; x_wconf 86' lang='lat' dir='ltr'><strong>festivitatem</strong></span> <span class='ocrx_word' id='word_1_536' title='bbox 466 1951 535 1987; x_wconf 83' lang='lat' dir='ltr'><strong>gerit</strong></span> <span class='ocrx_word' id='word_1_537' title='bbox 562 1952 701 1979; x_wconf 71' lang='lat' dir='ltr'><strong>memoriae</strong></span> <span class='ocrx_word' id='word_1_538' title='bbox 719 1952 856 1980; x_wconf 89' lang='lat' dir='ltr'><strong>tubarum.</strong></span> 
     </span>
    </p>
   </div>
   <div class='ocr_carea' id='block_1_70' title="bbox 71 1997 859 2033">
    <p class='ocr_par' dir='ltr' id='par_1_70' title="bbox 71 1997 859 2033">
     <span class='ocr_line' id='line_1_70' title="bbox 71 1997 859 2033; baseline 0.003 -9"><span class='ocrx_word' id='word_1_539' title='bbox 71 1997 128 2025; x_wconf 84' lang='lat' dir='ltr'><strong>Sed</strong></span> <span class='ocrx_word' id='word_1_540' title='bbox 145 1997 206 2024; x_wconf 90' lang='lat' dir='ltr'><strong>etsi</strong></span> <span class='ocrx_word' id='word_1_541' title='bbox 223 1997 284 2031; x_wconf 91' lang='lat' dir='ltr'><strong>quis</strong></span> <span class='ocrx_word' id='word_1_542' title='bbox 301 2001 391 2032; x_wconf 87' lang='lat' dir='ltr'><strong>potest</strong></span> <span class='ocrx_word' id='word_1_543' title='bbox 415 1997 519 2031; x_wconf 78' lang='lat' dir='ltr'><strong>gratias</strong></span> <span class='ocrx_word' id='word_1_544' title='bbox 542 1997 604 2025; x_wconf 89' lang='lat' dir='ltr'><strong>illas</strong></span> <span class='ocrx_word' id='word_1_545' title='bbox 627 1998 713 2026; x_wconf 85' lang='lat' dir='ltr'><strong>sancti</strong></span> <span class='ocrx_word' id='word_1_546' title='bbox 737 1997 859 2033; x_wconf 86' lang='lat' dir='ltr'><strong>Spiritus</strong></span> 
     </span>
    </p>
   </div>
   <div class='ocr_carea' id='block_1_71' title="bbox 72 2042 859 2080">
    <p class='ocr_par' dir='ltr' id='par_1_71' title="bbox 72 2042 859 2080">
     <span class='ocr_line' id='line_1_71' title="bbox 72 2042 859 2080; baseline 0.005 -11"><span class='ocrx_word' id='word_1_547' title='bbox 72 2043 222 2077; x_wconf 85' lang='lat' dir='ltr'><strong>promereri</strong></span> <span class='ocrx_word' id='word_1_548' title='bbox 243 2042 342 2078; x_wconf 86' lang='lat' dir='ltr'><strong>quibus</strong></span> <span class='ocrx_word' id='word_1_549' title='bbox 361 2043 486 2076; x_wconf 80' lang='lat' dir='ltr'><strong>inspirati</strong></span> <span class='ocrx_word' id='word_1_550' title='bbox 502 2048 564 2070; x_wconf 93' lang='lat' dir='ltr'><strong>sunt</strong></span> <span class='ocrx_word' id='word_1_551' title='bbox 579 2045 727 2079; x_wconf 62' lang='lat' dir='ltr'><strong>prophetat,</strong></span> <span class='ocrx_word' id='word_1_552' title='bbox 741 2050 769 2072; x_wconf 90' lang='lat' dir='ltr'><strong>et</strong></span> <span class='ocrx_word' id='word_1_553' title='bbox 786 2045 859 2080; x_wconf 88' lang='lat' dir='ltr'><strong>psal-</strong></span> 
     </span>
    </p>
   </div>
   <div class='ocr_carea' id='block_1_72' title="bbox 73 2088 859 2124">
    <p class='ocr_par' dir='ltr' id='par_1_72' title="bbox 73 2088 859 2124">
     <span class='ocr_line' id='line_1_72' title="bbox 73 2088 859 2124; baseline 0.004 -8"><span class='ocrx_word' id='word_1_554' title='bbox 73 2090 136 2116; x_wconf 87' lang='lat' dir='ltr'><strong>Iens</strong></span> <span class='ocrx_word' id='word_1_555' title='bbox 148 2089 241 2116; x_wconf 88' lang='lat' dir='ltr'><strong>dicere</strong></span> <span class='ocrx_word' id='word_1_556' title='bbox 259 2097 265 2116; x_wconf 92' lang='lat'>:</span> <span class='ocrx_word' id='word_1_557' title='bbox 282 2097 291 2114; x_wconf 79' lang='lat' dir='ltr'><strong>t</strong></span> <span class='ocrx_word' id='word_1_558' title='bbox 311 2089 406 2116; x_wconf 86' lang='lat' dir='ltr'><strong>Canite</strong></span> <span class='ocrx_word' id='word_1_559' title='bbox 419 2088 525 2115; x_wconf 91' lang='lat' dir='ltr'><strong>initium</strong></span> <span class='ocrx_word' id='word_1_560' title='bbox 539 2090 640 2118; x_wconf 86' lang='lat' dir='ltr'><strong>mensis</strong></span> <span class='ocrx_word' id='word_1_561' title='bbox 664 2091 738 2124; x_wconf 90' lang='lat' dir='ltr'><strong>tuba,</strong></span> <span class='ocrx_word' id='word_1_562' title='bbox 764 2091 791 2118; x_wconf 93' lang='lat' dir='ltr'><strong>in</strong></span> <span class='ocrx_word' id='word_1_563' title='bbox 815 2091 859 2120; x_wconf 90' lang='lat' dir='ltr'><strong>die</strong></span> 
     </span>
    </p>
   </div>
   <div class='ocr_carea' id='block_1_73' title="bbox 71 2135 856 2172">
    <p class='ocr_par' dir='ltr' id='par_1_73' title="bbox 71 2135 856 2172">
     <span class='ocr_line' id='line_1_73' title="bbox 71 2135 856 2172; baseline 0.004 -9"><span class='ocrx_word' id='word_1_564' title='bbox 71 2135 189 2170; x_wconf 79' lang='lat' dir='ltr'><strong>insignis</strong></span> <span class='ocrx_word' id='word_1_565' title='bbox 203 2135 383 2163; x_wconf 87' lang='lat' dir='ltr'><strong>solemnitatis</strong></span> <span class='ocrx_word' id='word_1_566' title='bbox 397 2136 482 2170; x_wconf 67' lang='lat' dir='ltr'><strong>ejus,»</strong></span> <span class='ocrx_word' id='word_1_567' title='bbox 493 2142 520 2164; x_wconf 87' lang='lat' dir='ltr'><strong>et</strong></span> <span class='ocrx_word' id='word_1_568' title='bbox 532 2137 576 2170; x_wconf 90' lang='lat' dir='ltr'><strong>qui</strong></span> <span class='ocrx_word' id='word_1_569' title='bbox 585 2136 637 2163; x_wconf 83' lang='lat' dir='ltr'><strong>scit</strong></span> <span class='ocrx_word' id='word_1_570' title='bbox 649 2136 676 2164; x_wconf 93' lang='lat' dir='ltr'><strong>in</strong></span> <span class='ocrx_word' id='word_1_571' title='bbox 688 2137 800 2170; x_wconf 79' lang='lat' dir='ltr'><strong>psalmis</strong></span> <span class='ocrx_word' id='word_1_572' title='bbox 810 2137 856 2172; x_wconf 76' lang='lat' dir='ltr'><strong>ju-</strong></span> 
     </span>
    </p>
   </div>
   <div class='ocr_carea' id='block_1_74' title="bbox 71 2181 750 2216">
    <p class='ocr_par' dir='ltr' id='par_1_74' title="bbox 71 2181 750 2216">
     <span class='ocr_line' id='line_1_74' title="bbox 71 2181 750 2216; baseline 0.003 -9"><span class='ocrx_word' id='word_1_573' title='bbox 71 2181 160 2208; x_wconf 83' lang='lat' dir='ltr'><strong>bilarc</strong></span> <span class='ocrx_word' id='word_1_574' title='bbox 173 2181 208 2212; x_wconf 86' lang='lat' dir='ltr'><strong>ei,</strong></span> <span class='ocrx_word' id='word_1_575' title='bbox 226 2181 305 2216; x_wconf 83' lang='lat' dir='ltr'><strong>digne</strong></span> <span class='ocrx_word' id='word_1_576' title='bbox 321 2181 375 2216; x_wconf 85' lang='lat' dir='ltr'><strong>agit</strong></span> <span class='ocrx_word' id='word_1_577' title='bbox 391 2182 589 2210; x_wconf 87' lang='lat' dir='ltr'><strong>solemnitatem</strong></span> <span class='ocrx_word' id='word_1_578' title='bbox 602 2182 750 2210; x_wconf 85' lang='lat' dir='ltr'><strong>Tubarum.</strong></span> 
     </span>
    </p>
   </div>
   <div class='ocr_carea' id='block_1_75' title="bbox 110 2245 859 2281">
    <p class='ocr_par' dir='ltr' id='par_1_75' title="bbox 110 2245 859 2281">
     <span class='ocr_line' id='line_1_75' title="bbox 110 2245 859 2281; baseline 0.001 -9"><span class='ocrx_word' id='word_1_579' title='bbox 110 2245 152 2272; x_wconf 78' lang='grc' dir='ltr'>ιο.</span> <span class='ocrx_word' id='word_1_580' title='bbox 169 2245 216 2272; x_wconf 84' lang='lat' dir='ltr'><strong>Est</strong></span> <span class='ocrx_word' id='word_1_581' title='bbox 230 2245 318 2273; x_wconf 85' lang='lat' dir='ltr'><strong>adhuc</strong></span> <span class='ocrx_word' id='word_1_582' title='bbox 330 2246 416 2273; x_wconf 91' lang='lat' dir='ltr'><strong>etalia</strong></span> <span class='ocrx_word' id='word_1_583' title='bbox 434 2245 578 2278; x_wconf 86' lang='lat' dir='ltr'><strong>festivitas,</strong></span> <span class='ocrx_word' id='word_1_584' title='bbox 589 2253 649 2273; x_wconf 91' lang='lat' dir='ltr'><strong>cum</strong></span> <span class='ocrx_word' id='word_1_585' title='bbox 663 2245 784 2281; x_wconf 83' lang='lat' dir='ltr'><strong>aﬂligunt</strong></span> <span class='ocrx_word' id='word_1_586' title='bbox 798 2247 859 2274; x_wconf 92' lang='lat' dir='ltr'><strong>ani-</strong></span> 
     </span>
    </p>
   </div>
   <div class='ocr_carea' id='block_1_76' title="bbox 71 2291 858 2321">
    <p class='ocr_par' dir='ltr' id='par_1_76' title="bbox 71 2291 858 2321">
     <span class='ocr_line' id='line_1_76' title="bbox 71 2291 858 2321; baseline 0.004 -4"><span class='ocrx_word' id='word_1_587' title='bbox 71 2299 131 2318; x_wconf 83' lang='lat' dir='ltr'><strong>mas</strong></span> <span class='ocrx_word' id='word_1_588' title='bbox 147 2298 210 2317; x_wconf 88' lang='lat' dir='ltr'><strong>suas</strong></span> <span class='ocrx_word' id='word_1_589' title='bbox 222 2295 249 2318; x_wconf 90' lang='lat' dir='ltr'><strong>et</strong></span> <span class='ocrx_word' id='word_1_590' title='bbox 263 2291 406 2319; x_wconf 90' lang='lat' dir='ltr'><strong>humiliaut</strong></span> <span class='ocrx_word' id='word_1_591' title='bbox 432 2298 461 2319; x_wconf 89' lang='lat' dir='ltr'><strong>se</strong></span> <span class='ocrx_word' id='word_1_592' title='bbox 479 2291 534 2319; x_wconf 85' lang='lat' dir='ltr'><strong>Deo</strong></span> <span class='ocrx_word' id='word_1_593' title='bbox 551 2291 621 2319; x_wconf 74' lang='lat' dir='ltr'><strong>festa</strong></span> <span class='ocrx_word' id='word_1_594' title='bbox 637 2291 821 2320; x_wconf 80' lang='lat' dir='ltr'><strong>celebrantes.</strong></span> <span class='ocrx_word' id='word_1_595' title='bbox 835 2294 858 2321; x_wconf 85' lang='lat'>0</span> 
     </span>
    </p>
   </div>
   <div class='ocr_carea' id='block_1_77' title="bbox 71 2335 854 2366">
    <p class='ocr_par' dir='ltr' id='par_1_77' title="bbox 71 2335 854 2366">
     <span class='ocr_line' id='line_1_77' title="bbox 71 2335 854 2366; baseline 0.004 -4"><span class='ocrx_word' id='word_1_596' title='bbox 71 2336 142 2362; x_wconf 91' lang='lat' dir='ltr'><strong>mira</strong></span> <span class='ocrx_word' id='word_1_597' title='bbox 160 2335 306 2364; x_wconf 82' lang='lat' dir='ltr'><strong>festivitas!</strong></span> <span class='ocrx_word' id='word_1_598' title='bbox 318 2336 375 2364; x_wconf 86' lang='lat' dir='ltr'><strong>dies</strong></span> <span class='ocrx_word' id='word_1_599' title='bbox 392 2336 477 2364; x_wconf 86' lang='lat' dir='ltr'><strong>festus</strong></span> <span class='ocrx_word' id='word_1_600' title='bbox 497 2341 608 2364; x_wconf 87' lang='lat' dir='ltr'><strong>vocatur</strong></span> <span class='ocrx_word' id='word_1_601' title='bbox 621 2337 732 2365; x_wconf 87' lang='lat' dir='ltr'><strong>atlIictio</strong></span> <span class='ocrx_word' id='word_1_602' title='bbox 745 2338 854 2366; x_wconf 60' lang='lat' dir='ltr'><strong>anima}.</strong></span> 
     </span>
    </p>
   </div>
   <div class='ocr_carea' id='block_1_78' title="bbox 73 2381 857 2418">
    <p class='ocr_par' dir='ltr' id='par_1_78' title="bbox 73 2381 857 2418">
     <span class='ocr_line' id='line_1_78' title="bbox 73 2381 857 2418; baseline 0.005 -9"><span class='ocrx_word' id='word_1_603' title='bbox 73 2382 124 2409; x_wconf 85' lang='lat' dir='ltr'><strong>Ilic</strong></span> <span class='ocrx_word' id='word_1_604' title='bbox 136 2381 222 2414; x_wconf 87' lang='lat' dir='ltr'><strong>enim,</strong></span> <span class='ocrx_word' id='word_1_605' title='bbox 236 2381 331 2416; x_wconf 88' lang='lat' dir='ltr'><strong>inquit,</strong></span> <span class='ocrx_word' id='word_1_606' title='bbox 345 2382 402 2410; x_wconf 86' lang='lat' dir='ltr'><strong>dies</strong></span> <span class='ocrx_word' id='word_1_607' title='bbox 417 2387 458 2410; x_wconf 89' lang='lat' dir='ltr'><strong>est</strong></span> <span class='ocrx_word' id='word_1_608' title='bbox 474 2384 676 2418; x_wconf 84' lang='lat' dir='ltr'><strong>propitiationis</strong></span> <span class='ocrx_word' id='word_1_609' title='bbox 693 2385 800 2413; x_wconf 85' lang='lat' dir='ltr'><strong>decima</strong></span> <span class='ocrx_word' id='word_1_610' title='bbox 813 2385 857 2413; x_wconf 89' lang='lat' dir='ltr'><strong>die</strong></span> 
     </span>
    </p>
   </div>
   <div class='ocr_carea' id='block_1_79' title="bbox 71 2427 854 2465">
    <p class='ocr_par' dir='ltr' id='par_1_79' title="bbox 71 2427 854 2465">
     <span class='ocr_line' id='line_1_79' title="bbox 71 2427 854 2465; baseline 0.005 -11"><span class='ocrx_word' id='word_1_611' title='bbox 71 2427 175 2455; x_wconf 85' lang='lat' dir='ltr'><strong>mensis</strong></span> <span class='ocrx_word' id='word_1_612' title='bbox 190 2427 308 2461; x_wconf 83' lang='lat' dir='ltr'><strong>septimi.</strong></span> <span class='ocrx_word' id='word_1_613' title='bbox 323 2427 391 2455; x_wconf 84' lang='lat' dir='ltr'><strong>Vide</strong></span> <span class='ocrx_word' id='word_1_614' title='bbox 409 2435 484 2462; x_wconf 81' lang='lat' dir='ltr'><strong>ergo,</strong></span> <span class='ocrx_word' id='word_1_615' title='bbox 503 2429 525 2455; x_wconf 90' lang='lat' dir='ltr'><strong>si</strong></span> <span class='ocrx_word' id='word_1_616' title='bbox 538 2429 577 2456; x_wconf 91' lang='lat' dir='ltr'><strong>vis</strong></span> <span class='ocrx_word' id='word_1_617' title='bbox 590 2429 659 2457; x_wconf 89' lang='lat' dir='ltr'><strong>diem</strong></span> <span class='ocrx_word' id='word_1_618' title='bbox 677 2429 775 2458; x_wconf 85' lang='lat' dir='ltr'><strong>festum</strong></span> <span class='ocrx_word' id='word_1_619' title='bbox 789 2438 854 2465; x_wconf 85' lang='lat' dir='ltr'><strong>age-</strong></span> 
     </span>
    </p>
   </div>
   <div class='ocr_carea' id='block_1_80' title="bbox 72 2471 854 2510">
    <p class='ocr_par' dir='ltr' id='par_1_80' title="bbox 72 2471 854 2510">
     <span class='ocr_line' id='line_1_80' title="bbox 72 2471 854 2510; baseline 0.005 -11"><span class='ocrx_word' id='word_1_620' title='bbox 72 2479 112 2504; x_wconf 91' lang='lat' dir='ltr'><strong>re,</strong></span> <span class='ocrx_word' id='word_1_621' title='bbox 126 2472 150 2499; x_wconf 90' lang='lat' dir='ltr'><strong>si</strong></span> <span class='ocrx_word' id='word_1_622' title='bbox 170 2472 210 2499; x_wconf 89' lang='lat' dir='ltr'><strong>vis</strong></span> <span class='ocrx_word' id='word_1_623' title='bbox 226 2476 255 2498; x_wconf 93' lang='lat' dir='ltr'><strong>ut</strong></span> <span class='ocrx_word' id='word_1_624' title='bbox 271 2471 376 2500; x_wconf 66' lang='lat' dir='ltr'><strong>laetetur</strong></span> <span class='ocrx_word' id='word_1_625' title='bbox 395 2472 466 2500; x_wconf 85' lang='lat' dir='ltr'><strong>Deus</strong></span> <span class='ocrx_word' id='word_1_626' title='bbox 483 2481 564 2509; x_wconf 83' lang='lat' dir='ltr'><strong>super</strong></span> <span class='ocrx_word' id='word_1_627' title='bbox 578 2479 614 2507; x_wconf 87' lang='lat' dir='ltr'><strong>te,</strong></span> <span class='ocrx_word' id='word_1_628' title='bbox 632 2473 719 2510; x_wconf 84' lang='lat' dir='ltr'><strong>aﬂlige</strong></span> <span class='ocrx_word' id='word_1_629' title='bbox 735 2477 854 2503; x_wconf 84' lang='lat' dir='ltr'><strong>animam</strong></span> 
     </span>
    </p>
   </div>
   <div class='ocr_carea' id='block_1_81' title="bbox 73 2517 855 2556">
    <p class='ocr_par' dir='ltr' id='par_1_81' title="bbox 73 2517 855 2556">
     <span class='ocr_line' id='line_1_81' title="bbox 73 2517 855 2556; baseline 0.005 -10"><span class='ocrx_word' id='word_1_630' title='bbox 73 2523 148 2546; x_wconf 89' lang='lat' dir='ltr'><strong>tuam</strong></span> <span class='ocrx_word' id='word_1_631' title='bbox 174 2522 202 2545; x_wconf 89' lang='lat' dir='ltr'><strong>et</strong></span> <span class='ocrx_word' id='word_1_632' title='bbox 224 2517 334 2545; x_wconf 89' lang='lat' dir='ltr'><strong>humilia</strong></span> <span class='ocrx_word' id='word_1_633' title='bbox 354 2525 425 2545; x_wconf 90' lang='lat' dir='ltr'><strong>eam.</strong></span> <span class='ocrx_word' id='word_1_634' title='bbox 446 2518 503 2546; x_wconf 88' lang='lat' dir='ltr'><strong>Non</strong></span> <span class='ocrx_word' id='word_1_635' title='bbox 525 2519 549 2546; x_wconf 90' lang='lat' dir='ltr'><strong>ei</strong></span> <span class='ocrx_word' id='word_1_636' title='bbox 579 2520 720 2554; x_wconf 84' lang='lat' dir='ltr'><strong>permittas</strong></span> <span class='ocrx_word' id='word_1_637' title='bbox 744 2522 855 2556; x_wconf 82' lang='lat' dir='ltr'><strong>explere</strong></span> 
     </span>
    </p>
   </div>
   <div class='ocr_carea' id='block_1_82' title="bbox 71 2564 855 2602">
    <p class='ocr_par' dir='ltr' id='par_1_82' title="bbox 71 2564 855 2602">
     <span class='ocr_line' id='line_1_82' title="bbox 71 2564 855 2602; baseline 0.005 -11"><span class='ocrx_word' id='word_1_638' title='bbox 71 2564 207 2592; x_wconf 79' lang='lat' dir='ltr'><strong>desideria</strong></span> <span class='ocrx_word' id='word_1_639' title='bbox 222 2571 282 2595; x_wconf 88' lang='lat' dir='ltr'><strong>sua,</strong></span> <span class='ocrx_word' id='word_1_640' title='bbox 294 2571 343 2591; x_wconf 87' lang='lat' dir='ltr'><strong>nec</strong></span> <span class='ocrx_word' id='word_1_641' title='bbox 359 2564 493 2592; x_wconf 88' lang='lat' dir='ltr'><strong>concedas</strong></span> <span class='ocrx_word' id='word_1_642' title='bbox 505 2565 531 2592; x_wconf 90' lang='lat' dir='ltr'><strong>ei</strong></span> <span class='ocrx_word' id='word_1_643' title='bbox 548 2565 666 2593; x_wconf 86' lang='lat' dir='ltr'><strong>lasciviis</strong></span> <span class='ocrx_word' id='word_1_644' title='bbox 677 2567 799 2602; x_wconf 84' lang='lat' dir='ltr'><strong>evagari,</strong></span> <span class='ocrx_word' id='word_1_645' title='bbox 808 2568 855 2595; x_wconf 82' lang='lat' dir='ltr'><strong>sed</strong></span> 
     </span>
    </p>
   </div>
   <div class='ocr_carea' id='block_1_83' title="bbox 70 2609 852 2646">
    <p class='ocr_par' dir='ltr' id='par_1_83' title="bbox 70 2609 852 2646">
     <span class='ocr_line' id='line_1_83' title="bbox 70 2609 852 2646; baseline 0.006 -9"><span class='ocrx_word' id='word_1_646' title='bbox 70 2611 232 2645; x_wconf 79' lang='lat' dir='ltr'><strong>inquantum</strong></span> <span class='ocrx_word' id='word_1_647' title='bbox 252 2609 309 2637; x_wconf 80' lang='lat' dir='ltr'><strong>fieri</strong></span> <span class='ocrx_word' id='word_1_648' title='bbox 324 2615 422 2645; x_wconf 88' lang='lat' dir='ltr'><strong>potest,</strong></span> <span class='ocrx_word' id='word_1_649' title='bbox 439 2610 525 2646; x_wconf 69' lang='lat' dir='ltr'><strong>amige</strong></span> <span class='ocrx_word' id='word_1_650' title='bbox 539 2616 566 2638; x_wconf 87' lang='lat' dir='ltr'><strong>et</strong></span> <span class='ocrx_word' id='word_1_651' title='bbox 581 2611 692 2639; x_wconf 90' lang='lat' dir='ltr'><strong>humilia</strong></span> <span class='ocrx_word' id='word_1_652' title='bbox 706 2620 777 2640; x_wconf 88' lang='lat' dir='ltr'><strong>eam.</strong></span> <span class='ocrx_word' id='word_1_653' title='bbox 800 2613 852 2642; x_wconf 84' lang='lat' dir='ltr'><strong>Dc-</strong></span> 
     </span>
    </p>
   </div>
   <div class='ocr_carea' id='block_1_84' title="bbox 71 2654 854 2692">
    <p class='ocr_par' dir='ltr' id='par_1_84' title="bbox 71 2654 854 2692">
     <span class='ocr_line' id='line_1_84' title="bbox 71 2654 854 2692; baseline 0.008 -11"><span class='ocrx_word' id='word_1_654' title='bbox 71 2655 156 2690; x_wconf 88' lang='lat' dir='ltr'><strong>nique</strong></span> <span class='ocrx_word' id='word_1_655' title='bbox 169 2654 281 2682; x_wconf 69' lang='lat' dir='ltr'><strong>Pasehm</strong></span> <span class='ocrx_word' id='word_1_656' title='bbox 297 2655 429 2684; x_wconf 86' lang='lat' dir='ltr'><strong>festivitas</strong></span> <span class='ocrx_word' id='word_1_657' title='bbox 442 2661 469 2684; x_wconf 91' lang='lat' dir='ltr'><strong>et</strong></span> <span class='ocrx_word' id='word_1_658' title='bbox 483 2658 646 2692; x_wconf 75' lang='lat' dir='ltr'><strong>Azymorum</strong></span> <span class='ocrx_word' id='word_1_659' title='bbox 656 2677 663 2690; x_wconf 94' lang='lat'><strong>,</strong></span> <span class='ocrx_word' id='word_1_660' title='bbox 677 2666 775 2692; x_wconf 89' lang='lat' dir='ltr'><strong>panem</strong></span> <span class='ocrx_word' id='word_1_661' title='bbox 787 2659 854 2686; x_wconf 84' lang='lat' dir='ltr'><strong>aﬂli-</strong></span> 
     </span>
    </p>
   </div>
   <div class='ocr_carea' id='block_1_85' title="bbox 68 2700 854 2740">
    <p class='ocr_par' dir='ltr' id='par_1_85' title="bbox 68 2700 854 2740">
     <span class='ocr_line' id='line_1_85' title="bbox 68 2700 854 2740; baseline 0.009 -14"><span class='ocrx_word' id='word_1_662' title='bbox 68 2700 172 2727; x_wconf 87' lang='lat' dir='ltr'><strong>ctionis</strong></span> <span class='ocrx_word' id='word_1_663' title='bbox 190 2700 290 2728; x_wconf 87' lang='lat' dir='ltr'><strong>habere</strong></span> <span class='ocrx_word' id='word_1_664' title='bbox 300 2701 420 2729; x_wconf 88' lang='lat' dir='ltr'><strong>dicitur:</strong></span> <span class='ocrx_word' id='word_1_665' title='bbox 435 2709 484 2730; x_wconf 89' lang='lat' dir='ltr'><strong>uec</strong></span> <span class='ocrx_word' id='word_1_666' title='bbox 502 2707 590 2738; x_wconf 85' lang='lat' dir='ltr'><strong>potest</strong></span> <span class='ocrx_word' id='word_1_667' title='bbox 605 2703 665 2738; x_wconf 89' lang='lat' dir='ltr'><strong>quis</strong></span> <span class='ocrx_word' id='word_1_668' title='bbox 680 2711 761 2740; x_wconf 83' lang='lat' dir='ltr'><strong>agere</strong></span> <span class='ocrx_word' id='word_1_669' title='bbox 784 2705 854 2733; x_wconf 90' lang='lat' dir='ltr'><strong>diem</strong></span> 
     </span>
    </p>
   </div>
   <div class='ocr_carea' id='block_1_86' title="bbox 102 2760 876 2796">
    <p class='ocr_par' dir='ltr' id='par_1_86' title="bbox 102 2760 876 2796">
     <span class='ocr_line' id='line_1_86' title="bbox 102 2760 876 2796; baseline 0.004 -8"><span class='ocrx_word' id='word_1_670' title='bbox 102 2761 126 2776; x_wconf 75' lang='grc'><strong>⁸⁸</strong></span> <span class='ocrx_word' id='word_1_671' title='bbox 139 2760 226 2788; x_wconf 84' lang='lat' dir='ltr'><strong>Galat.</strong></span> <span class='ocrx_word' id='word_1_672' title='bbox 244 2769 279 2791; x_wconf 81' lang='lat' dir='ltr'><strong>vi.</strong></span> <span class='ocrx_word' id='word_1_673' title='bbox 295 2761 321 2788; x_wconf 87' lang='lat'><strong>8.</strong></span> <span class='ocrx_word' id='word_1_674' title='bbox 359 2761 380 2777; x_wconf 74' lang='grc'><strong>³⁸</strong></span> <span class='ocrx_word' id='word_1_675' title='bbox 398 2760 497 2788; x_wconf 81' lang='lat' dir='ltr'><strong>Jerem.</strong></span> <span class='ocrx_word' id='word_1_676' title='bbox 514 2769 549 2794; x_wconf 88' lang='lat' dir='ltr'><strong>tv,</strong></span> <span class='ocrx_word' id='word_1_677' title='bbox 565 2762 590 2789; x_wconf 77' lang='grc'><strong>5.</strong></span> <span class='ocrx_word' id='word_1_678' title='bbox 641 2763 664 2779; x_wconf 82' lang='grc'><strong>⁸²</strong></span> <span class='ocrx_word' id='word_1_679' title='bbox 678 2762 763 2790; x_wconf 88' lang='lat' dir='ltr'><strong>Galat.</strong></span> <span class='ocrx_word' id='word_1_680' title='bbox 791 2773 817 2796; x_wconf 80' lang='lat' dir='ltr'><strong>v,</strong></span> <span class='ocrx_word' id='word_1_681' title='bbox 832 2764 876 2791; x_wconf 74' lang='grc'><strong>22.</strong></span> 
     </span>
    </p>
   </div>
   <div class='ocr_carea' id='block_1_87' title="bbox 70 2796 380 2830">
    <p class='ocr_par' dir='ltr' id='par_1_87' title="bbox 70 2796 380 2830">
     <span class='ocr_line' id='line_1_87' title="bbox 70 2796 380 2830; baseline 0 -7"><span class='ocrx_word' id='word_1_682' title='bbox 70 2797 111 2823; x_wconf 71' lang='grc' dir='ltr'><strong>ιδ.</strong></span> <span class='ocrx_word' id='word_1_683' title='bbox 151 2796 174 2811; x_wconf 78' lang='grc'><strong>³⁸</strong></span> <span class='ocrx_word' id='word_1_684' title='bbox 192 2796 242 2824; x_wconf 80' lang='lat' dir='ltr'><strong>lsa.</strong></span> <span class='ocrx_word' id='word_1_685' title='bbox 260 2805 321 2830; x_wconf 79' lang='lat' dir='ltr'><strong>xxx,</strong></span> <span class='ocrx_word' id='word_1_686' title='bbox 334 2798 380 2825; x_wconf 71' lang='lat'><strong>26.</strong></span> 
     </span>
    </p>
   </div>
   <div class='ocr_carea' id='block_1_88' title="bbox 911 1560 1697 1596">
    <p class='ocr_par' dir='ltr' id='par_1_88' title="bbox 911 1560 1697 1596">
     <span class='ocr_line' id='line_1_88' title="bbox 911 1560 1697 1596; baseline -0.003 -7"><span class='ocrx_word' id='word_1_687' title='bbox 911 1562 938 1590; x_wconf 90' lang='lat' dir='ltr'><strong>in</strong></span> <span class='ocrx_word' id='word_1_688' title='bbox 957 1561 1100 1589; x_wconf 87' lang='lat' dir='ltr'><strong>desideriis</strong></span> <span class='ocrx_word' id='word_1_689' title='bbox 1122 1566 1292 1589; x_wconf 88' lang='lat' dir='ltr'><strong>terrenorum</strong></span> <span class='ocrx_word' id='word_1_690' title='bbox 1306 1581 1313 1593; x_wconf 88' lang='lat'><strong>,</strong></span> <span class='ocrx_word' id='word_1_691' title='bbox 1330 1562 1376 1589; x_wconf 91' lang='lat' dir='ltr'><strong>sed</strong></span> <span class='ocrx_word' id='word_1_692' title='bbox 1398 1566 1511 1596; x_wconf 89' lang='lat' dir='ltr'><strong>paratus</strong></span> <span class='ocrx_word' id='word_1_693' title='bbox 1533 1568 1562 1588; x_wconf 89' lang='lat' dir='ltr'><strong>es</strong></span> <span class='ocrx_word' id='word_1_694' title='bbox 1590 1565 1620 1588; x_wconf 91' lang='lat' dir='ltr'><strong>ut</strong></span> <span class='ocrx_word' id='word_1_695' title='bbox 1641 1560 1697 1587; x_wconf 86' lang='lat' dir='ltr'><strong>cito</strong></span> 
     </span>
    </p>
   </div>
   <div class='ocr_carea' id='block_1_89' title="bbox 911 1606 1696 1642">
    <p class='ocr_par' dir='ltr' id='par_1_89' title="bbox 911 1606 1696 1642">
     <span class='ocr_line' id='line_1_89' title="bbox 911 1606 1696 1642; baseline -0.004 -6"><span class='ocrx_word' id='word_1_696' title='bbox 911 1613 1043 1642; x_wconf 89' lang='lat' dir='ltr'><strong>transeas,</strong></span> <span class='ocrx_word' id='word_1_697' title='bbox 1057 1613 1084 1636; x_wconf 89' lang='lat' dir='ltr'><strong>et</strong></span> <span class='ocrx_word' id='word_1_698' title='bbox 1097 1612 1208 1642; x_wconf 90' lang='lat' dir='ltr'><strong>paratus</strong></span> <span class='ocrx_word' id='word_1_699' title='bbox 1219 1615 1248 1635; x_wconf 90' lang='lat' dir='ltr'><strong>es</strong></span> <span class='ocrx_word' id='word_1_700' title='bbox 1263 1609 1410 1635; x_wconf 82' lang='lat' dir='ltr'><strong>extendere</strong></span> <span class='ocrx_word' id='word_1_701' title='bbox 1429 1612 1454 1634; x_wconf 87' lang='lat' dir='ltr'><strong>te</strong></span> <span class='ocrx_word' id='word_1_702' title='bbox 1475 1614 1581 1642; x_wconf 78' lang='lat' dir='ltr'><strong>seraper</strong></span> <span class='ocrx_word' id='word_1_703' title='bbox 1596 1607 1630 1634; x_wconf 89' lang='lat' dir='ltr'><strong>ad</strong></span> <span class='ocrx_word' id='word_1_704' title='bbox 1653 1606 1696 1633; x_wconf 91' lang='lat' dir='ltr'><strong>in-</strong></span> 
     </span>
    </p>
   </div>
   <div class='ocr_carea' id='block_1_90' title="bbox 912 1648 1697 1688">
    <p class='ocr_par' dir='ltr' id='par_1_90' title="bbox 912 1648 1697 1688">
     <span class='ocr_line' id='line_1_90' title="bbox 912 1648 1697 1688; baseline -0.009 -6"><span class='ocrx_word' id='word_1_705' title='bbox 912 1654 1025 1687; x_wconf 88' lang='lat' dir='ltr'><strong>teriora,</strong></span> <span class='ocrx_word' id='word_1_706' title='bbox 1039 1660 1181 1688; x_wconf 87' lang='lat' dir='ltr'><strong>usquequo</strong></span> <span class='ocrx_word' id='word_1_707' title='bbox 1195 1652 1338 1687; x_wconf 88' lang='lat' dir='ltr'><strong>pervenias</strong></span> <span class='ocrx_word' id='word_1_708' title='bbox 1353 1651 1387 1679; x_wconf 83' lang='lat' dir='ltr'><strong>ad</strong></span> <span class='ocrx_word' id='word_1_709' title='bbox 1403 1656 1502 1678; x_wconf 86' lang='lat' dir='ltr'><strong>terram</strong></span> <span class='ocrx_word' id='word_1_710' title='bbox 1515 1650 1643 1678; x_wconf 86' lang='lat' dir='ltr'><strong>ﬂuentem</strong></span> <span class='ocrx_word' id='word_1_711' title='bbox 1655 1648 1697 1676; x_wconf 88' lang='lat' dir='ltr'><strong>lac</strong></span> 
     </span>
    </p>
   </div>
   <div class='ocr_carea' id='block_1_91' title="bbox 910 1695 1694 1733">
    <p class='ocr_par' dir='ltr' id='par_1_91' title="bbox 910 1695 1694 1733">
     <span class='ocr_line' id='line_1_91' title="bbox 910 1695 1694 1733; baseline -0.008 -5"><span class='ocrx_word' id='word_1_712' title='bbox 910 1704 937 1728; x_wconf 90' lang='lat' dir='ltr'><strong>et</strong></span> <span class='ocrx_word' id='word_1_713' title='bbox 953 1700 1023 1733; x_wconf 90' lang='lat' dir='ltr'><strong>mel,</strong></span> <span class='ocrx_word' id='word_1_714' title='bbox 1050 1704 1077 1727; x_wconf 88' lang='lat' dir='ltr'><strong>et</strong></span> <span class='ocrx_word' id='word_1_715' title='bbox 1100 1699 1286 1726; x_wconf 80' lang='lat' dir='ltr'><strong>lia-.reditatem</strong></span> <span class='ocrx_word' id='word_1_716' title='bbox 1309 1698 1400 1733; x_wconf 89' lang='lat' dir='ltr'><strong>capias</strong></span> <span class='ocrx_word' id='word_1_717' title='bbox 1423 1697 1596 1725; x_wconf 87' lang='lat' dir='ltr'><strong>futurorum:</strong></span> <span class='ocrx_word' id='word_1_718' title='bbox 1616 1695 1638 1723; x_wconf 90' lang='lat' dir='ltr'><strong>si</strong></span> <span class='ocrx_word' id='word_1_719' title='bbox 1659 1699 1694 1727; x_wconf 87' lang='lat' dir='ltr'><strong>tc,</strong></span> 
     </span>
    </p>
   </div>
   <div class='ocr_carea' id='block_1_92' title="bbox 910 1742 1693 1780">
    <p class='ocr_par' dir='ltr' id='par_1_92' title="bbox 910 1742 1693 1780">
     <span class='ocr_line' id='line_1_92' title="bbox 910 1742 1693 1780; baseline -0.006 -7"><span class='ocrx_word' id='word_1_720' title='bbox 910 1746 1019 1780; x_wconf 92' lang='lat' dir='ltr'><strong>inquam</strong></span> <span class='ocrx_word' id='word_1_721' title='bbox 1032 1764 1039 1777; x_wconf 85' lang='lat'><strong>,</strong></span> <span class='ocrx_word' id='word_1_722' title='bbox 1057 1745 1174 1779; x_wconf 88' lang='lat' dir='ltr'><strong>positum</strong></span> <span class='ocrx_word' id='word_1_723' title='bbox 1188 1744 1215 1771; x_wconf 89' lang='lat' dir='ltr'><strong>in</strong></span> <span class='ocrx_word' id='word_1_724' title='bbox 1238 1744 1280 1770; x_wconf 91' lang='lat' dir='ltr'><strong>his</strong></span> <span class='ocrx_word' id='word_1_725' title='bbox 1295 1743 1384 1771; x_wconf 90' lang='lat' dir='ltr'><strong>videat</strong></span> <span class='ocrx_word' id='word_1_726' title='bbox 1401 1743 1489 1775; x_wconf 90' lang='lat' dir='ltr'><strong>Deus,</strong></span> <span class='ocrx_word' id='word_1_727' title='bbox 1505 1743 1611 1770; x_wconf 66' lang='lat' dir='ltr'><strong>laetatur</strong></span> <span class='ocrx_word' id='word_1_728' title='bbox 1625 1742 1652 1769; x_wconf 92' lang='lat' dir='ltr'><strong>in</strong></span> <span class='ocrx_word' id='word_1_729' title='bbox 1668 1745 1693 1768; x_wconf 89' lang='lat' dir='ltr'><strong>te</strong></span> 
     </span>
    </p>
   </div>
   <div class='ocr_carea' id='block_1_93' title="bbox 909 1788 1697 1825">
    <p class='ocr_par' dir='ltr' id='par_1_93' title="bbox 909 1788 1697 1825">
     <span class='ocr_line' id='line_1_93' title="bbox 909 1788 1697 1825; baseline -0.004 -7"><span class='ocrx_word' id='word_1_730' title='bbox 909 1795 935 1819; x_wconf 90' lang='lat' dir='ltr'><strong>et</strong></span> <span class='ocrx_word' id='word_1_731' title='bbox 950 1791 1021 1818; x_wconf 88' lang='lat' dir='ltr'><strong>diem</strong></span> <span class='ocrx_word' id='word_1_732' title='bbox 1035 1791 1132 1818; x_wconf 86' lang='lat' dir='ltr'><strong>festum</strong></span> <span class='ocrx_word' id='word_1_733' title='bbox 1146 1789 1201 1825; x_wconf 88' lang='lat' dir='ltr'><strong>agit</strong></span> <span class='ocrx_word' id='word_1_734' title='bbox 1221 1797 1303 1824; x_wconf 85' lang='lat' dir='ltr'><strong>super</strong></span> <span class='ocrx_word' id='word_1_735' title='bbox 1327 1793 1362 1816; x_wconf 91' lang='lat' dir='ltr'><strong>te.</strong></span> <span class='ocrx_word' id='word_1_736' title='bbox 1381 1788 1443 1816; x_wconf 72' lang='lat' dir='ltr'><strong>Haec</strong></span> <span class='ocrx_word' id='word_1_737' title='bbox 1456 1789 1564 1823; x_wconf 83' lang='lat' dir='ltr'><strong>quidem</strong></span> <span class='ocrx_word' id='word_1_738' title='bbox 1586 1789 1614 1816; x_wconf 89' lang='lat' dir='ltr'><strong>in</strong></span> <span class='ocrx_word' id='word_1_739' title='bbox 1628 1795 1697 1823; x_wconf 67' lang='grc' dir='ltr'><strong>[ιι-ω-</strong></span> 
     </span>
    </p>
   </div>
   <div class='ocr_carea' id='block_1_94' title="bbox 909 1835 1696 1870">
    <p class='ocr_par' dir='ltr' id='par_1_94' title="bbox 909 1835 1696 1870">
     <span class='ocr_line' id='line_1_94' title="bbox 909 1835 1696 1870; baseline -0.005 -5"><span class='ocrx_word' id='word_1_740' title='bbox 909 1837 978 1865; x_wconf 89' lang='lat' dir='ltr'><strong>senti</strong></span> <span class='ocrx_word' id='word_1_741' title='bbox 991 1858 998 1870; x_wconf 93' lang='lat'><strong>,</strong></span> <span class='ocrx_word' id='word_1_742' title='bbox 1015 1837 1042 1863; x_wconf 93' lang='lat' dir='ltr'><strong>iu</strong></span> <span class='ocrx_word' id='word_1_743' title='bbox 1059 1836 1150 1863; x_wconf 89' lang='lat' dir='ltr'><strong>futuro</strong></span> <span class='ocrx_word' id='word_1_744' title='bbox 1167 1843 1230 1863; x_wconf 86' lang='lat' dir='ltr'><strong>vero</strong></span> <span class='ocrx_word' id='word_1_745' title='bbox 1243 1855 1250 1868; x_wconf 93' lang='lat'><strong>,</strong></span> <span class='ocrx_word' id='word_1_746' title='bbox 1266 1835 1289 1862; x_wconf 89' lang='lat' dir='ltr'><strong>si</strong></span> <span class='ocrx_word' id='word_1_747' title='bbox 1307 1835 1348 1863; x_wconf 90' lang='lat' dir='ltr'><strong>vis</strong></span> <span class='ocrx_word' id='word_1_748' title='bbox 1367 1835 1541 1862; x_wconf 88' lang='lat' dir='ltr'><strong>considerare</strong></span> <span class='ocrx_word' id='word_1_749' title='bbox 1560 1835 1696 1869; x_wconf 89' lang='lat' dir='ltr'><strong>quomodo</strong></span> 
     </span>
    </p>
   </div>
   <div class='ocr_carea' id='block_1_95' title="bbox 910 1882 1695 1918">
    <p class='ocr_par' dir='ltr' id='par_1_95' title="bbox 910 1882 1695 1918">
     <span class='ocr_line' id='line_1_95' title="bbox 910 1882 1695 1918; baseline -0.004 -8"><span class='ocrx_word' id='word_1_750' title='bbox 910 1888 1026 1918; x_wconf 88' lang='lat' dir='ltr'><strong>agantur</strong></span> <span class='ocrx_word' id='word_1_751' title='bbox 1043 1883 1101 1910; x_wconf 87' lang='lat' dir='ltr'><strong>dies</strong></span> <span class='ocrx_word' id='word_1_752' title='bbox 1114 1882 1185 1914; x_wconf 90' lang='lat' dir='ltr'><strong>festi,</strong></span> <span class='ocrx_word' id='word_1_753' title='bbox 1200 1882 1275 1918; x_wconf 87' lang='lat' dir='ltr'><strong>erige</strong></span> <span class='ocrx_word' id='word_1_754' title='bbox 1289 1882 1437 1917; x_wconf 85' lang='lat' dir='ltr'><strong>paululum,</strong></span> <span class='ocrx_word' id='word_1_755' title='bbox 1458 1882 1480 1909; x_wconf 92' lang='lat' dir='ltr'><strong>si</strong></span> <span class='ocrx_word' id='word_1_756' title='bbox 1496 1886 1584 1916; x_wconf 87' lang='lat' dir='ltr'><strong>potes,</strong></span> <span class='ocrx_word' id='word_1_757' title='bbox 1599 1888 1695 1909; x_wconf 86' lang='lat' dir='ltr'><strong>sensus</strong></span> 
     </span>
    </p>
   </div>
   <div class='ocr_carea' id='block_1_96' title="bbox 911 1927 1695 1963">
    <p class='ocr_par' dir='ltr' id='par_1_96' title="bbox 911 1927 1695 1963">
     <span class='ocr_line' id='line_1_96' title="bbox 911 1927 1695 1963; baseline -0.003 -7"><span class='ocrx_word' id='word_1_758' title='bbox 911 1934 971 1956; x_wconf 89' lang='lat' dir='ltr'><strong>tuos</strong></span> <span class='ocrx_word' id='word_1_759' title='bbox 987 1937 1001 1956; x_wconf 92' lang='lat' dir='ltr'><strong>a</strong></span> <span class='ocrx_word' id='word_1_760' title='bbox 1019 1932 1091 1957; x_wconf 82' lang='lat' dir='ltr'><strong>terra</strong></span> <span class='ocrx_word' id='word_1_761' title='bbox 1102 1948 1110 1961; x_wconf 90' lang='lat'><strong>,</strong></span> <span class='ocrx_word' id='word_1_762' title='bbox 1126 1931 1152 1956; x_wconf 88' lang='lat' dir='ltr'><strong>et</strong></span> <span class='ocrx_word' id='word_1_763' title='bbox 1166 1927 1328 1955; x_wconf 86' lang='lat' dir='ltr'><strong>obliviscere</strong></span> <span class='ocrx_word' id='word_1_764' title='bbox 1341 1928 1480 1963; x_wconf 88' lang='lat' dir='ltr'><strong>paulisper</strong></span> <span class='ocrx_word' id='word_1_765' title='bbox 1494 1928 1552 1955; x_wconf 70' lang='lat' dir='ltr'><strong>tunc</strong></span> <span class='ocrx_word' id='word_1_766' title='bbox 1569 1934 1629 1962; x_wconf 65' lang='lat' dir='ltr'><strong>quae</strong></span> <span class='ocrx_word' id='word_1_767' title='bbox 1643 1927 1695 1954; x_wconf 80' lang='lat' dir='ltr'><strong>ha-</strong></span> 
     </span>
    </p>
   </div>
   <div class='ocr_carea' id='block_1_97' title="bbox 910 1973 1694 2009">
    <p class='ocr_par' dir='ltr' id='par_1_97' title="bbox 910 1973 1694 2009">
     <span class='ocr_line' id='line_1_97' title="bbox 910 1973 1694 2009; baseline -0.005 -6"><span class='ocrx_word' id='word_1_768' title='bbox 910 1975 1007 2003; x_wconf 90' lang='lat' dir='ltr'><strong>bentur</strong></span> <span class='ocrx_word' id='word_1_769' title='bbox 1020 1975 1047 2002; x_wconf 93' lang='lat' dir='ltr'><strong>iu</strong></span> <span class='ocrx_word' id='word_1_770' title='bbox 1061 1974 1140 2002; x_wconf 86' lang='lat' dir='ltr'><strong>facie.</strong></span> <span class='ocrx_word' id='word_1_771' title='bbox 1156 1973 1286 2002; x_wconf 89' lang='lat' dir='ltr'><strong>Describe</strong></span> <span class='ocrx_word' id='word_1_772' title='bbox 1302 1981 1366 2001; x_wconf 90' lang='lat' dir='ltr'><strong>vero</strong></span> <span class='ocrx_word' id='word_1_773' title='bbox 1380 1973 1429 2001; x_wconf 88' lang='lat' dir='ltr'><strong>tibi</strong></span> <span class='ocrx_word' id='word_1_774' title='bbox 1445 1973 1581 2009; x_wconf 89' lang='lat' dir='ltr'><strong>quomodo</strong></span> <span class='ocrx_word' id='word_1_775' title='bbox 1596 1973 1694 2000; x_wconf 66' lang='lat' dir='ltr'><strong>coelum</strong></span> 
     </span>
    </p>
   </div>
   <div class='ocr_carea' id='block_1_98' title="bbox 909 2019 1695 2055">
    <p class='ocr_par' dir='ltr' id='par_1_98' title="bbox 909 2019 1695 2055">
     <span class='ocr_line' id='line_1_98' title="bbox 909 2019 1695 2055; baseline -0.004 -5"><span class='ocrx_word' id='word_1_776' title='bbox 909 2027 938 2050; x_wconf 90' lang='lat' dir='ltr'><strong>ct</strong></span> <span class='ocrx_word' id='word_1_777' title='bbox 964 2027 1036 2050; x_wconf 87' lang='lat' dir='ltr'><strong>terra</strong></span> <span class='ocrx_word' id='word_1_778' title='bbox 1057 2026 1214 2055; x_wconf 89' lang='lat' dir='ltr'><strong>transeant,</strong></span> <span class='ocrx_word' id='word_1_779' title='bbox 1236 2025 1265 2049; x_wconf 91' lang='lat' dir='ltr'><strong>et</strong></span> <span class='ocrx_word' id='word_1_780' title='bbox 1289 2021 1386 2049; x_wconf 89' lang='lat' dir='ltr'><strong>transit</strong></span> <span class='ocrx_word' id='word_1_781' title='bbox 1405 2021 1494 2048; x_wconf 89' lang='lat' dir='ltr'><strong>omnis</strong></span> <span class='ocrx_word' id='word_1_782' title='bbox 1517 2020 1563 2048; x_wconf 87' lang='lat' dir='ltr'><strong>hic</strong></span> <span class='ocrx_word' id='word_1_783' title='bbox 1585 2019 1695 2047; x_wconf 85' lang='lat' dir='ltr'><strong>habitus</strong></span> 
     </span>
    </p>
   </div>
   <div class='ocr_carea' id='block_1_99' title="bbox 910 2067 1692 2101">
    <p class='ocr_par' dir='ltr' id='par_1_99' title="bbox 910 2067 1692 2101">
     <span class='ocr_line' id='line_1_99' title="bbox 910 2067 1692 2101; baseline 0 -6"><span class='ocrx_word' id='word_1_784' title='bbox 910 2068 1121 2101; x_wconf 74' lang='lat' dir='ltr'><strong>mundi,cmlum</strong></span> <span class='ocrx_word' id='word_1_785' title='bbox 1137 2075 1201 2096; x_wconf 85' lang='lat' dir='ltr'><strong>vero</strong></span> <span class='ocrx_word' id='word_1_786' title='bbox 1216 2075 1324 2098; x_wconf 88' lang='lat' dir='ltr'><strong>novum,</strong></span> <span class='ocrx_word' id='word_1_787' title='bbox 1339 2072 1367 2095; x_wconf 91' lang='lat' dir='ltr'><strong>et</strong></span> <span class='ocrx_word' id='word_1_788' title='bbox 1383 2072 1454 2095; x_wconf 89' lang='lat' dir='ltr'><strong>terra</strong></span> <span class='ocrx_word' id='word_1_789' title='bbox 1471 2075 1540 2096; x_wconf 91' lang='lat' dir='ltr'><strong>nova</strong></span> <span class='ocrx_word' id='word_1_790' title='bbox 1556 2067 1692 2095; x_wconf 76' lang='lat' dir='ltr'><strong>fundatur.</strong></span> 
     </span>
    </p>
   </div>
   <div class='ocr_carea' id='block_1_100' title="bbox 909 2114 1693 2150">
    <p class='ocr_par' dir='ltr' id='par_1_100' title="bbox 909 2114 1693 2150">
     <span class='ocr_line' id='line_1_100' title="bbox 909 2114 1693 2150; baseline 0 -8"><span class='ocrx_word' id='word_1_791' title='bbox 909 2116 1011 2142; x_wconf 82' lang='lat' dir='ltr'><strong>Amove</strong></span> <span class='ocrx_word' id='word_1_792' title='bbox 1022 2115 1055 2142; x_wconf 91' lang='lat' dir='ltr'><strong>de</strong></span> <span class='ocrx_word' id='word_1_793' title='bbox 1067 2115 1257 2150; x_wconf 84' lang='lat' dir='ltr'><strong>conspectibus</strong></span> <span class='ocrx_word' id='word_1_794' title='bbox 1272 2115 1324 2142; x_wconf 88' lang='lat' dir='ltr'><strong>tuis</strong></span> <span class='ocrx_word' id='word_1_795' title='bbox 1333 2116 1414 2142; x_wconf 88' lang='lat' dir='ltr'><strong>etiam</strong></span> <span class='ocrx_word' id='word_1_796' title='bbox 1427 2115 1492 2143; x_wconf 86' lang='lat' dir='ltr'><strong>solis</strong></span> <span class='ocrx_word' id='word_1_797' title='bbox 1503 2115 1584 2150; x_wconf 84' lang='lat' dir='ltr'><strong>hujus</strong></span> <span class='ocrx_word' id='word_1_798' title='bbox 1595 2114 1693 2146; x_wconf 84' lang='lat' dir='ltr'><strong>lucem,</strong></span> 
     </span>
    </p>
   </div>
   <div class='ocr_carea' id='block_1_101' title="bbox 909 2160 1696 2197">
    <p class='ocr_par' dir='ltr' id='par_1_101' title="bbox 909 2160 1696 2197">
     <span class='ocr_line' id='line_1_101' title="bbox 909 2160 1696 2197; baseline -0.003 -8"><span class='ocrx_word' id='word_1_799' title='bbox 909 2165 937 2189; x_wconf 86' lang='lat' dir='ltr'><strong>et</strong></span> <span class='ocrx_word' id='word_1_800' title='bbox 950 2160 983 2188; x_wconf 90' lang='lat' dir='ltr'><strong>da</strong></span> <span class='ocrx_word' id='word_1_801' title='bbox 999 2160 1036 2188; x_wconf 91' lang='lat' dir='ltr'><strong>illi</strong></span> <span class='ocrx_word' id='word_1_802' title='bbox 1053 2160 1153 2188; x_wconf 87' lang='lat' dir='ltr'><strong>mundo</strong></span> <span class='ocrx_word' id='word_1_803' title='bbox 1166 2160 1212 2195; x_wconf 91' lang='lat' dir='ltr'><strong>qui</strong></span> <span class='ocrx_word' id='word_1_804' title='bbox 1228 2165 1359 2188; x_wconf 87' lang='lat' dir='ltr'><strong>venturus</strong></span> <span class='ocrx_word' id='word_1_805' title='bbox 1374 2165 1436 2194; x_wconf 87' lang='lat' dir='ltr'><strong>est-,</strong></span> <span class='ocrx_word' id='word_1_806' title='bbox 1456 2162 1523 2190; x_wconf 85' lang='lat' dir='ltr'><strong>solis</strong></span> <span class='ocrx_word' id='word_1_807' title='bbox 1541 2161 1696 2197; x_wconf 85' lang='lat' dir='ltr'><strong>septuplum</strong></span> 
     </span>
    </p>
   </div>
   <div class='ocr_carea' id='block_1_102' title="bbox 874 2200 1695 2243">
    <p class='ocr_par' dir='ltr' id='par_1_102' title="bbox 874 2200 1695 2243">
     <span class='ocr_line' id='line_1_102' title="bbox 874 2200 1695 2243; baseline 0.001 -10"><span class='ocrx_word' id='word_1_808' title='bbox 874 2200 897 2229; x_wconf 88' lang='grc' dir='ltr'><strong>Ῑ)</strong></span> <span class='ocrx_word' id='word_1_809' title='bbox 912 2206 1000 2234; x_wconf 88' lang='lat' dir='ltr'><strong>lumen</strong></span> <span class='ocrx_word' id='word_1_810' title='bbox 1015 2206 1048 2233; x_wconf 80' lang='grc'><strong>⁸⁸.</strong></span> <span class='ocrx_word' id='word_1_811' title='bbox 1065 2205 1121 2233; x_wconf 89' lang='lat' dir='ltr'><strong>Imo</strong></span> <span class='ocrx_word' id='word_1_812' title='bbox 1137 2206 1227 2240; x_wconf 87' lang='lat' dir='ltr'><strong>potius</strong></span> <span class='ocrx_word' id='word_1_813' title='bbox 1240 2207 1388 2234; x_wconf 85' lang='lat' dir='ltr'><strong>secundum</strong></span> <span class='ocrx_word' id='word_1_814' title='bbox 1408 2207 1557 2243; x_wconf 63' lang='lat' dir='ltr'><strong>Scriptura</strong></span> <span class='ocrx_word' id='word_1_815' title='bbox 1575 2207 1695 2234; x_wconf 79' lang='lat' dir='ltr'><strong>auctori-</strong></span> 
     </span>
    </p>
   </div>
   <div class='ocr_carea' id='block_1_103' title="bbox 911 2250 1695 2286">
    <p class='ocr_par' dir='ltr' id='par_1_103' title="bbox 911 2250 1695 2286">
     <span class='ocr_line' id='line_1_103' title="bbox 911 2250 1695 2286; baseline 0 -7"><span class='ocrx_word' id='word_1_816' title='bbox 911 2256 993 2279; x_wconf 87' lang='lat' dir='ltr'><strong>tatem</strong></span> <span class='ocrx_word' id='word_1_817' title='bbox 1017 2251 1103 2286; x_wconf 89' lang='lat' dir='ltr'><strong>ipsum</strong></span> <span class='ocrx_word' id='word_1_818' title='bbox 1120 2250 1145 2278; x_wconf 85' lang='lat' dir='ltr'><strong>ei</strong></span> <span class='ocrx_word' id='word_1_819' title='bbox 1163 2251 1196 2278; x_wconf 92' lang='lat' dir='ltr'><strong>da</strong></span> <span class='ocrx_word' id='word_1_820' title='bbox 1212 2251 1356 2279; x_wconf 91' lang='lat' dir='ltr'><strong>Dominum</strong></span> <span class='ocrx_word' id='word_1_821' title='bbox 1373 2251 1471 2280; x_wconf 85' lang='lat' dir='ltr'><strong>lucem.</strong></span> <span class='ocrx_word' id='word_1_822' title='bbox 1485 2251 1560 2280; x_wconf 82' lang='lat' dir='ltr'><strong>Pone</strong></span> <span class='ocrx_word' id='word_1_823' title='bbox 1573 2256 1695 2280; x_wconf 82' lang='lat' dir='ltr'><strong>astantes</strong></span> 
     </span>
    </p>
   </div>
   <div class='ocr_carea' id='block_1_104' title="bbox 910 2294 1694 2332">
    <p class='ocr_par' dir='ltr' id='par_1_104' title="bbox 910 2294 1694 2332">
     <span class='ocr_line' id='line_1_104' title="bbox 910 2294 1694 2332; baseline 0.003 -9"><span class='ocrx_word' id='word_1_824' title='bbox 910 2295 1020 2331; x_wconf 85' lang='lat' dir='ltr'><strong>angelos</strong></span> <span class='ocrx_word' id='word_1_825' title='bbox 1031 2295 1135 2331; x_wconf 70' lang='lat' dir='ltr'><strong>gloriae,</strong></span> <span class='ocrx_word' id='word_1_826' title='bbox 1149 2303 1219 2331; x_wconf 89' lang='lat' dir='ltr'><strong>pone</strong></span> <span class='ocrx_word' id='word_1_827' title='bbox 1232 2296 1359 2330; x_wconf 88' lang='lat' dir='ltr'><strong>virtutes,</strong></span> <span class='ocrx_word' id='word_1_828' title='bbox 1371 2294 1530 2332; x_wconf 78' lang='lat' dir='ltr'><strong>potestates,</strong></span> <span class='ocrx_word' id='word_1_829' title='bbox 1543 2297 1632 2330; x_wconf 87' lang='lat' dir='ltr'><strong>sedes,</strong></span> <span class='ocrx_word' id='word_1_830' title='bbox 1646 2297 1694 2326; x_wconf 78' lang='lat' dir='ltr'><strong>do-</strong></span> 
     </span>
    </p>
   </div>
   <div class='ocr_carea' id='block_1_105' title="bbox 910 2342 1694 2376">
    <p class='ocr_par' dir='ltr' id='par_1_105' title="bbox 910 2342 1694 2376">
     <span class='ocr_line' id='line_1_105' title="bbox 910 2342 1694 2376; baseline 0.001 -8"><span class='ocrx_word' id='word_1_831' title='bbox 910 2342 1087 2373; x_wconf 84' lang='lat' dir='ltr'><strong>minationes,</strong></span> <span class='ocrx_word' id='word_1_832' title='bbox 1103 2346 1185 2376; x_wconf 85' lang='lat' dir='ltr'><strong>atque</strong></span> <span class='ocrx_word' id='word_1_833' title='bbox 1198 2349 1278 2370; x_wconf 90' lang='lat' dir='ltr'><strong>omne</strong></span> <span class='ocrx_word' id='word_1_834' title='bbox 1294 2350 1393 2370; x_wconf 87' lang='lat' dir='ltr'><strong>nomen</strong></span> <span class='ocrx_word' id='word_1_835' title='bbox 1412 2343 1624 2371; x_wconf 82' lang='lat' dir='ltr'><strong>clarissimarum</strong></span> <span class='ocrx_word' id='word_1_836' title='bbox 1636 2348 1694 2370; x_wconf 74' lang='lat' dir='ltr'><strong>etn-</strong></span> 
     </span>
    </p>
   </div>
   <div class='ocr_carea' id='block_1_106' title="bbox 908 2386 1692 2423">
    <p class='ocr_par' dir='ltr' id='par_1_106' title="bbox 908 2386 1692 2423">
     <span class='ocr_line' id='line_1_106' title="bbox 908 2386 1692 2423; baseline 0.003 -9"><span class='ocrx_word' id='word_1_837' title='bbox 908 2387 1070 2422; x_wconf 88' lang='lat' dir='ltr'><strong>lestiumque</strong></span> <span class='ocrx_word' id='word_1_838' title='bbox 1085 2386 1232 2422; x_wconf 87' lang='lat' dir='ltr'><strong>virtutum,</strong></span> <span class='ocrx_word' id='word_1_839' title='bbox 1260 2396 1313 2416; x_wconf 94' lang='lat' dir='ltr'><strong>non</strong></span> <span class='ocrx_word' id='word_1_840' title='bbox 1335 2388 1420 2416; x_wconf 92' lang='lat' dir='ltr'><strong>solum</strong></span> <span class='ocrx_word' id='word_1_841' title='bbox 1436 2388 1507 2423; x_wconf 87' lang='lat' dir='ltr'><strong>quod</strong></span> <span class='ocrx_word' id='word_1_842' title='bbox 1524 2388 1551 2416; x_wconf 92' lang='lat' dir='ltr'><strong>in</strong></span> <span class='ocrx_word' id='word_1_843' title='bbox 1566 2389 1692 2423; x_wconf 68' lang='lat' dir='ltr'><strong>prmsenti</strong></span> 
     </span>
    </p>
   </div>
   <div class='ocr_carea' id='block_1_107' title="bbox 909 2423 1693 2469">
    <p class='ocr_par' dir='ltr' id='par_1_107' title="bbox 909 2423 1693 2469">
     <span class='ocr_line' id='line_1_107' title="bbox 909 2423 1693 2469; baseline -0.001 -8"><span class='ocrx_word' id='word_1_844' title='bbox 909 2434 1006 2462; x_wconf 55' lang='lat' dir='ltr'><strong>sarculo</strong></span> <span class='ocrx_word' id='word_1_845' title='bbox 1025 2423 1189 2467; x_wconf 79' lang='lat' dir='ltr'><strong>nominatur,</strong></span> <span class='ocrx_word' id='word_1_846' title='bbox 1205 2434 1251 2462; x_wconf 88' lang='lat' dir='ltr'><strong>sed</strong></span> <span class='ocrx_word' id='word_1_847' title='bbox 1268 2435 1338 2469; x_wconf 91' lang='lat' dir='ltr'><strong>quod</strong></span> <span class='ocrx_word' id='word_1_848' title='bbox 1352 2435 1434 2462; x_wconf 76' lang='lat' dir='ltr'><strong>etiam</strong></span> <span class='ocrx_word' id='word_1_849' title='bbox 1455 2436 1480 2462; x_wconf 93' lang='lat' dir='ltr'><strong>in</strong></span> <span class='ocrx_word' id='word_1_850' title='bbox 1502 2434 1605 2463; x_wconf 85' lang='lat' dir='ltr'><strong>futuro.</strong></span> <span class='ocrx_word' id='word_1_851' title='bbox 1620 2434 1693 2462; x_wconf 92' lang='lat' dir='ltr'><strong>Inter</strong></span> 
     </span>
    </p>
   </div>
   <div class='ocr_carea' id='block_1_108' title="bbox 908 2479 1692 2516">
    <p class='ocr_par' dir='ltr' id='par_1_108' title="bbox 908 2479 1692 2516">
     <span class='ocr_line' id='line_1_108' title="bbox 908 2479 1692 2516; baseline 0.001 -9"><span class='ocrx_word' id='word_1_852' title='bbox 908 2481 958 2507; x_wconf 91' lang='lat' dir='ltr'><strong>hos</strong></span> <span class='ocrx_word' id='word_1_853' title='bbox 980 2487 1074 2507; x_wconf 89' lang='lat' dir='ltr'><strong>omnes</strong></span> <span class='ocrx_word' id='word_1_854' title='bbox 1094 2479 1278 2508; x_wconf 78' lang='lat' dir='ltr'><strong>consideract</strong></span> <span class='ocrx_word' id='word_1_855' title='bbox 1299 2480 1401 2514; x_wconf 85' lang='lat' dir='ltr'><strong>conjice</strong></span> <span class='ocrx_word' id='word_1_856' title='bbox 1423 2480 1558 2515; x_wconf 90' lang='lat' dir='ltr'><strong>quomodo</strong></span> <span class='ocrx_word' id='word_1_857' title='bbox 1572 2481 1613 2516; x_wconf 86' lang='lat' dir='ltr'><strong>agi</strong></span> <span class='ocrx_word' id='word_1_858' title='bbox 1630 2488 1692 2515; x_wconf 87' lang='lat' dir='ltr'><strong>pos-</strong></span> 
     </span>
    </p>
   </div>
   <div class='ocr_carea' id='block_1_109' title="bbox 908 2526 1692 2562">
    <p class='ocr_par' dir='ltr' id='par_1_109' title="bbox 908 2526 1692 2562">
     <span class='ocr_line' id='line_1_109' title="bbox 908 2526 1692 2562; baseline 0 -9"><span class='ocrx_word' id='word_1_859' title='bbox 908 2527 961 2553; x_wconf 88' lang='lat' dir='ltr'><strong>sint</strong></span> <span class='ocrx_word' id='word_1_860' title='bbox 974 2526 1032 2554; x_wconf 88' lang='lat' dir='ltr'><strong>dies</strong></span> <span class='ocrx_word' id='word_1_861' title='bbox 1047 2526 1107 2554; x_wconf 87' lang='lat' dir='ltr'><strong>festi</strong></span> <span class='ocrx_word' id='word_1_862' title='bbox 1122 2527 1244 2555; x_wconf 89' lang='lat' dir='ltr'><strong>Domini:</strong></span> <span class='ocrx_word' id='word_1_863' title='bbox 1261 2535 1322 2562; x_wconf 68' lang='lat' dir='ltr'><strong>quae</strong></span> <span class='ocrx_word' id='word_1_864' title='bbox 1337 2527 1372 2554; x_wconf 94' lang='lat' dir='ltr'><strong>ibi</strong></span> <span class='ocrx_word' id='word_1_865' title='bbox 1387 2527 1536 2560; x_wconf 87' lang='lat' dir='ltr'><strong>festivitas,</strong></span> <span class='ocrx_word' id='word_1_866' title='bbox 1553 2534 1613 2562; x_wconf 70' lang='lat' dir='ltr'><strong>quin</strong></span> <span class='ocrx_word' id='word_1_867' title='bbox 1626 2535 1692 2562; x_wconf 87' lang='lat' dir='ltr'><strong>gau—</strong></span> 
     </span>
    </p>
   </div>
   <div class='ocr_carea' id='block_1_110' title="bbox 908 2572 1693 2609">
    <p class='ocr_par' dir='ltr' id='par_1_110' title="bbox 908 2572 1693 2609">
     <span class='ocr_line' id='line_1_110' title="bbox 908 2572 1693 2609; baseline 0.001 -9"><span class='ocrx_word' id='word_1_868' title='bbox 908 2573 963 2606; x_wconf 89' lang='lat' dir='ltr'><strong>dia,</strong></span> <span class='ocrx_word' id='word_1_869' title='bbox 982 2580 1042 2608; x_wconf 64' lang='lat' dir='ltr'><strong>qua:</strong></span> <span class='ocrx_word' id='word_1_870' title='bbox 1058 2572 1158 2600; x_wconf 74' lang='lat' dir='ltr'><strong>laetitize</strong></span> <span class='ocrx_word' id='word_1_871' title='bbox 1170 2573 1337 2609; x_wconf 78' lang='lat' dir='ltr'><strong>magnitudo.</strong></span> <span class='ocrx_word' id='word_1_872' title='bbox 1351 2572 1417 2600; x_wconf 87' lang='lat' dir='ltr'><strong>Nam</strong></span> <span class='ocrx_word' id='word_1_873' title='bbox 1433 2573 1465 2600; x_wconf 82' lang='lat' dir='ltr'><strong>de</strong></span> <span class='ocrx_word' id='word_1_874' title='bbox 1479 2573 1511 2600; x_wconf 91' lang='lat' dir='ltr'><strong>iis</strong></span> <span class='ocrx_word' id='word_1_875' title='bbox 1527 2580 1596 2608; x_wconf 90' lang='lat' dir='ltr'><strong>quos</strong></span> <span class='ocrx_word' id='word_1_876' title='bbox 1610 2581 1693 2608; x_wconf 84' lang='lat' dir='ltr'><strong>supra</strong></span> 
     </span>
    </p>
   </div>
   <div class='ocr_carea' id='block_1_111' title="bbox 907 2617 1688 2654">
    <p class='ocr_par' dir='ltr' id='par_1_111' title="bbox 907 2617 1688 2654">
     <span class='ocr_line' id='line_1_111' title="bbox 907 2617 1688 2654; baseline 0 -9"><span class='ocrx_word' id='word_1_877' title='bbox 907 2618 1024 2645; x_wconf 80' lang='lat' dir='ltr'><strong>diximus</strong></span> <span class='ocrx_word' id='word_1_878' title='bbox 1040 2617 1207 2652; x_wconf 86' lang='lat' dir='ltr'><strong>spiritalibus</strong></span> <span class='ocrx_word' id='word_1_879' title='bbox 1229 2617 1440 2651; x_wconf 86' lang='lat' dir='ltr'><strong>festivitatibus,</strong></span> <span class='ocrx_word' id='word_1_880' title='bbox 1454 2618 1564 2646; x_wconf 87' lang='lat' dir='ltr'><strong>etiamsi</strong></span> <span class='ocrx_word' id='word_1_881' title='bbox 1586 2626 1688 2654; x_wconf 72' lang='lat' dir='ltr'><strong>magna:</strong></span> 
     </span>
    </p>
   </div>
   <div class='ocr_carea' id='block_1_112' title="bbox 907 2664 1690 2701">
    <p class='ocr_par' dir='ltr' id='par_1_112' title="bbox 907 2664 1690 2701">
     <span class='ocr_line' id='line_1_112' title="bbox 907 2664 1690 2701; baseline -0.001 -9"><span class='ocrx_word' id='word_1_882' title='bbox 907 2664 962 2692; x_wconf 88' lang='lat' dir='ltr'><strong>sint</strong></span> <span class='ocrx_word' id='word_1_883' title='bbox 977 2667 1005 2690; x_wconf 91' lang='lat' dir='ltr'><strong>et</strong></span> <span class='ocrx_word' id='word_1_884' title='bbox 1018 2671 1099 2697; x_wconf 63' lang='lat' dir='ltr'><strong>veras,</strong></span> <span class='ocrx_word' id='word_1_885' title='bbox 1117 2664 1253 2699; x_wconf 68' lang='lat' dir='ltr'><strong>praecipue</strong></span> <span class='ocrx_word' id='word_1_886' title='bbox 1265 2672 1326 2692; x_wconf 91' lang='lat' dir='ltr'><strong>cum</strong></span> <span class='ocrx_word' id='word_1_887' title='bbox 1341 2665 1500 2701; x_wconf 86' lang='lat' dir='ltr'><strong>spiritaliter</strong></span> <span class='ocrx_word' id='word_1_888' title='bbox 1516 2668 1648 2700; x_wconf 88' lang='lat' dir='ltr'><strong>geruntur</strong></span> <span class='ocrx_word' id='word_1_889' title='bbox 1664 2666 1690 2691; x_wconf 93' lang='lat' dir='ltr'><strong>in</strong></span> 
     </span>
    </p>
   </div>
   <div class='ocr_carea' id='block_1_113' title="bbox 909 2709 1689 2745">
    <p class='ocr_par' dir='ltr' id='par_1_113' title="bbox 909 2709 1689 2745">
     <span class='ocr_line' id='line_1_113' title="bbox 909 2709 1689 2745; baseline -0.001 -9"><span class='ocrx_word' id='word_1_890' title='bbox 909 2709 1010 2742; x_wconf 86' lang='lat' dir='ltr'><strong>anima,</strong></span> <span class='ocrx_word' id='word_1_891' title='bbox 1024 2715 1121 2744; x_wconf 79' lang='lat' dir='ltr'><strong>magna</strong></span> <span class='ocrx_word' id='word_1_892' title='bbox 1139 2713 1227 2737; x_wconf 87' lang='lat' dir='ltr'><strong>tamen</strong></span> <span class='ocrx_word' id='word_1_893' title='bbox 1241 2717 1276 2737; x_wconf 79' lang='lat' dir='ltr'><strong>ex</strong></span> <span class='ocrx_word' id='word_1_894' title='bbox 1289 2714 1366 2745; x_wconf 81' lang='lat' dir='ltr'><strong>parte</strong></span> <span class='ocrx_word' id='word_1_895' title='bbox 1378 2715 1450 2744; x_wconf 90' lang='lat' dir='ltr'><strong>sunt,</strong></span> <span class='ocrx_word' id='word_1_896' title='bbox 1461 2717 1514 2738; x_wconf 91' lang='lat' dir='ltr'><strong>non</strong></span> <span class='ocrx_word' id='word_1_897' title='bbox 1526 2718 1559 2737; x_wconf 74' lang='lat' dir='ltr'><strong>ex</strong></span> <span class='ocrx_word' id='word_1_898' title='bbox 1576 2709 1689 2744; x_wconf 86' lang='lat' dir='ltr'><strong>integro.</strong></span> 
     </span>
    </p>
   </div>
   <div class='ocr_carea' id='block_1_114' title="bbox 925 2766 1695 2805">
    <p class='ocr_par' dir='ltr' id='par_1_114' title="bbox 925 2766 1695 2805">
     <span class='ocr_line' id='line_1_114' title="bbox 925 2766 1695 2805; baseline 0.009 -13"><span class='ocrx_word' id='word_1_899' title='bbox 925 2766 948 2781; x_wconf 79' lang='grc'><strong>⁸³</strong></span> <span class='ocrx_word' id='word_1_900' title='bbox 962 2766 1047 2794; x_wconf 80' lang='lat' dir='ltr'><strong>Exod.</strong></span> <span class='ocrx_word' id='word_1_901' title='bbox 1063 2775 1110 2799; x_wconf 80' lang='lat' dir='ltr'><strong>xu,</strong></span> <span class='ocrx_word' id='word_1_902' title='bbox 1125 2766 1153 2794; x_wconf 90' lang='lat'><strong>8.</strong></span> <span class='ocrx_word' id='word_1_903' title='bbox 1194 2767 1217 2784; x_wconf 77' lang='lat'>“</span> <span class='ocrx_word' id='word_1_904' title='bbox 1230 2767 1308 2797; x_wconf 76' lang='lat' dir='ltr'><strong>Rom.</strong></span> <span class='ocrx_word' id='word_1_905' title='bbox 1325 2775 1367 2797; x_wconf 89' lang='grc' dir='ltr'>ιιι.</span> <span class='ocrx_word' id='word_1_906' title='bbox 1380 2768 1425 2797; x_wconf 75' lang='grc'><strong>25.</strong></span> <span class='ocrx_word' id='word_1_907' title='bbox 1459 2769 1482 2786; x_wconf 76' lang='grc'><strong>⁸³</strong></span> <span class='ocrx_word' id='word_1_908' title='bbox 1496 2770 1567 2799; x_wconf 80' lang='lat' dir='ltr'><strong>Psal.</strong></span> <span class='ocrx_word' id='word_1_909' title='bbox 1584 2779 1695 2805; x_wconf 71' lang='lat' dir='ltr'><strong>xxxviii,</strong></span> 
     </span>
    </p>
   </div>
   <div class='ocr_carea' id='block_1_115' title="bbox 105 2843 1202 2881">
    <p class='ocr_par' dir='ltr' id='par_1_115' title="bbox 105 2843 1202 2881">
     <span class='ocr_line' id='line_1_115' title="bbox 105 2843 1202 2881; baseline 0.002 -9"><span class='ocrx_word' id='word_1_910' title='bbox 105 2844 161 2879; x_wconf 59' lang='grc' dir='ltr'><strong>(Ξῖ)</strong></span> <span class='ocrx_word' id='word_1_911' title='bbox 178 2843 251 2871; x_wconf 83' lang='lat' dir='ltr'><strong>Idem</strong></span> <span class='ocrx_word' id='word_1_912' title='bbox 267 2843 477 2878; x_wconf 81' lang='lat' dir='ltr'><strong>manuscriptus,</strong></span> <span class='ocrx_word' id='word_1_913' title='bbox 495 2853 504 2869; x_wconf 76' lang='grc' dir='ltr'><strong>Ι</strong></span> <span class='ocrx_word' id='word_1_914' title='bbox 522 2851 581 2878; x_wconf 69' lang='lat' dir='ltr'><strong>qua:</strong></span> <span class='ocrx_word' id='word_1_915' title='bbox 597 2843 670 2872; x_wconf 86' lang='lat' dir='ltr'><strong>velut</strong></span> <span class='ocrx_word' id='word_1_916' title='bbox 685 2844 789 2872; x_wconf 80' lang='lat' dir='ltr'><strong>caelesti</strong></span> <span class='ocrx_word' id='word_1_917' title='bbox 804 2845 919 2880; x_wconf 86' lang='lat' dir='ltr'><strong>quadam</strong></span> <span class='ocrx_word' id='word_1_918' title='bbox 937 2851 1085 2881; x_wconf 87' lang='lat' dir='ltr'><strong>personant</strong></span> <span class='ocrx_word' id='word_1_919' title='bbox 1100 2847 1173 2876; x_wconf 87' lang='lat' dir='ltr'><strong>tuba.</strong></span> <span class='ocrx_word' id='word_1_920' title='bbox 1193 2857 1202 2874; x_wconf 79' lang='grc' dir='ltr'><strong>ι</strong></span> 
     </span>
    </p>
   </div>
  </div>
