1902 3052
211 113 264 141 755

927 113 1086 156 ontcsNts

1794 109 1850 138 7,2,4}

211 174 290 202 Sicut
300 174 374 202 enim
392 175 459 203 dixit
474 175 618 210 Apostolus
630 176 651 191 "
663 196 672 209 ,
690 176 754 210 quia
772 185 780 201 ι
800 183 831 203 ex
856 180 932 210 parte
943 176 998 203 sci-
1014 178 1039 207 Α
1053 180 1095 203 ter
1110 174 1228 202 famulus
1239 173 1287 201 Dei
1304 172 1331 200 in
1346 171 1455 199 cantico
1468 170 1554 198 Exodi
1569 169 1692 205 designat
1702 169 1797 196 dicens
1806 169 1847 197 ”;

213 228 283 253 mus,
301 225 328 248 et
353 228 385 249 ex
402 226 480 256 parte
503 222 697 256 prophetamus
717 230 724 254 ;
744 231 753 248 ι
775 222 810 249 ita
833 228 1003 256 consequens

212 271 264 300 est,
288 271 318 294 ut
340 274 372 293 ex
393 271 470 302 parte
483 267 554 294 diem
578 267 676 295 festum
700 275 836 302 geramus.
861 266 896 295 Ut
912 272 1002 295 autem

213 312 284 339 scias
297 311 355 339 haec
370 312 405 339 ita
419 319 489 344 esse,
501 313 644 340 redeamus
658 315 691 340 ad
710 313 799 349 ipsius
809 312 885 340 Pauli
899 320 1003 340 sermo-

214 365 296 390 nem,
311 365 391 392 quem
408 360 441 385 de
466 358 560 386 diebus
576 359 652 386 festis
672 364 700 386 et
724 360 875 387 neomeniis
891 359 1001 395 posuit;

212 408 239 431 et
254 404 315 431 vide
331 405 467 439 quomodo
486 406 666 433 observantcr
683 406 772 434 dixit:
793 415 802 432 ι
821 406 908 434 Nemo
927 414 1002 442 ergo,

211 449 250 477 ait
264 450 297 482 ⁸⁸,
317 457 365 477 vos
376 450 519 484 judicetiu
537 452 607 485 cibo,
626 457 672 479 aut
689 453 715 479 in
729 457 810 487 potu,
825 459 869 480 aut
884 453 911 480 in
928 458 1004 487 parte

212 496 266 524 diei
282 496 356 524 festi.
377 506 385 522 ι
412 497 528 525 Attende
543 505 607 533 ergo
629 499 786 534 diligentius
798 498 935 533 quomodo
950 507 1002 526 non

211 542 281 570 dixit
300 543 326 570 in
345 543 388 570 die
405 542 474 570 festo
487 564 494 577 ,
510 544 558 571 sed
572 545 599 571 in
615 550 691 579 parte
707 545 760 572 diei
777 545 851 572 festi.
866 545 904 571 Ex
928 549 1004 580 parte

213 589 285 616 enim
301 593 329 616 et.
352 597 404 617 non
420 597 453 616 ex
470 589 576 625 integro
592 591 662 617 diem
679 591 777 618 festum
795 591 820 617 in
839 591 889 618 hoc
904 590 1004 618 mumlo

212 635 292 670 positi
307 635 488 664 celebramus.
505 635 711 671 lnterpellamur
729 637 804 664 etiim
826 637 934 664 etiamsi
954 644 1000 664 no-

213 681 302 709 lumus
315 682 349 708 ab
362 680 446 709 onere
461 682 570 714 carnis,
584 682 723 717 pulsamur
736 690 751 709 a
776 682 1003 717 concupiscentiis

212 727 281 760 ejus,
295 727 422 762 curisque
430 731 457 754 et
472 727 699 756 sollicitudinibus
710 728 893 756 terebrantur.
912 738 922 754 ι
937 728 1005 756 Cor-

212 780 262 807 pus
273 774 345 801 enitn
358 774 542 808 corruptibile,
559 783 568 801 )
584 779 613 801 ut
629 775 668 802 ait
683 775 728 802 ille
743 775 958 809 sapientissimus
968 775 1002 809 ⁸³,

215 828 222 842 ι
242 824 373 852 aggravet
391 819 520 852 animam,
542 824 570 846 et
586 820 714 855 deprimit
733 828 842 849 sensum
859 821 942 848 multa
957 829 1004 848 co-

212 863 355 898 gitantem.
372 874 381 890 ι
406 865 444 892 Ex
473 871 550 900 parte
568 873 633 901 ergo
661 867 686 894 in
715 867 767 895 hoc
790 868 892 895 mundo
915 869 1002 896 sancti

212 914 295 943 agunt
310 910 379 937 diem
397 910 507 944 festum,
530 912 592 946 quia
608 917 635 939 et
653 920 685 940 ex
702 917 778 948 parte
797 914 904 947 sciunt,
928 920 955 941 et
969 923 1002 942 ex

212 960 288 988 parte
299 955 475 991 prophetant.
489 957 555 984 Cutn
571 962 660 985 autem
675 959 799 987 venerint
810 968 869 994 qua:
883 960 1002 994 perfecta

213 1005 296 1033 sunt,
319 1003 493 1029 destruentur
516 1003 566 1030 ista
585 1011 645 1038 qua:
667 1012 699 1031 ex
727 1010 802 1039 parte
827 1011 900 1034 sunt.
927 1006 1004 1034 Sieut

212 1045 286 1072 enim
302 1045 428 1080 perfectis:
442 1047 563 1075 scientiae
581 1049 652 1076 cedit
673 1050 722 1076 ista
739 1058 798 1084 quae
811 1058 844 1078 cx
861 1056 938 1084 parte
949 1055 1001 1084 est,

213 1097 240 1118 et
255 1092 381 1126 perfectae
398 1094 546 1128 prophetiae
561 1095 632 1122 cedit
655 1096 704 1122 ista
720 1103 779 1130 quae
794 1104 827 1123 ex
849 1101 927 1131 parte
941 1102 982 1124 est
995 1107 1001 1124 :

214 1138 251 1164 ita
266 1143 292 1165 et
309 1138 435 1172 perfectae
449 1139 590 1167 festivitati
603 1141 675 1168 cedit
689 1141 740 1168 ista
753 1149 813 1176 quae
827 1149 860 1168 ex
878 1147 954 1179 parte
962 1147 1003 1170 est

214 1183 361 1213 festivitas.
377 1184 470 1220 Neque
494 1187 567 1213 enim
584 1187 658 1220 quod
675 1187 825 1221 perfectum
837 1189 1003 1216 estmundus

213 1231 264 1258 iste
281 1239 380 1265 capere
393 1237 490 1265 potest.
509 1233 570 1264 ubi,
586 1237 615 1259 ut
631 1233 761 1266 diximus,
776 1234 926 1261 necessitas
941 1241 1004 1261 cor-

212 1277 285 1309 poris
299 1285 372 1305 nunc
387 1278 489 1311 cibum,
505 1287 577 1306 nune
590 1285 692 1314 potum,
710 1287 781 1306 nunc
798 1287 923 1307 somnum
937 1287 1001 1315 sug-

212 1323 297 1357 gerit,
315 1331 386 1350 nunc
409 1323 490 1350 ctiam
511 1329 751 1359 quantumcunque
773 1325 927 1353 necessario
941 1326 1002 1353 vita:

213 1368 356 1401 praesentis
380 1369 590 1396 sollicitudinem
615 1375 715 1402 movet,
732 1377 793 1405 qua:
805 1371 897 1397 omnia
917 1371 1002 1398 inter-

215 1418 343 1447 rumpunt
355 1414 415 1441 sine
429 1414 510 1442 dubio
526 1415 759 1443 continuationem
773 1416 928 1444 festivitatis
942 1416 1000 1445 Dei.

213 1459 280 1485 tium
294 1464 384 1486 autem
397 1460 505 1488 venerit
517 1460 581 1488 illud
596 1461 668 1495 quod
685 1461 787 1488 dietutn
802 1466 843 1489 est
859 1462 893 1489 de
907 1462 940 1490 iis
955 1462 1001 1497 qui

213 1506 394 1535 restituuntur
411 1506 437 1536 in
456 1511 550 1534 saneta
561 1527 568 1538 ,
583 1508 604 1534 si
622 1512 710 1534 tamen
727 1512 753 1535 et
769 1516 818 1535 nos
833 1516 866 1536 ex
887 1509 920 1536 iis
941 1517 1002 1536 esse

213 1558 366 1582 mereamur
377 1552 423 1586 qui
443 1553 602 1579 restituendi
614 1559 688 1586 sunt,
704 1554 749 1587 qui
765 1561 851 1588 neque
868 1555 1000 1588 esuricnt,

212 1603 300 1631 neque
315 1595 424 1630 sitient,
449 1605 535 1631 neque
559 1597 761 1631 dormitabunt,
782 1606 868 1634 neque
892 1599 1002 1627 labora-

213 1643 291 1674 bunt,
303 1642 349 1669 sed
361 1646 443 1670 erunt
454 1643 608 1678 pervigiles,
623 1645 692 1671 sicut
703 1644 860 1678 angelorum
875 1645 930 1672 vita
942 1653 1002 1679 per-

213 1688 276 1722 vigil
293 1689 392 1719 dicitur
409 1698 416 1715 :
436 1696 498 1716 eum
517 1689 541 1716 in
558 1689 634 1717 illum
649 1689 773 1717 ordinem
791 1690 896 1718 restitui
915 1698 1002 1718 tuere—

213 1735 323 1767 himnr,
349 1740 415 1762 tunc.
437 1735 490 1762 erit
513 1743 574 1762 vera
605 1740 633 1763 et
663 1736 819 1771 incorrupta
850 1736 1001 1770 festivitas,

211 1779 290 1812 cujus
315 1780 472 1809 festivitatis
499 1781 624 1815 princeps
649 1786 677 1808 et
711 1789 826 1816 sponsus
855 1786 882 1809 et
910 1782 1001 1810 domi-

212 1833 263 1853 nns
290 1825 343 1853 erit
380 1826 438 1860 ipse
472 1826 551 1854 Jesus
577 1827 700 1861 Christus
730 1827 858 1855 Salvator
884 1833 1000 1861 noster,

211 1871 254 1898 eui
275 1877 318 1899 est
335 1871 422 1907 gloria
442 1877 471 1900 et
490 1873 634 1907 imperium
655 1873 682 1900 in
699 1873 800 1901 saecula
827 1874 999 1902 saeculorum.

211 1919 308 1946 Amen.

478 1976 618 2004 IIOMILlA
638 1976 736 2004 XXIV.

213 2021 428 2058 Damni/iulia
442 2030 502 2056 quae
532 2030 579 2054 per
603 2031 812 2058 unamquamque
831 2024 1001 2058 festivitatem

242 2055 372 2090 jubentur
388 2055 478 2091 offerri
489 2077 496 2088 ,
510 2063 534 2084 et
548 2058 579 2084 de
597 2058 661 2084 uotis
679 2055 739 2093 qua:
755 2055 879 2086 uouentur
893 2059 948 2086 Deo
966 2059 1000 2086 ὀ.

250 2103 278 2130 1.
294 2101 396 2130 Omnes
409 2103 455 2137 qui
471 2103 609 2131 imbuendi
624 2109 687 2132 sunt
702 2104 930 2133 eminentioribus
943 2106 999 2133 dis-

213 2148 344 2184 ciplinis,
370 2148 463 2179 tandiu
490 2148 631 2177 molestum
654 2150 758 2178 ducunt
783 2150 1000 2178 rudimentorum

213 2195 346 2229 laborem.
359 2196 454 2242 donec,
469 2196 530 2230 quis
544 2195 616 2224 sitet
628 2196 777 2231 disciplinae
791 2197 861 2224 illius
874 2198 906 2224 ad
918 2205 999 2232 qualn
1017 2215 1039 2242 υ

214 2242 423 2273 introducuntut:
440 2241 501 2273 finis
515 2246 543 2270 et
557 2241 672 2274 fructus,
697 2242 832 2277 ignorant.
853 2241 921 2270 Cum
935 2250 1000 2270 vero

214 2287 333 2319 imbutos
358 2295 406 2322 per
429 2287 551 2316 ordinem
586 2288 718 2323 perfectio
749 2295 895 2316 consecuta
919 2288 1002 2316 fuerit

212 2333 374 2368 disciplinae.
391 2339 454 2361 tunc
466 2333 611 2364 delectabit
627 2334 840 2361 rudimentorum
857 2334 1002 2369 pertulisse

213 2380 362 2409 inolestias.
377 2381 448 2408 Sunt
462 2388 527 2415 ergo
542 2385 568 2408 et
586 2381 613 2408 in
628 2381 731 2408 sanctis
746 2388 779 2408 ac
799 2381 896 2409 divinis
922 2381 1002 2422 rebus

214 2427 300 2461 prima
316 2428 441 2462 quaedam
464 2427 616 2454 rudimenta
629 2426 729 2462 quibus
740 2427 903 2455 inducuntur
920 2428 937 2455 ii
953 2429 1000 2463 qui

212 2473 246 2500 al
261 2473 458 2509 perlectionem
472 2473 649 2501 beatitudinis
663 2473 785 2501 tendunt.
797 2473 875 2508 Quod
890 2475 1000 2502 eviden-

247 2570 270 2586 "'
286 2571 369 2600 lCor.
387 2578 446 2602 xm,
464 2570 493 2598 9.
521 2570 546 2587 ⁸⁸
559 2568 662 2596 Coloss.
678 2577 706 2601 ll,
723 2569 765 2596 16.
804 2570 826 2585 "
841 2569 905 2602 Sap.
922 2577 946 2595 ix
962 2589 969 2600 ,
985 2569 996 2596 1

1066 2571 1088 2586 ὀ
1106 2569 1185 2596 Num.
1201 2575 1297 2599 xxvnt.
1311 2567 1356 2598 ‘29.
1373 2567 1418 2596 50.
1456 2566 1477 2582 "
1488 2565 1572 2593 Exod.
1586 2573 1629 2598 xv,
1645 2565 1687 2592 17.

475 2606 497 2628 ’⁸
512 2605 601 2636 Galat.
617 2613 654 2637 tv,
665 2605 682 2632 5
700 2605 825 2638 ;Coloss.
839 2612 868 2636 ιι,
879 2605 906 2632 8.
945 2604 967 2620 ’³
983 2603 1061 2633 Joun.
1083 2614 1100 2637 ι,
1113 2606 1159 2632 29.

212 2613 239 2636 ν.
260 2606 303 2640 ιε,
324 2607 368 2639 15,
392 2606 434 2634 14.

240 2653 305 2689 ’(25)
318 2653 408 2682 Codex
426 2654 518 2681 Sancti
530 2653 703 2686 Theodoriei,
718 2662 728 2678 ι
742 2652 973 2688 purifieationum,
989 2662 998 2677 ι

214 2688 385 2717 Ebroicensis
404 2689 504 2716 habet:
524 2698 533 2713 ε
551 2689 756 2721 pttrificatiqnis.
777 2700 786 2714 ι

249 2723 307 2759 (⁸24)
328 2722 377 2751 Per
393 2723 515 2750 meritum
530 2722 675 2759 sanguinis
690 2720 798 2759 Christi.
818 2722 880 2759 Haec
894 2723 999 2750 deside-

214 2757 309 2786 rantur
317 2759 342 2786 io
357 2759 451 2786 codice
459 2758 575 2791 abbatize
586 2758 681 2789 Sancti,
691 2757 849 2788 Theudorici
863 2757 999 2786 Rhemen-

215 2795 263 2824 sis.
278 2799 305 2821 et
323 2794 348 2820 in
372 2793 458 2820 altero
474 2793 641 2820 Ebroicensi.
667 2792 798 2820 szterum
815 2793 996 2821 eonferendus

213 2829 258 2854 tne
274 2829 351 2856 locus
362 2835 423 2854 cum
439 2828 527 2854 altero
540 2827 586 2861 qui
601 2832 689 2854 exstat
704 2828 756 2860 sub.
770 2828 850 2856 linem
866 2828 995 2856 EIhorta-

1060 229 1070 245 ι
1088 219 1171 246 lnduc
1195 222 1222 245 et
1236 217 1328 252 planta
1349 223 1397 244 eos
1413 216 1440 242 in
1455 218 1548 242 monte
1563 213 1731 241 haereditatis
1747 218 1809 244 tuae,
1823 212 1849 238 in

1056 270 1206 301 praeparata
1225 263 1393 292 habitatione
1408 267 1452 289 ttta
1466 282 1474 294 ,
1489 268 1568 296 quam
1593 258 1754 294 prteparasti
1768 279 1775 290 ,
1795 257 1851 284 Do-

1056 311 1138 338 mine.
1157 319 1166 336 ι
1186 309 1288 337 Paulus
1306 314 1413 342 quoque
1430 306 1568 341 apostolus
1590 305 1680 332 sciens
1697 311 1761 331 esse
1776 310 1851 337 qua:-

1055 359 1116 386 dam
1132 357 1217 392 prima
1233 355 1371 383 imbuendi
1387 355 1477 386 initia,
1491 358 1554 380 tunc
1568 352 1665 379 deinde
1676 359 1726 386 per
1742 356 1850 384 tempus

1056 404 1137 431 etiam
1159 403 1192 430 ad
1210 402 1404 438 perfectionem
1423 400 1521 432 veniri,
1537 399 1659 426 scribens
1683 398 1849 433 quibusdam

1056 451 1215 479 dicebat“:
1242 459 1251 475 ι
1269 449 1374 476 Etenim
1399 455 1460 474 cum
1482 446 1618 474 deberetis
1639 445 1696 480 jam
1724 444 1848 478 magistri

1055 504 1114 524 esse
1131 501 1243 530 propter
1257 500 1374 530 tempus,
1388 501 1494 520 rursum
1512 492 1640 526 indigetis
1652 497 1680 518 nt
1694 490 1848 517 doceamini

1056 550 1115 576 qum
1133 542 1187 568 sint
1201 541 1334 568 elementa
1348 540 1451 568 exordii
1473 546 1628 566 sermonum
1644 537 1710 568 Dei,
1735 540 1764 562 et
1783 535 1848 562 facti

1054 589 1120 616 estis
1136 589 1234 623 quibus
1259 588 1329 614 lacte
1352 594 1418 622 opus
1441 587 1497 618 sit,
1514 593 1566 612 non
1580 585 1641 612 cibo
1655 583 1731 610 forti.
1751 583 1848 609 Omnis

1055 636 1125 663 enim
1142 635 1187 669 qui
1204 635 1272 661 lacte
1287 635 1368 660 alitur
1386 640 1484 667 expers
1502 636 1543 659 est
1560 631 1695 658 sermonis
1717 629 1845 663 justilitr,

1055 677 1182 716 parvul’us
1197 680 1266 707 enim
1284 683 1335 706 est.
1358 678 1545 705 Pcrfectorum
1570 684 1634 703 vero
1651 675 1729 703 cibus
1743 674 1846 702 solidus

1055 732 1107 760 est,
1124 727 1169 761 qui
1193 734 1242 761 pro
1268 725 1445 760 possibilitate
1467 723 1588 750 sumendi
1613 721 1777 749 exercitatos
1799 721 1847 748 ιη.

1054 774 1118 801 bent
1131 780 1228 800 sensus
1244 772 1278 799 ad
1291 771 1481 799 discretionem
1500 770 1561 796 boni
1575 769 1618 795 vel
1630 769 1708 795 muli.
1722 777 1731 793 ι
1746 767 1779 794 Et
1796 768 1847 795 ite-

1054 827 1114 846 rum
1132 819 1158 845 in
1173 818 1233 846 aliis
1246 838 1254 851 ,
1272 817 1389 845 iitteram
1403 816 1470 851 legis
1481 836 1488 847 ,
1503 822 1667 849 omnemque
1691 812 1844 846 bujusmodi

1055 865 1217 899 scripturam
1241 864 1375 891 elementa
1400 861 1493 889 mundi
1513 867 1574 887 esse
1597 863 1796 887 commemorat
1810 858 1842 883 ’³.

1055 911 1088 939 Et
1104 918 1176 938 nunc
1188 918 1254 945 ergo
1267 917 1298 937 ea
1314 916 1375 944 qua:
1390 908 1579 944 pertinuerunt
1592 906 1625 934 ad
1643 906 1715 938 illos,
1725 906 1772 940 qui
1790 906 1844 940 pri-

1056 958 1106 984 tnis
1121 957 1310 984 imbuebantur
1333 953 1494 986 elementis,
1523 951 1639 991 molesta
1655 952 1733 978 nobis
1757 951 1843 985 primo

1054 1004 1180 1030 videntur
1193 1003 1296 1035 auditu,
1313 1001 1417 1028 volenti
1438 1000 1510 1027 enim
1525 998 1672 1032 unicuique
1688 997 1842 1024 auditorum

1054 1050 1134 1086 362
1148 1051 1254 1077 discere
1269 1050 1302 1077 de
1316 1049 1348 1076 iis
1364 1056 1424 1083 qua:
1437 1048 1470 1075 ad
1486 1047 1600 1074 salutem
1614 1046 1766 1081 pertinent,
1781 1052 1841 1072 eum

1055 1097 1087 1124 de
1113 1096 1256 1124 sacriﬁciis
1282 1095 1398 1123 arietum
1423 1100 1449 1121 et
1475 1094 1612 1121 hircorum
1641 1093 1842 1126 vitulornmque

1055 1142 1202 1174 recitatur,
1228 1141 1294 1168 nihil
1320 1140 1370 1168 sibi
1397 1140 1525 1167 utilitatis
1546 1138 1672 1166 conferre
1687 1137 1841 1172 bujusmodi

1054 1189 1157 1215 litteras
1169 1186 1293 1221 judicant
1306 1206 1317 1218 ,
1329 1190 1463 1221 quantum
1479 1185 1512 1212 ad
1533 1185 1621 1219 ipsum
1645 1187 1752 1218 spectat
1767 1182 1845 1209 audi-

1055 1239 1121 1260 tum.
1147 1232 1175 1261 Si
1193 1241 1256 1260 vero
1283 1232 1344 1267 quis
1366 1231 1520 1258 inveniatur
1542 1229 1588 1264 qui
1608 1230 1695 1264 possit
1718 1229 1843 1256 velamen

1053 1279 1126 1314 quod
1141 1285 1182 1307 est
1200 1278 1397 1316 impositnm‘in
1409 1277 1526 1305 lectione
1543 1276 1647 1303 Veteris
1660 1275 1843 1307 Testamenli,

1054 1333 1205 1358 removere,
1221 1331 1303 1360 atque
1325 1324 1386 1351 inde
1405 1323 1563 1359 perquirere
1574 1329 1633 1357 quae
1648 1322 1704 1349 sint
1720 1329 1787 1348 vera
1801 1329 1844 1348 sa-

1054 1371 1165 1403 crificia,
1179 1378 1238 1405 qua:
1251 1370 1395 1405 purifieent
1417 1369 1545 1404 populum
1571 1368 1597 1394 in
1622 1367 1719 1394 diebus
1745 1366 1844 1394 festis:

1055 1422 1118 1445 tunc
1134 1417 1234 1444 videbit
1246 1424 1328 1452 quam
1344 1416 1412 1443 mira
1430 1420 1457 1442 et
1474 1414 1615 1451 magnifica
1633 1418 1696 1441 sunt
1720 1420 1784 1448 quae
1799 1420 1845 1447 per

1054 1463 1111 1491 haec
1127 1463 1300 1493 indicantur,
1317 1469 1376 1496 quin
1394 1460 1527 1494 superﬂua
1542 1460 1734 1494 ignorantibus
1749 1466 1785 1486 ac
1801 1466 1845 1486 su-

1054 1509 1209 1544 perstitiosa
1224 1508 1369 1535 ducuntur.
1385 1506 1436 1533 Sed
1454 1506 1512 1533 haec
1529 1505 1637 1540 quidem
1658 1504 1762 1532 Paulus
1775 1509 1805 1532 et
1822 1505 1842 1532 si

1054 1555 1100 1589 qui
1125 1555 1149 1582 ei
1175 1554 1278 1582 similes
1299 1557 1381 1586 sunt,
1403 1551 1508 1587 plenius
1527 1551 1561 1578 ab
1581 1551 1638 1590 ipsa
1661 1551 1802 1585 sapientia
1820 1556 1845 1577 et

1056 1601 1145 1628 Verbo
1169 1601 1214 1627 Dei
1232 1599 1434 1634 perfectiusque
1452 1597 1628 1633 cognoverint
1647 1606 1654 1624 :
1677 1603 1729 1624 nos
1753 1601 1844 1624 autem

1054 1651 1185 1681 quantum
1201 1653 1235 1673 ex
1251 1646 1371 1678 ipsorum
1386 1643 1484 1671 litteris
1496 1643 1624 1678 colligere
1638 1650 1797 1677 possumus,
1818 1643 1843 1669 in

1053 1693 1152 1727 quibus
1163 1692 1241 1719 nobis
1254 1690 1327 1718 velut
1339 1698 1387 1724 per
1399 1690 1522 1716 umbram
1536 1693 1563 1715 et
1580 1688 1725 1723 imaginem
1742 1688 1845 1715 indicia

1053 1738 1176 1772 quaedam
1199 1737 1353 1768 dederunt,
1378 1735 1411 1762 ad
1436 1734 1642 1762 aedificationem
1668 1740 1844 1761 communem

1053 1784 1191 1811 discutere
1214 1782 1372 1809 summatim
1397 1782 1429 1809 de
1455 1780 1650 1808 sacrificiorum
1676 1780 1731 1806 ritu
1753 1779 1843 1814 aliqua

1055 1830 1227 1858 tentabimus.
1241 1828 1270 1855 ln
1292 1828 1403 1855 Paschae
1427 1826 1575 1854 festivitate
1599 1832 1686 1861 agnus
1711 1826 1845 1853 scribitur

1053 1883 1114 1903 esse
1135 1875 1180 1910 qui
1199 1874 1323 1910 puritieat
1336 1873 1474 1907 populum,
1489 1872 1516 1898 in
1541 1871 1602 1898 aliis
1615 1871 1726 1904 vitulus,
1743 1871 1769 1898 in
1782 1872 1845 1898 aliis

1054 1921 1145 1948 hircus
1161 1925 1207 1946 aut
1220 1919 1303 1951 aries,
1321 1919 1360 1946 vel
1377 1926 1456 1953 capra
1468 1938 1475 1950 ,
1492 1917 1534 1944 vel
1551 1917 1644 1949 vitula,
1667 1918 1739 1944 sicut
1754 1925 1788 1944 ex
1812 1918 1844 1944 iis

1052 1974 1112 2001 qua:
1129 1965 1240 1993 recitata
1258 1969 1320 1991 sunt
1339 1963 1480 1991 didicistis.
1504 1963 1577 1990 Unus
1599 1970 1664 1998 ergo
1683 1970 1718 1989 ex
1735 1963 1768 1990 iis
1783 1963 1845 1989 ani-

1053 2012 1179 2044 malibus,
1198 2019 1258 2046 quae
1273 2011 1306 2037 ad
1324 2010 1521 2046 purifieandum
1542 2009 1669 2044 populum
1686 2015 1843 2042 sumuntur.

1053 2067 1112 2087 esse
1134 2059 1234 2086 dicitur
1259 2057 1389 2085 Dominus
1403 2061 1429 2084 et
1446 2056 1571 2083 Salvator
1590 2059 1691 2083 noster.
1711 2055 1756 2083 Sie
1770 2056 1843 2083 enim

1053 2105 1187 2134 intellexit
1201 2105 1320 2132 Joannes
1334 2105 1380 2138 qui
1394 2109 1436 2131 est
1451 2102 1537 2137 major
1551 2103 1673 2130 omnium
1695 2102 1843 2137 propheta-

1053 2160 1125 2186 rum,
1147 2157 1174 2178 et
1197 2151 1315 2187 signavit
1339 2151 1372 2177 de
1390 2150 1448 2185 ipso
1467 2150 1560 2177 dicens
1572 2149 1616 2176 ’δι
1636 2158 1645 2174 ι
1666 2148 1735 2176 Ecce
1749 2150 1843 2184 Agnus

1054 2198 1184 2230 Dei,ecee
1201 2197 1246 2231 qui
1263 2196 1332 2223 tollit
1348 2200 1458 2230 peccata
1476 2195 1578 2222 mundi.
1599 2204 1608 2220 ι
1624 2193 1700 2228 Quod
1717 2195 1740 2221 si
1757 2200 1842 2227 agnus

1054 2245 1099 2278 qui
1114 2244 1146 2270 ad
1159 2242 1353 2278 purifieandum
1366 2241 1492 2276 populum
1504 2241 1583 2268 datus
1593 2245 1644 2273 est,
1654 2239 1687 2267 ad
1700 2247 1841 2274 personam

1056 2291 1160 2317 Domini
1184 2294 1210 2317 et
1235 2289 1385 2316 Salvatoris
1408 2287 1493 2315 nostri
1514 2287 1652 2319 refertur,
1672 2293 1841 2321 consequens

1056 2337 1163 2363 videtur
1184 2335 1256 2370 quod
1278 2334 1361 2361 etiam
1378 2338 1476 2361 caetera
1502 2332 1628 2360 animalia
1642 2353 1650 2365 ,
1667 2340 1728 2367 qua:
1741 2332 1839 2359 eisdem

1057 2382 1237 2418 puriiicativis
1250 2381 1306 2416 (ἳὸ)
1323 2380 1418 2408 usibus
1431 2381 1556 2414 deputata
1581 2383 1663 2411 sunt,
1686 2378 1784 2406 referri
1798 2378 1841 2404 de-

1057 2431 1138 2456 beant
1152 2428 1277 2456 similiter
1290 2428 1324 2454 ad
1338 2427 1444 2462 aliquas
1461 2433 1590 2460 personas
1601 2445 1608 2457 ,
1624 2432 1685 2460 qua:
1702 2433 1752 2459 per
1765 2425 1840 2452 meri-

1059 2482 1115 2504 tum
1129 2475 1269 2511 sanguinis
1282 2474 1383 2502 Christi
1395 2473 1452 2509 (24)
1467 2471 1665 2508 purificationi:
1679 2471 1785 2507 aliquid
1797 2472 1841 2498 hu-

1726 2565 1751 2580 "
1764 2565 1839 2592 llebr.

1052 2654 1131 2680 tionis
1142 2653 1176 2680 ad
1190 2652 1348 2686 martyrium
1361 2656 1474 2686 numero
1487 2648 1582 2686 ultimo
1595 2647 1739 2686 hisrverbis
1750 2657 1760 2686 :_
1772 2648 1841 2682 Τάχα

1049 2689 1078 2726 δὲ
1094 2689 1141 2726 καὶ
1156 2688 1253 2726 dmissa
1261 2683 1520 2726 ἶειμιῳῆαῖματιιτρῦ
1529 2719 1534 2726 1
1543 2683 1628 2726 Ὶησρῦ
1640 2683 1841 2726 ῇγοράσθτυιεν,

1057 2724 1144 2760 Ἰησοῦ
1161 2718 1431 2760 λαϐόηξξεοέτὸδκέομα
1444 2720 1473 2747 τὺ
1489 2719 1559 2760 ὑξτὲρ
1574 2718 1627 2759 λιτᾶν
1641 2718 1730 2760 ovatus
1738 2727 1747 2760 ί
1761 2718 1841 2749 οὕτως

1048 2753 1093 2794 et};
1113 2759 1195 2794 τιμίῳ
1216 2753 1313 2793 arum
1345 2753 1399 2784 uin}
1429 2753 1574 2794 μαρτύρών
1598 2753 1841 2794 ⁵ιὶιγιη-δαισθήςτιννῖᾳι

1047 2789 1254 2827 τι’νες.ἰὸριιδ’
1271 2798 1384 2828 uterque
1413 2789 1482 2819 alter
1511 2797 1545 2817 ex
1580 2791 1664 2817 altero
1694 2789 1839 2825 est'cxpli-

1045 2831 1158 2859 candus.
