1903 3052
84 136 137 162 757

647 128 680 155 ΙΝ
698 125 864 155 NUMEilOS
880 124 1020 153 HOMILIA
1037 124 1131 153 XXIV.

1655 121 1709 147 758

84 197 168 218 mano
190 188 283 224 generi
308 187 459 215 conferant.
475 185 544 213 V'ide
565 192 630 219 ergo
654 191 687 212 nc
711 183 781 212 forte
802 184 872 211 sicut
887 186 910 214 Α
924 184 1006 212 situm
1018 182 1147 217 iugulari,
1160 180 1206 208 sed
1221 178 1364 206 mansisset
1379 179 1430 206 hoc
1446 178 1518 212 quod
1535 177 1561 204 in
1578 177 1709 212 principio

87 235 219 262 Dominus
234 238 260 262 ct
283 233 408 261 Salvator
426 235 528 263 noster,
553 230 631 265 quasi
649 237 734 264 agnus
751 229 784 256 ad
802 229 872 257 occi-

58 280 61 282 ’
86 283 192 309 sionem
207 280 305 307 ductus
316 298 324 312 ,
340 284 368 306 et
386 278 412 305 in
430 277 595 306 sacrificium
616 275 710 303 altaris
724 275 781 311 (25)
799 275 873 303 oblap

86 335 151 359 tus,
175 330 348 360 peccatorum
374 324 564 352 remissionem
589 322 714 349 universo
747 321 873 356 pra-stitit

87 370 206 398 mundo:
227 370 263 397 ita
278 368 400 396 fortassis
415 372 440 395 et
457 372 615 394 cantet-orum
626 370 780 394 sanctorum
790 373 821 392 ac
829 366 873 400 ju-

87 421 192 443 storum
218 416 347 450 sanguis,
363 415 408 450 qui
430 414 530 442 eﬂ‘usus
554 418 595 440 est
621 420 635 440 a
661 413 793 448 sanguine
807 411 873 439 Abel

86 462 164 496 justi,
183 469 268 496 usque
282 463 314 489 ad
327 461 484 495 sanguinem
500 459 638 486 Zachariae
651 458 788 493 prophetae
804 457 870 493 (26),

87 508 133 542 qui
152 507 309 534 interfectus
332 511 374 534 est
390 507 461 533 inter
474 507 558 532 tndem
584 509 612 532 ct
632 504 737 531 altare:
763 503 874 531 alterius

88 553 200 584 quidem
216 553 327 586 sanguis
351 552 420 579 sicut
436 551 527 577 vitula:
540 570 547 580 ,
563 549 674 576 alterius
700 549 770 576 sicut
793 549 872 581 hirci,

88 603 137 625 aut
152 604 241 631 capras
261 601 306 624 aut
321 595 434 630 alicujus
449 596 545 622 horum
562 594 638 622 fusus
659 599 701 621 est
714 594 747 621 ad
761 594 874 628 expian-

88 643 153 670 dum
167 650 216 677 pro
231 648 306 677 parte
319 642 409 676 aliqua
425 641 565 676 populum.
584 640 647 667 Sive
670 640 727 666 lucc
742 639 775 666 ad
789 639 875 673 justo-

89 696 149 716 rum
167 682 413 723 prophetarumque
432 693 574 722 personas,
587 686 633 720 qui
658 686 684 712 in
707 686 758 712 hoc
773 686 874 712 mundo

85 733 201 769 jugulati
216 737 297 765 sunt,
313 732 355 760 vel
370 740 463 760 eorum
479 731 524 767 qui
548 731 640 758 dicunt
651 731 693 758 "z
715 740 724 756 ι
741 730 874 763 Quoniam

87 784 201 813 propter
217 785 241 806 te
256 784 342 806 morte
359 777 490 805 allicimur
504 782 559 804 tota
574 777 628 810 die,
642 776 768 803 aestimati
781 783 874 803 sumus

87 824 160 850 sicut
176 831 241 850 oves
262 822 425 853 occisionis,
447 831 456 848 ι
474 820 614 849 referenda
633 821 796 848 videantur:
819 820 875 848 sive

87 869 171 896 etiam
189 869 222 896 ad
237 869 392 903 superiores
407 868 530 899 virtutes,
546 867 645 901 quibus
657 866 812 901 procuratio
827 865 875 892 hu-

89 915 162 942 mani
175 916 282 949 generis
297 915 358 941 data
373 918 425 946 est,
437 914 500 948 quis
517 913 595 940 facile
612 913 709 939 audeat
720 912 876 939 ailirmare?

89 960 182 995 Neque
194 961 264 987 enim
287 960 345 987 lucc
360 958 490 986 animalia
511 966 559 993 per
571 958 687 992 speciem
701 979 708 991 ,
723 958 770 985 sed
785 965 832 992 per
846 957 876 984 fi-

88 1014 183 1040 guram
211 1005 304 1033 referri
326 1006 359 1032 ad
386 1004 458 1032 illam
493 1004 533 1031 vel
567 1003 638 1031 illam
662 1003 781 1038 putanda
803 1007 873 1030 sunt.

89 1050 157 1077 Nam
169 1055 197 1077 ct
211 1051 266 1084 ipse
280 1050 410 1077 Dominus
424 1049 503 1077 Jesus
511 1049 645 1081 Christus,
657 1056 709 1076 non
723 1049 782 1076 ideo
791 1056 876 1083 agnus

88 1097 190 1124 dicitur
203 1097 277 1130 quasi
290 1097 334 1131 qui
350 1101 470 1124 mutatus
484 1097 518 1124 sit
531 1100 558 1123 et
568 1102 714 1123 conversus
723 1095 748 1122 in
757 1095 875 1129 speciem

87 1143 162 1177 agni.
183 1143 286 1170 Dicitur
301 1147 390 1170 tamen
404 1150 499 1178 agnus,
514 1142 576 1176 quia
589 1141 713 1169 voluntas
725 1146 752 1168 et
767 1140 875 1168 bonitas

87 1189 148 1224 ejus
160 1197 213 1224 qua
231 1189 314 1217 Deum
329 1189 517 1225 repropitiavit
529 1188 692 1220 hominibus,
706 1192 734 1214 et
749 1192 875 1222 peccato-

89 1240 150 1259 rum
167 1233 360 1267 indulgentiam
385 1233 476 1266 dedit,
495 1232 556 1260 talis
574 1232 677 1260 exstitit
694 1232 812 1259 humano
830 1239 876 1266 ge-

91 1279 148 1305 ncri
162 1278 241 1313 quasi
255 1279 318 1313 agni
334 1279 424 1306 hostia
441 1278 614 1306 immaculata
628 1284 656 1305 et
670 1278 811 1310 innocens,
823 1285 876 1312 qua

89 1323 191 1357 placari
209 1324 363 1352 hominibus
378 1324 470 1352 divina
484 1324 643 1352 creduntur.
670 1323 715 1351 Sic
737 1331 801 1359 ergo
815 1323 876 1351 .for-

89 1370 171 1397 lassis
184 1374 212 1397 et
226 1370 248 1397 si
263 1370 324 1404 quis
340 1375 381 1397 est
396 1370 564 1405 angelorum,
592 1370 798 1404 caelestiumque
822 1369 877 1397 vir-

88 1419 174 1442 tutum
187 1434 195 1448 ,
213 1419 260 1442 aut
279 1416 301 1443 si
317 1415 379 1450 quis
398 1415 535 1448 iustorum
551 1415 689 1442 hominum
703 1435 711 1447 ,
728 1415 771 1443 vel
792 1415 876 1442 etiam

88 1465 246 1487 sanctorum
269 1461 461 1495 prophetarum
491 1465 572 1495 atque
601 1461 806 1495 apostolorum,
830 1461 878 1495 qui

923 236 982 260 erat
995 231 1064 258 Deus
1078 229 1195 257 Verbum
1209 237 1216 254 :
1232 233 1325 254 verum
1340 226 1468 261 quoniam
1489 224 1591 252 introiit
1611 231 1708 259 pecca-

924 282 980 304 tum
1005 276 1032 303 in
1056 276 1127 303 hunc
1150 273 1295 306 tnundum,
1318 273 1421 308 peccati
1446 277 1536 299 autem
1562 271 1710 298 necessitas

924 321 1142 357 propitiationem
1158 319 1292 354 requirit.
1308 322 1336 346 et
1357 318 1514 353 propitiatio
1529 325 1582 345 non
1605 317 1636 344 lit
1658 317 1709 344 nisi

924 376 972 404 per
987 368 1112 398 hostiam,
1126 365 1309 394 necessarium
1322 363 1373 392 fuit
1384 364 1521 399 provideri
1533 364 1648 391 hostiam
1662 371 1710 398 pro

924 417 1043 448 peccato.
1060 411 1229 446 thuoniam
1244 410 1350 445 peccati
1365 410 1451 445 ipsius
1465 410 1578 437 diversa:
1590 413 1615 437 et
1629 409 1712 436 varia:

925 456 1067 492 qualitates
1087 455 1206 488 fuerunt,
1218 455 1389 482 diversorum
1402 454 1561 482 animalium
1577 455 1710 482 mandan-

926 508 969 530 tur
979 502 1084 533 hostiae,
1102 500 1195 535 procul
1206 500 1287 528 dubio
1302 507 1362 534 qua:
1377 500 1556 528 convenirent
1568 500 1709 528 varietati-

925 548 976 575 bus
998 551 1182 582 peccatortun.
1209 546 1255 574 Sic
1278 554 1345 581 ergo
1366 546 1482 574 eiiicitur
1505 547 1574 574 alius
1603 552 1710 574 sancto-

926 601 984 620 rum
997 592 1053 627 (93)
1066 612 1074 625 ,
1096 592 1152 620 sive
1164 592 1323 626 angelorum
1333 611 1341 625 ,
1358 595 1388 620 ut
1403 592 1522 620 diximus
1534 612 1542 625 ,
1556 593 1613 620 sive
1627 593 1712 620 homi-

923 647 989 666 num
1007 638 1116 671 vitulus,
1133 637 1177 672 qui
1198 638 1227 665 in
1246 637 1291 664 illa
1306 638 1455 666 festivitate
1477 639 1640 666 interveniat
1664 646 1713 674 pro

926 683 1014 718 populi
1036 684 1140 711 delictis
1159 693 1166 712 :
1191 683 1260 711 alius
1285 687 1375 710 autem
1396 683 1468 711 aries
1491 683 1518 710 in
1538 683 1591 710 alia
1609 683 1712 711 festivi-

927 735 981 758 tate
997 737 1128 764 :quorum
1145 729 1338 758 intercessione
1362 729 1408 756 fiat
1422 729 1576 764 puriﬁcatio
1588 736 1637 764 pro
1653 737 1714 764 pec-

926 776 1004 803 catis.
1037 775 1112 809 Quod
1146 776 1169 803 si
1205 774 1342 810 purificari
1377 774 1516 809 potuerint
1543 775 1667 802 homines
1697 782 1712 802 a

927 822 1060 856 peccatis,
1074 827 1103 849 et
1126 829 1187 849 esse
1207 821 1352 855 puriores,
1377 821 1535 848 minuuntur
1555 826 1583 848 ct
1605 821 1711 849 hostite.

927 868 955 895 Si
971 869 1042 895 enim
1061 875 1110 902 pro
1129 867 1248 901 peccatis
1270 869 1334 894 sunt
1351 866 1463 898 bestiae,
1487 871 1514 894 ct
1528 874 1576 901 pro
1593 867 1712 894 multitu-

927 913 989 940 dine
1015 917 1188 948 peccatorum
1219 911 1403 946 muitiplicatze
1433 917 1497 939 sunt
1525 912 1584 940 sine
1612 913 1712 945 dubio,

926 964 954 987 et
971 967 1020 994 pro
1040 959 1188 994 exiguitate
1207 959 1378 985 minuuntur.
1405 958 1491 992 Hujus
1515 965 1606 987 autem
1627 960 1666 986 rei
1687 960 1713 986 in

927 1004 1104 1039 prasentihus
1131 1003 1197 1031 locis
1217 1003 1365 1038 Scriptura:
1385 1004 1516 1032 habemus
1547 1005 1647 1032 indicia
1661 1026 1667 1038 ,
1689 1005 1714 1032 id

926 1049 1007 1084 363
1027 1053 1068 1076 est
1092 1049 1118 1075 in
1142 1047 1234 1075 ultima
1263 1048 1410 1076 festivitate
1433 1048 1618 1084 Scenopegiaz,
1653 1057 1714 1077 cum

926 1103 975 1130 per
991 1100 1052 1122 octo
1076 1095 1134 1121 dies
1164 1094 1260 1121 hostia:
1272 1093 1405 1126 iubentur
1433 1094 1535 1122 oll'erri.
1565 1095 1597 1122 Et
1628 1095 1714 1130 prima

927 1140 1034 1175 quidem
1049 1140 1093 1167 dic
1106 1140 1182 1174 quasi
1195 1140 1283 1167 adhuc
1301 1141 1327 1167 in
1337 1140 1503 1167 abundantia
1527 1145 1714 1175 peccatorum,

927 1185 1131 1220 quatuordecitn
1150 1185 1227 1212 vituli
1243 1184 1372 1219 iubentur
1389 1183 1491 1212 oil‘erri.
1517 1184 1641 1212 Secunda
1666 1192 1714 1212 au-

929 1236 982 1258 tem
1007 1231 1051 1258 die
1075 1231 1225 1259 imminutis
1254 1236 1347 1265 utpote
1364 1231 1483 1265 peccatis
1508 1231 1667 1258 minuuntur
1687 1236 1715 1258 et

928 1276 1034 1309 hostire,
1055 1280 1082 1303 et
1113 1276 1241 1304 tredecim
1267 1275 1346 1304 vituli
1371 1275 1530 1303 offeruntur.
1558 1275 1648 1303 Tertia
1670 1275 1714 1303 die

927 1323 1081 1355 duodecim,
1100 1327 1127 1350 et
1141 1327 1202 1357 post
1213 1323 1271 1350 haec
1285 1323 1410 1351 undecim
1428 1332 1435 1350 :
1451 1326 1478 1350 et
1495 1322 1532 1349 ita
1547 1322 1626 1357 quasi
1639 1323 1715 1356 puri-

927 1368 1100 1396 ﬁcationibus
1123 1368 1192 1403 (29),
1220 1369 1365 1397 deficiente
1386 1377 1435 1404 per
1458 1369 1516 1403 dies
1540 1368 1713 1396 multitudine

928 1418 1114 1449 peccatorum,
1131 1414 1262 1442 minuitur
1276 1420 1475 1450 consequenter
1487 1415 1568 1442 etiam
1583 1422 1714 1442 numerus

930 1460 1090 1487 hostiarum.
1110 1460 1155 1488 Sic
1169 1461 1252 1489 etiam
1266 1469 1314 1496 pro
1330 1461 1533 1496 dispensatione
1550 1461 1607 1496 (30)
1630 1462 1713 1489 totius

88 1505 195 1533 enixius
225 1506 387 1533 interveniat
411 1514 461 1540 pro
491 1506 609 1540 peccatis
641 1506 780 1533 hominum
802 1512 811 1532 :
831 1505 1024 1544 hiccmuudi
1050 1506 1182 1533 rationem
1206 1506 1569 1542 purificationis.iutelligis.
1593 1506 1715 1542 indigent

89 1558 136 1585 pro
149 1550 371 1586 repropitiatioue
386 1551 489 1582 divina,
506 1550 579 1578 velut
592 1551 682 1583 aries,
700 1554 749 1577 aut
765 1550 877 1583 vitulus,

89 1601 134 1622 aut
150 1595 255 1627 hircus,
270 1595 377 1622 oblatus
390 1602 450 1622 esse
470 1595 496 1622 in
518 1595 683 1622 sacrificium
700 1595 735 1622 ob
750 1595 877 1629 purifica-

90 1641 191 1666 tionem
214 1639 313 1674 populo
339 1640 537 1674 impetrandam
561 1640 645 1674 accipi
664 1644 762 1674 potest.
779 1641 877 1668 Annon

89 1686 196 1713 videtur
211 1690 240 1713 ut
256 1686 328 1712 aries
339 1705 347 1717 ,
363 1691 409 1713 aut
433 1685 524 1712 hircus
550 1685 736 1714 holocaustum
752 1693 781 1714 se
796 1687 877 1714 obtu-

89 1731 152 1759 lisse
181 1731 281 1758 Paulus
304 1738 353 1765 pro
375 1731 473 1766 populo
498 1731 599 1765 israel,
623 1740 684 1760 cum
707 1732 815 1760 dicebat
833 1733 875 1760 "2

92 1785 101 1801 ι
117 1776 249 1811 Optabam
262 1781 349 1804 autem
365 1784 416 1812 ego
428 1777 486 1811 ipse
502 1779 647 1806 anathema
663 1786 724 1806 esse
740 1786 755 1806 a
769 1779 879 1807 Christo

91 1830 138 1856 pro
154 1822 284 1850 fratribus
301 1822 384 1856 meis,
400 1823 446 1857 qui
463 1827 526 1851 sunt
541 1824 648 1858 cognati
662 1825 714 1851 mei
729 1825 876 1852 secundant

89 1867 220 1894 carnem?
237 1877 245 1892 ι
263 1867 308 1895 Vis
323 1873 411 1896 autem
425 1869 504 1903 scire,
517 1869 579 1903 quia
596 1876 626 1897 se
637 1869 755 1896 hostiam
770 1869 874 1897 Paulus

89 1911 182 1940 offerat
192 1912 370 1947 jugulaudum
382 1913 394 1940 Ὶ
407 1913 474 1940 Audi
490 1921 552 1941 eum
567 1914 594 1941 in
611 1914 672 1941 aliis
686 1914 820 1941 dicentem
832 1915 854 1931 ³⁷
869 1924 875 1941 ;

93 1969 101 1984 ι
118 1959 176 1986 iam
199 1959 270 1986 enim
292 1967 342 1995 ego
365 1959 491 1988 immolor
505 1965 532 1988 et
546 1965 651 1996 tempus
664 1961 851 1995 resolutionis,
866 1971 874 1988 ι

90 2005 141 2038 vel,
151 2003 211 2032 utin
218 2003 466 2033 Graeciscodicibus
478 2005 592 2041 legimus
606 2006 673 2042 (27),
685 2016 694 2033 t
712 2007 878 2035 reversionis

90 2055 155 2075 mea:
180 2048 276 2077 instat.
293 2058 304 2075 t
331 2051 377 2077 sic
397 2058 462 2085 ergo
489 2050 640 2086 ﬁguraliter
664 2057 753 2086 potest
779 2053 876 2085 videri,

91 2093 160 2127 quod
177 2094 249 2121 alius
263 2102 312 2129 pro
330 2095 474 2123 festivitate
489 2094 636 2128 Novarum,
650 2097 720 2124 alius
733 2104 783 2132 pro
800 2097 877 2125 festiv

91 2140 170 2167 vitate
181 2140 271 2168 Sabba
277 2140 305 2172 ti,
318 2140 387 2168 alius
397 2149 445 2176 pro
458 2141 606 2169 festivitate
616 2142 875 2176 Tabemaculoru’m,

928 1551 1001 1578 enim
1016 1551 1217 1586 purificatione,
1243 1559 1296 1580 non
1315 1552 1402 1580 solum
1419 1559 1480 1587 quae
1503 1553 1529 1580 in
1549 1557 1622 1580 terra
1639 1557 1714 1585 sunt,

929 1596 977 1624 scd
988 1604 1048 1631 qua:
1059 1596 1086 1624 in
1100 1597 1186 1625 cmlis.
1208 1597 1333 1626 imminet
1356 1606 1474 1634 namque
1487 1603 1516 1626 et
1528 1598 1604 1626 caelis
1626 1598 1715 1633 perdi—

930 1641 976 1674 tio,
991 1641 1030 1669 sic
1044 1642 1118 1669 enim
1133 1642 1199 1670 dicit
1217 1642 1353 1678 Propheta
1363 1643 1387 1660 "
1403 1652 1410 1670 :
1431 1652 1440 1669 ι
1454 1643 1522 1671 Coeli
1535 1643 1672 1679 peribunt,
1687 1647 1715 1670 et

929 1695 1023 1716 omnes
1043 1692 1072 1715 ut
1085 1689 1277 1716 vestimentum
1304 1694 1494 1722 vcteraseent,
1510 1694 1538 1718 et
1557 1690 1628 1717 sicut
1644 1690 1714 1717 ami-

929 1736 1000 1760 ctum
1016 1733 1137 1761 involves
1150 1741 1208 1766 eos,
1224 1738 1251 1762 et
1269 1735 1455 1763 mutabuntur.
1477 1745 1487 1762 ι
1505 1734 1613 1763 intuere
1631 1735 1715 1770 igitur

931 1778 1013 1806 totius
1027 1779 1129 1812 mundi,
1149 1779 1175 1806 id
1194 1784 1236 1806 est
1259 1779 1409 1807 caelestium
1431 1787 1464 1808 ac
1486 1781 1656 1808 terrestrium
1683 1785 1711 1807 et

929 1823 1097 1851 infernorum
1110 1825 1327 1863 puriﬁcationem
1344 1834 1351 1852 :
1368 1826 1429 1854 vide
1450 1827 1561 1860 quantis
1574 1826 1714 1861 indigeant

930 1869 981 1896 ista
997 1869 1086 1896 omnia
1099 1870 1205 1902 hostiis,
1221 1874 1338 1905 quantos
1351 1871 1492 1906 requirant
1506 1871 1615 1904 vitulos,
1628 1878 1714 1906 quan-

931 1920 975 1944 tos
990 1916 1100 1949 arietes,
1115 1920 1231 1950 quantos
1243 1916 1344 1945 hircos.
1366 1916 1421 1945 Sed
1443 1921 1472 1945 et
1486 1917 1512 1945 in
1532 1918 1573 1945 his
1588 1917 1714 1945 omnibus

930 1969 1001 1989 unus
1017 1968 1061 1989 est
1083 1969 1179 1996 agnus,
1197 1962 1243 1998 qui
1266 1962 1349 1990 totius
1373 1964 1466 1991 mundi
1490 1964 1578 1998 potuit
1604 1963 1713 1991 auferre

930 2013 1081 2042 peccatum,
1093 2014 1121 2036 et
1134 2009 1193 2037 ideo
1207 2015 1384 2038 cessaverunt
1396 2015 1500 2038 caetera;
1514 2010 1609 2038 hostia:
1627 2017 1636 2037 :
1650 2010 1712 2045 quia

931 2053 991 2082 talis
1013 2053 1070 2082 haec
1096 2055 1147 2082 fuit
1174 2056 1272 2088 hostia,
1300 2062 1330 2085 ut
1360 2065 1413 2085 una
1430 2057 1487 2085 sola
1508 2056 1644 2085 sutiiceret
1665 2064 1714 2092 pro

930 2100 1012 2127 totius
1028 2100 1120 2127 mundi
1134 2100 1228 2129 salute.
1245 2102 1341 2129 Caeteri
1365 2102 1439 2130 enim
1453 2102 1578 2137 precibus
1591 2106 1712 2136 peccata,

929 2147 972 2175 hic
986 2147 1061 2175 solus
1075 2152 1206 2182 potestate
1222 2148 1335 2176 dimisit.
1353 2149 1466 2176 Dicebat
1478 2149 1550 2177 enim
1565 2149 1587 2165 "
1603 2157 1610 2176 :
1625 2158 1639 2174 «ι
1649 2148 1711 2180 Fili,

90 2187 165 2221 quasi
182 2188 288 2221 hircus,
302 2192 349 2215 aut
365 2188 476 2222 vitulus,
493 2193 539 2217 aut
551 2190 623 2219 aries
639 2189 768 2218 olieratur
783 2189 816 2217 ad
834 2197 876 2217 rc-
892 2189 915 2216 D
930 2193 1039 2220 remissa
1054 2197 1118 2220 sunt
1134 2193 1183 2222 tibi
1201 2200 1311 2230 peccata
1328 2198 1385 2221 tua.
1403 2204 1412 2221 ι
1433 2195 1478 2223 Sic
1501 2202 1565 2231 ergo
1581 2194 1712 2223 imbuitur

90 2232 288 2260 conciliandum
314 2233 468 2262 hominibus
489 2235 585 2263 Deum.
611 2235 701 2263 Donec
723 2235 794 2263 enim
810 2241 874 2263 sunt

90 2282 210 2311 peccata,
223 2286 337 2306 necesse
351 2284 393 2307 est
405 2280 506 2315 requiri
520 2285 547 2308 et
561 2281 665 2309 hostias
677 2288 727 2317 pro
742 2282 873 2316 peccatis.

91 2322 155 2350 Nam
174 2331 256 2358 pone,
274 2324 348 2352 verbi
362 2326 446 2360 gratia
460 2346 467 2359 ,
485 2333 537 2354 non
564 2325 647 2355 fuisse
665 2331 804 2361 peccatum
826 2335 833 2352 τ
852 2327 875 2354 si
893 2361 897 2366 _

91 2376 141 2396 non
159 2369 258 2398 fuisset
273 2377 423 2406 peccatum,
448 2380 500 2400 non
528 2380 641 2400 necesse
670 2373 759 2401 fuerat
776 2373 874 2401 Filium

91 2414 135 2442 Dei
147 2423 250 2450 agnum
264 2416 334 2450 ﬁeri,
349 2425 398 2445 nec
412 2425 480 2453 opus
495 2417 585 2446 fuerat
607 2426 668 2446 eum
685 2419 710 2446 in
724 2426 807 2447 carne
824 2427 872 2454 po~

123 2472 147 2488 "
165 2472 237 2501 Psal.
258 2481 337 2507 xuv,
355 2474 399 2502 32.
437 2475 461 2491 ’θ
479 2475 558 2504 Rom.
575 2484 601 2503 tx
614 2496 621 2508 ,
641 2477 669 2504 5.

90 2551 286 2615 “saccum:
303 2553 395 2583 Sancti
411 2554 592 2590 Theudorici,
620 2566 628 2581 t
659 2557 685 2583 in
709 2557 873 2585 sacrificium

124 2621 180 2661 φξϐ)
194 2621 335 2651 Zachariae
355 2625 496 2659 prop/tela.
513 2626 581 2654 Vide
603 2631 658 2654 not.
686 2626 711 2654 in
734 2626 818 2661 Epist.
842 2628 875 2655 ad

90 2655 256 2689 Africanum.

123 2691 228 2730 (27)_Ut
244 2693 271 2719 in
285 2691 382 2730 Graecis
397 2695 530 2722 codicibus
549 2695 668 2730 legimus.
687 2695 874 2725 Parenthesim

66 2738 73 2749 ,μ
90 2724 276 2764 Ιιιιιιςεμόεᾲειω
291 2728 393 2764 addidit
407 2729 541 2764 interpres
556 2724 680 2759 R'ufinus.

125 2760 181 2800 (28)
206 2762 296 2789 Codex
320 2763 411 2790 Sancti
437 2760 619 2799 Theoderici,
643 2775 652 2792 t
682 2766 781 2794 dicitur
804 2766 873 2794 alius

89 2795 196 2828 quidem
219 2802 388 2824 sanctorum.
407 2807 416 2824 ι

123 2829 179 2865 (29)
200 2831 450 2865 Puriﬁcationibus.
471 2834 550 2863 Dccst
563 2835 590 2863 in
604 2835 680 2864 libris
693 2838 773 2864 antea
784 2837 872 2870 editis,

929 2238 1047 2266 mundus
1058 2259 1066 2272 ,
1087 2239 1173 2274 primo
1191 2247 1239 2275 per
1256 2240 1377 2268 diversas
1394 2240 1499 2269 hostias
1523 2241 1711 2270 remissionem

928 2291 1051 2318 quaerere
1064 2290 1247 2320 peccatorum,
1263 2286 1348 2313 donec
1363 2285 1456 2313 veniat
1468 2286 1503 2313 ad
1520 2286 1636 2314 hostiam
1649 2294 1711 2321 per-

929 2327 1038 2363 fectam,
1051 2330 1084 2358 ad
1098 2330 1213 2358 hostiam
1233 2337 1468 2365 consummatam,
1485 2339 1583 2367 agnum
1597 2333 1716 2360 annicu-

928 2374 994 2408 lum,
1024 2376 1184 2410 perfectum,
1203 2378 1248 2412 qui
1264 2378 1337 2405 tollat
1360 2383 1472 2414 peccata
1491 2379 1574 2406 totius
1592 2379 1683 2406 mundi
1702 2388 1709 2406 :

929 2428 975 2455 per
991 2429 1069 2456 quem
1083 2422 1246 2452 festivitates
1263 2430 1326 2459 agat
1337 2425 1485 2460 spiritales,
1502 2432 1555 2452 non
1576 2424 1609 2453 ad
1627 2425 1710 2452 satie-

711 2477 732 2492 "
746 2476 767 2503 il
784 2477 854 2504 Titii.
870 2486 906 2512 tv,
923 2480 948 2506 6.
975 2481 998 2497 ³⁸
1017 2480 1088 2509 Psal.
1109 2489 1156 2515 cn,
1171 2482 1216 2517 27,
1230 2482 1274 2511 28.
1312 2485 1334 2500 θ’
1349 2482 1442 2510 Matth.
1457 2490 1496 2515 Ix,
1507 2482 1534 2509 2.

929 2560 976 2587 sed
989 2560 1129 2594 suppletur
1145 2568 1176 2587 ex
1193 2560 1319 2588 omnibus
1331 2569 1397 2588 mss.

965 2593 1082 2630 (δογξίσ
1098 2595 1178 2623 etiam
1193 2603 1240 2630 pro
1255 2595 1448 2630 dispensatione
1459 2616 1467 2629 ,
1483 2600 1537 2623 etc.
1556 2595 1594 2622 ita
1613 2595 1710 2623 habent

931 2629 1010 2666 codd.
1040 2629 1208 2666 Turonensis
1233 2635 1261 2666 et
1281 2629 1465 2666 Ebroicensis,
1490 2638 1504 2657 a
1531 2630 1630 2666 quibus
1656 2638 1708 2659 non

930 2664 1046 2691 multum
1069 2665 1173 2692 recedit
1195 2665 1285 2692 .codex
1316 2665 1408 2693 Sancti
1438 2664 1618 2698 Tlteodorici,
1647 2666 1711 2694 «sic

929 2699 1012 2726 etiam
1036 2706 1086 2734 per
1112 2699 1340 2733 dispensationem
1368 2701 1449 2728 totius
1465 2701 1558 2728 mundi
1579 2701 1709 2729 rationem

929 2733 1264 2795 purificationisintellige.
1280 2743 1290 2760 ι
1316 2734 1343 2761 In
1369 2735 1447 2763 libris
1461 2743 1524 2763 vero
1539 2741 1618 2763 antea
1631 2736 1711 2764 editis

939 2769 1027 2795 eaitur
1054 2777 1061 2795 :
1091 2778 1101 2795 ι
1126 2769 1167 2795 sic
1194 2769 1275 2795 etiam
1301 2776 1349 2795 uer
1374 2769 1603 2795 disncnsatinnem
1630 2771 1711 2795 inlitis

939 2769 1027 2805 egitur
1054 2777 1061 2796 :
1091 2778 1101 2795 ι
1126 2769 1167 2796 sic
1194 2769 1275 2805 etiam
1301 2769 1603 2805 peridispensationem
1630 2771 1711 2799 totius

928 2803 1020 2831 mundi
1039 2805 1108 2832 ratio
1126 2811 1167 2832 es:
1189 2803 1385 2840 puriﬁcationis
1402 2803 1427 2831 ei
1444 2805 1638 2834 intellectuum.
1662 2815 1674 2832 I
