1903 3052
201 137 252 165 759

906 133 1067 162 ORIGENIS

1769 135 1822 162 760

199 201 284 223 tatem
302 197 404 230 carnis,
424 197 470 225 sed
494 197 527 224 ad
548 196 696 231 profectum
712 194 824 230 spiritus
839 194 983 223 sacriﬁciis
997 197 1020 224 Α
1034 193 1068 220 ah
1081 199 1114 220 eo
1127 193 1232 220 auferat
1242 200 1336 221 omnes
1352 192 1536 221 immunditias
1547 214 1555 227 ,
1572 193 1653 222 cilius
1663 198 1744 221 eruat
1759 202 1822 222 eum

198 242 369 276 spiritalibus
404 243 590 278 purificatione
626 242 723 270 mentis
752 241 859 269 oblatis.
901 240 983 267 Decet

199 286 272 313 enim
296 287 351 314 Deo
366 287 498 315 immolari
524 288 660 315 victimam
687 287 787 319 cordis,
816 291 844 314 et
867 284 981 312 hostiam

199 332 374 360 contribulati
391 334 512 368 spiritus,
530 341 582 361 non
611 334 701 360 carnis
711 339 737 360 et
753 332 891 368 sanguinis
903 331 982 366 jugu-

201 377 249 404 lari
265 386 271 402 :
288 379 365 415 quia.
384 388 393 404 ε
407 384 432 407 et
450 380 472 407 si
499 380 660 414 agnOvimus
683 380 822 407 Christum
835 379 982 414 aliquando

199 423 347 450 secundum
361 431 489 457 carnem;
510 425 555 452 sed
576 432 648 453 nunc
660 425 717 460 jam
730 432 782 452 non
796 426 921 453 novimus
935 426 944 442 ί
958 433 982 458 ς»

199 473 225 495 et
236 469 295 496 ideo
306 471 332 497 in
350 470 446 504 spiritu
461 471 530 498 diem
552 470 649 498 festum
665 479 786 506 agamus,
803 476 832 498 et
849 473 982 506 spiritalia

197 515 331 542 sacriﬁcia
352 517 517 551 jugulemus.
546 517 608 545 Hmc
623 525 672 552 pro
695 517 798 545 viribus
823 519 924 546 nostris
949 520 981 546 de

196 561 356 590 diversitate
372 563 569 590 sacrificiorum
585 563 708 591 discussa
725 564 780 591 sint
791 584 798 597 ,
816 572 932 599 quorum
947 565 981 592 ad

197 607 330 642 liquidum
344 608 550 644 intelligentiam
564 609 615 636 scit
631 609 686 641 ille,
705 609 749 637 cui
764 610 835 637 nuda
855 615 883 638 et
905 618 982 639 reve-

197 653 250 680 lata
262 658 326 680 sunt
339 654 441 686 omnia,
456 661 507 682 nec
521 658 562 681 est
575 654 628 681 ulla
641 658 766 682 creatura
788 655 815 682 in
833 660 982 691 conspectu

195 699 255 734 ejus
275 699 428 726 invisibilis.

230 743 258 772 2.
281 744 345 771 Post
360 745 416 772 lucc
430 749 556 773 votorum
574 745 617 773 lex
640 745 761 781 ponitur,
774 750 801 774 et
817 753 886 774 novo
906 746 982 781 prin-

195 787 268 823 cipio
282 789 369 816 utitur
384 790 412 817 in
424 791 476 818 hac
492 790 662 825 legislatione
678 790 775 818 Moses.
790 791 835 818 Ait
859 791 929 818 enim
945 791 956 806 '
971 799 979 817 :

198 844 207 861 ι
220 834 317 867 Homo,
335 836 416 863 homo
430 837 586 871 quicunque
601 836 705 864 voverit
720 840 810 863 votum
829 836 954 863 Omnino.
968 846 977 862 ›

196 880 260 913 Qutc
274 887 316 908 est
329 881 378 908 ista
400 882 538 916 repetendi
559 882 677 909 nominis
697 881 800 908 causa?
822 881 903 915 Quasi
927 889 979 908 non

197 925 332 953 sulliceret
348 927 457 960 dixisse,
477 927 557 954 homo
571 928 616 962 qui
632 928 736 954 voverit
752 932 841 954 votum
857 927 979 954 Domino.

196 971 265 1005 Quid
281 976 322 998 est
348 979 412 1006 ergo
437 973 508 1007 quod
525 974 573 1005 ait,
592 973 671 1000 homo
688 974 778 1005 homo,
809 977 835 1000 et
851 974 915 1007 quid
930 973 980 1000 sibi

198 1017 263 1044 velit
290 1017 454 1052 ingeminata
483 1019 599 1046 hominis
627 1019 794 1054 appellatio,
832 1027 885 1045 non
916 1019 980 1046 mihi

195 1062 303 1089 silentio
333 1064 548 1096 prmtcreuudum
581 1064 694 1092 videtur.
729 1063 875 1098 Apostolus
903 1064 981 1091 docet

195 1108 276 1134 alium
292 1116 351 1135 esse
367 1109 526 1137 interiorem
550 1110 703 1142 hominem,
725 1115 751 1136 et
767 1109 846 1136 alium
863 1109 981 1137 exterio-

195 1162 251 1181 rcm
273 1163 279 1181 :
301 1160 328 1182 et
343 1155 415 1183 illum
442 1163 502 1183 esse
523 1156 568 1192 qui
597 1162 744 1184 renovatur
758 1157 790 1183 de
806 1156 848 1183 die
866 1157 891 1182 iu
908 1156 979 1183 diem

194 1201 342 1227 secundum
368 1201 512 1236 imaginem
530 1202 589 1236 ejus
609 1202 654 1236 qui
675 1202 777 1229 creavit
801 1209 880 1234 eum;
907 1202 980 1229 hunc

195 1253 259 1273 vero
274 1253 335 1274 esse
351 1246 500 1278 visibilem,
521 1247 565 1282 qui
582 1247 767 1282 corrumpitur
783 1247 804 1274 ⁸.
829 1247 896 1274 Cum
916 1254 980 1282 ergo

194 1291 302 1318 venitur
317 1291 350 1318 ad
367 1293 446 1318 istum
457 1292 512 1326 jam
528 1292 679 1326 profectum
691 1312 699 1324 ,
723 1297 749 1318 ut
770 1292 810 1318 lex
829 1291 876 1318 Dei
892 1292 979 1319 susci-

194 1338 295 1371 piatur,
312 1342 339 1364 ct
355 1342 415 1365 vota
429 1338 541 1365 Domino
554 1337 722 1371 offerantur;
740 1341 800 1366 vota
816 1342 909 1365 autem
926 1338 980 1365 Do-

195 1383 269 1410 mino
291 1383 389 1411 offerre
410 1391 488 1415 nemo
507 1388 607 1418 potest,
623 1384 674 1411 nisi
688 1384 733 1418 qui
748 1383 828 1412 habet
840 1383 941 1418 aliquid
952 1384 979 1411 in

194 1429 340 1463 semetipso
359 1433 386 1456 et
416 1429 442 1456 in
458 1429 608 1458 substantia
628 1439 676 1458 sua
698 1430 770 1465 quod
788 1430 885 1458 offerat
904 1430 978 1459 Deo:

195 1481 248 1501 non
263 1475 362 1502 suilicit
377 1475 430 1503 iste
440 1476 560 1504 exterior
574 1476 655 1504 homo
666 1477 751 1512 legem
765 1477 812 1505 Dei
828 1477 977 1512 suscipere,

1033 240 1067 267 ab
1083 241 1156 267 omni
1173 241 1377 275 inquinamento
1389 242 1479 270 carnis
1493 247 1520 269 et
1536 243 1687 277 sanguinis,
1705 249 1821 270 conver-

1035 289 1106 312 tatur
1122 286 1267 321 aliquando
1277 288 1310 314 ad
1320 287 1519 322 pmnitentiam,
1535 293 1645 315 revocet
1665 288 1701 316 ad
1718 296 1748 316 se
1765 295 1821 316 me-

1032 333 1146 359 moriam
1163 333 1220 364 Dei,
1235 337 1343 360 revocet
1358 341 1431 368 spem
1443 333 1547 361 salutis.
1561 333 1618 360 Non
1633 334 1707 361 enim
1722 334 1822 361 extrin-

1032 385 1111 405 secus
1136 378 1243 405 aliunde
1267 380 1411 413 quaarenda
1440 383 1519 412 sunt,
1547 380 1594 406 sed
1619 379 1691 406 intra
1713 387 1764 407 nos
1781 384 1822 407 est

1032 423 1127 450 salutis
1150 425 1270 456 occasio,
1297 424 1369 451 sicut
1390 429 1418 452 et
1445 424 1576 452 Dominus
1595 425 1664 452 dixit
1678 424 1689 440 ⁵
1703 433 1711 452 :
1726 434 1736 450 ε
1752 424 1822 452 Ecce

1032 469 1102 496 enim
1118 475 1227 503 regnum
1242 469 1288 496 Dei
1301 470 1370 496 intra
1386 477 1433 497 vos
1448 474 1500 497 est.
1519 479 1528 496 ι
1546 469 1619 497 intra
1636 478 1685 498 nos
1702 478 1822 505 namque

1032 520 1073 543 est
1103 517 1289 544 conversionis
1325 516 1447 545 facultas.
1474 517 1541 545 Cum
1569 518 1641 545 enim
1666 524 1822 545 conversus

1032 562 1206 597 ingemueris,
1218 562 1307 590 salvus
1318 563 1383 595 eris.
1393 569 1420 591 et
1437 569 1501 592 tunc
1516 565 1618 598 poteris
1636 564 1718 598 digne
1734 563 1820 592 Altis-

1027 607 1095 635 simo
1108 607 1220 635 reddere
1234 611 1294 634 vota
1306 612 1361 639 tua,
1377 611 1405 634 et
1416 607 1497 634 homo
1514 607 1595 633 homo
1607 606 1749 641 appellari.
1763 606 1818 633 Vo-

1028 657 1084 679 tum
1096 656 1185 679 autem
1197 656 1247 684 est,
1260 659 1321 679 cum
1334 651 1434 686 ahquid
1445 651 1479 678 de
1489 651 1589 678 nostris
1598 651 1742 678 offerimus
1751 651 1816 678 Deo.

1027 699 1091 727 Vult
1105 707 1169 735 ergo
1181 708 1196 726 a
1211 700 1288 726 nobis
1306 699 1381 734 prius
1397 699 1498 734 aliquid
1514 699 1639 734 accipere
1655 699 1730 726 Deus
1749 699 1818 735 (55),

1028 750 1057 772 et
1081 745 1117 772 ita
1142 745 1220 772 nobis
1239 744 1339 779 aliquid
1363 745 1420 779 ipse
1441 744 1547 780 largiri,
1572 749 1603 770 ut
1621 744 1693 771 dona
1718 752 1769 771 sua
1793 749 1821 771 et

1033 795 1144 814 munera
1159 788 1328 814 merentibus
1343 793 1370 814 et
1384 795 1437 814 non
1455 787 1599 814 immeritis
1617 787 1710 822 largiri
1726 787 1821 813 videa-

1032 836 1085 859 tur.
1105 832 1173 865 Quid
1205 837 1294 859 autem
1311 837 1352 860 est
1378 833 1449 867 quod
1472 833 1529 859 vult
1554 833 1678 867 accipere
1701 840 1716 858 a
1743 832 1821 859 nobis

1032 878 1123 906 Deus?
1136 879 1202 905 Audi
1222 878 1368 913 Scriptum
1386 879 1549 906 sententiam
1565 878 1593 905 ':
1609 888 1618 904 ε
1630 878 1663 905 Et
1689 886 1761 905 nunc
1784 878 1821 905 ls-

1033 924 1097 956 rael,
1115 923 1179 958 quid
1192 922 1322 950 Dominus
1337 923 1406 950 Deus
1426 927 1488 950 tuus
1504 923 1590 957 poscit
1610 930 1625 949 a
1649 927 1676 949 te
1688 942 1696 954 ,
1725 923 1777 950 nisi
1793 927 1820 949 ut

1032 969 1127 995 timeas
1147 967 1287 994 Dominum
1314 967 1397 995 Deum
1419 971 1493 995 tuum
1514 972 1540 994 et
1555 967 1637 1003 364
1651 967 1778 994 ambules
1792 967 1820 994 in

1031 1014 1157 1041 omnibus
1168 1013 1220 1040 viis
1232 1012 1300 1046 ejus,
1318 1017 1346 1040 et
1362 1013 1458 1048 diligas
1473 1020 1534 1040 eum
1546 1021 1579 1040 ex
1592 1019 1647 1041 toto
1662 1015 1746 1040 corde
1761 1019 1820 1046 tuo,

1031 1063 1057 1086 ct
1076 1067 1108 1086 ex
1132 1063 1185 1086 tota
1213 1059 1303 1086 anima
1320 1063 1383 1091 tua,
1405 1064 1433 1086 et
1455 1066 1487 1086 ex
1503 1059 1567 1086 totis
1592 1059 1695 1086 viribus
1716 1059 1794 1086 tuis?
1808 1069 1819 1086 ι

1032 1105 1094 1132 Ιιωο
1105 1109 1167 1132 sunt
1183 1112 1248 1139 ergo
1260 1112 1320 1139 qua:
1335 1105 1404 1132 Deus
1417 1105 1504 1138 poscit
1515 1112 1530 1131 a
1548 1105 1636 1135 nobis.
1650 1105 1716 1138 Qua:
1725 1105 1748 1132 si
1765 1113 1819 1133 non

1031 1151 1106 1186 prius
1121 1151 1276 1183 offeramus,
1289 1152 1321 1179 ab
1335 1152 1392 1186 ipso
1409 1151 1574 1186 accipiemus
1595 1152 1672 1178 nihil.
1691 1151 1821 1186 Legimus

1030 1201 1058 1223 et
1073 1197 1099 1223 in
1120 1197 1172 1224 alio
1187 1196 1246 1224 loco
1261 1197 1272 1213 ⁶
1287 1205 1293 1222 :
1311 1204 1322 1223 ι
1336 1196 1401 1224 Date
1428 1196 1543 1232 gloriam
1566 1197 1651 1228 Deo,»
1677 1201 1734 1225 ειη
1750 1196 1822 1224 Date

1031 1241 1258 1277 magnificentiam
1275 1242 1340 1269 Deo.
1354 1251 1363 1268 ι
1375 1242 1404 1269 Si
1419 1242 1549 1270 dederitis
1565 1242 1689 1276 gloriam,
1703 1243 1822 1275 recipie-

1030 1287 1067 1315 tis
1079 1287 1204 1321 gloriam.
1223 1287 1270 1315 Sic
1290 1288 1363 1314 enim
1379 1288 1446 1315 dicit
1468 1288 1526 1322 ipse
1551 1287 1621 1315 Deus
1634 1288 1644 1303 ⁷
1663 1297 1670 1314 :
1687 1288 1821 1314 «Gloriﬁ-

1030 1340 1124 1362 cautes
1138 1342 1182 1362 me
1193 1334 1359 1370 glorificabo.
1377 1344 1387 1360 ι
1408 1334 1466 1369 Ego
1481 1341 1545 1361 vero
1565 1334 1636 1366 dico,
1657 1335 1729 1368 quod
1749 1339 1777 1361 et
1796 1335 1820 1361 si

1029 1379 1174 1408 offeramus
1192 1381 1216 1408 ei
1230 1379 1363 1414 justitiam
1383 1384 1514 1413 nostram,
1531 1379 1696 1414 accipiemus
1709 1381 1744 1408 ab
1758 1380 1820 1415 ipso

1027 1425 1162 1461 justitiam
1178 1425 1236 1454 Dei.
1253 1425 1287 1452 Et
1305 1425 1329 1452 si
1345 1425 1491 1452 offeramus
1510 1425 1536 1452 ei
1557 1430 1678 1452 nostram
1691 1446 1699 1456 .
1730 1424 1758 1453 id
1778 1430 1822 1453 est

1029 1473 1151 1507 corporis
1182 1473 1346 1504 castitatem,
1375 1473 1541 1507 accipiemus
1572 1472 1606 1499 ab
1641 1472 1699 1506 ipso
1738 1472 1823 1506 spiri-

196 1527 246 1547 uec
271 1525 332 1548 vota
358 1521 430 1549 solus
459 1520 567 1553 offerre,
596 1530 648 1549 non
675 1523 748 1550 enim
765 1527 853 1558 potest
876 1523 978 1558 aliquid

1033 1522 1073 1545 tus
1096 1518 1251 1545 castitatem
1277 1517 1343 1553 (3L).
1373 1517 1456 1554 Et‘si
1485 1516 1631 1545 offeramus
1658 1517 1683 1544 ei
1707 1523 1820 1544 sensum

195 1565 304 1600 dignum
331 1566 386 1593 Deo
409 1566 508 1594 habere
525 1576 532 1594 :
550 1568 596 1595 sed
623 1568 668 1596 ille
694 1568 808 1596 interior
827 1573 869 1596 est
885 1569 977 1601 homo,

195 1611 240 1645 qui
258 1611 345 1646 magis
368 1612 450 1639 habet
470 1612 497 1639 in
520 1620 550 1640 se
576 1614 648 1648 quod
672 1612 767 1641 offerat
791 1613 855 1640 Deo.
886 1612 915 1640 In
933 1613 979 1641 illo

196 1663 313 1690 namque
339 1661 381 1685 est
411 1658 592 1686 habitaculum
606 1659 754 1691 virtutum,
773 1659 798 1686 in
825 1659 871 1686 illo
890 1659 979 1687 omnis

196 1701 348 1730 intellectus
375 1703 507 1736 scientiae,
540 1705 566 1731 in
593 1704 639 1732 illo
661 1710 700 1732 est
728 1705 826 1731 divina:
853 1705 978 1740 imaginis

197 1749 344 1776 innovatio.
359 1749 408 1783 Qui
423 1757 483 1777 cum
499 1750 617 1785 speciem
636 1758 711 1778 suam
723 1771 730 1782 ,
754 1758 805 1785 qua
824 1758 857 1777 ex
871 1751 950 1778 initio
963 1759 977 1778 a

197 1794 250 1821 Deo
262 1794 348 1822 factus
360 1800 400 1824 est
413 1795 468 1831 (5i)
482 1797 691 1831 recuperaverit,
701 1801 729 1824 et
742 1798 871 1824 virtutum
888 1797 979 1825 redin-

197 1841 346 1876 tegratione
362 1843 588 1877 pulchritudinem
606 1843 703 1878 prioris
721 1843 814 1870 forma:
830 1843 976 1878 receperit,

197 1893 259 1915 tunc
271 1887 325 1922 jam
346 1894 436 1924 potest
456 1894 518 1916 vota
536 1889 632 1917 offerre
649 1889 718 1923 Deo,
734 1894 761 1916 et
779 1894 841 1918 tunc
854 1889 910 1924 jam
924 1897 978 1916 non

196 1933 276 1960 homo
293 1934 399 1968 solum,
421 1935 467 1962 sed
493 1935 574 1962 homo
591 1935 672 1962 homo
699 1935 812 1962 dicetur.
840 1935 906 1961 Nam
931 1934 976 1969 qui

196 1979 352 2007 interiorem
367 1980 501 2007 hominem
517 1988 571 2007 non
593 1980 702 2013 excolit,
725 1981 771 2015 qui
793 1979 864 2007 illius
884 1987 977 2007 curam

197 2032 248 2052 non
267 2025 347 2060 gerit,
359 2025 404 2059 qui
422 2026 568 2053 virtutibus
580 2033 641 2053 eum
656 2033 708 2053 non
725 2026 843 2058 instruit,
859 2026 978 2053 moribus

197 2080 248 2099 una
274 2073 400 2106 adornat,
423 2074 522 2101 divinis
540 2074 754 2103 institutionibus
778 2081 830 2102 non
859 2080 977 2107 exercet,

195 2118 355 2152 sapientiam
372 2119 417 2146 Dei
435 2127 487 2146 non
502 2121 609 2154 quaerit,
638 2121 758 2148 scientiae
772 2121 978 2156 Scripturarum

195 2171 306 2197 operam
319 2172 372 2192 non
391 2166 530 2200 impendit,
548 2167 592 2194 hic
613 2175 666 2194 non
684 2171 771 2202 potest
795 2167 876 2195 homo
896 2168 978 2195 homo

195 2210 259 2241 dici,
278 2212 324 2238 sed
344 2211 424 2239 homo
439 2217 554 2245 tantum.
580 2218 608 2241 et
635 2214 714 2241 homo
740 2214 864 2241 animalis
884 2223 891 2241 :
912 2215 975 2247 quia

197 2255 240 2282 ille
253 2255 374 2289 interior,
389 2258 431 2284 cui
446 2258 536 2285 verius
546 2264 572 2286 et
590 2259 704 2286 nobilius
720 2259 799 2286 ltouto
815 2267 910 2288 nomen
924 2264 975 2292 est,

195 2301 300 2334 sopitus
313 2301 338 2327 in
356 2309 388 2328 eo
405 2307 446 2330 est
457 2303 612 2331 carnalibus
628 2303 699 2332 vitiis
712 2323 720 2337 ,
747 2309 774 2332 et
788 2305 879 2332 mutuli
897 2306 977 2340 hujus

194 2347 268 2372 curis
281 2353 313 2372 ac
327 2347 554 2376 sollicitudinibus
581 2350 712 2380 obrutus,
737 2349 775 2377 ita
792 2355 821 2377 ut
839 2351 864 2377 iu
880 2359 912 2379 eo
927 2359 976 2378 nec

196 2392 312 2419 nominis
334 2392 392 2427 ejus
416 2393 508 2420 haberi
531 2394 616 2429 possit
638 2394 780 2429 appellatio
803 2395 870 2431 (52).
903 2395 979 2424 Unde

195 2439 261 2466 sutis
281 2439 414 2474 agendum
431 2444 473 2467 est
492 2440 636 2475 unicuique
650 2446 782 2475 nostrum,
814 2447 843 2469 ut
860 2443 882 2470 si
906 2442 979 2471 forte

194 2485 266 2512 videt
284 2485 309 2512 in
325 2493 354 2511 se
369 2485 524 2513 interiorem
548 2486 684 2513 hominem
701 2492 874 2521 peccatorum
887 2489 978 2516 sordi-

195 2531 244 2557 hus
264 2535 290 2557 et
301 2531 427 2558 vitiorum
444 2530 587 2559 ruderibus
601 2539 758 2567 oppressum
771 2532 882 2568 jacere,
897 2533 977 2561 citius

1031 1569 1164 1597 nostrum,
1181 1564 1345 1598 accipiemus
1365 1564 1398 1591 ab
1419 1564 1478 1598 ipso
1501 1570 1611 1591 sensum
1627 1563 1732 1598 ipsius;
1748 1563 1823 1590 sicut

1029 1615 1058 1638 et
1071 1610 1216 1645 Apostolus
1232 1610 1340 1638 dicebat
1355 1611 1365 1627 ⁸
1381 1620 1407 1638 ιε
1420 1610 1475 1638 Nos
1487 1616 1576 1638 autem
1593 1610 1700 1637 Domini
1715 1609 1820 1637 Christi

1029 1664 1137 1685 sensum
1166 1657 1306 1684 habemus.
1328 1667 1336 1683 ι
1358 1656 1425 1684 Cum
1452 1662 1542 1684 autem
1568 1663 1618 1684 nos
1638 1657 1822 1685 obtuleriutus

1031 1704 1085 1731 Deo
1099 1711 1159 1738 qua
1174 1704 1201 1731 in
1216 1703 1292 1731 nobis
1307 1709 1380 1736 sunt,
1395 1709 1423 1731 et
1435 1703 1479 1731 ille
1491 1703 1637 1731 contulerit
1650 1704 1678 1730 in
1693 1711 1745 1731 nos
1758 1711 1821 1738 qua:

1030 1758 1077 1778 sua
1092 1755 1166 1784 sunt,
1184 1754 1246 1777 tunc
1261 1751 1388 1785 verejam
1401 1758 1451 1777 non
1467 1750 1548 1778 ltomo
1565 1750 1663 1782 solum,
1677 1751 1725 1777 sed
1738 1751 1822 1778 homo

1030 1796 1112 1824 homo
1127 1796 1259 1824 dicemur.
1292 1795 1412 1830 Uterque
1438 1796 1509 1823 enim
1531 1795 1612 1823 homo
1638 1795 1762 1823 vocabuli
1776 1796 1820 1823 sui

1029 1842 1194 1877 perfectione
1222 1843 1348 1869 decenter
1375 1845 1487 1869 ornatus
1504 1845 1555 1868 est.
1585 1839 1637 1867 Ista
1661 1845 1726 1868 sunt
1751 1848 1819 1876 ergo

1030 1895 1102 1920 vota,
1115 1895 1175 1922 qua:
1191 1887 1271 1915 debet
1283 1887 1423 1914 exsolvere
1432 1887 1464 1919 is,
1475 1887 1521 1921 qui
1532 1886 1612 1914 homo
1628 1887 1711 1914 homo
1724 1886 1819 1921 appel-

1030 1933 1112 1960 latur.
1127 1932 1190 1960 Scio
1201 1933 1307 1960 diversa
1323 1936 1383 1959 vota
1398 1932 1424 1959 in
1438 1931 1587 1966 Scripturis
1606 1931 1714 1959 referri.
1735 1932 1818 1959 Anna

1030 1979 1138 2014 quidem
1153 1978 1226 2005 vovit
1241 1977 1296 2005 Deo
1308 1977 1424 2004 fructtun
1437 1978 1540 2004 ventris
1552 1977 1606 2008 sui,
1618 1981 1646 2003 et
1661 1977 1818 2003 Samuelem

1030 2025 1199 2053 consecravit
1226 2025 1252 2051 in
1276 2023 1375 2058 templo
1393 2023 1421 2057 ⁹.,
1436 2023 1533 2055 Alius,
1561 2023 1742 2057 quodcunque
1765 2022 1818 2049 sibi

1030 2077 1090 2107 post
1122 2070 1261 2098 victoriam
1293 2071 1416 2098 redeunti
1446 2068 1613 2097 occurrisset
1635 2069 1710 2095 vovit
1742 2068 1816 2100 Deo,

1029 2121 1189 2144 occurrente
1206 2116 1278 2147 filia,
1305 2121 1367 2142 vota
1389 2115 1562 2151 lacrymanda
1590 2113 1819 2148 persolvit".Alii

1031 2163 1138 2195 vitulos,
1154 2167 1201 2189 aut
1213 2162 1324 2195 arietes,
1341 2167 1386 2188 aut
1400 2161 1495 2188 domos
1507 2181 1513 2193 ,
1530 2165 1576 2186 aut
1591 2160 1642 2186 alia
1658 2159 1818 2194 hujusmodi

1032 2210 1137 2237 ratione
1161 2208 1292 2241 earentia,
1310 2213 1371 2235 vota
1388 2206 1504 2234 offerunt
1533 2207 1598 2234 Deo.
1624 2205 1670 2233 llle
1690 2213 1756 2233 vero
1771 2205 1820 2240 qui

1030 2255 1181 2291 appellatur
1193 2254 1348 2287 Nazarteus,
1367 2254 1541 2288 semetipsum
1559 2252 1668 2279 devovit
1680 2251 1746 2279 Deo.
1762 2251 1821 2279 Hoc

1030 2307 1071 2330 est
1094 2302 1168 2330 enim
1194 2308 1285 2329 votum
1312 2301 1432 2327 Nazarwi
1455 2300 1525 2334 quod
1555 2302 1597 2325 cst
1626 2305 1708 2332 super
1738 2304 1821 2324 omne

1030 2353 1132 2375 votum.
1147 2347 1213 2374 Nam
1228 2347 1312 2374 filium
1330 2345 1438 2379 offerre,
1465 2345 1506 2372 vel
1523 2343 1606 2371 filiam
1620 2363 1628 2376 ,
1653 2349 1700 2371 aut
1723 2351 1819 2378 pecus,

1028 2398 1074 2420 aut
1092 2394 1233 2428 prtedium,
1250 2394 1302 2421 hoc
1317 2397 1400 2420 totum
1415 2396 1493 2419 extra
1506 2398 1554 2418 nos
1565 2395 1617 2418 est.
1631 2391 1817 2424 Seutetipsunt

1029 2439 1084 2466 Deo
1096 2438 1205 2471 olIerre,
1220 2433 1247 2466 et
1265 2447 1317 2466 non
1341 2438 1430 2466 alieno
1444 2437 1545 2468 labore,
1559 2436 1606 2463 sed
1626 2435 1738 2471 proprio
1758 2435 1818 2468 pla-

1027 2492 1101 2517 cere,
1125 2485 1177 2512 hoc
1202 2489 1245 2512 est
1263 2484 1410 2518 perfectius
1437 2488 1464 2510 et
1495 2482 1658 2510 eminentius
1691 2481 1821 2508 omnibus

1030 2531 1209 2566 votis:quod
1236 2531 1280 2566 qui
1307 2524 1388 2562 facit,
1424 2529 1542 2556 imitator
1569 2533 1611 2555 est
1634 2527 1748 2554 Christi.
1775 2526 1821 2553 llle

231 2610 239 2625 ¹
286 2609 377 2641 Conv,
387 2611 442 2650 ΑΕ.
468 2610 578 2650 _'_Nt_tm.
589 2612 692 2650 xxx}:
729 2611 852 2650 ³Α11-(ξ9τ.
874 2619 910 2644 tv,
924 2612 970 2650 rl6_.

1038 2611 1179 2644 Luc.xvu,
1194 2610 1240 2638 21.
1278 2611 1288 2626 ¹
1309 2610 1386 2637 Deut.
1406 2617 1439 2650 με,
1461 2608 1503 2636 l2.
1541 2608 1551 2622 ‘
1567 2607 1669 2634 Jerem.
1691 2615 1753 2639 xm,
1775 2605 1819 2634 16.

194 2644 204 2660 ⁷
225 2645 231 2670 I
254 2644 317 2679 Iieg.
341 2653 369 2675 Il,
387 2646 430 2672 30.
467 2646 478 2661 ⁸
496 2646 503 2672 l
518 2645 580 2674 Cor.
599 2655 629 2679 ll,
649 2644 702 2674 '16.

229 2688 287 2726 (51)
308 2690 397 2716 Codex
418 2690 512 2726 Sancti
525 2691 697 2726 Theudorici,
721 2700 729 2716 t
750 2699 810 2726 qua:
824 2699 856 2718 ex
871 2690 947 2717 initio
961 2698 976 2718 ιι

196 2723 251 2750 Deo
268 2724 345 2759 facta
365 2730 416 2751 est.
431 2735 439 2750 ι
472 2724 554 2752 Paulo
577 2733 636 2759 post
653 2723 836 2754 omnes'mss.
858 2726 977 2757 habent,

202 2758 455 2794 (pulchritudinem
487 2758 584 2794 prioris
617 2762 719 2788 fnrmm.
739 2770 747 2786 ι
786 2761 862 2788 Lihh.
901 2761 977 2794 editi,

203 2800 213 2818 ι
233 2793 457 2827 pulchritudinem
472 2795 588 2827 priorem
603 2795 704 2822 format.
721 2806 729 2821 ι

235 2826 291 2861 (52)
312 2827 394 2854 Codd.
418 2826 591 2856 Ebrdiccusis
618 2835 645 2856 et
671 2831 762 2858 Sancti
794 2830 955 2857 'I‘hcodorici
971 2851 978 2863 ,

201 2870 210 2888 ι
226 2863 262 2889 ita
280 2866 308 2889 ut
323 2869 372 2889 nec
401 2865 517 2890 nominis
543 2864 600 2898 ejus
621 2865 720 2893 habere
748 2866 833 2900 possit
861 2865 979 2900 appella-

741 2648 752 2664 ’
771 2647 781 2674 1
803 2647 867 2681 Ileg.
883 2655 907 2675 I.
922 2647 1013 2675 "Jud.
1027 2655 1066 2674 xl.

1030 2691 1139 2718 tionem.
1156 2697 1165 2713 ι

1065 2723 1121 2760 (55)
1139 2723 1272 2760 i'ultergg
1284 2722 1387 2760 «nobis
1402 2722 1476 2760 prius
1489 2720 1590 2760 aliquid
1603 2719 1724 2752 accipere
1739 2719 1819 2760 Dus,

1030 2754 1082 2787 etc.
1100 2754 1165 2786 Vide
1182 2754 1271 2786 liuetii
1300 2754 1519 2791 Origeuianorum
1534 2754 1593 2782 'ltb.
1610 2763 1639 2787 tt,
1663 2760 1764 2789 qum-st.
1791 2754 1817 2786 7,

1031 2801 1169 2830 numerum
1187 2793 1229 2830 Β.
1242 2793 1274 2830 l3
1285 2799 1311 2821 el
1328 2792 1384 2830 μζ.
1441 2827 1446 2830 _
1483 2826 1488 2830 _
1509 2826 1515 2830 _
1604 2825 1609 2829 _
1629 2824 1634 2829 η
1767 2824 1774 2830 ⁸

1065 2829 1121 2864 (54)
1137 2828 1228 2864 Codex
1245 2828 1338 2864 Sancti
1354 2826 1529 2864 Theoderici,
1547 2836 1555 2851 ι
1570 2826 1684 2855 spiritus
1704 2826 1817 2852 castita-

1031 2862 1096 2893 tem.
1112 2862 1121 2889 ἱ
1145 2863 1222 2891 Libb.
1239 2863 1317 2896 editi,
1338 2871 1347 2888 ι
1361 2863 1444 2897 ipsius
1456 2862 1616 2888 Ctta‘lilu'tt‘ttt.
1636 2867 1646 2884 ι
