  <div class='ocr_page' id='page_1' title='image "/cluster/home/n/w/nwhite01/storage/ocr_20150623/12/njp.32101077772422/408.png"; bbox 0 0 1902 3052; ppageno 0'>
   <div class='ocr_carea' id='block_1_1' title="bbox 44 152 97 181">
    <p class='ocr_par' dir='ltr' id='par_1_1' title="bbox 44 152 97 181">
     <span class='ocr_line' id='line_1_1' title="bbox 44 152 97 181; baseline 0 -1"><span class='ocrx_word' id='word_1_1' title='bbox 44 152 97 181; x_wconf 73' lang='lat' dir='ltr'><strong>7G!</strong></span> 
     </span>
    </p>
   </div>
   <div class='ocr_carea' id='block_1_2' title="bbox 620 142 1115 175">
    <p class='ocr_par' dir='ltr' id='par_1_2' title="bbox 620 142 1115 175">
     <span class='ocr_line' id='line_1_2' title="bbox 620 142 1115 175; baseline -0.008 0"><span class='ocrx_word' id='word_1_2' title='bbox 620 147 653 175; x_wconf 74' lang='lat' dir='ltr'><strong>IN</strong></span> <span class='ocrx_word' id='word_1_3' title='bbox 670 146 838 175; x_wconf 76' lang='lat' dir='ltr'><strong>NUMEROS</strong></span> <span class='ocrx_word' id='word_1_4' title='bbox 858 144 1002 174; x_wconf 81' lang='lat' dir='ltr'><strong>HOMILIA</strong></span> <span class='ocrx_word' id='word_1_5' title='bbox 1019 142 1115 172; x_wconf 82' lang='lat' dir='ltr'><strong>XXIV.</strong></span> 
     </span>
    </p>
   </div>
   <div class='ocr_carea' id='block_1_3' title="bbox 1627 140 1679 168">
    <p class='ocr_par' dir='ltr' id='par_1_3' title="bbox 1627 140 1679 168">
     <span class='ocr_line' id='line_1_3' title="bbox 1627 140 1679 168; baseline 0.019 -1"><span class='ocrx_word' id='word_1_6' title='bbox 1627 140 1679 168; x_wconf 70' lang='lat'><strong>76?.</strong></span> 
     </span>
    </p>
   </div>
   <div class='ocr_carea' id='block_1_4' title="bbox 40 189 1679 241">
    <p class='ocr_par' dir='ltr' id='par_1_4' title="bbox 40 189 1679 241">
     <span class='ocr_line' id='line_1_4' title="bbox 40 189 1679 241; baseline -0.008 -2"><span class='ocrx_word' id='word_1_7' title='bbox 40 211 118 240; x_wconf 86' lang='lat' dir='ltr'><strong>enim</strong></span> <span class='ocrx_word' id='word_1_8' title='bbox 133 209 208 238; x_wconf 89' lang='lat' dir='ltr'><strong>dedit</strong></span> <span class='ocrx_word' id='word_1_9' title='bbox 222 208 331 237; x_wconf 80' lang='lat' dir='ltr'><strong>homini</strong></span> <span class='ocrx_word' id='word_1_10' title='bbox 347 212 459 239; x_wconf 87' lang='lat' dir='ltr'><strong>terram,</strong></span> <span class='ocrx_word' id='word_1_11' title='bbox 476 214 567 238; x_wconf 85' lang='lat' dir='ltr'><strong>mare,</strong></span> <span class='ocrx_word' id='word_1_12' title='bbox 583 212 610 234; x_wconf 87' lang='lat' dir='ltr'><strong>et</strong></span> <span class='ocrx_word' id='word_1_13' title='bbox 628 207 718 233; x_wconf 83' lang='lat' dir='ltr'><strong>omnia</strong></span> <span class='ocrx_word' id='word_1_14' title='bbox 736 214 796 241; x_wconf 68' lang='lat' dir='ltr'><strong>qua:</strong></span> <span class='ocrx_word' id='word_1_15' title='bbox 809 206 836 233; x_wconf 89' lang='lat' dir='ltr'><strong>itt</strong></span> <span class='ocrx_word' id='word_1_16' title='bbox 855 206 874 234; x_wconf 72' lang='grc' dir='ltr'>Α</span> <span class='ocrx_word' id='word_1_17' title='bbox 888 202 958 231; x_wconf 87' lang='lat' dir='ltr'><strong>Etsi</strong></span> <span class='ocrx_word' id='word_1_18' title='bbox 987 202 1095 237; x_wconf 88' lang='lat' dir='ltr'><strong>quidem</strong></span> <span class='ocrx_word' id='word_1_19' title='bbox 1113 200 1223 236; x_wconf 89' lang='lat' dir='ltr'><strong>parvula</strong></span> <span class='ocrx_word' id='word_1_20' title='bbox 1237 204 1280 228; x_wconf 86' lang='lat' dir='ltr'><strong>est</strong></span> <span class='ocrx_word' id='word_1_21' title='bbox 1305 198 1395 226; x_wconf 87' lang='lat' dir='ltr'><strong>anima</strong></span> <span class='ocrx_word' id='word_1_22' title='bbox 1417 203 1445 226; x_wconf 89' lang='lat' dir='ltr'><strong>et</strong></span> <span class='ocrx_word' id='word_1_23' title='bbox 1458 197 1534 225; x_wconf 87' lang='lat' dir='ltr'><strong>initia</strong></span> <span class='ocrx_word' id='word_1_24' title='bbox 1549 189 1634 226; x_wconf 82' lang='lat' dir='ltr'><strong>habet</strong></span> <span class='ocrx_word' id='word_1_25' title='bbox 1651 198 1679 226; x_wconf 94' lang='lat' dir='ltr'><strong>in</strong></span> 
     </span>
    </p>
   </div>
   <div class='ocr_carea' id='block_1_5' title="bbox 41 252 837 290">
    <p class='ocr_par' dir='ltr' id='par_1_5' title="bbox 41 252 837 290">
     <span class='ocr_line' id='line_1_5' title="bbox 41 252 837 290; baseline -0.008 -4"><span class='ocrx_word' id='word_1_26' title='bbox 41 260 85 287; x_wconf 85' lang='lat' dir='ltr'><strong>eis</strong></span> <span class='ocrx_word' id='word_1_27' title='bbox 103 261 177 290; x_wconf 74' lang='lat' dir='ltr'><strong>sunt,</strong></span> <span class='ocrx_word' id='word_1_28' title='bbox 195 256 228 283; x_wconf 89' lang='lat' dir='ltr'><strong>ad</strong></span> <span class='ocrx_word' id='word_1_29' title='bbox 246 255 407 290; x_wconf 81' lang='lat' dir='ltr'><strong>obsequium</strong></span> <span class='ocrx_word' id='word_1_30' title='bbox 423 254 533 281; x_wconf 89' lang='lat' dir='ltr'><strong>deditet</strong></span> <span class='ocrx_word' id='word_1_31' title='bbox 546 252 657 286; x_wconf 62' lang='lat' dir='ltr'><strong>caelum,</strong></span> <span class='ocrx_word' id='word_1_32' title='bbox 673 254 756 280; x_wconf 86' lang='lat' dir='ltr'><strong>solem</strong></span> <span class='ocrx_word' id='word_1_33' title='bbox 768 262 837 288; x_wconf 82' lang='lat' dir='ltr'><strong>quo-</strong></span> 
     </span>
    </p>
   </div>
   <div class='ocr_carea' id='block_1_6' title="bbox 40 301 837 340">
    <p class='ocr_par' dir='ltr' id='par_1_6' title="bbox 40 301 837 340">
     <span class='ocr_line' id='line_1_6' title="bbox 40 301 837 340; baseline -0.01 -6"><span class='ocrx_word' id='word_1_34' title='bbox 40 313 99 340; x_wconf 87' lang='lat' dir='ltr'><strong>que</strong></span> <span class='ocrx_word' id='word_1_35' title='bbox 119 311 146 332; x_wconf 87' lang='lat' dir='ltr'><strong>et</strong></span> <span class='ocrx_word' id='word_1_36' title='bbox 163 305 264 335; x_wconf 86' lang='lat' dir='ltr'><strong>lunam,</strong></span> <span class='ocrx_word' id='word_1_37' title='bbox 278 311 310 330; x_wconf 87' lang='lat' dir='ltr'><strong>ac</strong></span> <span class='ocrx_word' id='word_1_38' title='bbox 323 302 415 330; x_wconf 90' lang='lat' dir='ltr'><strong>stellas</strong></span> <span class='ocrx_word' id='word_1_39' title='bbox 426 322 433 334; x_wconf 90' lang='lat'><strong>,</strong></span> <span class='ocrx_word' id='word_1_40' title='bbox 452 302 589 329; x_wconf 88' lang='lat' dir='ltr'><strong>hominum</strong></span> <span class='ocrx_word' id='word_1_41' title='bbox 605 301 756 328; x_wconf 82' lang='lat' dir='ltr'><strong>ministerio</strong></span> <span class='ocrx_word' id='word_1_42' title='bbox 773 308 837 327; x_wconf 81' lang='lat' dir='ltr'><strong>con-</strong></span> 
     </span>
    </p>
   </div>
   <div class='ocr_carea' id='block_1_7' title="bbox 41 346 837 385">
    <p class='ocr_par' dir='ltr' id='par_1_7' title="bbox 41 346 837 385">
     <span class='ocr_line' id='line_1_7' title="bbox 41 346 837 385; baseline -0.009 -5"><span class='ocrx_word' id='word_1_43' title='bbox 41 352 129 380; x_wconf 75' lang='lat' dir='ltr'><strong>cessit</strong></span> <span class='ocrx_word' id='word_1_44' title='bbox 140 360 147 378; x_wconf 90' lang='lat'>:</span> <span class='ocrx_word' id='word_1_45' title='bbox 158 351 274 385; x_wconf 85' lang='lat' dir='ltr'><strong>pluvias,</strong></span> <span class='ocrx_word' id='word_1_46' title='bbox 290 354 398 381; x_wconf 89' lang='lat' dir='ltr'><strong>ventos,</strong></span> <span class='ocrx_word' id='word_1_47' title='bbox 416 353 442 376; x_wconf 88' lang='lat' dir='ltr'><strong>ct</strong></span> <span class='ocrx_word' id='word_1_48' title='bbox 459 355 539 375; x_wconf 89' lang='lat' dir='ltr'><strong>omne</strong></span> <span class='ocrx_word' id='word_1_49' title='bbox 552 347 680 381; x_wconf 82' lang='lat' dir='ltr'><strong>quidquid</strong></span> <span class='ocrx_word' id='word_1_50' title='bbox 697 347 724 374; x_wconf 89' lang='lat' dir='ltr'><strong>in</strong></span> <span class='ocrx_word' id='word_1_51' title='bbox 738 346 837 373; x_wconf 88' lang='lat' dir='ltr'><strong>mundo</strong></span> 
     </span>
    </p>
   </div>
   <div class='ocr_carea' id='block_1_8' title="bbox 42 391 835 430">
    <p class='ocr_par' dir='ltr' id='par_1_8' title="bbox 42 391 835 430">
     <span class='ocr_line' id='line_1_8' title="bbox 42 391 835 430; baseline -0.01 -5"><span class='ocrx_word' id='word_1_52' title='bbox 42 403 88 425; x_wconf 83' lang='lat' dir='ltr'><strong>est</strong></span> <span class='ocrx_word' id='word_1_53' title='bbox 107 396 267 425; x_wconf 90' lang='lat' dir='ltr'><strong>hominibtts</strong></span> <span class='ocrx_word' id='word_1_54' title='bbox 282 395 397 430; x_wconf 78' lang='lat' dir='ltr'><strong>largitus</strong></span> <span class='ocrx_word' id='word_1_55' title='bbox 418 398 470 421; x_wconf 84' lang='lat' dir='ltr'><strong>est.</strong></span> <span class='ocrx_word' id='word_1_56' title='bbox 493 393 545 420; x_wconf 85' lang='lat' dir='ltr'><strong>Sed</strong></span> <span class='ocrx_word' id='word_1_57' title='bbox 573 396 633 427; x_wconf 91' lang='lat' dir='ltr'><strong>post</strong></span> <span class='ocrx_word' id='word_1_58' title='bbox 654 391 711 419; x_wconf 66' lang='lat' dir='ltr'><strong>haec</strong></span> <span class='ocrx_word' id='word_1_59' title='bbox 734 392 835 424; x_wconf 87' lang='lat' dir='ltr'><strong>omnia,</strong></span> 
     </span>
    </p>
   </div>
   <div class='ocr_carea' id='block_1_9' title="bbox 43 438 835 478">
    <p class='ocr_par' dir='ltr' id='par_1_9' title="bbox 43 438 835 478">
     <span class='ocr_line' id='line_1_9' title="bbox 43 438 835 478; baseline -0.009 -7"><span class='ocrx_word' id='word_1_60' title='bbox 43 443 222 478; x_wconf 84' lang='lat' dir='ltr'><strong>semetipsum</strong></span> <span class='ocrx_word' id='word_1_61' title='bbox 236 442 317 469; x_wconf 91' lang='lat' dir='ltr'><strong>dedit.</strong></span> <span class='ocrx_word' id='word_1_62' title='bbox 335 451 344 467; x_wconf 76' lang='grc' dir='ltr'><strong>ι</strong></span> <span class='ocrx_word' id='word_1_63' title='bbox 359 440 405 468; x_wconf 89' lang='lat' dir='ltr'><strong>Sic</strong></span> <span class='ocrx_word' id='word_1_64' title='bbox 420 440 492 467; x_wconf 88' lang='lat' dir='ltr'><strong>enim</strong></span> <span class='ocrx_word' id='word_1_65' title='bbox 506 439 597 466; x_wconf 85' lang='lat' dir='ltr'><strong>dilexit</strong></span> <span class='ocrx_word' id='word_1_66' title='bbox 609 438 679 466; x_wconf 89' lang='lat' dir='ltr'><strong>Deus</strong></span> <span class='ocrx_word' id='word_1_67' title='bbox 696 439 835 470; x_wconf 89' lang='lat' dir='ltr'><strong>mundum,</strong></span> 
     </span>
    </p>
   </div>
   <div class='ocr_carea' id='block_1_10' title="bbox 44 485 837 521">
    <p class='ocr_par' dir='ltr' id='par_1_10' title="bbox 44 485 837 521">
     <span class='ocr_line' id='line_1_10' title="bbox 44 485 837 521; baseline -0.005 -5"><span class='ocrx_word' id='word_1_68' title='bbox 44 495 76 516; x_wconf 88' lang='lat' dir='ltr'><strong>ut</strong></span> <span class='ocrx_word' id='word_1_69' title='bbox 88 488 190 516; x_wconf 81' lang='lat' dir='ltr'><strong>Filium</strong></span> <span class='ocrx_word' id='word_1_70' title='bbox 203 495 282 515; x_wconf 91' lang='lat' dir='ltr'><strong>suum</strong></span> <span class='ocrx_word' id='word_1_71' title='bbox 296 486 466 521; x_wconf 76' lang='lat' dir='ltr'><strong>unigenitum</strong></span> <span class='ocrx_word' id='word_1_72' title='bbox 478 486 555 512; x_wconf 90' lang='lat' dir='ltr'><strong>daret</strong></span> <span class='ocrx_word' id='word_1_73' title='bbox 571 495 579 511; x_wconf 89' lang='grc' dir='ltr'><strong>ι</strong></span> <span class='ocrx_word' id='word_1_74' title='bbox 591 492 639 519; x_wconf 92' lang='lat' dir='ltr'><strong>pro</strong></span> <span class='ocrx_word' id='word_1_75' title='bbox 652 485 742 512; x_wconf 90' lang='lat' dir='ltr'><strong>mundi</strong></span> <span class='ocrx_word' id='word_1_76' title='bbox 760 485 837 519; x_wconf 83' lang='lat' dir='ltr'><strong>hujus</strong></span> 
     </span>
    </p>
   </div>
   <div class='ocr_carea' id='block_1_11' title="bbox 43 532 838 569">
    <p class='ocr_par' dir='ltr' id='par_1_11' title="bbox 43 532 838 569">
     <span class='ocr_line' id='line_1_11' title="bbox 43 532 838 569; baseline -0.006 -7"><span class='ocrx_word' id='word_1_77' title='bbox 43 536 103 563; x_wconf 90' lang='lat' dir='ltr'><strong>vita</strong></span> <span class='ocrx_word' id='word_1_78' title='bbox 122 535 155 562; x_wconf 86' lang='grc'><strong>¹⁰.</strong></span> <span class='ocrx_word' id='word_1_79' title='bbox 172 534 242 568; x_wconf 82' lang='lat' dir='ltr'><strong>Quid</strong></span> <span class='ocrx_word' id='word_1_80' title='bbox 258 541 323 569; x_wconf 87' lang='lat' dir='ltr'><strong>ergo</strong></span> <span class='ocrx_word' id='word_1_81' title='bbox 337 540 462 568; x_wconf 80' lang='lat' dir='ltr'><strong>magnum</strong></span> <span class='ocrx_word' id='word_1_82' title='bbox 476 532 556 560; x_wconf 75' lang='lat' dir='ltr'><strong>faciet</strong></span> <span class='ocrx_word' id='word_1_83' title='bbox 571 533 661 563; x_wconf 84' lang='lat' dir='ltr'><strong>homo,</strong></span> <span class='ocrx_word' id='word_1_84' title='bbox 677 532 699 559; x_wconf 92' lang='lat' dir='ltr'><strong>si</strong></span> <span class='ocrx_word' id='word_1_85' title='bbox 710 532 838 565; x_wconf 84' lang='lat' dir='ltr'><strong>semetip-</strong></span> 
     </span>
    </p>
   </div>
   <div class='ocr_carea' id='block_1_12' title="bbox 41 577 838 614">
    <p class='ocr_par' dir='ltr' id='par_1_12' title="bbox 41 577 838 614">
     <span class='ocr_line' id='line_1_12' title="bbox 41 577 838 614; baseline -0.008 -5"><span class='ocrx_word' id='word_1_86' title='bbox 41 590 107 610; x_wconf 78' lang='lat' dir='ltr'><strong>sum</strong></span> <span class='ocrx_word' id='word_1_87' title='bbox 124 581 222 608; x_wconf 77' lang='lat' dir='ltr'><strong>oﬁ&#39;crat</strong></span> <span class='ocrx_word' id='word_1_88' title='bbox 246 581 312 612; x_wconf 91' lang='lat' dir='ltr'><strong>Deo,</strong></span> <span class='ocrx_word' id='word_1_89' title='bbox 329 580 372 608; x_wconf 89' lang='lat' dir='ltr'><strong>cui</strong></span> <span class='ocrx_word' id='word_1_90' title='bbox 399 579 456 614; x_wconf 89' lang='lat' dir='ltr'><strong>ipse</strong></span> <span class='ocrx_word' id='word_1_91' title='bbox 477 586 507 607; x_wconf 89' lang='lat' dir='ltr'><strong>se</strong></span> <span class='ocrx_word' id='word_1_92' title='bbox 529 579 604 613; x_wconf 92' lang='lat' dir='ltr'><strong>prior</strong></span> <span class='ocrx_word' id='word_1_93' title='bbox 629 578 726 604; x_wconf 84' lang='lat' dir='ltr'><strong>obtulit</strong></span> <span class='ocrx_word' id='word_1_94' title='bbox 750 577 838 605; x_wconf 83' lang='lat' dir='ltr'><strong>Dens?</strong></span> 
     </span>
    </p>
   </div>
   <div class='ocr_carea' id='block_1_13' title="bbox 43 624 835 662">
    <p class='ocr_par' dir='ltr' id='par_1_13' title="bbox 43 624 835 662">
     <span class='ocr_line' id='line_1_13' title="bbox 43 624 835 662; baseline -0.009 -7"><span class='ocrx_word' id='word_1_95' title='bbox 43 628 75 655; x_wconf 89' lang='lat' dir='ltr'><strong>Si</strong></span> <span class='ocrx_word' id='word_1_96' title='bbox 95 635 163 662; x_wconf 79' lang='lat' dir='ltr'><strong>ergo</strong></span> <span class='ocrx_word' id='word_1_97' title='bbox 181 627 260 654; x_wconf 87' lang='lat' dir='ltr'><strong>tollas</strong></span> <span class='ocrx_word' id='word_1_98' title='bbox 277 633 386 654; x_wconf 89' lang='lat' dir='ltr'><strong>crucem</strong></span> <span class='ocrx_word' id='word_1_99' title='bbox 401 630 485 658; x_wconf 90' lang='lat' dir='ltr'><strong>tuam,</strong></span> <span class='ocrx_word' id='word_1_100' title='bbox 509 629 537 652; x_wconf 89' lang='lat' dir='ltr'><strong>ct</strong></span> <span class='ocrx_word' id='word_1_101' title='bbox 549 625 672 658; x_wconf 82' lang='lat' dir='ltr'><strong>sequaris</strong></span> <span class='ocrx_word' id='word_1_102' title='bbox 685 624 835 656; x_wconf 78' lang='lat' dir='ltr'><strong>Christum,</strong></span> 
     </span>
    </p>
   </div>
   <div class='ocr_carea' id='block_1_14' title="bbox 43 671 835 706">
    <p class='ocr_par' dir='ltr' id='par_1_14' title="bbox 43 671 835 706">
     <span class='ocr_line' id='line_1_14' title="bbox 43 671 835 706; baseline -0.006 -5"><span class='ocrx_word' id='word_1_103' title='bbox 43 675 68 701; x_wconf 87' lang='lat' dir='ltr'><strong>si</strong></span> <span class='ocrx_word' id='word_1_104' title='bbox 83 674 160 701; x_wconf 86' lang='lat' dir='ltr'><strong>dicas</strong></span> <span class='ocrx_word' id='word_1_105' title='bbox 177 682 184 700; x_wconf 89' lang='lat'><strong>:</strong></span> <span class='ocrx_word' id='word_1_106' title='bbox 203 683 211 699; x_wconf 83' lang='lat' dir='ltr'><strong>t</strong></span> <span class='ocrx_word' id='word_1_107' title='bbox 225 672 291 700; x_wconf 79' lang='lat' dir='ltr'><strong>Vivo</strong></span> <span class='ocrx_word' id='word_1_108' title='bbox 303 676 404 705; x_wconf 89' lang='lat' dir='ltr'><strong>autem,</strong></span> <span class='ocrx_word' id='word_1_109' title='bbox 418 671 540 706; x_wconf 88' lang='lat' dir='ltr'><strong>jam&#39;nou</strong></span> <span class='ocrx_word' id='word_1_110' title='bbox 561 679 622 706; x_wconf 88' lang='lat' dir='ltr'><strong>ego,</strong></span> <span class='ocrx_word' id='word_1_111' title='bbox 652 671 718 698; x_wconf 84' lang='lat' dir='ltr'><strong>vivit</strong></span> <span class='ocrx_word' id='word_1_112' title='bbox 731 678 794 698; x_wconf 88' lang='lat' dir='ltr'><strong>vero</strong></span> <span class='ocrx_word' id='word_1_113' title='bbox 810 671 835 696; x_wconf 94' lang='lat' dir='ltr'><strong>in</strong></span> 
     </span>
    </p>
   </div>
   <div class='ocr_carea' id='block_1_15' title="bbox 44 718 837 751">
    <p class='ocr_par' dir='ltr' id='par_1_15' title="bbox 44 718 837 751">
     <span class='ocr_line' id='line_1_15' title="bbox 44 718 837 751; baseline -0.005 -4"><span class='ocrx_word' id='word_1_114' title='bbox 44 727 91 747; x_wconf 90' lang='lat' dir='ltr'><strong>me</strong></span> <span class='ocrx_word' id='word_1_115' title='bbox 105 720 230 747; x_wconf 86' lang='lat' dir='ltr'><strong>Christus</strong></span> <span class='ocrx_word' id='word_1_116' title='bbox 242 720 274 751; x_wconf 90' lang='grc'><strong>¹¹,</strong></span> <span class='ocrx_word' id='word_1_117' title='bbox 287 728 297 745; x_wconf 71' lang='grc' dir='ltr'><strong>ι</strong></span> <span class='ocrx_word' id='word_1_118' title='bbox 316 718 339 746; x_wconf 88' lang='lat' dir='ltr'><strong>si</strong></span> <span class='ocrx_word' id='word_1_119' title='bbox 354 718 489 746; x_wconf 83' lang='lat' dir='ltr'><strong>desideret</strong></span> <span class='ocrx_word' id='word_1_120' title='bbox 508 723 536 745; x_wconf 91' lang='lat' dir='ltr'><strong>et</strong></span> <span class='ocrx_word' id='word_1_121' title='bbox 549 718 624 745; x_wconf 85' lang='lat' dir='ltr'><strong>sitiat</strong></span> <span class='ocrx_word' id='word_1_122' title='bbox 641 718 730 745; x_wconf 89' lang='lat' dir='ltr'><strong>anima</strong></span> <span class='ocrx_word' id='word_1_123' title='bbox 743 722 837 744; x_wconf 90' lang='lat' dir='ltr'><strong>nostra</strong></span> 
     </span>
    </p>
   </div>
   <div class='ocr_carea' id='block_1_16' title="bbox 43 763 837 798">
    <p class='ocr_par' dir='ltr' id='par_1_16' title="bbox 43 763 837 798">
     <span class='ocr_line' id='line_1_16' title="bbox 43 763 837 798; baseline -0.003 -5"><span class='ocrx_word' id='word_1_124' title='bbox 43 766 140 793; x_wconf 89' lang='lat' dir='ltr'><strong>redire</strong></span> <span class='ocrx_word' id='word_1_125' title='bbox 168 769 195 793; x_wconf 87' lang='lat' dir='ltr'><strong>et</strong></span> <span class='ocrx_word' id='word_1_126' title='bbox 217 772 278 793; x_wconf 84' lang='lat' dir='ltr'><strong>esse</strong></span> <span class='ocrx_word' id='word_1_127' title='bbox 302 772 364 792; x_wconf 91' lang='lat' dir='ltr'><strong>cum</strong></span> <span class='ocrx_word' id='word_1_128' title='bbox 390 764 516 797; x_wconf 86' lang='lat' dir='ltr'><strong>Christo,</strong></span> <span class='ocrx_word' id='word_1_129' title='bbox 540 765 610 792; x_wconf 88' lang='lat' dir='ltr'><strong>sicut</strong></span> <span class='ocrx_word' id='word_1_130' title='bbox 635 769 663 791; x_wconf 90' lang='lat' dir='ltr'><strong>et</strong></span> <span class='ocrx_word' id='word_1_131' title='bbox 689 763 837 798; x_wconf 83' lang='lat' dir='ltr'><strong>Apostolus</strong></span> 
     </span>
    </p>
   </div>
   <div class='ocr_carea' id='block_1_17' title="bbox 44 809 837 845">
    <p class='ocr_par' dir='ltr' id='par_1_17' title="bbox 44 809 837 845">
     <span class='ocr_line' id='line_1_17' title="bbox 44 809 837 845; baseline -0.003 -8"><span class='ocrx_word' id='word_1_132' title='bbox 44 811 170 842; x_wconf 83' lang='lat' dir='ltr'><strong>dicebat,</strong></span> <span class='ocrx_word' id='word_1_133' title='bbox 195 815 221 837; x_wconf 89' lang='lat' dir='ltr'><strong>et</strong></span> <span class='ocrx_word' id='word_1_134' title='bbox 247 810 390 845; x_wconf 68' lang='lat' dir='ltr'><strong>praesentis</strong></span> <span class='ocrx_word' id='word_1_135' title='bbox 406 809 497 837; x_wconf 66' lang='lat' dir='ltr'><strong>saeculi</strong></span> <span class='ocrx_word' id='word_1_136' title='bbox 513 817 565 836; x_wconf 92' lang='lat' dir='ltr'><strong>non</strong></span> <span class='ocrx_word' id='word_1_137' title='bbox 580 809 731 836; x_wconf 87' lang='lat' dir='ltr'><strong>delectatur</strong></span> <span class='ocrx_word' id='word_1_138' title='bbox 746 809 837 836; x_wconf 82' lang='lat' dir='ltr'><strong>illece-</strong></span> 
     </span>
    </p>
   </div>
   <div class='ocr_carea' id='block_1_18' title="bbox 44 855 835 891">
    <p class='ocr_par' dir='ltr' id='par_1_18' title="bbox 44 855 835 891">
     <span class='ocr_line' id='line_1_18' title="bbox 44 855 835 891; baseline -0.003 -8"><span class='ocrx_word' id='word_1_139' title='bbox 44 856 117 887; x_wconf 87' lang='lat' dir='ltr'><strong>bris,</strong></span> <span class='ocrx_word' id='word_1_140' title='bbox 135 862 162 883; x_wconf 91' lang='lat' dir='ltr'><strong>et</strong></span> <span class='ocrx_word' id='word_1_141' title='bbox 179 857 202 883; x_wconf 88' lang='lat' dir='ltr'><strong>si</strong></span> <span class='ocrx_word' id='word_1_142' title='bbox 218 863 324 882; x_wconf 81' lang='lat' dir='ltr'><strong>omnem</strong></span> <span class='ocrx_word' id='word_1_143' title='bbox 337 855 423 890; x_wconf 80' lang='lat' dir='ltr'><strong>legem</strong></span> <span class='ocrx_word' id='word_1_144' title='bbox 438 863 497 891; x_wconf 73' lang='lat' dir='ltr'><strong>qua:</strong></span> <span class='ocrx_word' id='word_1_145' title='bbox 510 855 544 882; x_wconf 88' lang='lat' dir='ltr'><strong>de</strong></span> <span class='ocrx_word' id='word_1_146' title='bbox 555 855 692 882; x_wconf 65' lang='lat' dir='ltr'><strong>Nazarazis</strong></span> <span class='ocrx_word' id='word_1_147' title='bbox 709 855 769 882; x_wconf 88' lang='lat' dir='ltr'><strong>data</strong></span> <span class='ocrx_word' id='word_1_148' title='bbox 783 860 835 886; x_wconf 89' lang='lat' dir='ltr'><strong>est,</strong></span> 
     </span>
    </p>
   </div>
   <div class='ocr_carea' id='block_1_19' title="bbox 43 902 834 937">
    <p class='ocr_par' dir='ltr' id='par_1_19' title="bbox 43 902 834 937">
     <span class='ocr_line' id='line_1_19' title="bbox 43 902 834 937; baseline -0.003 -8"><span class='ocrx_word' id='word_1_149' title='bbox 43 902 208 937; x_wconf 80' lang='lat' dir='ltr'><strong>spiritaliter</strong></span> <span class='ocrx_word' id='word_1_150' title='bbox 220 902 340 937; x_wconf 86' lang='lat' dir='ltr'><strong>impleat,</strong></span> <span class='ocrx_word' id='word_1_151' title='bbox 351 908 415 930; x_wconf 89' lang='lat' dir='ltr'><strong>tunc</strong></span> <span class='ocrx_word' id='word_1_152' title='bbox 428 903 612 937; x_wconf 82' lang='lat' dir='ltr'><strong>semetipsum,</strong></span> <span class='ocrx_word' id='word_1_153' title='bbox 627 902 652 929; x_wconf 88' lang='lat' dir='ltr'><strong>id</strong></span> <span class='ocrx_word' id='word_1_154' title='bbox 665 907 706 929; x_wconf 84' lang='lat' dir='ltr'><strong>est</strong></span> <span class='ocrx_word' id='word_1_155' title='bbox 717 902 834 929; x_wconf 84' lang='lat' dir='ltr'><strong>animam</strong></span> 
     </span>
    </p>
   </div>
   <div class='ocr_carea' id='block_1_20' title="bbox 44 948 838 982">
    <p class='ocr_par' dir='ltr' id='par_1_20' title="bbox 44 948 838 982">
     <span class='ocr_line' id='line_1_20' title="bbox 44 948 838 982; baseline 0 -7"><span class='ocrx_word' id='word_1_156' title='bbox 44 956 137 981; x_wconf 83' lang='lat' dir='ltr'><strong>suam,</strong></span> <span class='ocrx_word' id='word_1_157' title='bbox 163 949 262 976; x_wconf 88' lang='lat' dir='ltr'><strong>obtulit</strong></span> <span class='ocrx_word' id='word_1_158' title='bbox 282 949 347 976; x_wconf 87' lang='lat' dir='ltr'><strong>Deo.</strong></span> <span class='ocrx_word' id='word_1_159' title='bbox 374 949 424 982; x_wconf 83' lang='lat' dir='ltr'><strong>Qui</strong></span> <span class='ocrx_word' id='word_1_160' title='bbox 445 949 472 975; x_wconf 92' lang='lat' dir='ltr'><strong>in</strong></span> <span class='ocrx_word' id='word_1_161' title='bbox 490 948 617 975; x_wconf 73' lang='lat' dir='ltr'><strong>castitate</strong></span> <span class='ocrx_word' id='word_1_162' title='bbox 640 949 722 980; x_wconf 84' lang='lat' dir='ltr'><strong>vivit,</strong></span> <span class='ocrx_word' id='word_1_163' title='bbox 739 955 838 982; x_wconf 90' lang='lat' dir='ltr'><strong>corpus</strong></span> 
     </span>
    </p>
   </div>
   <div class='ocr_carea' id='block_1_21' title="bbox 43 995 838 1029">
    <p class='ocr_par' dir='ltr' id='par_1_21' title="bbox 43 995 838 1029">
     <span class='ocr_line' id='line_1_21' title="bbox 43 995 838 1029; baseline -0.001 -6"><span class='ocrx_word' id='word_1_164' title='bbox 43 1003 125 1023; x_wconf 85' lang='lat' dir='ltr'><strong>suum</strong></span> <span class='ocrx_word' id='word_1_165' title='bbox 146 995 219 1022; x_wconf 88' lang='lat' dir='ltr'><strong>vovit</strong></span> <span class='ocrx_word' id='word_1_166' title='bbox 233 995 287 1022; x_wconf 86' lang='lat' dir='ltr'><strong>Deo</strong></span> <span class='ocrx_word' id='word_1_167' title='bbox 299 996 448 1023; x_wconf 90' lang='lat' dir='ltr'><strong>secundum</strong></span> <span class='ocrx_word' id='word_1_168' title='bbox 462 1002 523 1022; x_wconf 89' lang='lat' dir='ltr'><strong>eum</strong></span> <span class='ocrx_word' id='word_1_169' title='bbox 537 995 582 1029; x_wconf 90' lang='lat' dir='ltr'><strong>qui</strong></span> <span class='ocrx_word' id='word_1_170' title='bbox 600 995 668 1022; x_wconf 87' lang='lat' dir='ltr'><strong>dixit</strong></span> <span class='ocrx_word' id='word_1_171' title='bbox 684 996 705 1011; x_wconf 84' lang='lat'>&quot;</span> <span class='ocrx_word' id='word_1_172' title='bbox 721 995 838 1029; x_wconf 73' lang='lat' dir='ltr'><strong>:tVirgo</strong></span> 
     </span>
    </p>
   </div>
   <div class='ocr_carea' id='block_1_22' title="bbox 43 1042 838 1077">
    <p class='ocr_par' dir='ltr' id='par_1_22' title="bbox 43 1042 838 1077">
     <span class='ocr_line' id='line_1_22' title="bbox 43 1042 838 1077; baseline 0.001 -10"><span class='ocrx_word' id='word_1_173' title='bbox 43 1047 137 1068; x_wconf 88' lang='lat' dir='ltr'><strong>autem</strong></span> <span class='ocrx_word' id='word_1_174' title='bbox 153 1042 254 1076; x_wconf 85' lang='lat' dir='ltr'><strong>cogitat</strong></span> <span class='ocrx_word' id='word_1_175' title='bbox 282 1042 419 1077; x_wconf 89' lang='lat' dir='ltr'><strong>quomodo</strong></span> <span class='ocrx_word' id='word_1_176' title='bbox 436 1042 472 1070; x_wconf 89' lang='lat' dir='ltr'><strong>sit</strong></span> <span class='ocrx_word' id='word_1_177' title='bbox 498 1048 593 1070; x_wconf 91' lang='lat' dir='ltr'><strong>sancta</strong></span> <span class='ocrx_word' id='word_1_178' title='bbox 613 1049 728 1077; x_wconf 89' lang='lat' dir='ltr'><strong>corpore</strong></span> <span class='ocrx_word' id='word_1_179' title='bbox 743 1047 770 1069; x_wconf 88' lang='lat' dir='ltr'><strong>et</strong></span> <span class='ocrx_word' id='word_1_180' title='bbox 783 1042 838 1076; x_wconf 90' lang='lat' dir='ltr'><strong>spi-</strong></span> 
     </span>
    </p>
   </div>
   <div class='ocr_carea' id='block_1_23' title="bbox 45 1087 838 1123">
    <p class='ocr_par' dir='ltr' id='par_1_23' title="bbox 45 1087 838 1123">
     <span class='ocr_line' id='line_1_23' title="bbox 45 1087 838 1123; baseline 0 -9"><span class='ocrx_word' id='word_1_181' title='bbox 45 1088 113 1115; x_wconf 88' lang='lat' dir='ltr'><strong>ritu.</strong></span> <span class='ocrx_word' id='word_1_182' title='bbox 127 1097 137 1114; x_wconf 76' lang='grc' dir='ltr'><strong>ι</strong></span> <span class='ocrx_word' id='word_1_183' title='bbox 162 1087 228 1114; x_wconf 84' lang='lat' dir='ltr'><strong>Nam</strong></span> <span class='ocrx_word' id='word_1_184' title='bbox 242 1092 267 1115; x_wconf 88' lang='lat' dir='ltr'><strong>et</strong></span> <span class='ocrx_word' id='word_1_185' title='bbox 287 1088 338 1115; x_wconf 90' lang='lat' dir='ltr'><strong>hoc</strong></span> <span class='ocrx_word' id='word_1_186' title='bbox 352 1088 439 1123; x_wconf 92' lang='lat' dir='ltr'><strong>ipsum</strong></span> <span class='ocrx_word' id='word_1_187' title='bbox 459 1089 528 1122; x_wconf 90' lang='lat' dir='ltr'><strong>quod</strong></span> <span class='ocrx_word' id='word_1_188' title='bbox 542 1088 611 1115; x_wconf 82' lang='lat' dir='ltr'><strong>dixit</strong></span> <span class='ocrx_word' id='word_1_189' title='bbox 628 1098 637 1113; x_wconf 87' lang='grc'><strong>‹</strong></span> <span class='ocrx_word' id='word_1_190' title='bbox 653 1093 756 1119; x_wconf 87' lang='lat' dir='ltr'><strong>sancta,</strong></span> <span class='ocrx_word' id='word_1_191' title='bbox 772 1097 781 1112; x_wconf 78' lang='grc' dir='ltr'><strong>ι</strong></span> <span class='ocrx_word' id='word_1_192' title='bbox 805 1087 838 1114; x_wconf 89' lang='lat' dir='ltr'><strong>ad</strong></span> 
     </span>
    </p>
   </div>
   <div class='ocr_carea' id='block_1_24' title="bbox 43 1133 839 1168">
    <p class='ocr_par' dir='ltr' id='par_1_24' title="bbox 43 1133 839 1168">
     <span class='ocr_line' id='line_1_24' title="bbox 43 1133 839 1168; baseline -0.001 -7"><span class='ocrx_word' id='word_1_193' title='bbox 43 1133 97 1161; x_wconf 88' lang='lat' dir='ltr'><strong>hoc</strong></span> <span class='ocrx_word' id='word_1_194' title='bbox 113 1133 225 1168; x_wconf 83' lang='lat' dir='ltr'><strong>respicit</strong></span> <span class='ocrx_word' id='word_1_195' title='bbox 241 1141 248 1159; x_wconf 71' lang='grc' dir='ltr'><em>τ</em></span> <span class='ocrx_word' id='word_1_196' title='bbox 267 1134 353 1161; x_wconf 78' lang='lat' dir='ltr'><strong>sancti</strong></span> <span class='ocrx_word' id='word_1_197' title='bbox 366 1134 438 1161; x_wconf 86' lang='lat' dir='ltr'><strong>enim</strong></span> <span class='ocrx_word' id='word_1_198' title='bbox 453 1134 582 1161; x_wconf 86' lang='lat' dir='ltr'><strong>dicuntur</strong></span> <span class='ocrx_word' id='word_1_199' title='bbox 593 1133 630 1160; x_wconf 92' lang='lat' dir='ltr'><strong>illi</strong></span> <span class='ocrx_word' id='word_1_200' title='bbox 645 1133 690 1168; x_wconf 89' lang='lat' dir='ltr'><strong>qui</strong></span> <span class='ocrx_word' id='word_1_201' title='bbox 717 1140 746 1160; x_wconf 88' lang='lat' dir='ltr'><strong>se</strong></span> <span class='ocrx_word' id='word_1_202' title='bbox 758 1141 839 1160; x_wconf 92' lang='lat' dir='ltr'><strong>vove-</strong></span> 
     </span>
    </p>
   </div>
   <div class='ocr_carea' id='block_1_25' title="bbox 45 1181 839 1216">
    <p class='ocr_par' dir='ltr' id='par_1_25' title="bbox 45 1181 839 1216">
     <span class='ocr_line' id='line_1_25' title="bbox 45 1181 839 1216; baseline 0.001 -8"><span class='ocrx_word' id='word_1_203' title='bbox 45 1186 113 1208; x_wconf 88' lang='lat' dir='ltr'><strong>runt</strong></span> <span class='ocrx_word' id='word_1_204' title='bbox 127 1182 193 1209; x_wconf 90' lang='lat' dir='ltr'><strong>Deo.</strong></span> <span class='ocrx_word' id='word_1_205' title='bbox 208 1181 285 1209; x_wconf 87' lang='lat' dir='ltr'><strong>Unde</strong></span> <span class='ocrx_word' id='word_1_206' title='bbox 304 1187 330 1209; x_wconf 88' lang='lat' dir='ltr'><strong>et</strong></span> <span class='ocrx_word' id='word_1_207' title='bbox 352 1183 440 1216; x_wconf 89' lang='lat' dir='ltr'><strong>aries,</strong></span> <span class='ocrx_word' id='word_1_208' title='bbox 473 1183 547 1210; x_wconf 91' lang='lat' dir='ltr'><strong>verbi</strong></span> <span class='ocrx_word' id='word_1_209' title='bbox 570 1190 650 1211; x_wconf 87' lang='lat' dir='ltr'><strong>causa</strong></span> <span class='ocrx_word' id='word_1_210' title='bbox 680 1184 702 1210; x_wconf 92' lang='lat' dir='ltr'><strong>si</strong></span> <span class='ocrx_word' id='word_1_211' title='bbox 724 1187 839 1210; x_wconf 89' lang='lat' dir='ltr'><strong>vovctur</strong></span> 
     </span>
    </p>
   </div>
   <div class='ocr_carea' id='block_1_26' title="bbox 45 1228 839 1264">
    <p class='ocr_par' dir='ltr' id='par_1_26' title="bbox 45 1228 839 1264">
     <span class='ocr_line' id='line_1_26' title="bbox 45 1228 839 1264; baseline 0 -9"><span class='ocrx_word' id='word_1_212' title='bbox 45 1228 116 1260; x_wconf 90' lang='lat' dir='ltr'><strong>Deo,</strong></span> <span class='ocrx_word' id='word_1_213' title='bbox 131 1233 244 1256; x_wconf 87' lang='lat' dir='ltr'><strong>sanctus</strong></span> <span class='ocrx_word' id='word_1_214' title='bbox 260 1228 422 1264; x_wconf 84' lang='lat' dir='ltr'><strong>appellatur,</strong></span> <span class='ocrx_word' id='word_1_215' title='bbox 438 1237 518 1264; x_wconf 86' lang='lat' dir='ltr'><strong>quem</strong></span> <span class='ocrx_word' id='word_1_216' title='bbox 540 1230 645 1257; x_wconf 88' lang='lat' dir='ltr'><strong>tonderi</strong></span> <span class='ocrx_word' id='word_1_217' title='bbox 662 1229 695 1256; x_wconf 88' lang='lat' dir='ltr'><strong>ad</strong></span> <span class='ocrx_word' id='word_1_218' title='bbox 715 1237 839 1257; x_wconf 87' lang='lat' dir='ltr'><strong>comnm-</strong></span> 
     </span>
    </p>
   </div>
   <div class='ocr_carea' id='block_1_27' title="bbox 44 1273 840 1302">
    <p class='ocr_par' dir='ltr' id='par_1_27' title="bbox 44 1273 840 1302">
     <span class='ocr_line' id='line_1_27' title="bbox 44 1273 840 1302; baseline 0.001 -2"><span class='ocrx_word' id='word_1_219' title='bbox 44 1281 96 1301; x_wconf 88' lang='lat' dir='ltr'><strong>nes</strong></span> <span class='ocrx_word' id='word_1_220' title='bbox 113 1281 180 1301; x_wconf 88' lang='lat' dir='ltr'><strong>usus</strong></span> <span class='ocrx_word' id='word_1_221' title='bbox 196 1282 249 1301; x_wconf 93' lang='lat' dir='ltr'><strong>non</strong></span> <span class='ocrx_word' id='word_1_222' title='bbox 262 1274 336 1301; x_wconf 88' lang='lat' dir='ltr'><strong>licet.</strong></span> <span class='ocrx_word' id='word_1_223' title='bbox 358 1273 411 1301; x_wconf 86' lang='lat' dir='ltr'><strong>Sed</strong></span> <span class='ocrx_word' id='word_1_224' title='bbox 430 1279 458 1302; x_wconf 93' lang='lat' dir='ltr'><strong>et</strong></span> <span class='ocrx_word' id='word_1_225' title='bbox 478 1274 578 1302; x_wconf 90' lang='lat' dir='ltr'><strong>vitulus</strong></span> <span class='ocrx_word' id='word_1_226' title='bbox 590 1277 611 1302; x_wconf 87' lang='lat' dir='ltr'><strong>si</strong></span> <span class='ocrx_word' id='word_1_227' title='bbox 625 1275 738 1302; x_wconf 87' lang='lat' dir='ltr'><strong>devotus</strong></span> <span class='ocrx_word' id='word_1_228' title='bbox 756 1275 840 1301; x_wconf 81' lang='lat' dir='ltr'><strong>fuerit</strong></span> 
     </span>
    </p>
   </div>
   <div class='ocr_carea' id='block_1_28' title="bbox 45 1320 838 1356">
    <p class='ocr_par' dir='ltr' id='par_1_28' title="bbox 45 1320 838 1356">
     <span class='ocr_line' id='line_1_28' title="bbox 45 1320 838 1356; baseline 0 -8"><span class='ocrx_word' id='word_1_229' title='bbox 45 1322 115 1354; x_wconf 89' lang='lat' dir='ltr'><strong>Deo,</strong></span> <span class='ocrx_word' id='word_1_230' title='bbox 130 1325 241 1348; x_wconf 84' lang='lat' dir='ltr'><strong>sanctus</strong></span> <span class='ocrx_word' id='word_1_231' title='bbox 257 1320 434 1348; x_wconf 89' lang='lat' dir='ltr'><strong>nihilominus</strong></span> <span class='ocrx_word' id='word_1_232' title='bbox 447 1321 609 1356; x_wconf 85' lang='lat' dir='ltr'><strong>appellatur,</strong></span> <span class='ocrx_word' id='word_1_233' title='bbox 631 1329 681 1348; x_wconf 87' lang='lat' dir='ltr'><strong>nec</strong></span> <span class='ocrx_word' id='word_1_234' title='bbox 700 1321 764 1348; x_wconf 69' lang='lat' dir='ltr'><strong>licet</strong></span> <span class='ocrx_word' id='word_1_235' title='bbox 776 1329 838 1348; x_wconf 94' lang='lat' dir='ltr'><strong>eum</strong></span> 
     </span>
    </p>
   </div>
   <div class='ocr_carea' id='block_1_29' title="bbox 41 1366 838 1402">
    <p class='ocr_par' dir='ltr' id='par_1_29' title="bbox 41 1366 838 1402">
     <span class='ocr_line' id='line_1_29' title="bbox 41 1366 838 1402; baseline 0.001 -9"><span class='ocrx_word' id='word_1_236' title='bbox 41 1367 122 1402; x_wconf 81' lang='lat' dir='ltr'><strong>jungi</strong></span> <span class='ocrx_word' id='word_1_237' title='bbox 139 1366 164 1394; x_wconf 94' lang='lat' dir='ltr'><strong>in</strong></span> <span class='ocrx_word' id='word_1_238' title='bbox 176 1374 244 1400; x_wconf 89' lang='lat' dir='ltr'><strong>opus</strong></span> <span class='ocrx_word' id='word_1_239' title='bbox 260 1373 414 1394; x_wconf 90' lang='lat' dir='ltr'><strong>commune.</strong></span> <span class='ocrx_word' id='word_1_240' title='bbox 430 1366 469 1393; x_wconf 87' lang='lat' dir='ltr'><strong>Ex</strong></span> <span class='ocrx_word' id='word_1_241' title='bbox 482 1366 515 1393; x_wconf 90' lang='lat' dir='ltr'><strong>iis</strong></span> <span class='ocrx_word' id='word_1_242' title='bbox 526 1374 591 1401; x_wconf 78' lang='lat' dir='ltr'><strong>ergo</strong></span> <span class='ocrx_word' id='word_1_243' title='bbox 603 1366 762 1402; x_wconf 81' lang='lat' dir='ltr'><strong>colligamus</strong></span> <span class='ocrx_word' id='word_1_244' title='bbox 775 1366 838 1401; x_wconf 87' lang='lat' dir='ltr'><strong>quid</strong></span> 
     </span>
    </p>
   </div>
   <div class='ocr_carea' id='block_1_30' title="bbox 43 1412 840 1447">
    <p class='ocr_par' dir='ltr' id='par_1_30' title="bbox 43 1412 840 1447">
     <span class='ocr_line' id='line_1_30' title="bbox 43 1412 840 1447; baseline 0 -8"><span class='ocrx_word' id='word_1_245' title='bbox 43 1418 88 1440; x_wconf 88' lang='lat' dir='ltr'><strong>est</strong></span> <span class='ocrx_word' id='word_1_246' title='bbox 105 1412 246 1439; x_wconf 88' lang='lat' dir='ltr'><strong>hominem</strong></span> <span class='ocrx_word' id='word_1_247' title='bbox 263 1412 381 1447; x_wconf 88' lang='lat' dir='ltr'><strong>seipsum</strong></span> <span class='ocrx_word' id='word_1_248' title='bbox 403 1419 504 1440; x_wconf 86' lang='lat' dir='ltr'><strong>vovere</strong></span> <span class='ocrx_word' id='word_1_249' title='bbox 529 1412 595 1441; x_wconf 90' lang='lat' dir='ltr'><strong>Deo.</strong></span> <span class='ocrx_word' id='word_1_250' title='bbox 628 1412 656 1440; x_wconf 90' lang='lat' dir='ltr'><strong>Si</strong></span> <span class='ocrx_word' id='word_1_251' title='bbox 683 1416 709 1439; x_wconf 93' lang='lat' dir='ltr'><strong>te</strong></span> <span class='ocrx_word' id='word_1_252' title='bbox 733 1412 840 1439; x_wconf 90' lang='lat' dir='ltr'><strong>voveris</strong></span> 
     </span>
    </p>
   </div>
   <div class='ocr_carea' id='block_1_31' title="bbox 45 1457 841 1492">
    <p class='ocr_par' dir='ltr' id='par_1_31' title="bbox 45 1457 841 1492">
     <span class='ocr_line' id='line_1_31' title="bbox 45 1457 841 1492; baseline -0.001 -7"><span class='ocrx_word' id='word_1_253' title='bbox 45 1458 115 1491; x_wconf 89' lang='lat' dir='ltr'><strong>Deo,</strong></span> <span class='ocrx_word' id='word_1_254' title='bbox 132 1457 282 1485; x_wconf 86' lang='lat' dir='ltr'><strong>imitandus</strong></span> <span class='ocrx_word' id='word_1_255' title='bbox 303 1457 351 1485; x_wconf 88' lang='lat' dir='ltr'><strong>tibi</strong></span> <span class='ocrx_word' id='word_1_256' title='bbox 361 1462 402 1486; x_wconf 91' lang='lat' dir='ltr'><strong>est</strong></span> <span class='ocrx_word' id='word_1_257' title='bbox 418 1457 518 1485; x_wconf 87' lang='lat' dir='ltr'><strong>vitulus</strong></span> <span class='ocrx_word' id='word_1_258' title='bbox 530 1478 537 1491; x_wconf 97' lang='lat'><strong>,</strong></span> <span class='ocrx_word' id='word_1_259' title='bbox 552 1465 631 1492; x_wconf 81' lang='lat' dir='ltr'><strong>quem</strong></span> <span class='ocrx_word' id='word_1_260' title='bbox 647 1457 777 1485; x_wconf 88' lang='lat' dir='ltr'><strong>non&#39;licet</strong></span> <span class='ocrx_word' id='word_1_261' title='bbox 790 1457 841 1484; x_wconf 85' lang='lat' dir='ltr'><strong>lut-</strong></span> 
     </span>
    </p>
   </div>
   <div class='ocr_carea' id='block_1_32' title="bbox 47 1503 837 1539">
    <p class='ocr_par' dir='ltr' id='par_1_32' title="bbox 47 1503 837 1539">
     <span class='ocr_line' id='line_1_32' title="bbox 47 1503 837 1539; baseline 0 -9"><span class='ocrx_word' id='word_1_262' title='bbox 47 1504 140 1531; x_wconf 85' lang='lat' dir='ltr'><strong>mauis</strong></span> <span class='ocrx_word' id='word_1_263' title='bbox 165 1505 293 1539; x_wconf 89' lang='lat' dir='ltr'><strong>operibus</strong></span> <span class='ocrx_word' id='word_1_264' title='bbox 319 1504 468 1538; x_wconf 85' lang='lat' dir='ltr'><strong>deservire,</strong></span> <span class='ocrx_word' id='word_1_265' title='bbox 495 1504 561 1532; x_wconf 88' lang='lat' dir='ltr'><strong>nihil</strong></span> <span class='ocrx_word' id='word_1_266' title='bbox 588 1503 680 1532; x_wconf 79' lang='lat' dir='ltr'><strong>facere</strong></span> <span class='ocrx_word' id='word_1_267' title='bbox 703 1504 775 1538; x_wconf 88' lang='lat' dir='ltr'><strong>quod</strong></span> <span class='ocrx_word' id='word_1_268' title='bbox 804 1504 837 1531; x_wconf 86' lang='lat' dir='ltr'><strong>ad</strong></span> 
     </span>
    </p>
   </div>
   <div class='ocr_carea' id='block_1_33' title="bbox 46 1550 875 1587">
    <p class='ocr_par' dir='ltr' id='par_1_33' title="bbox 46 1550 875 1587">
     <span class='ocr_line' id='line_1_33' title="bbox 46 1550 875 1587; baseline 0.004 -10"><span class='ocrx_word' id='word_1_269' title='bbox 46 1551 177 1578; x_wconf 82' lang='lat' dir='ltr'><strong>homines</strong></span> <span class='ocrx_word' id='word_1_270' title='bbox 205 1555 233 1577; x_wconf 90' lang='lat' dir='ltr'><strong>et</strong></span> <span class='ocrx_word' id='word_1_271' title='bbox 256 1552 289 1578; x_wconf 89' lang='lat' dir='ltr'><strong>ad</strong></span> <span class='ocrx_word' id='word_1_272' title='bbox 315 1556 477 1587; x_wconf 54' lang='lat' dir='ltr'><strong>praesentem</strong></span> <span class='ocrx_word' id='word_1_273' title='bbox 500 1553 636 1586; x_wconf 85' lang='lat' dir='ltr'><strong>pertineat</strong></span> <span class='ocrx_word' id='word_1_274' title='bbox 662 1552 757 1580; x_wconf 88' lang='lat' dir='ltr'><strong>vitam.</strong></span> <span class='ocrx_word' id='word_1_275' title='bbox 785 1550 875 1580; x_wconf 83' lang='lat' dir='ltr'><strong>SedC</strong></span> 
     </span>
    </p>
   </div>
   <div class='ocr_carea' id='block_1_34' title="bbox 45 1596 840 1633">
    <p class='ocr_par' dir='ltr' id='par_1_34' title="bbox 45 1596 840 1633">
     <span class='ocr_line' id='line_1_34' title="bbox 45 1596 840 1633; baseline 0.003 -10"><span class='ocrx_word' id='word_1_276' title='bbox 45 1596 182 1631; x_wconf 85' lang='lat' dir='ltr'><strong>quidquid</strong></span> <span class='ocrx_word' id='word_1_277' title='bbox 190 1596 224 1624; x_wconf 89' lang='lat' dir='ltr'><strong>ad</strong></span> <span class='ocrx_word' id='word_1_278' title='bbox 232 1597 350 1625; x_wconf 91' lang='lat' dir='ltr'><strong>animam</strong></span> <span class='ocrx_word' id='word_1_279' title='bbox 359 1598 476 1633; x_wconf 89' lang='lat' dir='ltr'><strong>pertinet</strong></span> <span class='ocrx_word' id='word_1_280' title='bbox 485 1602 511 1625; x_wconf 89' lang='lat' dir='ltr'><strong>et</strong></span> <span class='ocrx_word' id='word_1_281' title='bbox 519 1599 552 1625; x_wconf 90' lang='lat' dir='ltr'><strong>ad</strong></span> <span class='ocrx_word' id='word_1_282' title='bbox 559 1598 642 1625; x_wconf 89' lang='lat' dir='ltr'><strong>divini</strong></span> <span class='ocrx_word' id='word_1_283' title='bbox 651 1598 740 1626; x_wconf 89' lang='lat' dir='ltr'><strong>cultus</strong></span> <span class='ocrx_word' id='word_1_284' title='bbox 749 1599 840 1626; x_wconf 90' lang='lat' dir='ltr'><strong>obser-</strong></span> 
     </span>
    </p>
   </div>
   <div class='ocr_carea' id='block_1_35' title="bbox 45 1637 801 1680">
    <p class='ocr_par' dir='ltr' id='par_1_35' title="bbox 45 1637 801 1680">
     <span class='ocr_line' id='line_1_35' title="bbox 45 1637 801 1680; baseline 0.004 -11"><span class='ocrx_word' id='word_1_285' title='bbox 45 1643 183 1676; x_wconf 86' lang='lat' dir='ltr'><strong>vantiam,</strong></span> <span class='ocrx_word' id='word_1_286' title='bbox 196 1644 248 1671; x_wconf 93' lang='lat' dir='ltr'><strong>hoc</strong></span> <span class='ocrx_word' id='word_1_287' title='bbox 262 1648 290 1671; x_wconf 91' lang='lat' dir='ltr'><strong>et</strong></span> <span class='ocrx_word' id='word_1_288' title='bbox 306 1644 439 1679; x_wconf 85' lang='lat' dir='ltr'><strong>agendum</strong></span> <span class='ocrx_word' id='word_1_289' title='bbox 454 1649 480 1672; x_wconf 90' lang='lat' dir='ltr'><strong>et</strong></span> <span class='ocrx_word' id='word_1_290' title='bbox 493 1637 668 1680; x_wconf 77' lang='lat' dir='ltr'><strong>cogitandum</strong></span> <span class='ocrx_word' id='word_1_291' title='bbox 686 1645 733 1672; x_wconf 89' lang='lat' dir='ltr'><strong>tibi</strong></span> <span class='ocrx_word' id='word_1_292' title='bbox 749 1650 801 1673; x_wconf 87' lang='lat' dir='ltr'><strong>est.</strong></span> 
     </span>
    </p>
   </div>
   <div class='ocr_carea' id='block_1_36' title="bbox 82 1696 839 1732">
    <p class='ocr_par' dir='ltr' id='par_1_36' title="bbox 82 1696 839 1732">
     <span class='ocr_line' id='line_1_36' title="bbox 82 1696 839 1732; baseline 0.003 -8"><span class='ocrx_word' id='word_1_293' title='bbox 82 1696 112 1724; x_wconf 78' lang='lat'><strong>3.</strong></span> <span class='ocrx_word' id='word_1_294' title='bbox 136 1696 191 1724; x_wconf 89' lang='lat' dir='ltr'><strong>Sed</strong></span> <span class='ocrx_word' id='word_1_295' title='bbox 215 1697 325 1725; x_wconf 84' lang='lat' dir='ltr'><strong>interim</strong></span> <span class='ocrx_word' id='word_1_296' title='bbox 347 1705 468 1732; x_wconf 80' lang='lat' dir='ltr'><strong>praesens</strong></span> <span class='ocrx_word' id='word_1_297' title='bbox 482 1698 563 1726; x_wconf 88' lang='lat' dir='ltr'><strong>lectio</strong></span> <span class='ocrx_word' id='word_1_298' title='bbox 582 1698 706 1726; x_wconf 86' lang='lat' dir='ltr'><strong>continet</strong></span> <span class='ocrx_word' id='word_1_299' title='bbox 722 1699 839 1726; x_wconf 87' lang='lat' dir='ltr'><strong>diversi—</strong></span> 
     </span>
    </p>
   </div>
   <div class='ocr_carea' id='block_1_37' title="bbox 48 1744 840 1781">
    <p class='ocr_par' dir='ltr' id='par_1_37' title="bbox 48 1744 840 1781">
     <span class='ocr_line' id='line_1_37' title="bbox 48 1744 840 1781; baseline 0.004 -12"><span class='ocrx_word' id='word_1_300' title='bbox 48 1747 121 1772; x_wconf 88' lang='lat' dir='ltr'><strong>tates</strong></span> <span class='ocrx_word' id='word_1_301' title='bbox 142 1744 273 1778; x_wconf 88' lang='lat' dir='ltr'><strong>quasdam</strong></span> <span class='ocrx_word' id='word_1_302' title='bbox 296 1749 434 1772; x_wconf 92' lang='lat' dir='ltr'><strong>votorum.</strong></span> <span class='ocrx_word' id='word_1_303' title='bbox 462 1744 567 1772; x_wconf 87' lang='lat' dir='ltr'><strong>Etenim</strong></span> <span class='ocrx_word' id='word_1_304' title='bbox 591 1746 612 1772; x_wconf 94' lang='lat' dir='ltr'><strong>si</strong></span> <span class='ocrx_word' id='word_1_305' title='bbox 633 1745 674 1772; x_wconf 93' lang='lat' dir='ltr'><strong>vir</strong></span> <span class='ocrx_word' id='word_1_306' title='bbox 697 1745 779 1772; x_wconf 78' lang='lat' dir='ltr'><strong>fuerit</strong></span> <span class='ocrx_word' id='word_1_307' title='bbox 794 1746 840 1781; x_wconf 89' lang='lat' dir='ltr'><strong>qui</strong></span> 
     </span>
    </p>
   </div>
   <div class='ocr_carea' id='block_1_38' title="bbox 46 1789 840 1824">
    <p class='ocr_par' dir='ltr' id='par_1_38' title="bbox 46 1789 840 1824">
     <span class='ocr_line' id='line_1_38' title="bbox 46 1789 840 1824; baseline 0.003 -8"><span class='ocrx_word' id='word_1_308' title='bbox 46 1790 133 1822; x_wconf 88' lang='lat' dir='ltr'><strong>vovit,</strong></span> <span class='ocrx_word' id='word_1_309' title='bbox 149 1789 219 1817; x_wconf 86' lang='lat' dir='ltr'><strong>liber</strong></span> <span class='ocrx_word' id='word_1_310' title='bbox 232 1797 293 1818; x_wconf 86' lang='lat' dir='ltr'><strong>esse</strong></span> <span class='ocrx_word' id='word_1_311' title='bbox 306 1790 406 1817; x_wconf 90' lang='lat' dir='ltr'><strong>dicitur</strong></span> <span class='ocrx_word' id='word_1_312' title='bbox 421 1790 447 1817; x_wconf 96' lang='lat' dir='ltr'><strong>in</strong></span> <span class='ocrx_word' id='word_1_313' title='bbox 461 1790 532 1818; x_wconf 82' lang='lat' dir='ltr'><strong>votis</strong></span> <span class='ocrx_word' id='word_1_314' title='bbox 545 1791 601 1818; x_wconf 92' lang='lat' dir='ltr'><strong>suis</strong></span> <span class='ocrx_word' id='word_1_315' title='bbox 611 1811 618 1823; x_wconf 91' lang='lat'><strong>,</strong></span> <span class='ocrx_word' id='word_1_316' title='bbox 638 1790 758 1824; x_wconf 89' lang='lat' dir='ltr'><strong>nullique</strong></span> <span class='ocrx_word' id='word_1_317' title='bbox 775 1791 840 1818; x_wconf 85' lang='lat' dir='ltr'><strong>sub-</strong></span> 
     </span>
    </p>
   </div>
   <div class='ocr_carea' id='block_1_39' title="bbox 45 1836 840 1872">
    <p class='ocr_par' dir='ltr' id='par_1_39' title="bbox 45 1836 840 1872">
     <span class='ocr_line' id='line_1_39' title="bbox 45 1836 840 1872; baseline 0.001 -9"><span class='ocrx_word' id='word_1_318' title='bbox 45 1836 146 1870; x_wconf 85' lang='lat' dir='ltr'><strong>jectus.</strong></span> <span class='ocrx_word' id='word_1_319' title='bbox 164 1836 260 1864; x_wconf 85' lang='lat' dir='ltr'><strong>Mulier</strong></span> <span class='ocrx_word' id='word_1_320' title='bbox 272 1841 363 1864; x_wconf 91' lang='lat' dir='ltr'><strong>autem</strong></span> <span class='ocrx_word' id='word_1_321' title='bbox 378 1837 400 1865; x_wconf 87' lang='lat' dir='ltr'><strong>si</strong></span> <span class='ocrx_word' id='word_1_322' title='bbox 414 1842 521 1869; x_wconf 91' lang='lat' dir='ltr'><strong>voveat,</strong></span> <span class='ocrx_word' id='word_1_323' title='bbox 538 1837 561 1864; x_wconf 87' lang='lat' dir='ltr'><strong>si</strong></span> <span class='ocrx_word' id='word_1_324' title='bbox 577 1837 686 1872; x_wconf 82' lang='lat' dir='ltr'><strong>quidem</strong></span> <span class='ocrx_word' id='word_1_325' title='bbox 705 1836 733 1863; x_wconf 95' lang='lat' dir='ltr'><strong>in</strong></span> <span class='ocrx_word' id='word_1_326' title='bbox 758 1837 840 1864; x_wconf 92' lang='lat' dir='ltr'><strong>domo</strong></span> 
     </span>
    </p>
   </div>
   <div class='ocr_carea' id='block_1_40' title="bbox 49 1882 838 1918">
    <p class='ocr_par' dir='ltr' id='par_1_40' title="bbox 49 1882 838 1918">
     <span class='ocr_line' id='line_1_40' title="bbox 49 1882 838 1918; baseline 0.001 -10"><span class='ocrx_word' id='word_1_327' title='bbox 49 1882 138 1917; x_wconf 84' lang='lat' dir='ltr'><strong>patris</strong></span> <span class='ocrx_word' id='word_1_328' title='bbox 150 1882 192 1909; x_wconf 93' lang='lat' dir='ltr'><strong>sui</strong></span> <span class='ocrx_word' id='word_1_329' title='bbox 209 1882 254 1915; x_wconf 87' lang='lat' dir='ltr'><strong>sit,</strong></span> <span class='ocrx_word' id='word_1_330' title='bbox 269 1887 361 1910; x_wconf 89' lang='lat' dir='ltr'><strong>votum</strong></span> <span class='ocrx_word' id='word_1_331' title='bbox 376 1883 434 1918; x_wconf 81' lang='lat' dir='ltr'><strong>ejus</strong></span> <span class='ocrx_word' id='word_1_332' title='bbox 451 1883 477 1910; x_wconf 91' lang='lat' dir='ltr'><strong>in</strong></span> <span class='ocrx_word' id='word_1_333' title='bbox 491 1883 576 1918; x_wconf 90' lang='lat' dir='ltr'><strong>patris</strong></span> <span class='ocrx_word' id='word_1_334' title='bbox 592 1883 689 1917; x_wconf 85' lang='lat' dir='ltr'><strong>pendet</strong></span> <span class='ocrx_word' id='word_1_335' title='bbox 701 1882 816 1910; x_wconf 92' lang='lat' dir='ltr'><strong>arbitrio</strong></span> <span class='ocrx_word' id='word_1_336' title='bbox 831 1890 838 1909; x_wconf 92' lang='lat'><strong>:</strong></span> 
     </span>
    </p>
   </div>
   <div class='ocr_carea' id='block_1_41' title="bbox 48 1928 840 1963">
    <p class='ocr_par' dir='ltr' id='par_1_41' title="bbox 48 1928 840 1963">
     <span class='ocr_line' id='line_1_41' title="bbox 48 1928 840 1963; baseline 0 -7"><span class='ocrx_word' id='word_1_337' title='bbox 48 1932 76 1955; x_wconf 87' lang='lat' dir='ltr'><strong>et</strong></span> <span class='ocrx_word' id='word_1_338' title='bbox 96 1929 119 1956; x_wconf 95' lang='lat' dir='ltr'><strong>si</strong></span> <span class='ocrx_word' id='word_1_339' title='bbox 141 1929 250 1963; x_wconf 91' lang='lat' dir='ltr'><strong>quidem</strong></span> <span class='ocrx_word' id='word_1_340' title='bbox 274 1929 318 1956; x_wconf 85' lang='lat' dir='ltr'><strong>ille</strong></span> <span class='ocrx_word' id='word_1_341' title='bbox 331 1931 516 1962; x_wconf 71' lang='lat' dir='ltr'><strong>recusaverit,</strong></span> <span class='ocrx_word' id='word_1_342' title='bbox 536 1928 706 1957; x_wconf 86' lang='lat' dir='ltr'><strong>liberabitur.</strong></span> <span class='ocrx_word' id='word_1_343' title='bbox 727 1929 754 1957; x_wconf 85' lang='lat' dir='ltr'><strong>Si</strong></span> <span class='ocrx_word' id='word_1_344' title='bbox 773 1936 840 1957; x_wconf 86' lang='lat' dir='ltr'><strong>vero</strong></span> 
     </span>
    </p>
   </div>
   <div class='ocr_carea' id='block_1_42' title="bbox 50 1977 838 2012">
    <p class='ocr_par' dir='ltr' id='par_1_42' title="bbox 50 1977 838 2012">
     <span class='ocr_line' id='line_1_42' title="bbox 50 1977 838 2012; baseline 0.001 -9"><span class='ocrx_word' id='word_1_345' title='bbox 50 1985 105 2003; x_wconf 89' lang='lat' dir='ltr'><strong>non</strong></span> <span class='ocrx_word' id='word_1_346' title='bbox 128 1978 309 2010; x_wconf 85' lang='lat' dir='ltr'><strong>recusaverit,</strong></span> <span class='ocrx_word' id='word_1_347' title='bbox 329 1982 356 2005; x_wconf 91' lang='lat' dir='ltr'><strong>et</strong></span> <span class='ocrx_word' id='word_1_348' title='bbox 375 1979 432 2012; x_wconf 91' lang='lat' dir='ltr'><strong>ipse</strong></span> <span class='ocrx_word' id='word_1_349' title='bbox 454 1982 481 2004; x_wconf 92' lang='lat' dir='ltr'><strong>et</strong></span> <span class='ocrx_word' id='word_1_350' title='bbox 501 1978 554 2004; x_wconf 84' lang='lat' dir='ltr'><strong>tilia</strong></span> <span class='ocrx_word' id='word_1_351' title='bbox 574 1982 700 2005; x_wconf 88' lang='lat' dir='ltr'><strong>tenentur</strong></span> <span class='ocrx_word' id='word_1_352' title='bbox 717 1977 838 2005; x_wconf 87' lang='lat' dir='ltr'><strong>obnoxii.</strong></span> 
     </span>
    </p>
   </div>
   <div class='ocr_carea' id='block_1_43' title="bbox 49 2023 838 2060">
    <p class='ocr_par' dir='ltr' id='par_1_43' title="bbox 49 2023 838 2060">
     <span class='ocr_line' id='line_1_43' title="bbox 49 2023 838 2060; baseline 0.004 -11"><span class='ocrx_word' id='word_1_353' title='bbox 49 2023 128 2057; x_wconf 86' lang='lat' dir='ltr'><strong>Quod</strong></span> <span class='ocrx_word' id='word_1_354' title='bbox 147 2023 171 2051; x_wconf 89' lang='lat' dir='ltr'><strong>si</strong></span> <span class='ocrx_word' id='word_1_355' title='bbox 199 2028 378 2059; x_wconf 89' lang='lat' dir='ltr'><strong>posteaquam</strong></span> <span class='ocrx_word' id='word_1_356' title='bbox 395 2032 447 2051; x_wconf 92' lang='lat' dir='ltr'><strong>non</strong></span> <span class='ocrx_word' id='word_1_357' title='bbox 475 2025 643 2052; x_wconf 81' lang='lat' dir='ltr'><strong>recusaverit</strong></span> <span class='ocrx_word' id='word_1_358' title='bbox 670 2029 756 2060; x_wconf 85' lang='lat' dir='ltr'><strong>pater.</strong></span> <span class='ocrx_word' id='word_1_359' title='bbox 784 2032 838 2052; x_wconf 91' lang='lat' dir='ltr'><strong>non</strong></span> 
     </span>
    </p>
   </div>
   <div class='ocr_carea' id='block_1_44' title="bbox 49 2069 841 2105">
    <p class='ocr_par' dir='ltr' id='par_1_44' title="bbox 49 2069 841 2105">
     <span class='ocr_line' id='line_1_44' title="bbox 49 2069 841 2105; baseline 0 -9"><span class='ocrx_word' id='word_1_360' title='bbox 49 2069 202 2097; x_wconf 85' lang='lat' dir='ltr'><strong>reddiderit</strong></span> <span class='ocrx_word' id='word_1_361' title='bbox 216 2074 308 2097; x_wconf 90' lang='lat' dir='ltr'><strong>votum</strong></span> <span class='ocrx_word' id='word_1_362' title='bbox 333 2070 398 2104; x_wconf 84' lang='lat' dir='ltr'><strong>ﬁlia,</strong></span> <span class='ocrx_word' id='word_1_363' title='bbox 416 2074 557 2105; x_wconf 89' lang='lat' dir='ltr'><strong>peccatum</strong></span> <span class='ocrx_word' id='word_1_364' title='bbox 572 2070 622 2104; x_wconf 88' lang='lat' dir='ltr'><strong>ipsi</strong></span> <span class='ocrx_word' id='word_1_365' title='bbox 636 2074 740 2098; x_wconf 88' lang='lat' dir='ltr'><strong>manet.</strong></span> <span class='ocrx_word' id='word_1_366' title='bbox 759 2070 841 2097; x_wconf 85' lang='lat' dir='ltr'><strong>Simi—</strong></span> 
     </span>
    </p>
   </div>
   <div class='ocr_carea' id='block_1_45' title="bbox 47 2116 839 2152">
    <p class='ocr_par' dir='ltr' id='par_1_45' title="bbox 47 2116 839 2152">
     <span class='ocr_line' id='line_1_45' title="bbox 47 2116 839 2152; baseline -0.001 -9"><span class='ocrx_word' id='word_1_367' title='bbox 47 2116 112 2143; x_wconf 86' lang='lat' dir='ltr'><strong>liter</strong></span> <span class='ocrx_word' id='word_1_368' title='bbox 129 2120 220 2143; x_wconf 88' lang='lat' dir='ltr'><strong>autem</strong></span> <span class='ocrx_word' id='word_1_369' title='bbox 245 2120 274 2143; x_wconf 90' lang='lat' dir='ltr'><strong>et</strong></span> <span class='ocrx_word' id='word_1_370' title='bbox 300 2123 364 2152; x_wconf 79' lang='lat' dir='ltr'><strong>erga</strong></span> <span class='ocrx_word' id='word_1_371' title='bbox 383 2117 511 2144; x_wconf 89' lang='lat' dir='ltr'><strong>maritum</strong></span> <span class='ocrx_word' id='word_1_372' title='bbox 525 2116 694 2149; x_wconf 88' lang='lat' dir='ltr'><strong>decernitur,</strong></span> <span class='ocrx_word' id='word_1_373' title='bbox 721 2121 750 2144; x_wconf 93' lang='lat' dir='ltr'><strong>ut</strong></span> <span class='ocrx_word' id='word_1_374' title='bbox 767 2116 789 2144; x_wconf 91' lang='lat' dir='ltr'><strong>si</strong></span> <span class='ocrx_word' id='word_1_375' title='bbox 813 2116 839 2143; x_wconf 91' lang='lat' dir='ltr'><strong>in</strong></span> 
     </span>
    </p>
   </div>
   <div class='ocr_carea' id='block_1_46' title="bbox 48 2160 841 2196">
    <p class='ocr_par' dir='ltr' id='par_1_46' title="bbox 48 2160 841 2196">
     <span class='ocr_line' id='line_1_46' title="bbox 48 2160 841 2196; baseline 0.003 -8"><span class='ocrx_word' id='word_1_376' title='bbox 48 2162 133 2189; x_wconf 90' lang='lat' dir='ltr'><strong>domo</strong></span> <span class='ocrx_word' id='word_1_377' title='bbox 148 2160 237 2188; x_wconf 90' lang='lat' dir='ltr'><strong>mariti</strong></span> <span class='ocrx_word' id='word_1_378' title='bbox 253 2168 321 2189; x_wconf 89' lang='lat' dir='ltr'><strong>uxor</strong></span> <span class='ocrx_word' id='word_1_379' title='bbox 332 2161 434 2196; x_wconf 89' lang='lat' dir='ltr'><strong>aliquid</strong></span> <span class='ocrx_word' id='word_1_380' title='bbox 449 2162 569 2194; x_wconf 84' lang='lat' dir='ltr'><strong>voverit,</strong></span> <span class='ocrx_word' id='word_1_381' title='bbox 585 2166 612 2188; x_wconf 87' lang='lat' dir='ltr'><strong>et</strong></span> <span class='ocrx_word' id='word_1_382' title='bbox 627 2163 742 2189; x_wconf 88' lang='lat' dir='ltr'><strong>audiens</strong></span> <span class='ocrx_word' id='word_1_383' title='bbox 755 2163 841 2190; x_wconf 79' lang='lat' dir='ltr'><strong>mari-</strong></span> 
     </span>
    </p>
   </div>
   <div class='ocr_carea' id='block_1_47' title="bbox 888 245 1681 280">
    <p class='ocr_par' dir='ltr' id='par_1_47' title="bbox 888 245 1681 280">
     <span class='ocr_line' id='line_1_47' title="bbox 888 245 1681 280; baseline -0.008 -3"><span class='ocrx_word' id='word_1_384' title='bbox 888 248 1088 278; x_wconf 88' lang='lat' dir='ltr'><strong>eruditionibus</strong></span> <span class='ocrx_word' id='word_1_385' title='bbox 1114 247 1225 280; x_wconf 87' lang='lat' dir='ltr'><strong>divinis,</strong></span> <span class='ocrx_word' id='word_1_386' title='bbox 1250 247 1308 274; x_wconf 71' lang='lat' dir='ltr'><strong>haec</strong></span> <span class='ocrx_word' id='word_1_387' title='bbox 1329 245 1379 272; x_wconf 90' lang='lat' dir='ltr'><strong>sub</strong></span> <span class='ocrx_word' id='word_1_388' title='bbox 1406 250 1485 279; x_wconf 85' lang='lat' dir='ltr'><strong>patre</strong></span> <span class='ocrx_word' id='word_1_389' title='bbox 1511 251 1591 279; x_wconf 78' lang='lat' dir='ltr'><strong>agere</strong></span> <span class='ocrx_word' id='word_1_390' title='bbox 1619 252 1681 272; x_wconf 87' lang='lat' dir='ltr'><strong>cre-</strong></span> 
     </span>
    </p>
   </div>
   <div class='ocr_carea' id='block_1_48' title="bbox 887 291 1680 328">
    <p class='ocr_par' dir='ltr' id='par_1_48' title="bbox 887 291 1680 328">
     <span class='ocr_line' id='line_1_48' title="bbox 887 291 1680 328; baseline -0.009 -4"><span class='ocrx_word' id='word_1_391' title='bbox 887 297 974 325; x_wconf 89' lang='lat' dir='ltr'><strong>denda</strong></span> <span class='ocrx_word' id='word_1_392' title='bbox 995 300 1047 323; x_wconf 89' lang='lat' dir='ltr'><strong>est.</strong></span> <span class='ocrx_word' id='word_1_393' title='bbox 1064 294 1092 322; x_wconf 89' lang='lat' dir='ltr'><strong>Si</strong></span> <span class='ocrx_word' id='word_1_394' title='bbox 1107 301 1173 322; x_wconf 85' lang='lat' dir='ltr'><strong>vero</strong></span> <span class='ocrx_word' id='word_1_395' title='bbox 1195 293 1251 328; x_wconf 81' lang='lat' dir='ltr'><strong>jam</strong></span> <span class='ocrx_word' id='word_1_396' title='bbox 1269 292 1385 320; x_wconf 87' lang='lat' dir='ltr'><strong>adultior</strong></span> <span class='ocrx_word' id='word_1_397' title='bbox 1412 291 1482 319; x_wconf 81' lang='lat' dir='ltr'><strong>facta</strong></span> <span class='ocrx_word' id='word_1_398' title='bbox 1502 295 1565 323; x_wconf 86' lang='lat' dir='ltr'><strong>est,</strong></span> <span class='ocrx_word' id='word_1_399' title='bbox 1588 291 1623 317; x_wconf 89' lang='lat' dir='ltr'><strong>ita</strong></span> <span class='ocrx_word' id='word_1_400' title='bbox 1651 295 1680 317; x_wconf 93' lang='lat' dir='ltr'><strong>ut</strong></span> 
     </span>
    </p>
   </div>
   <div class='ocr_carea' id='block_1_49' title="bbox 887 335 1679 377">
    <p class='ocr_par' dir='ltr' id='par_1_49' title="bbox 887 335 1679 377">
     <span class='ocr_line' id='line_1_49' title="bbox 887 335 1679 377; baseline -0.01 -7"><span class='ocrx_word' id='word_1_401' title='bbox 887 343 1035 377; x_wconf 90' lang='lat' dir='ltr'><strong>viripotens</strong></span> <span class='ocrx_word' id='word_1_402' title='bbox 1058 340 1093 368; x_wconf 88' lang='lat' dir='ltr'><strong>sit</strong></span> <span class='ocrx_word' id='word_1_403' title='bbox 1109 340 1142 367; x_wconf 88' lang='lat' dir='ltr'><strong>ad</strong></span> <span class='ocrx_word' id='word_1_404' title='bbox 1164 339 1375 373; x_wconf 88' lang='lat' dir='ltr'><strong>concipiendum</strong></span> <span class='ocrx_word' id='word_1_405' title='bbox 1398 344 1491 364; x_wconf 84' lang='lat' dir='ltr'><strong>semen</strong></span> <span class='ocrx_word' id='word_1_406' title='bbox 1514 335 1591 363; x_wconf 89' lang='lat' dir='ltr'><strong>verbi</strong></span> <span class='ocrx_word' id='word_1_407' title='bbox 1619 335 1679 368; x_wconf 89' lang='lat' dir='ltr'><strong>Dei,</strong></span> 
     </span>
    </p>
   </div>
   <div class='ocr_carea' id='block_1_50' title="bbox 889 381 1679 421">
    <p class='ocr_par' dir='ltr' id='par_1_50' title="bbox 889 381 1679 421">
     <span class='ocr_line' id='line_1_50' title="bbox 889 381 1679 421; baseline -0.013 -4"><span class='ocrx_word' id='word_1_408' title='bbox 889 394 915 417; x_wconf 89' lang='lat' dir='ltr'><strong>et</strong></span> <span class='ocrx_word' id='word_1_409' title='bbox 930 387 1060 416; x_wconf 72' lang='lat' dir='ltr'><strong>doctrina:</strong></span> <span class='ocrx_word' id='word_1_410' title='bbox 1074 385 1206 421; x_wconf 85' lang='lat' dir='ltr'><strong>spiritalis</strong></span> <span class='ocrx_word' id='word_1_411' title='bbox 1224 392 1323 419; x_wconf 86' lang='lat' dir='ltr'><strong>capere</strong></span> <span class='ocrx_word' id='word_1_412' title='bbox 1339 387 1456 416; x_wconf 86' lang='lat' dir='ltr'><strong>secreta,</strong></span> <span class='ocrx_word' id='word_1_413' title='bbox 1476 383 1533 409; x_wconf 66' lang='lat' dir='ltr'><strong>haec</strong></span> <span class='ocrx_word' id='word_1_414' title='bbox 1553 381 1605 409; x_wconf 90' lang='lat' dir='ltr'><strong>sub</strong></span> <span class='ocrx_word' id='word_1_415' title='bbox 1620 381 1679 408; x_wconf 92' lang='lat' dir='ltr'><strong>viro</strong></span> 
     </span>
    </p>
   </div>
   <div class='ocr_carea' id='block_1_51' title="bbox 888 426 1679 467">
    <p class='ocr_par' dir='ltr' id='par_1_51' title="bbox 888 426 1679 467">
     <span class='ocr_line' id='line_1_51' title="bbox 888 426 1679 467; baseline -0.009 -7"><span class='ocrx_word' id='word_1_416' title='bbox 888 433 975 467; x_wconf 90' lang='lat' dir='ltr'><strong>posita</strong></span> <span class='ocrx_word' id='word_1_417' title='bbox 987 432 1098 459; x_wconf 88' lang='lat' dir='ltr'><strong>dicitur.</strong></span> <span class='ocrx_word' id='word_1_418' title='bbox 1132 429 1178 457; x_wconf 89' lang='lat' dir='ltr'><strong>Sic</strong></span> <span class='ocrx_word' id='word_1_419' title='bbox 1193 429 1265 456; x_wconf 88' lang='lat' dir='ltr'><strong>enim</strong></span> <span class='ocrx_word' id='word_1_420' title='bbox 1280 434 1308 456; x_wconf 87' lang='lat' dir='ltr'><strong>et</strong></span> <span class='ocrx_word' id='word_1_421' title='bbox 1333 428 1433 455; x_wconf 86' lang='lat' dir='ltr'><strong>Paulus</strong></span> <span class='ocrx_word' id='word_1_422' title='bbox 1455 427 1561 455; x_wconf 89' lang='lat' dir='ltr'><strong>dicebat</strong></span> <span class='ocrx_word' id='word_1_423' title='bbox 1578 427 1611 454; x_wconf 88' lang='lat' dir='ltr'><strong>de</strong></span> <span class='ocrx_word' id='word_1_424' title='bbox 1626 426 1679 453; x_wconf 87' lang='lat' dir='ltr'><strong>Co-</strong></span> 
     </span>
    </p>
   </div>
   <div class='ocr_carea' id='block_1_52' title="bbox 889 471 1681 504">
    <p class='ocr_par' dir='ltr' id='par_1_52' title="bbox 889 471 1681 504">
     <span class='ocr_line' id='line_1_52' title="bbox 889 471 1681 504; baseline -0.01 0"><span class='ocrx_word' id='word_1_425' title='bbox 889 477 998 504; x_wconf 87' lang='lat' dir='ltr'><strong>rinthiis</strong></span> <span class='ocrx_word' id='word_1_426' title='bbox 1010 476 1031 492; x_wconf 88' lang='grc'><strong>¹³</strong></span> <span class='ocrx_word' id='word_1_427' title='bbox 1047 485 1053 502; x_wconf 94' lang='lat'>:</span> <span class='ocrx_word' id='word_1_428' title='bbox 1075 474 1157 501; x_wconf 73' lang='lat' dir='ltr'><strong>tVolo</strong></span> <span class='ocrx_word' id='word_1_429' title='bbox 1178 479 1267 501; x_wconf 89' lang='lat' dir='ltr'><strong>autem</strong></span> <span class='ocrx_word' id='word_1_430' title='bbox 1283 480 1379 500; x_wconf 89' lang='lat' dir='ltr'><strong>omnes</strong></span> <span class='ocrx_word' id='word_1_431' title='bbox 1397 479 1445 499; x_wconf 92' lang='lat' dir='ltr'><strong>vos</strong></span> <span class='ocrx_word' id='word_1_432' title='bbox 1461 472 1508 498; x_wconf 95' lang='lat' dir='ltr'><strong>uni</strong></span> <span class='ocrx_word' id='word_1_433' title='bbox 1524 471 1583 498; x_wconf 90' lang='lat' dir='ltr'><strong>viro</strong></span> <span class='ocrx_word' id='word_1_434' title='bbox 1596 471 1681 504; x_wconf 78' lang='lat' dir='ltr'><strong>virgi-</strong></span> 
     </span>
    </p>
   </div>
   <div class='ocr_carea' id='block_1_53' title="bbox 888 517 1682 553">
    <p class='ocr_par' dir='ltr' id='par_1_53' title="bbox 888 517 1682 553">
     <span class='ocr_line' id='line_1_53' title="bbox 888 517 1682 553; baseline -0.01 -2"><span class='ocrx_word' id='word_1_435' title='bbox 888 531 949 551; x_wconf 91' lang='lat' dir='ltr'><strong>nem</strong></span> <span class='ocrx_word' id='word_1_436' title='bbox 963 527 1068 550; x_wconf 87' lang='lat' dir='ltr'><strong>castam</strong></span> <span class='ocrx_word' id='word_1_437' title='bbox 1079 522 1209 549; x_wconf 81' lang='lat' dir='ltr'><strong>exhibere</strong></span> <span class='ocrx_word' id='word_1_438' title='bbox 1224 519 1346 547; x_wconf 85' lang='lat' dir='ltr'><strong>Christo.</strong></span> <span class='ocrx_word' id='word_1_439' title='bbox 1362 528 1371 545; x_wconf 82' lang='grc'>›</span> <span class='ocrx_word' id='word_1_440' title='bbox 1391 518 1440 551; x_wconf 86' lang='lat' dir='ltr'><strong>Qui</strong></span> <span class='ocrx_word' id='word_1_441' title='bbox 1457 526 1521 545; x_wconf 90' lang='lat' dir='ltr'><strong>vero</strong></span> <span class='ocrx_word' id='word_1_442' title='bbox 1535 517 1682 553; x_wconf 80' lang='lat' dir='ltr'><strong>perfectio-</strong></span> 
     </span>
    </p>
   </div>
   <div class='ocr_carea' id='block_1_54' title="bbox 889 563 1682 596">
    <p class='ocr_par' dir='ltr' id='par_1_54' title="bbox 889 563 1682 596">
     <span class='ocr_line' id='line_1_54' title="bbox 889 563 1682 596; baseline -0.009 0"><span class='ocrx_word' id='word_1_443' title='bbox 889 576 932 596; x_wconf 89' lang='lat' dir='ltr'><strong>res</strong></span> <span class='ocrx_word' id='word_1_444' title='bbox 944 572 1008 595; x_wconf 91' lang='lat' dir='ltr'><strong>sunt</strong></span> <span class='ocrx_word' id='word_1_445' title='bbox 1025 572 1049 595; x_wconf 89' lang='lat' dir='ltr'><strong>et</strong></span> <span class='ocrx_word' id='word_1_446' title='bbox 1062 566 1259 594; x_wconf 87' lang='lat' dir='ltr'><strong>eminentiores</strong></span> <span class='ocrx_word' id='word_1_447' title='bbox 1275 565 1385 596; x_wconf 87' lang='lat' dir='ltr'><strong>borttm,</strong></span> <span class='ocrx_word' id='word_1_448' title='bbox 1400 565 1433 591; x_wconf 91' lang='lat' dir='ltr'><strong>de</strong></span> <span class='ocrx_word' id='word_1_449' title='bbox 1450 564 1503 591; x_wconf 88' lang='lat' dir='ltr'><strong>illis</strong></span> <span class='ocrx_word' id='word_1_450' title='bbox 1520 571 1571 590; x_wconf 94' lang='lat' dir='ltr'><strong>non</strong></span> <span class='ocrx_word' id='word_1_451' title='bbox 1583 563 1682 590; x_wconf 80' lang='lat' dir='ltr'><strong>dicitur</strong></span> 
     </span>
    </p>
   </div>
   <div class='ocr_carea' id='block_1_55' title="bbox 888 609 1682 650">
    <p class='ocr_par' dir='ltr' id='par_1_55' title="bbox 888 609 1682 650">
     <span class='ocr_line' id='line_1_55' title="bbox 888 609 1682 650; baseline -0.01 -8"><span class='ocrx_word' id='word_1_452' title='bbox 888 617 960 650; x_wconf 88' lang='lat' dir='ltr'><strong>quod</strong></span> <span class='ocrx_word' id='word_1_453' title='bbox 980 615 1031 643; x_wconf 91' lang='lat' dir='ltr'><strong>sub</strong></span> <span class='ocrx_word' id='word_1_454' title='bbox 1046 616 1104 642; x_wconf 90' lang='lat' dir='ltr'><strong>viro</strong></span> <span class='ocrx_word' id='word_1_455' title='bbox 1131 614 1197 643; x_wconf 89' lang='lat' dir='ltr'><strong>sint.</strong></span> <span class='ocrx_word' id='word_1_456' title='bbox 1216 613 1263 640; x_wconf 90' lang='lat' dir='ltr'><strong>sed</strong></span> <span class='ocrx_word' id='word_1_457' title='bbox 1283 611 1344 638; x_wconf 90' lang='lat' dir='ltr'><strong>audi</strong></span> <span class='ocrx_word' id='word_1_458' title='bbox 1374 610 1510 645; x_wconf 88' lang='lat' dir='ltr'><strong>quomodo</strong></span> <span class='ocrx_word' id='word_1_459' title='bbox 1535 609 1568 636; x_wconf 89' lang='lat' dir='ltr'><strong>de</strong></span> <span class='ocrx_word' id='word_1_460' title='bbox 1581 613 1682 635; x_wconf 74' lang='lat' dir='ltr'><strong>semet~</strong></span> 
     </span>
    </p>
   </div>
   <div class='ocr_carea' id='block_1_56' title="bbox 889 654 1680 696">
    <p class='ocr_par' dir='ltr' id='par_1_56' title="bbox 889 654 1680 696">
     <span class='ocr_line' id='line_1_56' title="bbox 889 654 1680 696; baseline -0.01 -8"><span class='ocrx_word' id='word_1_461' title='bbox 889 662 946 696; x_wconf 88' lang='lat' dir='ltr'><strong>ipso</strong></span> <span class='ocrx_word' id='word_1_462' title='bbox 962 661 1058 695; x_wconf 80' lang='lat' dir='ltr'><strong>suique</strong></span> <span class='ocrx_word' id='word_1_463' title='bbox 1080 659 1216 687; x_wconf 82' lang='lat' dir='ltr'><strong>similibus</strong></span> <span class='ocrx_word' id='word_1_464' title='bbox 1235 657 1393 692; x_wconf 85' lang='lat' dir='ltr'><strong>pronuntiet</strong></span> <span class='ocrx_word' id='word_1_465' title='bbox 1415 656 1516 683; x_wconf 84' lang='lat' dir='ltr'><strong>Paulus</strong></span> <span class='ocrx_word' id='word_1_466' title='bbox 1539 655 1583 682; x_wconf 60' lang='grc' dir='ltr'><strong>ιιι</strong></span> <span class='ocrx_word' id='word_1_467' title='bbox 1603 663 1613 680; x_wconf 75' lang='grc' dir='ltr'><strong>ι</strong></span> <span class='ocrx_word' id='word_1_468' title='bbox 1627 654 1680 681; x_wconf 91' lang='lat' dir='ltr'><strong>Do-</strong></span> 
     </span>
    </p>
   </div>
   <div class='ocr_carea' id='block_1_57' title="bbox 889 701 1681 738">
    <p class='ocr_par' dir='ltr' id='par_1_57' title="bbox 889 701 1681 738">
     <span class='ocr_line' id='line_1_57' title="bbox 889 701 1681 738; baseline -0.01 -4"><span class='ocrx_word' id='word_1_469' title='bbox 889 715 938 734; x_wconf 86' lang='lat' dir='ltr'><strong>nec</strong></span> <span class='ocrx_word' id='word_1_470' title='bbox 951 713 1139 737; x_wconf 87' lang='lat' dir='ltr'><strong>occurramus,</strong></span> <span class='ocrx_word' id='word_1_471' title='bbox 1155 704 1252 738; x_wconf 79' lang='lat' dir='ltr'><strong>inquit,</strong></span> <span class='ocrx_word' id='word_1_472' title='bbox 1270 711 1365 730; x_wconf 89' lang='lat' dir='ltr'><strong>omnes</strong></span> <span class='ocrx_word' id='word_1_473' title='bbox 1378 703 1403 730; x_wconf 93' lang='lat' dir='ltr'><strong>in</strong></span> <span class='ocrx_word' id='word_1_474' title='bbox 1421 703 1508 729; x_wconf 91' lang='lat' dir='ltr'><strong>virum</strong></span> <span class='ocrx_word' id='word_1_475' title='bbox 1518 701 1681 736; x_wconf 79' lang='lat' dir='ltr'><strong>perfectum,</strong></span> 
     </span>
    </p>
   </div>
   <div class='ocr_carea' id='block_1_58' title="bbox 888 746 1682 783">
    <p class='ocr_par' dir='ltr' id='par_1_58' title="bbox 888 746 1682 783">
     <span class='ocr_line' id='line_1_58' title="bbox 888 746 1682 783; baseline -0.008 -4"><span class='ocrx_word' id='word_1_476' title='bbox 888 753 916 780; x_wconf 90' lang='lat' dir='ltr'><strong>in</strong></span> <span class='ocrx_word' id='word_1_477' title='bbox 934 759 1089 778; x_wconf 89' lang='lat' dir='ltr'><strong>mensuram</strong></span> <span class='ocrx_word' id='word_1_478' title='bbox 1116 750 1206 777; x_wconf 76' lang='lat' dir='ltr'><strong>aetatis</strong></span> <span class='ocrx_word' id='word_1_479' title='bbox 1229 749 1409 783; x_wconf 82' lang='lat' dir='ltr'><strong>plenitudinis</strong></span> <span class='ocrx_word' id='word_1_480' title='bbox 1436 748 1550 775; x_wconf 83' lang='lat' dir='ltr'><strong>Christi.</strong></span> <span class='ocrx_word' id='word_1_481' title='bbox 1568 757 1578 773; x_wconf 83' lang='grc'><strong>›</strong></span> <span class='ocrx_word' id='word_1_482' title='bbox 1613 746 1682 773; x_wconf 87' lang='lat' dir='ltr'><strong>llnic</strong></span> 
     </span>
    </p>
   </div>
   <div class='ocr_carea' id='block_1_59' title="bbox 888 791 1681 832">
    <p class='ocr_par' dir='ltr' id='par_1_59' title="bbox 888 791 1681 832">
     <span class='ocr_line' id='line_1_59' title="bbox 888 791 1681 832; baseline -0.009 -8"><span class='ocrx_word' id='word_1_483' title='bbox 888 805 952 832; x_wconf 86' lang='lat' dir='ltr'><strong>ergo</strong></span> <span class='ocrx_word' id='word_1_484' title='bbox 967 798 1074 829; x_wconf 67' lang='lat' dir='ltr'><strong>animus,</strong></span> <span class='ocrx_word' id='word_1_485' title='bbox 1085 804 1145 829; x_wconf 76' lang='lat' dir='ltr'><strong>qua:</strong></span> <span class='ocrx_word' id='word_1_486' title='bbox 1159 795 1186 822; x_wconf 86' lang='lat' dir='ltr'><strong>in</strong></span> <span class='ocrx_word' id='word_1_487' title='bbox 1197 795 1284 820; x_wconf 90' lang='lat' dir='ltr'><strong>virum</strong></span> <span class='ocrx_word' id='word_1_488' title='bbox 1298 793 1446 827; x_wconf 80' lang='lat' dir='ltr'><strong>perfectum</strong></span> <span class='ocrx_word' id='word_1_489' title='bbox 1460 791 1591 824; x_wconf 85' lang='lat' dir='ltr'><strong>occurrit,</strong></span> <span class='ocrx_word' id='word_1_490' title='bbox 1601 799 1681 818; x_wconf 86' lang='lat' dir='ltr'><strong>nemo</strong></span> 
     </span>
    </p>
   </div>
   <div class='ocr_carea' id='block_1_60' title="bbox 888 839 1680 873">
    <p class='ocr_par' dir='ltr' id='par_1_60' title="bbox 888 839 1680 873">
     <span class='ocr_line' id='line_1_60' title="bbox 888 839 1680 873; baseline -0.01 -3"><span class='ocrx_word' id='word_1_491' title='bbox 888 843 1045 870; x_wconf 89' lang='lat' dir='ltr'><strong>dominatur</strong></span> <span class='ocrx_word' id='word_1_492' title='bbox 1066 842 1091 868; x_wconf 91' lang='lat' dir='ltr'><strong>in</strong></span> <span class='ocrx_word' id='word_1_493' title='bbox 1113 841 1194 872; x_wconf 85' lang='lat' dir='ltr'><strong>votis,</strong></span> <span class='ocrx_word' id='word_1_494' title='bbox 1216 839 1262 867; x_wconf 87' lang='lat' dir='ltr'><strong>sed</strong></span> <span class='ocrx_word' id='word_1_495' title='bbox 1284 839 1368 865; x_wconf 88' lang='lat' dir='ltr'><strong>habet</strong></span> <span class='ocrx_word' id='word_1_496' title='bbox 1389 843 1551 873; x_wconf 81' lang='lat' dir='ltr'><strong>potestatem</strong></span> <span class='ocrx_word' id='word_1_497' title='bbox 1570 844 1680 864; x_wconf 90' lang='lat' dir='ltr'><strong>suorum</strong></span> 
     </span>
    </p>
   </div>
   <div class='ocr_carea' id='block_1_61' title="bbox 852 878 1681 921">
    <p class='ocr_par' dir='ltr' id='par_1_61' title="bbox 852 878 1681 921">
     <span class='ocr_line' id='line_1_61' title="bbox 852 878 1681 921; baseline -0.008 -7"><span class='ocrx_word' id='word_1_498' title='bbox 852 878 873 905; x_wconf 74' lang='grc' dir='ltr'><strong>Β</strong></span> <span class='ocrx_word' id='word_1_499' title='bbox 889 887 1096 921; x_wconf 87' lang='lat' dir='ltr'><strong>libertatemque</strong></span> <span class='ocrx_word' id='word_1_500' title='bbox 1121 890 1258 913; x_wconf 87' lang='lat' dir='ltr'><strong>votorum.</strong></span> <span class='ocrx_word' id='word_1_501' title='bbox 1286 884 1314 910; x_wconf 95' lang='lat' dir='ltr'><strong>Si</strong></span> <span class='ocrx_word' id='word_1_502' title='bbox 1343 888 1434 910; x_wconf 73' lang='lat' dir='ltr'><strong>autem</strong></span> <span class='ocrx_word' id='word_1_503' title='bbox 1461 881 1569 909; x_wconf 82' lang='lat' dir='ltr'><strong>feminei</strong></span> <span class='ocrx_word' id='word_1_504' title='bbox 1593 881 1681 907; x_wconf 86' lang='lat' dir='ltr'><strong>adhuc</strong></span> 
     </span>
    </p>
   </div>
   <div class='ocr_carea' id='block_1_62' title="bbox 889 927 1680 968">
    <p class='ocr_par' dir='ltr' id='par_1_62' title="bbox 889 927 1680 968">
     <span class='ocr_line' id='line_1_62' title="bbox 889 927 1680 968; baseline -0.009 -9"><span class='ocrx_word' id='word_1_505' title='bbox 889 933 996 968; x_wconf 76' lang='lat' dir='ltr'><strong>generis</strong></span> <span class='ocrx_word' id='word_1_506' title='bbox 1009 932 1090 959; x_wconf 76' lang='lat' dir='ltr'><strong>fuerit</strong></span> <span class='ocrx_word' id='word_1_507' title='bbox 1107 931 1208 963; x_wconf 86' lang='lat' dir='ltr'><strong>anima,</strong></span> <span class='ocrx_word' id='word_1_508' title='bbox 1224 929 1266 956; x_wconf 85' lang='lat' dir='ltr'><strong>cui</strong></span> <span class='ocrx_word' id='word_1_509' title='bbox 1280 928 1321 955; x_wconf 91' lang='lat' dir='ltr'><strong>vel</strong></span> <span class='ocrx_word' id='word_1_510' title='bbox 1342 928 1382 954; x_wconf 89' lang='lat' dir='ltr'><strong>vir</strong></span> <span class='ocrx_word' id='word_1_511' title='bbox 1394 927 1436 954; x_wconf 81' lang='lat' dir='ltr'><strong>vel</strong></span> <span class='ocrx_word' id='word_1_512' title='bbox 1456 932 1532 962; x_wconf 80' lang='lat' dir='ltr'><strong>pater</strong></span> <span class='ocrx_word' id='word_1_513' title='bbox 1555 927 1680 953; x_wconf 88' lang='lat' dir='ltr'><strong>domine-</strong></span> 
     </span>
    </p>
   </div>
   <div class='ocr_carea' id='block_1_63' title="bbox 890 972 1679 1010">
    <p class='ocr_par' dir='ltr' id='par_1_63' title="bbox 890 972 1679 1010">
     <span class='ocr_line' id='line_1_63' title="bbox 890 972 1679 1010; baseline -0.01 -5"><span class='ocrx_word' id='word_1_514' title='bbox 890 983 933 1006; x_wconf 91' lang='lat' dir='ltr'><strong>tur</strong></span> <span class='ocrx_word' id='word_1_515' title='bbox 958 979 985 1005; x_wconf 93' lang='lat' dir='ltr'><strong>in</strong></span> <span class='ocrx_word' id='word_1_516' title='bbox 1013 978 1093 1010; x_wconf 87' lang='lat' dir='ltr'><strong>votis,</strong></span> <span class='ocrx_word' id='word_1_517' title='bbox 1121 985 1174 1004; x_wconf 91' lang='lat' dir='ltr'><strong>non</strong></span> <span class='ocrx_word' id='word_1_518' title='bbox 1196 983 1304 1010; x_wconf 88' lang='lat' dir='ltr'><strong>semper</strong></span> <span class='ocrx_word' id='word_1_519' title='bbox 1323 977 1349 1001; x_wconf 92' lang='lat' dir='ltr'><strong>in</strong></span> <span class='ocrx_word' id='word_1_520' title='bbox 1375 975 1432 1008; x_wconf 86' lang='lat' dir='ltr'><strong>ipsa</strong></span> <span class='ocrx_word' id='word_1_521' title='bbox 1458 978 1500 1000; x_wconf 92' lang='lat' dir='ltr'><strong>cst</strong></span> <span class='ocrx_word' id='word_1_522' title='bbox 1523 973 1611 1006; x_wconf 82' lang='lat' dir='ltr'><strong>culpa,</strong></span> <span class='ocrx_word' id='word_1_523' title='bbox 1634 972 1679 1000; x_wconf 92' lang='lat' dir='ltr'><strong>sed</strong></span> 
     </span>
    </p>
   </div>
   <div class='ocr_carea' id='block_1_64' title="bbox 889 1018 1681 1053">
    <p class='ocr_par' dir='ltr' id='par_1_64' title="bbox 889 1018 1681 1053">
     <span class='ocr_line' id='line_1_64' title="bbox 889 1018 1681 1053; baseline -0.01 -1"><span class='ocrx_word' id='word_1_524' title='bbox 889 1024 1025 1052; x_wconf 87' lang='lat' dir='ltr'><strong>interdum</strong></span> <span class='ocrx_word' id='word_1_525' title='bbox 1044 1023 1113 1050; x_wconf 92' lang='lat' dir='ltr'><strong>redit</strong></span> <span class='ocrx_word' id='word_1_526' title='bbox 1130 1023 1162 1049; x_wconf 90' lang='lat' dir='ltr'><strong>ad</strong></span> <span class='ocrx_word' id='word_1_527' title='bbox 1184 1023 1256 1048; x_wconf 87' lang='lat' dir='ltr'><strong>viros</strong></span> <span class='ocrx_word' id='word_1_528' title='bbox 1285 1020 1326 1047; x_wconf 78' lang='lat' dir='ltr'><strong>vel</strong></span> <span class='ocrx_word' id='word_1_529' title='bbox 1354 1024 1494 1053; x_wconf 73' lang='lat' dir='ltr'><strong>parentes.</strong></span> <span class='ocrx_word' id='word_1_530' title='bbox 1523 1019 1560 1045; x_wconf 83' lang='lat' dir='ltr'><strong>De</strong></span> <span class='ocrx_word' id='word_1_531' title='bbox 1582 1018 1681 1052; x_wconf 92' lang='lat' dir='ltr'><strong>quibus</strong></span> 
     </span>
    </p>
   </div>
   <div class='ocr_carea' id='block_1_65' title="bbox 890 1063 1682 1103">
    <p class='ocr_par' dir='ltr' id='par_1_65' title="bbox 890 1063 1682 1103">
     <span class='ocr_line' id='line_1_65' title="bbox 890 1063 1682 1103; baseline -0.01 -7"><span class='ocrx_word' id='word_1_532' title='bbox 890 1068 1026 1103; x_wconf 86' lang='lat' dir='ltr'><strong>applicare</strong></span> <span class='ocrx_word' id='word_1_533' title='bbox 1039 1067 1147 1094; x_wconf 84' lang='lat' dir='ltr'><strong>ditIieile</strong></span> <span class='ocrx_word' id='word_1_534' title='bbox 1159 1067 1204 1098; x_wconf 91' lang='lat' dir='ltr'><strong>sit,</strong></span> <span class='ocrx_word' id='word_1_535' title='bbox 1219 1070 1309 1092; x_wconf 89' lang='lat' dir='ltr'><strong>tamen</strong></span> <span class='ocrx_word' id='word_1_536' title='bbox 1331 1072 1390 1099; x_wconf 66' lang='lat' dir='ltr'><strong>qua?</strong></span> <span class='ocrx_word' id='word_1_537' title='bbox 1417 1064 1530 1091; x_wconf 89' lang='lat' dir='ltr'><strong>Domino</strong></span> <span class='ocrx_word' id='word_1_538' title='bbox 1548 1063 1682 1097; x_wconf 81' lang='lat' dir='ltr'><strong>largiente</strong></span> 
     </span>
    </p>
   </div>
   <div class='ocr_carea' id='block_1_66' title="bbox 889 1109 1684 1150">
    <p class='ocr_par' dir='ltr' id='par_1_66' title="bbox 889 1109 1684 1150">
     <span class='ocr_line' id='line_1_66' title="bbox 889 1109 1684 1150; baseline -0.008 -8"><span class='ocrx_word' id='word_1_539' title='bbox 889 1114 970 1150; x_wconf 78' lang='lat'><strong>365</strong></span> <span class='ocrx_word' id='word_1_540' title='bbox 986 1114 1135 1149; x_wconf 87' lang='lat' dir='ltr'><strong>potuerint,</strong></span> <span class='ocrx_word' id='word_1_541' title='bbox 1162 1112 1325 1139; x_wconf 84' lang='lat' dir='ltr'><strong>inferemus.</strong></span> <span class='ocrx_word' id='word_1_542' title='bbox 1342 1111 1420 1145; x_wconf 66' lang='lat' dir='ltr'><strong>Saepe</strong></span> <span class='ocrx_word' id='word_1_543' title='bbox 1438 1110 1555 1137; x_wconf 75' lang='lat' dir='ltr'><strong>diximus</strong></span> <span class='ocrx_word' id='word_1_544' title='bbox 1578 1109 1684 1136; x_wconf 87' lang='lat' dir='ltr'><strong>anima-</strong></span> 
     </span>
    </p>
   </div>
   <div class='ocr_carea' id='block_1_67' title="bbox 890 1153 1680 1194">
    <p class='ocr_par' dir='ltr' id='par_1_67' title="bbox 890 1153 1680 1194">
     <span class='ocr_line' id='line_1_67' title="bbox 890 1153 1680 1194; baseline -0.008 -8"><span class='ocrx_word' id='word_1_545' title='bbox 890 1167 949 1186; x_wconf 89' lang='lat' dir='ltr'><strong>rum</strong></span> <span class='ocrx_word' id='word_1_546' title='bbox 964 1166 1024 1194; x_wconf 66' lang='lat' dir='ltr'><strong>qua:</strong></span> <span class='ocrx_word' id='word_1_547' title='bbox 1045 1158 1071 1184; x_wconf 93' lang='lat' dir='ltr'><strong>in</strong></span> <span class='ocrx_word' id='word_1_548' title='bbox 1101 1156 1221 1184; x_wconf 83' lang='lat' dir='ltr'><strong>Ecclesia</strong></span> <span class='ocrx_word' id='word_1_549' title='bbox 1242 1156 1288 1182; x_wconf 86' lang='lat' dir='ltr'><strong>Dei</strong></span> <span class='ocrx_word' id='word_1_550' title='bbox 1305 1158 1378 1186; x_wconf 87' lang='lat' dir='ltr'><strong>sunt,</strong></span> <span class='ocrx_word' id='word_1_551' title='bbox 1395 1162 1489 1181; x_wconf 89' lang='lat' dir='ltr'><strong>curam</strong></span> <span class='ocrx_word' id='word_1_552' title='bbox 1508 1153 1680 1187; x_wconf 87' lang='lat' dir='ltr'><strong>procuratio-</strong></span> 
     </span>
    </p>
   </div>
   <div class='ocr_carea' id='block_1_68' title="bbox 890 1198 1681 1239">
    <p class='ocr_par' dir='ltr' id='par_1_68' title="bbox 890 1198 1681 1239">
     <span class='ocr_line' id='line_1_68' title="bbox 890 1198 1681 1239; baseline -0.01 -6"><span class='ocrx_word' id='word_1_553' title='bbox 890 1212 1006 1239; x_wconf 89' lang='lat' dir='ltr'><strong>nemque</strong></span> <span class='ocrx_word' id='word_1_554' title='bbox 1018 1204 1112 1231; x_wconf 87' lang='lat' dir='ltr'><strong>haberi</strong></span> <span class='ocrx_word' id='word_1_555' title='bbox 1129 1211 1178 1238; x_wconf 90' lang='lat' dir='ltr'><strong>per</strong></span> <span class='ocrx_word' id='word_1_556' title='bbox 1187 1202 1307 1237; x_wconf 75' lang='lat' dir='ltr'><strong>angelos,</strong></span> <span class='ocrx_word' id='word_1_557' title='bbox 1324 1208 1447 1236; x_wconf 87' lang='lat' dir='ltr'><strong>quosque</strong></span> <span class='ocrx_word' id='word_1_558' title='bbox 1461 1200 1542 1227; x_wconf 88' lang='lat' dir='ltr'><strong>etiam</strong></span> <span class='ocrx_word' id='word_1_559' title='bbox 1558 1199 1590 1225; x_wconf 91' lang='lat' dir='ltr'><strong>ad</strong></span> <span class='ocrx_word' id='word_1_560' title='bbox 1609 1198 1681 1231; x_wconf 87' lang='lat' dir='ltr'><strong>judi-</strong></span> 
     </span>
    </p>
   </div>
   <div class='ocr_carea' id='block_1_69' title="bbox 890 1243 1680 1279">
    <p class='ocr_par' dir='ltr' id='par_1_69' title="bbox 890 1243 1680 1279">
     <span class='ocr_line' id='line_1_69' title="bbox 890 1243 1680 1279; baseline -0.011 -1"><span class='ocrx_word' id='word_1_561' title='bbox 890 1250 962 1277; x_wconf 86' lang='lat' dir='ltr'><strong>cium</strong></span> <span class='ocrx_word' id='word_1_562' title='bbox 993 1248 1087 1277; x_wconf 87' lang='lat' dir='ltr'><strong>venire</strong></span> <span class='ocrx_word' id='word_1_563' title='bbox 1110 1255 1171 1275; x_wconf 90' lang='lat' dir='ltr'><strong>cum</strong></span> <span class='ocrx_word' id='word_1_564' title='bbox 1195 1246 1351 1275; x_wconf 88' lang='lat' dir='ltr'><strong>hominibus</strong></span> <span class='ocrx_word' id='word_1_565' title='bbox 1369 1245 1539 1272; x_wconf 87' lang='lat' dir='ltr'><strong>ostendimus</strong></span> <span class='ocrx_word' id='word_1_566' title='bbox 1561 1243 1630 1279; x_wconf 78' lang='grc'><strong>(56).</strong></span> <span class='ocrx_word' id='word_1_567' title='bbox 1651 1248 1680 1270; x_wconf 85' lang='grc' dir='ltr'><strong>ιιι</strong></span> 
     </span>
    </p>
   </div>
   <div class='ocr_carea' id='block_1_70' title="bbox 891 1290 1680 1324">
    <p class='ocr_par' dir='ltr' id='par_1_70' title="bbox 891 1290 1680 1324">
     <span class='ocr_line' id='line_1_70' title="bbox 891 1290 1680 1324; baseline -0.01 0"><span class='ocrx_word' id='word_1_568' title='bbox 891 1296 936 1324; x_wconf 95' lang='lat' dir='ltr'><strong>illo</strong></span> <span class='ocrx_word' id='word_1_569' title='bbox 946 1295 1038 1323; x_wconf 91' lang='lat' dir='ltr'><strong>divino</strong></span> <span class='ocrx_word' id='word_1_570' title='bbox 1051 1297 1156 1322; x_wconf 86' lang='lat' dir='ltr'><strong>constet</strong></span> <span class='ocrx_word' id='word_1_571' title='bbox 1171 1293 1306 1324; x_wconf 84' lang='lat' dir='ltr'><strong>examine,</strong></span> <span class='ocrx_word' id='word_1_572' title='bbox 1323 1295 1414 1318; x_wconf 91' lang='lat' dir='ltr'><strong>utrum</strong></span> <span class='ocrx_word' id='word_1_573' title='bbox 1427 1297 1476 1317; x_wconf 89' lang='lat' dir='ltr'><strong>sua</strong></span> <span class='ocrx_word' id='word_1_574' title='bbox 1494 1290 1596 1317; x_wconf 84' lang='lat' dir='ltr'><strong>desidia</strong></span> <span class='ocrx_word' id='word_1_575' title='bbox 1614 1296 1680 1324; x_wconf 85' lang='lat' dir='ltr'><strong>pec-</strong></span> 
     </span>
    </p>
   </div>
   <div class='ocr_carea' id='block_1_71' title="bbox 891 1336 1682 1373">
    <p class='ocr_par' dir='ltr' id='par_1_71' title="bbox 891 1336 1682 1373">
     <span class='ocr_line' id='line_1_71' title="bbox 891 1336 1682 1373; baseline -0.011 -3"><span class='ocrx_word' id='word_1_576' title='bbox 891 1342 1013 1370; x_wconf 90' lang='lat' dir='ltr'><strong>caverint</strong></span> <span class='ocrx_word' id='word_1_577' title='bbox 1024 1341 1157 1373; x_wconf 90' lang='lat' dir='ltr'><strong>homines,</strong></span> <span class='ocrx_word' id='word_1_578' title='bbox 1172 1347 1206 1366; x_wconf 85' lang='lat' dir='ltr'><strong>an</strong></span> <span class='ocrx_word' id='word_1_579' title='bbox 1225 1338 1388 1366; x_wconf 88' lang='lat' dir='ltr'><strong>monitorum</strong></span> <span class='ocrx_word' id='word_1_580' title='bbox 1412 1336 1607 1370; x_wconf 72' lang='lat' dir='ltr'><strong>custodemque</strong></span> <span class='ocrx_word' id='word_1_581' title='bbox 1633 1343 1682 1363; x_wconf 91' lang='lat' dir='ltr'><strong>ne-</strong></span> 
     </span>
    </p>
   </div>
   <div class='ocr_carea' id='block_1_72' title="bbox 893 1381 1680 1423">
    <p class='ocr_par' dir='ltr' id='par_1_72' title="bbox 893 1381 1680 1423">
     <span class='ocr_line' id='line_1_72' title="bbox 893 1381 1680 1423; baseline -0.009 -9"><span class='ocrx_word' id='word_1_582' title='bbox 893 1387 1030 1423; x_wconf 81' lang='lat' dir='ltr'><strong>gligentia.</strong></span> <span class='ocrx_word' id='word_1_583' title='bbox 1049 1386 1163 1414; x_wconf 79' lang='lat' dir='ltr'><strong>Videtur</strong></span> <span class='ocrx_word' id='word_1_584' title='bbox 1192 1384 1258 1412; x_wconf 87' lang='lat' dir='ltr'><strong>mihi</strong></span> <span class='ocrx_word' id='word_1_585' title='bbox 1285 1384 1367 1412; x_wconf 90' lang='lat' dir='ltr'><strong>etiam</strong></span> <span class='ocrx_word' id='word_1_586' title='bbox 1394 1383 1421 1411; x_wconf 87' lang='lat' dir='ltr'><strong>in</strong></span> <span class='ocrx_word' id='word_1_587' title='bbox 1440 1382 1490 1409; x_wconf 93' lang='lat' dir='ltr'><strong>hoc</strong></span> <span class='ocrx_word' id='word_1_588' title='bbox 1514 1382 1584 1414; x_wconf 88' lang='lat' dir='ltr'><strong>loco,</strong></span> <span class='ocrx_word' id='word_1_589' title='bbox 1597 1381 1680 1409; x_wconf 84' lang='lat' dir='ltr'><strong>etiam</strong></span> 
     </span>
    </p>
   </div>
   <div class='ocr_carea' id='block_1_73' title="bbox 891 1427 1680 1468">
    <p class='ocr_par' dir='ltr' id='par_1_73' title="bbox 891 1427 1680 1468">
     <span class='ocr_line' id='line_1_73' title="bbox 891 1427 1680 1468; baseline -0.01 -7"><span class='ocrx_word' id='word_1_590' title='bbox 891 1433 941 1460; x_wconf 85' lang='lat' dir='ltr'><strong>sub</strong></span> <span class='ocrx_word' id='word_1_591' title='bbox 959 1432 1089 1468; x_wconf 81' lang='lat' dir='ltr'><strong>mysterio</strong></span> <span class='ocrx_word' id='word_1_592' title='bbox 1119 1430 1255 1466; x_wconf 82' lang='lat' dir='ltr'><strong>designari</strong></span> <span class='ocrx_word' id='word_1_593' title='bbox 1271 1434 1298 1456; x_wconf 92' lang='lat' dir='ltr'><strong>et</strong></span> <span class='ocrx_word' id='word_1_594' title='bbox 1321 1428 1441 1461; x_wconf 85' lang='lat' dir='ltr'><strong>ostendi,</strong></span> <span class='ocrx_word' id='word_1_595' title='bbox 1460 1428 1530 1463; x_wconf 88' lang='lat' dir='ltr'><strong>qttod</strong></span> <span class='ocrx_word' id='word_1_596' title='bbox 1544 1427 1604 1454; x_wconf 72' lang='lat' dir='ltr'><strong>alia:</strong></span> <span class='ocrx_word' id='word_1_597' title='bbox 1618 1427 1680 1461; x_wconf 91' lang='lat' dir='ltr'><strong>qui-</strong></span> 
     </span>
    </p>
   </div>
   <div class='ocr_carea' id='block_1_74' title="bbox 893 1475 1680 1512">
    <p class='ocr_par' dir='ltr' id='par_1_74' title="bbox 893 1475 1680 1512">
     <span class='ocr_line' id='line_1_74' title="bbox 893 1475 1680 1512; baseline -0.005 -6"><span class='ocrx_word' id='word_1_598' title='bbox 893 1479 955 1506; x_wconf 93' lang='lat' dir='ltr'><strong>dem</strong></span> <span class='ocrx_word' id='word_1_599' title='bbox 982 1484 1012 1506; x_wconf 91' lang='lat' dir='ltr'><strong>ut</strong></span> <span class='ocrx_word' id='word_1_600' title='bbox 1035 1478 1096 1505; x_wconf 81' lang='lat' dir='ltr'><strong>tiliae</strong></span> <span class='ocrx_word' id='word_1_601' title='bbox 1113 1478 1163 1505; x_wconf 91' lang='lat' dir='ltr'><strong>sub</strong></span> <span class='ocrx_word' id='word_1_602' title='bbox 1188 1478 1227 1505; x_wconf 89' lang='lat' dir='ltr'><strong>eis</strong></span> <span class='ocrx_word' id='word_1_603' title='bbox 1247 1476 1303 1512; x_wconf 75' lang='lat'><strong>(57)</strong></span> <span class='ocrx_word' id='word_1_604' title='bbox 1326 1476 1424 1503; x_wconf 67' lang='lat' dir='ltr'><strong>animae</strong></span> <span class='ocrx_word' id='word_1_605' title='bbox 1448 1475 1558 1509; x_wconf 89' lang='lat' dir='ltr'><strong>degunt,</strong></span> <span class='ocrx_word' id='word_1_606' title='bbox 1576 1475 1635 1502; x_wconf 72' lang='lat' dir='ltr'><strong>aliae</strong></span> <span class='ocrx_word' id='word_1_607' title='bbox 1651 1479 1680 1502; x_wconf 85' lang='lat' dir='ltr'><strong>ut</strong></span> 
     </span>
    </p>
   </div>
   <div class='ocr_carea' id='block_1_75' title="bbox 894 1521 1679 1557">
    <p class='ocr_par' dir='ltr' id='par_1_75' title="bbox 894 1521 1679 1557">
     <span class='ocr_line' id='line_1_75' title="bbox 894 1521 1679 1557; baseline -0.005 -5"><span class='ocrx_word' id='word_1_608' title='bbox 894 1532 993 1552; x_wconf 82' lang='lat' dir='ltr'><strong>uxores</strong></span> <span class='ocrx_word' id='word_1_609' title='bbox 1026 1525 1174 1552; x_wconf 86' lang='lat' dir='ltr'><strong>secundum</strong></span> <span class='ocrx_word' id='word_1_610' title='bbox 1202 1531 1233 1550; x_wconf 91' lang='lat' dir='ltr'><strong>ea</strong></span> <span class='ocrx_word' id='word_1_611' title='bbox 1264 1530 1324 1557; x_wconf 84' lang='lat' dir='ltr'><strong>quae</strong></span> <span class='ocrx_word' id='word_1_612' title='bbox 1347 1522 1471 1556; x_wconf 88' lang='lat' dir='ltr'><strong>superius</strong></span> <span class='ocrx_word' id='word_1_613' title='bbox 1494 1521 1679 1549; x_wconf 75' lang='lat' dir='ltr'><strong>distinximus.</strong></span> 
     </span>
    </p>
   </div>
   <div class='ocr_carea' id='block_1_76' title="bbox 892 1565 1682 1605">
    <p class='ocr_par' dir='ltr' id='par_1_76' title="bbox 892 1565 1682 1605">
     <span class='ocr_line' id='line_1_76' title="bbox 892 1565 1682 1605; baseline -0.008 -7"><span class='ocrx_word' id='word_1_614' title='bbox 892 1570 921 1598; x_wconf 87' lang='lat' dir='ltr'><strong>Si</strong></span> <span class='ocrx_word' id='word_1_615' title='bbox 935 1577 987 1605; x_wconf 93' lang='lat' dir='ltr'><strong>qua</strong></span> <span class='ocrx_word' id='word_1_616' title='bbox 1004 1577 1068 1605; x_wconf 85' lang='lat' dir='ltr'><strong>ergo</strong></span> <span class='ocrx_word' id='word_1_617' title='bbox 1084 1569 1179 1596; x_wconf 86' lang='lat' dir='ltr'><strong>harum</strong></span> <span class='ocrx_word' id='word_1_618' title='bbox 1206 1567 1303 1597; x_wconf 75' lang='lat' dir='ltr'><strong>oti‘erre</strong></span> <span class='ocrx_word' id='word_1_619' title='bbox 1326 1567 1427 1602; x_wconf 90' lang='lat' dir='ltr'><strong>aliquid</strong></span> <span class='ocrx_word' id='word_1_620' title='bbox 1440 1571 1468 1594; x_wconf 87' lang='lat' dir='ltr'><strong>et</strong></span> <span class='ocrx_word' id='word_1_621' title='bbox 1480 1574 1579 1594; x_wconf 88' lang='lat' dir='ltr'><strong>vovere</strong></span> <span class='ocrx_word' id='word_1_622' title='bbox 1590 1565 1682 1601; x_wconf 89' lang='lat' dir='ltr'><strong>cupiat</strong></span> 
     </span>
    </p>
   </div>
   <div class='ocr_carea' id='block_1_77' title="bbox 892 1612 1682 1650">
    <p class='ocr_par' dir='ltr' id='par_1_77' title="bbox 892 1612 1682 1650">
     <span class='ocr_line' id='line_1_77' title="bbox 892 1612 1682 1650; baseline -0.008 -6"><span class='ocrx_word' id='word_1_623' title='bbox 892 1616 957 1649; x_wconf 90' lang='lat' dir='ltr'><strong>Deo,</strong></span> <span class='ocrx_word' id='word_1_624' title='bbox 971 1615 1104 1650; x_wconf 90' lang='lat' dir='ltr'><strong>siquidem</strong></span> <span class='ocrx_word' id='word_1_625' title='bbox 1123 1621 1323 1649; x_wconf 69' lang='lat' dir='ltr'><strong>prmproperum</strong></span> <span class='ocrx_word' id='word_1_626' title='bbox 1347 1618 1374 1639; x_wconf 88' lang='lat' dir='ltr'><strong>et</strong></span> <span class='ocrx_word' id='word_1_627' title='bbox 1389 1613 1478 1640; x_wconf 90' lang='lat' dir='ltr'><strong>minus</strong></span> <span class='ocrx_word' id='word_1_628' title='bbox 1497 1617 1588 1648; x_wconf 87' lang='lat' dir='ltr'><strong>aptum</strong></span> <span class='ocrx_word' id='word_1_629' title='bbox 1608 1612 1682 1646; x_wconf 87' lang='lat' dir='ltr'><strong>quod</strong></span> 
     </span>
    </p>
   </div>
   <div class='ocr_carea' id='block_1_78' title="bbox 890 1658 1682 1693">
    <p class='ocr_par' dir='ltr' id='par_1_78' title="bbox 890 1658 1682 1693">
     <span class='ocr_line' id='line_1_78' title="bbox 890 1658 1682 1693; baseline -0.006 -4"><span class='ocrx_word' id='word_1_630' title='bbox 890 1662 966 1689; x_wconf 83' lang='lat' dir='ltr'><strong>vovit</strong></span> <span class='ocrx_word' id='word_1_631' title='bbox 994 1665 1046 1693; x_wconf 89' lang='lat' dir='ltr'><strong>est,</strong></span> <span class='ocrx_word' id='word_1_632' title='bbox 1064 1660 1138 1688; x_wconf 91' lang='lat' dir='ltr'><strong>illius</strong></span> <span class='ocrx_word' id='word_1_633' title='bbox 1164 1665 1218 1692; x_wconf 88' lang='lat' dir='ltr'><strong>est,</strong></span> <span class='ocrx_word' id='word_1_634' title='bbox 1247 1663 1340 1691; x_wconf 81' lang='lat' dir='ltr'><strong>utpote</strong></span> <span class='ocrx_word' id='word_1_635' title='bbox 1357 1659 1479 1686; x_wconf 85' lang='lat' dir='ltr'><strong>custodis</strong></span> <span class='ocrx_word' id='word_1_636' title='bbox 1492 1664 1519 1686; x_wconf 76' lang='lat' dir='ltr'><strong>et</strong></span> <span class='ocrx_word' id='word_1_637' title='bbox 1539 1658 1682 1685; x_wconf 83' lang='lat' dir='ltr'><strong>monitoris</strong></span> 
     </span>
    </p>
   </div>
   <div class='ocr_carea' id='block_1_79' title="bbox 891 1703 1680 1743">
    <p class='ocr_par' dir='ltr' id='par_1_79' title="bbox 891 1703 1680 1743">
     <span class='ocr_line' id='line_1_79' title="bbox 891 1703 1680 1743; baseline -0.008 -7"><span class='ocrx_word' id='word_1_638' title='bbox 891 1708 990 1743; x_wconf 90' lang='lat' dir='ltr'><strong>angeli,</strong></span> <span class='ocrx_word' id='word_1_639' title='bbox 1006 1707 1146 1735; x_wconf 86' lang='lat' dir='ltr'><strong>retrudere</strong></span> <span class='ocrx_word' id='word_1_640' title='bbox 1166 1710 1193 1733; x_wconf 90' lang='lat' dir='ltr'><strong>et</strong></span> <span class='ocrx_word' id='word_1_641' title='bbox 1215 1706 1363 1738; x_wconf 88' lang='lat' dir='ltr'><strong>reprimere</strong></span> <span class='ocrx_word' id='word_1_642' title='bbox 1388 1704 1512 1731; x_wconf 86' lang='lat' dir='ltr'><strong>voventis</strong></span> <span class='ocrx_word' id='word_1_643' title='bbox 1526 1703 1680 1730; x_wconf 84' lang='lat' dir='ltr'><strong>audaciam.</strong></span> 
     </span>
    </p>
   </div>
   <div class='ocr_carea' id='block_1_80' title="bbox 892 1749 1682 1784">
    <p class='ocr_par' dir='ltr' id='par_1_80' title="bbox 892 1749 1682 1784">
     <span class='ocr_line' id='line_1_80' title="bbox 892 1749 1682 1784; baseline -0.009 -2"><span class='ocrx_word' id='word_1_644' title='bbox 892 1755 922 1783; x_wconf 91' lang='lat' dir='ltr'><strong>Si</strong></span> <span class='ocrx_word' id='word_1_645' title='bbox 942 1762 1006 1782; x_wconf 89' lang='lat' dir='ltr'><strong>vero</strong></span> <span class='ocrx_word' id='word_1_646' title='bbox 1043 1753 1157 1780; x_wconf 88' lang='lat' dir='ltr'><strong>audiens</strong></span> <span class='ocrx_word' id='word_1_647' title='bbox 1184 1759 1236 1779; x_wconf 92' lang='lat' dir='ltr'><strong>non</strong></span> <span class='ocrx_word' id='word_1_648' title='bbox 1266 1750 1437 1784; x_wconf 88' lang='lat' dir='ltr'><strong>represserit,</strong></span> <span class='ocrx_word' id='word_1_649' title='bbox 1463 1757 1515 1776; x_wconf 89' lang='lat' dir='ltr'><strong>tton</strong></span> <span class='ocrx_word' id='word_1_650' title='bbox 1534 1749 1682 1780; x_wconf 79' lang='lat' dir='ltr'><strong>monuerit,</strong></span> 
     </span>
    </p>
   </div>
   <div class='ocr_carea' id='block_1_81' title="bbox 891 1795 1681 1834">
    <p class='ocr_par' dir='ltr' id='par_1_81' title="bbox 891 1795 1681 1834">
     <span class='ocr_line' id='line_1_81' title="bbox 891 1795 1681 1834; baseline -0.008 -7"><span class='ocrx_word' id='word_1_651' title='bbox 891 1801 981 1828; x_wconf 90' lang='lat' dir='ltr'><strong>anima</strong></span> <span class='ocrx_word' id='word_1_652' title='bbox 999 1798 1108 1834; x_wconf 89' lang='lat' dir='ltr'><strong>quidem</strong></span> <span class='ocrx_word' id='word_1_653' title='bbox 1129 1797 1290 1825; x_wconf 88' lang='lat' dir='ltr'><strong>liberabitur</strong></span> <span class='ocrx_word' id='word_1_654' title='bbox 1319 1803 1332 1822; x_wconf 91' lang='lat' dir='ltr'><strong>a</strong></span> <span class='ocrx_word' id='word_1_655' title='bbox 1363 1795 1452 1829; x_wconf 81' lang='lat' dir='ltr'><strong>culpa,</strong></span> <span class='ocrx_word' id='word_1_656' title='bbox 1474 1795 1529 1829; x_wconf 88' lang='lat' dir='ltr'><strong>ipse</strong></span> <span class='ocrx_word' id='word_1_657' title='bbox 1542 1802 1611 1822; x_wconf 83' lang='lat' dir='ltr'><strong>vero</strong></span> <span class='ocrx_word' id='word_1_658' title='bbox 1628 1795 1681 1822; x_wconf 83' lang='lat' dir='ltr'><strong>voti</strong></span> 
     </span>
    </p>
   </div>
   <div class='ocr_carea' id='block_1_82' title="bbox 891 1836 1682 1875">
    <p class='ocr_par' dir='ltr' id='par_1_82' title="bbox 891 1836 1682 1875">
     <span class='ocr_line' id='line_1_82' title="bbox 891 1836 1682 1875; baseline -0.009 -3"><span class='ocrx_word' id='word_1_659' title='bbox 891 1844 1014 1872; x_wconf 87' lang='lat' dir='ltr'><strong>manebit</strong></span> <span class='ocrx_word' id='word_1_660' title='bbox 1040 1843 1184 1871; x_wconf 85' lang='lat' dir='ltr'><strong>obnoxius.</strong></span> <span class='ocrx_word' id='word_1_661' title='bbox 1223 1841 1280 1868; x_wconf 85' lang='lat' dir='ltr'><strong>Hoc</strong></span> <span class='ocrx_word' id='word_1_662' title='bbox 1303 1840 1411 1875; x_wconf 90' lang='lat' dir='ltr'><strong>quidem</strong></span> <span class='ocrx_word' id='word_1_663' title='bbox 1440 1847 1504 1873; x_wconf 78' lang='lat' dir='ltr'><strong>erga</strong></span> <span class='ocrx_word' id='word_1_664' title='bbox 1534 1836 1682 1866; x_wconf 79' lang='lat' dir='ltr'><strong>inferiores</strong></span> 
     </span>
    </p>
   </div>
   <div class='ocr_carea' id='block_1_83' title="bbox 891 1885 1682 1926">
    <p class='ocr_par' dir='ltr' id='par_1_83' title="bbox 891 1885 1682 1926">
     <span class='ocr_line' id='line_1_83' title="bbox 891 1885 1682 1926; baseline -0.009 -8"><span class='ocrx_word' id='word_1_665' title='bbox 891 1897 1015 1926; x_wconf 88' lang='lat' dir='ltr'><strong>quasque</strong></span> <span class='ocrx_word' id='word_1_666' title='bbox 1036 1889 1093 1916; x_wconf 80' lang='lat' dir='ltr'><strong>ﬁeri</strong></span> <span class='ocrx_word' id='word_1_667' title='bbox 1121 1887 1309 1923; x_wconf 86' lang='lat' dir='ltr'><strong>accipiendum</strong></span> <span class='ocrx_word' id='word_1_668' title='bbox 1337 1890 1388 1918; x_wconf 85' lang='lat' dir='ltr'><strong>est,</strong></span> <span class='ocrx_word' id='word_1_669' title='bbox 1403 1885 1610 1920; x_wconf 81' lang='lat' dir='ltr'><strong>perfectioribus</strong></span> <span class='ocrx_word' id='word_1_670' title='bbox 1625 1885 1682 1918; x_wconf 85' lang='lat' dir='ltr'><strong>ipse</strong></span> 
     </span>
    </p>
   </div>
   <div class='ocr_carea' id='block_1_84' title="bbox 891 1930 1680 1967">
    <p class='ocr_par' dir='ltr' id='par_1_84' title="bbox 891 1930 1680 1967">
     <span class='ocr_line' id='line_1_84' title="bbox 891 1930 1680 1967; baseline -0.009 -4"><span class='ocrx_word' id='word_1_671' title='bbox 891 1936 969 1963; x_wconf 84' lang='lat' dir='ltr'><strong>adest</strong></span> <span class='ocrx_word' id='word_1_672' title='bbox 988 1935 1072 1967; x_wconf 84' lang='lat' dir='ltr'><strong>Deus,</strong></span> <span class='ocrx_word' id='word_1_673' title='bbox 1099 1933 1169 1961; x_wconf 87' lang='lat' dir='ltr'><strong>sicut</strong></span> <span class='ocrx_word' id='word_1_674' title='bbox 1192 1932 1323 1966; x_wconf 90' lang='lat' dir='ltr'><strong>scriptum</strong></span> <span class='ocrx_word' id='word_1_675' title='bbox 1346 1935 1386 1958; x_wconf 91' lang='lat' dir='ltr'><strong>est</strong></span> <span class='ocrx_word' id='word_1_676' title='bbox 1401 1931 1435 1958; x_wconf 87' lang='lat' dir='ltr'><strong>de</strong></span> <span class='ocrx_word' id='word_1_677' title='bbox 1461 1930 1559 1965; x_wconf 90' lang='lat' dir='ltr'><strong>populo</strong></span> <span class='ocrx_word' id='word_1_678' title='bbox 1575 1930 1656 1957; x_wconf 89' lang='lat' dir='ltr'><strong>lsrael</strong></span> <span class='ocrx_word' id='word_1_679' title='bbox 1673 1938 1680 1957; x_wconf 88' lang='lat'>:</span> 
     </span>
    </p>
   </div>
   <div class='ocr_carea' id='block_1_85' title="bbox 893 1975 1681 2014">
    <p class='ocr_par' dir='ltr' id='par_1_85' title="bbox 893 1975 1681 2014">
     <span class='ocr_line' id='line_1_85' title="bbox 893 1975 1681 2014; baseline -0.01 -5"><span class='ocrx_word' id='word_1_680' title='bbox 893 1991 902 2008; x_wconf 84' lang='grc'><strong>‹</strong></span> <span class='ocrx_word' id='word_1_681' title='bbox 916 1981 1046 2009; x_wconf 87' lang='lat' dir='ltr'><strong>Dominus</strong></span> <span class='ocrx_word' id='word_1_682' title='bbox 1071 1979 1128 2014; x_wconf 84' lang='lat' dir='ltr'><strong>ipse</strong></span> <span class='ocrx_word' id='word_1_683' title='bbox 1146 1977 1262 2006; x_wconf 88' lang='lat' dir='ltr'><strong>ducebat</strong></span> <span class='ocrx_word' id='word_1_684' title='bbox 1285 1984 1342 2004; x_wconf 88' lang='lat' dir='ltr'><strong>eos.</strong></span> <span class='ocrx_word' id='word_1_685' title='bbox 1362 1985 1371 2002; x_wconf 80' lang='grc' dir='ltr'><strong>ι</strong></span> <span class='ocrx_word' id='word_1_686' title='bbox 1391 1975 1486 2004; x_wconf 85' lang='lat' dir='ltr'><strong>Postea</strong></span> <span class='ocrx_word' id='word_1_687' title='bbox 1509 1983 1574 2002; x_wconf 89' lang='lat' dir='ltr'><strong>vero</strong></span> <span class='ocrx_word' id='word_1_688' title='bbox 1601 1983 1681 2010; x_wconf 89' lang='lat' dir='ltr'><strong>quam</strong></span> 
     </span>
    </p>
   </div>
   <div class='ocr_carea' id='block_1_86' title="bbox 892 2022 1678 2063">
    <p class='ocr_par' dir='ltr' id='par_1_86' title="bbox 892 2022 1678 2063">
     <span class='ocr_line' id='line_1_86' title="bbox 892 2022 1678 2063; baseline -0.01 -7"><span class='ocrx_word' id='word_1_689' title='bbox 892 2028 1064 2063; x_wconf 87' lang='lat' dir='ltr'><strong>deliquerunt</strong></span> <span class='ocrx_word' id='word_1_690' title='bbox 1097 2030 1125 2054; x_wconf 90' lang='lat' dir='ltr'><strong>et</strong></span> <span class='ocrx_word' id='word_1_691' title='bbox 1154 2025 1296 2052; x_wconf 82' lang='lat' dir='ltr'><strong>inferiores</strong></span> <span class='ocrx_word' id='word_1_692' title='bbox 1324 2023 1478 2058; x_wconf 81' lang='lat' dir='ltr'><strong>semetipsis</strong></span> <span class='ocrx_word' id='word_1_693' title='bbox 1514 2022 1578 2049; x_wconf 78' lang='lat' dir='ltr'><strong>tacti</strong></span> <span class='ocrx_word' id='word_1_694' title='bbox 1603 2027 1678 2051; x_wconf 90' lang='lat' dir='ltr'><strong>sunt.</strong></span> 
     </span>
    </p>
   </div>
   <div class='ocr_carea' id='block_1_87' title="bbox 891 2068 1681 2109">
    <p class='ocr_par' dir='ltr' id='par_1_87' title="bbox 891 2068 1681 2109">
     <span class='ocr_line' id='line_1_87' title="bbox 891 2068 1681 2109; baseline -0.008 -8"><span class='ocrx_word' id='word_1_695' title='bbox 891 2075 987 2109; x_wconf 78' lang='lat' dir='ltr'><strong>angelo</strong></span> <span class='ocrx_word' id='word_1_696' title='bbox 1004 2073 1156 2100; x_wconf 87' lang='lat' dir='ltr'><strong>traduntur.</strong></span> <span class='ocrx_word' id='word_1_697' title='bbox 1171 2071 1248 2100; x_wconf 91' lang='lat' dir='ltr'><strong>Unde</strong></span> <span class='ocrx_word' id='word_1_698' title='bbox 1264 2075 1291 2097; x_wconf 84' lang='lat' dir='ltr'><strong>et</strong></span> <span class='ocrx_word' id='word_1_699' title='bbox 1303 2070 1408 2103; x_wconf 73' lang='lat' dir='ltr'><strong>Moyses</strong></span> <span class='ocrx_word' id='word_1_700' title='bbox 1423 2070 1531 2097; x_wconf 90' lang='lat' dir='ltr'><strong>dicebat</strong></span> <span class='ocrx_word' id='word_1_701' title='bbox 1545 2069 1566 2085; x_wconf 85' lang='lat'>”</span> <span class='ocrx_word' id='word_1_702' title='bbox 1577 2077 1585 2097; x_wconf 90' lang='lat'><strong>:</strong></span> <span class='ocrx_word' id='word_1_703' title='bbox 1597 2078 1607 2094; x_wconf 76' lang='grc' dir='ltr'><strong>ι</strong></span> <span class='ocrx_word' id='word_1_704' title='bbox 1625 2068 1681 2095; x_wconf 80' lang='lat' dir='ltr'><strong>Nisi</strong></span> 
     </span>
    </p>
   </div>
   <div class='ocr_carea' id='block_1_88' title="bbox 893 2114 1679 2155">
    <p class='ocr_par' dir='ltr' id='par_1_88' title="bbox 893 2114 1679 2155">
     <span class='ocr_line' id='line_1_88' title="bbox 893 2114 1679 2155; baseline -0.008 -8"><span class='ocrx_word' id='word_1_705' title='bbox 893 2126 920 2147; x_wconf 95' lang='lat' dir='ltr'><strong>tu</strong></span> <span class='ocrx_word' id='word_1_706' title='bbox 934 2120 992 2155; x_wconf 88' lang='lat' dir='ltr'><strong>ipse</strong></span> <span class='ocrx_word' id='word_1_707' title='bbox 1006 2119 1115 2146; x_wconf 89' lang='lat' dir='ltr'><strong>veneris</strong></span> <span class='ocrx_word' id='word_1_708' title='bbox 1140 2117 1295 2150; x_wconf 89' lang='lat' dir='ltr'><strong>nobiscum,</strong></span> <span class='ocrx_word' id='word_1_709' title='bbox 1320 2125 1373 2144; x_wconf 90' lang='lat' dir='ltr'><strong>non</strong></span> <span class='ocrx_word' id='word_1_710' title='bbox 1391 2123 1435 2144; x_wconf 89' lang='lat' dir='ltr'><strong>me</strong></span> <span class='ocrx_word' id='word_1_711' title='bbox 1455 2116 1557 2143; x_wconf 81' lang='lat' dir='ltr'><strong>educas</strong></span> <span class='ocrx_word' id='word_1_712' title='bbox 1580 2114 1653 2142; x_wconf 90' lang='lat' dir='ltr'><strong>hinc.</strong></span> <span class='ocrx_word' id='word_1_713' title='bbox 1669 2123 1679 2140; x_wconf 79' lang='grc' dir='ltr'><strong>ι</strong></span> 
     </span>
    </p>
   </div>
   <div class='ocr_carea' id='block_1_89' title="bbox 892 2161 1679 2199">
    <p class='ocr_par' dir='ltr' id='par_1_89' title="bbox 892 2161 1679 2199">
     <span class='ocr_line' id='line_1_89' title="bbox 892 2161 1679 2199; baseline -0.008 -5"><span class='ocrx_word' id='word_1_714' title='bbox 892 2167 944 2194; x_wconf 89' lang='lat' dir='ltr'><strong>Sed</strong></span> <span class='ocrx_word' id='word_1_715' title='bbox 962 2170 990 2193; x_wconf 91' lang='lat' dir='ltr'><strong>et</strong></span> <span class='ocrx_word' id='word_1_716' title='bbox 1006 2166 1038 2192; x_wconf 93' lang='lat' dir='ltr'><strong>de</strong></span> <span class='ocrx_word' id='word_1_717' title='bbox 1050 2165 1124 2199; x_wconf 82' lang='lat' dir='ltr'><strong>justo</strong></span> <span class='ocrx_word' id='word_1_718' title='bbox 1141 2164 1207 2192; x_wconf 87' lang='lat' dir='ltr'><strong>dicit</strong></span> <span class='ocrx_word' id='word_1_719' title='bbox 1229 2164 1299 2190; x_wconf 90' lang='lat' dir='ltr'><strong>Detts</strong></span> <span class='ocrx_word' id='word_1_720' title='bbox 1314 2164 1353 2190; x_wconf 77' lang='lat' dir='ltr'><strong>&quot;z</strong></span> <span class='ocrx_word' id='word_1_721' title='bbox 1370 2173 1378 2189; x_wconf 84' lang='grc' dir='ltr'><strong>ι</strong></span> <span class='ocrx_word' id='word_1_722' title='bbox 1394 2163 1460 2190; x_wconf 85' lang='lat' dir='ltr'><strong>Cum</strong></span> <span class='ocrx_word' id='word_1_723' title='bbox 1484 2162 1544 2197; x_wconf 89' lang='lat' dir='ltr'><strong>ipso</strong></span> <span class='ocrx_word' id='word_1_724' title='bbox 1578 2169 1638 2189; x_wconf 88' lang='lat' dir='ltr'><strong>sum</strong></span> <span class='ocrx_word' id='word_1_725' title='bbox 1653 2161 1679 2188; x_wconf 92' lang='lat' dir='ltr'><strong>in</strong></span> 
     </span>
    </p>
   </div>
   <div class='ocr_carea' id='block_1_90' title="bbox 49 2207 1683 2251">
    <p class='ocr_par' dir='ltr' id='par_1_90' title="bbox 49 2207 1683 2251">
     <span class='ocr_line' id='line_1_90' title="bbox 49 2207 1683 2251; baseline 0.001 -16"><span class='ocrx_word' id='word_1_726' title='bbox 49 2211 94 2235; x_wconf 89' lang='lat' dir='ltr'><strong>tus</strong></span> <span class='ocrx_word' id='word_1_727' title='bbox 118 2214 174 2234; x_wconf 95' lang='lat' dir='ltr'><strong>non</strong></span> <span class='ocrx_word' id='word_1_728' title='bbox 202 2207 378 2241; x_wconf 86' lang='lat' dir='ltr'><strong>recusaverit,</strong></span> <span class='ocrx_word' id='word_1_729' title='bbox 407 2214 470 2235; x_wconf 87' lang='lat' dir='ltr'><strong>reus</strong></span> <span class='ocrx_word' id='word_1_730' title='bbox 496 2207 532 2235; x_wconf 88' lang='lat' dir='ltr'><strong>sit</strong></span> <span class='ocrx_word' id='word_1_731' title='bbox 551 2207 606 2234; x_wconf 91' lang='lat' dir='ltr'><strong>voti</strong></span> <span class='ocrx_word' id='word_1_732' title='bbox 641 2207 743 2241; x_wconf 90' lang='lat' dir='ltr'><strong>pariter</strong></span> <span class='ocrx_word' id='word_1_733' title='bbox 776 2215 838 2235; x_wconf 91' lang='lat' dir='ltr'><strong>cum</strong></span> <span class='ocrx_word' id='word_1_734' title='bbox 857 2224 880 2251; x_wconf 68' lang='grc' dir='ltr'>Β</span> <span class='ocrx_word' id='word_1_735' title='bbox 895 2212 1079 2240; x_wconf 79' lang='lat' dir='ltr'><strong>tribulatione.</strong></span> <span class='ocrx_word' id='word_1_736' title='bbox 1100 2220 1109 2236; x_wconf 83' lang='grc' dir='ltr'><strong>ι</strong></span> <span class='ocrx_word' id='word_1_737' title='bbox 1126 2215 1153 2238; x_wconf 90' lang='lat' dir='ltr'><strong>et</strong></span> <span class='ocrx_word' id='word_1_738' title='bbox 1174 2210 1238 2237; x_wconf 90' lang='lat' dir='ltr'><strong>alibi</strong></span> <span class='ocrx_word' id='word_1_739' title='bbox 1261 2210 1381 2237; x_wconf 86' lang='lat' dir='ltr'><strong>dicit&quot;:</strong></span> <span class='ocrx_word' id='word_1_740' title='bbox 1406 2219 1415 2235; x_wconf 76' lang='grc' dir='ltr'><strong>ι</strong></span> <span class='ocrx_word' id='word_1_741' title='bbox 1439 2209 1495 2236; x_wconf 68' lang='lat' dir='ltr'><strong>Nm:</strong></span> <span class='ocrx_word' id='word_1_742' title='bbox 1519 2209 1616 2236; x_wconf 88' lang='lat' dir='ltr'><strong>timeas</strong></span> <span class='ocrx_word' id='word_1_743' title='bbox 1636 2208 1683 2236; x_wconf 81' lang='lat' dir='ltr'><strong>de-</strong></span> 
     </span>
    </p>
   </div>
   <div class='ocr_carea' id='block_1_91' title="bbox 49 2252 837 2286">
    <p class='ocr_par' dir='ltr' id='par_1_91' title="bbox 49 2252 837 2286">
     <span class='ocr_line' id='line_1_91' title="bbox 49 2252 837 2286; baseline 0.001 -5"><span class='ocrx_word' id='word_1_744' title='bbox 49 2261 147 2282; x_wconf 81' lang='lat' dir='ltr'><strong>uxore.</strong></span> <span class='ocrx_word' id='word_1_745' title='bbox 180 2252 210 2281; x_wconf 91' lang='lat' dir='ltr'><strong>Si</strong></span> <span class='ocrx_word' id='word_1_746' title='bbox 230 2261 295 2280; x_wconf 87' lang='lat' dir='ltr'><strong>vero</strong></span> <span class='ocrx_word' id='word_1_747' title='bbox 317 2254 499 2286; x_wconf 87' lang='lat' dir='ltr'><strong>recusaverit,</strong></span> <span class='ocrx_word' id='word_1_748' title='bbox 525 2258 578 2280; x_wconf 90' lang='lat' dir='ltr'><strong>tam</strong></span> <span class='ocrx_word' id='word_1_749' title='bbox 602 2260 671 2280; x_wconf 85' lang='lat' dir='ltr'><strong>uxor</strong></span> <span class='ocrx_word' id='word_1_750' title='bbox 690 2253 726 2280; x_wconf 89' lang='lat' dir='ltr'><strong>sit</strong></span> <span class='ocrx_word' id='word_1_751' title='bbox 743 2254 837 2286; x_wconf 89' lang='lat' dir='ltr'><strong>libera,</strong></span> 
     </span>
    </p>
   </div>
   <div class='ocr_carea' id='block_1_92' title="bbox 48 2299 840 2336">
    <p class='ocr_par' dir='ltr' id='par_1_92' title="bbox 48 2299 840 2336">
     <span class='ocr_line' id='line_1_92' title="bbox 48 2299 840 2336; baseline 0.001 -10"><span class='ocrx_word' id='word_1_752' title='bbox 48 2308 132 2336; x_wconf 85' lang='lat' dir='ltr'><strong>quam</strong></span> <span class='ocrx_word' id='word_1_753' title='bbox 152 2300 276 2327; x_wconf 86' lang='lat' dir='ltr'><strong>maritus.</strong></span> <span class='ocrx_word' id='word_1_754' title='bbox 294 2299 322 2327; x_wconf 92' lang='lat' dir='ltr'><strong>Si</strong></span> <span class='ocrx_word' id='word_1_755' title='bbox 341 2307 405 2327; x_wconf 90' lang='lat' dir='ltr'><strong>vero</strong></span> <span class='ocrx_word' id='word_1_756' title='bbox 420 2300 543 2333; x_wconf 89' lang='lat' dir='ltr'><strong>tacuerit,</strong></span> <span class='ocrx_word' id='word_1_757' title='bbox 564 2304 695 2335; x_wconf 89' lang='lat' dir='ltr'><strong>uterque,</strong></span> <span class='ocrx_word' id='word_1_758' title='bbox 722 2305 751 2327; x_wconf 93' lang='lat' dir='ltr'><strong>ut</strong></span> <span class='ocrx_word' id='word_1_759' title='bbox 770 2301 840 2328; x_wconf 83' lang='lat' dir='ltr'><strong>dixi-</strong></span> 
     </span>
    </p>
   </div>
   <div class='ocr_carea' id='block_1_93' title="bbox 49 2347 839 2383">
    <p class='ocr_par' dir='ltr' id='par_1_93' title="bbox 49 2347 839 2383">
     <span class='ocr_line' id='line_1_93' title="bbox 49 2347 839 2383; baseline -0.003 -6"><span class='ocrx_word' id='word_1_760' title='bbox 49 2357 122 2382; x_wconf 85' lang='lat' dir='ltr'><strong>mus,</strong></span> <span class='ocrx_word' id='word_1_761' title='bbox 143 2356 206 2376; x_wconf 88' lang='lat' dir='ltr'><strong>reus</strong></span> <span class='ocrx_word' id='word_1_762' title='bbox 219 2348 361 2376; x_wconf 86' lang='lat' dir='ltr'><strong>habeatur.</strong></span> <span class='ocrx_word' id='word_1_763' title='bbox 386 2347 449 2375; x_wconf 76' lang='lat' dir='ltr'><strong>Hth</strong></span> <span class='ocrx_word' id='word_1_764' title='bbox 462 2352 525 2375; x_wconf 91' lang='lat' dir='ltr'><strong>sunt</strong></span> <span class='ocrx_word' id='word_1_765' title='bbox 539 2348 648 2382; x_wconf 90' lang='lat' dir='ltr'><strong>quidem</strong></span> <span class='ocrx_word' id='word_1_766' title='bbox 663 2356 723 2382; x_wconf 72' lang='lat' dir='ltr'><strong>qum</strong></span> <span class='ocrx_word' id='word_1_767' title='bbox 738 2348 839 2383; x_wconf 87' lang='lat' dir='ltr'><strong>scripta</strong></span> 
     </span>
    </p>
   </div>
   <div class='ocr_carea' id='block_1_94' title="bbox 48 2393 840 2426">
    <p class='ocr_par' dir='ltr' id='par_1_94' title="bbox 48 2393 840 2426">
     <span class='ocr_line' id='line_1_94' title="bbox 48 2393 840 2426; baseline 0 -5"><span class='ocrx_word' id='word_1_768' title='bbox 48 2399 115 2421; x_wconf 88' lang='lat' dir='ltr'><strong>sunt</strong></span> <span class='ocrx_word' id='word_1_769' title='bbox 138 2405 143 2422; x_wconf 88' lang='lat'>:</span> <span class='ocrx_word' id='word_1_770' title='bbox 162 2394 209 2421; x_wconf 89' lang='lat' dir='ltr'><strong>sed</strong></span> <span class='ocrx_word' id='word_1_771' title='bbox 222 2393 344 2421; x_wconf 89' lang='lat' dir='ltr'><strong>orandus</strong></span> <span class='ocrx_word' id='word_1_772' title='bbox 355 2398 398 2421; x_wconf 91' lang='lat' dir='ltr'><strong>est</strong></span> <span class='ocrx_word' id='word_1_773' title='bbox 419 2393 498 2421; x_wconf 89' lang='lat' dir='ltr'><strong>nobis</strong></span> <span class='ocrx_word' id='word_1_774' title='bbox 513 2393 601 2426; x_wconf 87' lang='lat' dir='ltr'><strong>Deus,</strong></span> <span class='ocrx_word' id='word_1_775' title='bbox 624 2398 653 2420; x_wconf 90' lang='lat' dir='ltr'><strong>ut</strong></span> <span class='ocrx_word' id='word_1_776' title='bbox 673 2394 840 2421; x_wconf 88' lang='lat' dir='ltr'><strong>intellecnnn</strong></span> 
     </span>
    </p>
   </div>
   <div class='ocr_carea' id='block_1_95' title="bbox 47 2436 837 2472">
    <p class='ocr_par' dir='ltr' id='par_1_95' title="bbox 47 2436 837 2472">
     <span class='ocr_line' id='line_1_95' title="bbox 47 2436 837 2472; baseline -0.001 -8"><span class='ocrx_word' id='word_1_777' title='bbox 47 2438 114 2464; x_wconf 88' lang='lat' dir='ltr'><strong>dare</strong></span> <span class='ocrx_word' id='word_1_778' title='bbox 126 2437 253 2472; x_wconf 89' lang='lat' dir='ltr'><strong>dignetur</strong></span> <span class='ocrx_word' id='word_1_779' title='bbox 265 2445 294 2464; x_wconf 90' lang='lat' dir='ltr'><strong>se</strong></span> <span class='ocrx_word' id='word_1_780' title='bbox 305 2437 428 2472; x_wconf 83' lang='lat' dir='ltr'><strong>dignum,</strong></span> <span class='ocrx_word' id='word_1_781' title='bbox 446 2444 500 2471; x_wconf 89' lang='lat' dir='ltr'><strong>quo</strong></span> <span class='ocrx_word' id='word_1_782' title='bbox 519 2436 587 2469; x_wconf 64' lang='lat' dir='ltr'><strong>haec,</strong></span> <span class='ocrx_word' id='word_1_783' title='bbox 600 2440 630 2463; x_wconf 89' lang='lat' dir='ltr'><strong>ut</strong></span> <span class='ocrx_word' id='word_1_784' title='bbox 642 2436 729 2468; x_wconf 87' lang='lat' dir='ltr'><strong>decet,</strong></span> <span class='ocrx_word' id='word_1_785' title='bbox 743 2436 777 2463; x_wconf 91' lang='lat' dir='ltr'><strong>de</strong></span> <span class='ocrx_word' id='word_1_786' title='bbox 789 2436 837 2464; x_wconf 89' lang='lat' dir='ltr'><strong>Dei</strong></span> 
     </span>
    </p>
   </div>
   <div class='ocr_carea' id='block_1_96' title="bbox 48 2481 836 2518">
    <p class='ocr_par' dir='ltr' id='par_1_96' title="bbox 48 2481 836 2518">
     <span class='ocr_line' id='line_1_96' title="bbox 48 2481 836 2518; baseline -0.004 -8"><span class='ocrx_word' id='word_1_787' title='bbox 48 2483 142 2510; x_wconf 87' lang='lat' dir='ltr'><strong>verbis</strong></span> <span class='ocrx_word' id='word_1_788' title='bbox 154 2483 303 2518; x_wconf 85' lang='lat' dir='ltr'><strong>intelligere</strong></span> <span class='ocrx_word' id='word_1_789' title='bbox 316 2483 451 2517; x_wconf 85' lang='lat' dir='ltr'><strong>possimus</strong></span> <span class='ocrx_word' id='word_1_790' title='bbox 465 2487 492 2509; x_wconf 94' lang='lat' dir='ltr'><strong>et</strong></span> <span class='ocrx_word' id='word_1_791' title='bbox 506 2482 656 2510; x_wconf 87' lang='lat' dir='ltr'><strong>advertere.</strong></span> <span class='ocrx_word' id='word_1_792' title='bbox 672 2481 773 2509; x_wconf 89' lang='lat' dir='ltr'><strong>Omnes</strong></span> <span class='ocrx_word' id='word_1_793' title='bbox 792 2481 836 2516; x_wconf 92' lang='lat' dir='ltr'><strong>qui</strong></span> 
     </span>
    </p>
   </div>
   <div class='ocr_carea' id='block_1_97' title="bbox 49 2526 836 2564">
    <p class='ocr_par' dir='ltr' id='par_1_97' title="bbox 49 2526 836 2564">
     <span class='ocr_line' id='line_1_97' title="bbox 49 2526 836 2564; baseline -0.005 -8"><span class='ocrx_word' id='word_1_794' title='bbox 49 2530 101 2556; x_wconf 86' lang='lat' dir='ltr'><strong>sub</strong></span> <span class='ocrx_word' id='word_1_795' title='bbox 116 2529 175 2564; x_wconf 80' lang='lat' dir='ltr'><strong>lege</strong></span> <span class='ocrx_word' id='word_1_796' title='bbox 192 2529 239 2555; x_wconf 85' lang='lat' dir='ltr'><strong>Dei</strong></span> <span class='ocrx_word' id='word_1_797' title='bbox 254 2528 370 2556; x_wconf 91' lang='lat' dir='ltr'><strong>vivimus</strong></span> <span class='ocrx_word' id='word_1_798' title='bbox 380 2549 386 2560; x_wconf 91' lang='lat'><strong>,</strong></span> <span class='ocrx_word' id='word_1_799' title='bbox 404 2532 431 2555; x_wconf 91' lang='lat' dir='ltr'><strong>ct</strong></span> <span class='ocrx_word' id='word_1_800' title='bbox 445 2527 472 2553; x_wconf 93' lang='lat' dir='ltr'><strong>in</strong></span> <span class='ocrx_word' id='word_1_801' title='bbox 488 2527 606 2554; x_wconf 88' lang='lat' dir='ltr'><strong>Ecclesia</strong></span> <span class='ocrx_word' id='word_1_802' title='bbox 621 2527 680 2562; x_wconf 84' lang='lat' dir='ltr'><strong>ejus</strong></span> <span class='ocrx_word' id='word_1_803' title='bbox 695 2526 836 2555; x_wconf 88' lang='lat' dir='ltr'><strong>habemur.</strong></span> 
     </span>
    </p>
   </div>
   <div class='ocr_carea' id='block_1_98' title="bbox 49 2571 837 2609">
    <p class='ocr_par' dir='ltr' id='par_1_98' title="bbox 49 2571 837 2609">
     <span class='ocr_line' id='line_1_98' title="bbox 49 2571 837 2609; baseline -0.008 -7"><span class='ocrx_word' id='word_1_804' title='bbox 49 2575 133 2609; x_wconf 89' lang='lat' dir='ltr'><strong>aliqui</strong></span> <span class='ocrx_word' id='word_1_805' title='bbox 156 2574 207 2602; x_wconf 91' lang='lat' dir='ltr'><strong>sub</strong></span> <span class='ocrx_word' id='word_1_806' title='bbox 231 2573 370 2609; x_wconf 81' lang='lat' dir='ltr'><strong>patribus,</strong></span> <span class='ocrx_word' id='word_1_807' title='bbox 399 2572 480 2607; x_wconf 93' lang='lat' dir='ltr'><strong>aliqui</strong></span> <span class='ocrx_word' id='word_1_808' title='bbox 509 2572 560 2599; x_wconf 85' lang='lat' dir='ltr'><strong>sub</strong></span> <span class='ocrx_word' id='word_1_809' title='bbox 589 2572 654 2599; x_wconf 88' lang='lat' dir='ltr'><strong>viris</strong></span> <span class='ocrx_word' id='word_1_810' title='bbox 678 2572 700 2588; x_wconf 78' lang='grc'><strong>³⁵</strong></span> <span class='ocrx_word' id='word_1_811' title='bbox 724 2571 837 2607; x_wconf 82' lang='lat' dir='ltr'><strong>agimus.</strong></span> 
     </span>
    </p>
   </div>
   <div class='ocr_carea' id='block_1_99' title="bbox 84 2624 604 2657">
    <p class='ocr_par' dir='ltr' id='par_1_99' title="bbox 84 2624 604 2657">
     <span class='ocr_line' id='line_1_99' title="bbox 84 2624 604 2657; baseline 0 -5"><span class='ocrx_word' id='word_1_812' title='bbox 84 2627 109 2643; x_wconf 76' lang='grc' dir='ltr'>ιο</span> <span class='ocrx_word' id='word_1_813' title='bbox 127 2625 206 2652; x_wconf 84' lang='lat' dir='ltr'><strong>Joan.</strong></span> <span class='ocrx_word' id='word_1_814' title='bbox 224 2632 267 2655; x_wconf 81' lang='lat' dir='ltr'><strong>tu,</strong></span> <span class='ocrx_word' id='word_1_815' title='bbox 281 2626 324 2651; x_wconf 75' lang='lat' dir='ltr'><strong>to.</strong></span> <span class='ocrx_word' id='word_1_816' title='bbox 367 2625 386 2640; x_wconf 88' lang='lat'>“</span> <span class='ocrx_word' id='word_1_817' title='bbox 406 2624 496 2657; x_wconf 75' lang='lat' dir='ltr'><strong>Galat.</strong></span> <span class='ocrx_word' id='word_1_818' title='bbox 515 2632 546 2656; x_wconf 90' lang='grc' dir='ltr'>ιι,</span> <span class='ocrx_word' id='word_1_819' title='bbox 559 2624 604 2652; x_wconf 72' lang='lat'><strong>20.</strong></span> 
     </span>
    </p>
   </div>
   <div class='ocr_carea' id='block_1_100' title="bbox 49 2659 791 2694">
    <p class='ocr_par' dir='ltr' id='par_1_100' title="bbox 49 2659 791 2694">
     <span class='ocr_line' id='line_1_100' title="bbox 49 2659 791 2694; baseline 0 -6"><span class='ocrx_word' id='word_1_820' title='bbox 49 2660 206 2692; x_wconf 72' lang='lat' dir='ltr'><strong>xxxttt,15.</strong></span> <span class='ocrx_word' id='word_1_821' title='bbox 245 2660 267 2676; x_wconf 82' lang='grc'><strong>¹⁶</strong></span> <span class='ocrx_word' id='word_1_822' title='bbox 281 2659 352 2686; x_wconf 80' lang='lat' dir='ltr'><strong>Psal.</strong></span> <span class='ocrx_word' id='word_1_823' title='bbox 373 2660 481 2692; x_wconf 61' lang='lat' dir='ltr'><strong>mnis.</strong></span> <span class='ocrx_word' id='word_1_824' title='bbox 521 2660 541 2675; x_wconf 88' lang='grc'><strong>¹⁷</strong></span> <span class='ocrx_word' id='word_1_825' title='bbox 554 2659 652 2688; x_wconf 89' lang='lat' dir='ltr'><strong>Geues.</strong></span> <span class='ocrx_word' id='word_1_826' title='bbox 670 2668 745 2694; x_wconf 77' lang='lat' dir='ltr'><strong>XLVI,</strong></span> <span class='ocrx_word' id='word_1_827' title='bbox 765 2661 791 2688; x_wconf 78' lang='grc'><strong>5.</strong></span> 
     </span>
    </p>
   </div>
   <div class='ocr_carea' id='block_1_101' title="bbox 49 2706 841 2747">
    <p class='ocr_par' dir='ltr' id='par_1_101' title="bbox 49 2706 841 2747">
     <span class='ocr_line' id='line_1_101' title="bbox 49 2706 841 2747; baseline 0 -12"><span class='ocrx_word' id='word_1_828' title='bbox 49 2743 55 2747; x_wconf 33' lang='grc' dir='ltr'>ι</span> <span class='ocrx_word' id='word_1_829' title='bbox 86 2707 143 2743; x_wconf 76' lang='grc'><strong>(55)</strong></span> <span class='ocrx_word' id='word_1_830' title='bbox 159 2707 252 2747; x_wconf 77' lang='lat' dir='ltr'><strong>_Cod_ex</strong></span> <span class='ocrx_word' id='word_1_831' title='bbox 268 2706 360 2747; x_wconf 76' lang='lat' dir='ltr'><strong>Sancti</strong></span> <span class='ocrx_word' id='word_1_832' title='bbox 377 2707 553 2747; x_wconf 65' lang='lat' dir='ltr'><strong>Theudorici,</strong></span> <span class='ocrx_word' id='word_1_833' title='bbox 571 2717 580 2733; x_wconf 76' lang='grc' dir='ltr'><strong>ι</strong></span> <span class='ocrx_word' id='word_1_834' title='bbox 594 2708 678 2747; x_wconf 77' lang='lat' dir='ltr'><strong>aliqui</strong></span> <span class='ocrx_word' id='word_1_835' title='bbox 694 2709 745 2736; x_wconf 87' lang='lat' dir='ltr'><strong>sub</strong></span> <span class='ocrx_word' id='word_1_836' title='bbox 756 2709 841 2747; x_wconf 36' lang='lat' dir='ltr'><strong>patri:</strong></span> 
     </span>
    </p>
   </div>
   <div class='ocr_carea' id='block_1_102' title="bbox 50 2742 841 2780">
    <p class='ocr_par' dir='ltr' id='par_1_102' title="bbox 50 2742 841 2780">
     <span class='ocr_line' id='line_1_102' title="bbox 50 2742 841 2780; baseline 0.003 -11"><span class='ocrx_word' id='word_1_837' title='bbox 50 2742 110 2775; x_wconf 82' lang='lat' dir='ltr'><strong>bus,</strong></span> <span class='ocrx_word' id='word_1_838' title='bbox 134 2742 223 2780; x_wconf 79' lang='lat' dir='ltr'><strong>aliqui</strong></span> <span class='ocrx_word' id='word_1_839' title='bbox 240 2743 381 2780; x_wconf 83' lang='lat' dir='ltr'><strong>sub_viris.</strong></span> <span class='ocrx_word' id='word_1_840' title='bbox 400 2752 410 2768; x_wconf 77' lang='grc' dir='ltr'><strong>ι</strong></span> <span class='ocrx_word' id='word_1_841' title='bbox 427 2742 504 2780; x_wconf 68' lang='lat' dir='ltr'><strong>Libb.</strong></span> <span class='ocrx_word' id='word_1_842' title='bbox 521 2749 600 2771; x_wconf 89' lang='lat' dir='ltr'><strong>antea</strong></span> <span class='ocrx_word' id='word_1_843' title='bbox 612 2744 689 2776; x_wconf 89' lang='lat' dir='ltr'><strong>editi,</strong></span> <span class='ocrx_word' id='word_1_844' title='bbox 715 2753 724 2769; x_wconf 76' lang='grc' dir='ltr'><strong>ι</strong></span> <span class='ocrx_word' id='word_1_845' title='bbox 738 2742 841 2780; x_wconf 86' lang='lat' dir='ltr'><strong>aliquid</strong></span> 
     </span>
    </p>
   </div>
   <div class='ocr_carea' id='block_1_103' title="bbox 49 2777 555 2812">
    <p class='ocr_par' dir='ltr' id='par_1_103' title="bbox 49 2777 555 2812">
     <span class='ocr_line' id='line_1_103' title="bbox 49 2777 555 2812; baseline 0 -8"><span class='ocrx_word' id='word_1_846' title='bbox 49 2780 98 2806; x_wconf 73' lang='lat' dir='ltr'><strong>sub</strong></span> <span class='ocrx_word' id='word_1_847' title='bbox 112 2778 248 2812; x_wconf 87' lang='lat' dir='ltr'><strong>patribus,</strong></span> <span class='ocrx_word' id='word_1_848' title='bbox 267 2777 369 2812; x_wconf 82' lang='lat' dir='ltr'><strong>aliquid</strong></span> <span class='ocrx_word' id='word_1_849' title='bbox 384 2779 435 2806; x_wconf 87' lang='lat' dir='ltr'><strong>sub</strong></span> <span class='ocrx_word' id='word_1_850' title='bbox 453 2778 528 2808; x_wconf 79' lang='lat' dir='ltr'><strong>viris.</strong></span> <span class='ocrx_word' id='word_1_851' title='bbox 547 2788 555 2804; x_wconf 83' lang='lat' dir='ltr'><strong>I</strong></span> 
     </span>
    </p>
   </div>
   <div class='ocr_carea' id='block_1_104' title="bbox 84 2813 839 2849">
    <p class='ocr_par' dir='ltr' id='par_1_104' title="bbox 84 2813 839 2849">
     <span class='ocr_line' id='line_1_104' title="bbox 84 2813 839 2849; baseline 0.001 -9"><span class='ocrx_word' id='word_1_852' title='bbox 84 2813 143 2849; x_wconf 75' lang='lat'><strong>(36)</strong></span> <span class='ocrx_word' id='word_1_853' title='bbox 165 2813 289 2849; x_wconf 76' lang='lat' dir='ltr'><strong>Quosque</strong></span> <span class='ocrx_word' id='word_1_854' title='bbox 321 2814 399 2840; x_wconf 79' lang='lat' dir='ltr'><strong>etiam</strong></span> <span class='ocrx_word' id='word_1_855' title='bbox 418 2814 453 2840; x_wconf 73' lang='lat' dir='ltr'><strong>ad</strong></span> <span class='ocrx_word' id='word_1_856' title='bbox 462 2814 596 2849; x_wconf 75' lang='lat' dir='ltr'><strong>judicium</strong></span> <span class='ocrx_word' id='word_1_857' title='bbox 618 2816 703 2842; x_wconf 72' lang='lat' dir='ltr'><strong>uenire</strong></span> <span class='ocrx_word' id='word_1_858' title='bbox 718 2823 776 2842; x_wconf 89' lang='lat' dir='ltr'><strong>cum</strong></span> <span class='ocrx_word' id='word_1_859' title='bbox 790 2814 839 2841; x_wconf 86' lang='lat' dir='ltr'><strong>ho-</strong></span> 
     </span>
    </p>
   </div>
   <div class='ocr_carea' id='block_1_105' title="bbox 50 2848 839 2885">
    <p class='ocr_par' dir='ltr' id='par_1_105' title="bbox 50 2848 839 2885">
     <span class='ocr_line' id='line_1_105' title="bbox 50 2848 839 2885; baseline 0.001 -10"><span class='ocrx_word' id='word_1_860' title='bbox 50 2848 168 2885; x_wconf 62' lang='lat' dir='ltr'><strong>minibus</strong></span> <span class='ocrx_word' id='word_1_861' title='bbox 194 2848 368 2885; x_wconf 65' lang='lat' dir='ltr'><strong>ostendimus,</strong></span> <span class='ocrx_word' id='word_1_862' title='bbox 392 2853 445 2885; x_wconf 78' lang='lat' dir='ltr'><strong>etc.</strong></span> <span class='ocrx_word' id='word_1_863' title='bbox 476 2849 544 2878; x_wconf 80' lang='lat' dir='ltr'><strong>Vide</strong></span> <span class='ocrx_word' id='word_1_864' title='bbox 571 2848 726 2885; x_wconf 79' lang='lat' dir='ltr'><strong>Origenian.</strong></span> <span class='ocrx_word' id='word_1_865' title='bbox 748 2850 794 2877; x_wconf 89' lang='lat' dir='ltr'><strong>lib.</strong></span> <span class='ocrx_word' id='word_1_866' title='bbox 810 2858 839 2883; x_wconf 88' lang='lat' dir='ltr'><strong>It,</strong></span> 
     </span>
    </p>
   </div>
   <div class='ocr_carea' id='block_1_106' title="bbox 51 2884 464 2919">
    <p class='ocr_par' dir='ltr' id='par_1_106' title="bbox 51 2884 464 2919">
     <span class='ocr_line' id='line_1_106' title="bbox 51 2884 464 2919; baseline 0.002 -8"><span class='ocrx_word' id='word_1_867' title='bbox 51 2889 145 2919; x_wconf 70' lang='lat' dir='ltr'><strong>quaest.</strong></span> <span class='ocrx_word' id='word_1_868' title='bbox 162 2884 189 2918; x_wconf 82' lang='lat'><strong>5,</strong></span> <span class='ocrx_word' id='word_1_869' title='bbox 211 2892 319 2913; x_wconf 87' lang='lat' dir='ltr'><strong>numer.</strong></span> <span class='ocrx_word' id='word_1_870' title='bbox 334 2884 367 2913; x_wconf 77' lang='lat' dir='ltr'><strong>i9</strong></span> <span class='ocrx_word' id='word_1_871' title='bbox 380 2889 406 2912; x_wconf 86' lang='lat' dir='ltr'><strong>et</strong></span> <span class='ocrx_word' id='word_1_872' title='bbox 419 2884 464 2912; x_wconf 79' lang='lat'><strong>20.</strong></span> 
     </span>
    </p>
   </div>
   <div class='ocr_carea' id='block_1_107' title="bbox 645 2624 897 2657">
    <p class='ocr_par' dir='ltr' id='par_1_107' title="bbox 645 2624 897 2657">
     <span class='ocr_line' id='line_1_107' title="bbox 645 2624 897 2657; baseline 0.008 -5"><span class='ocrx_word' id='word_1_873' title='bbox 645 2625 666 2641; x_wconf 82' lang='grc'><strong>¹¹</strong></span> <span class='ocrx_word' id='word_1_874' title='bbox 681 2624 689 2651; x_wconf 95' lang='grc' dir='ltr'><strong>Ι</strong></span> <span class='ocrx_word' id='word_1_875' title='bbox 707 2625 770 2652; x_wconf 91' lang='lat' dir='ltr'><strong>Cor.</strong></span> <span class='ocrx_word' id='word_1_876' title='bbox 787 2633 835 2657; x_wconf 85' lang='lat' dir='ltr'><strong>vn,</strong></span> <span class='ocrx_word' id='word_1_877' title='bbox 852 2626 897 2654; x_wconf 70' lang='grc'><strong>54.</strong></span> 
     </span>
    </p>
   </div>
   <div class='ocr_carea' id='block_1_108' title="bbox 890 2253 1682 2292">
    <p class='ocr_par' dir='ltr' id='par_1_108' title="bbox 890 2253 1682 2292">
     <span class='ocr_line' id='line_1_108' title="bbox 890 2253 1682 2292; baseline -0.008 -4"><span class='ocrx_word' id='word_1_878' title='bbox 890 2259 1022 2289; x_wconf 86' lang='lat' dir='ltr'><strong>scendere</strong></span> <span class='ocrx_word' id='word_1_879' title='bbox 1036 2258 1062 2285; x_wconf 95' lang='lat' dir='ltr'><strong>in</strong></span> <span class='ocrx_word' id='word_1_880' title='bbox 1075 2257 1371 2292; x_wconf 59' lang='lat' dir='ltr'><strong>Egyptunhquouiam</strong></span> <span class='ocrx_word' id='word_1_881' title='bbox 1387 2261 1476 2284; x_wconf 88' lang='lat' dir='ltr'><strong>tecum</strong></span> <span class='ocrx_word' id='word_1_882' title='bbox 1491 2263 1549 2283; x_wconf 92' lang='lat' dir='ltr'><strong>ero.</strong></span> <span class='ocrx_word' id='word_1_883' title='bbox 1570 2264 1580 2281; x_wconf 83' lang='grc'><strong>›</strong></span> <span class='ocrx_word' id='word_1_884' title='bbox 1597 2253 1682 2282; x_wconf 84' lang='lat' dir='ltr'><strong>Justis</strong></span> 
     </span>
    </p>
   </div>
   <div class='ocr_carea' id='block_1_109' title="bbox 889 2300 1682 2340">
    <p class='ocr_par' dir='ltr' id='par_1_109' title="bbox 889 2300 1682 2340">
     <span class='ocr_line' id='line_1_109' title="bbox 889 2300 1682 2340; baseline -0.01 -6"><span class='ocrx_word' id='word_1_885' title='bbox 889 2313 955 2340; x_wconf 78' lang='lat' dir='ltr'><strong>ergo</strong></span> <span class='ocrx_word' id='word_1_886' title='bbox 976 2309 1004 2332; x_wconf 87' lang='lat' dir='ltr'><strong>et</strong></span> <span class='ocrx_word' id='word_1_887' title='bbox 1033 2304 1127 2332; x_wconf 89' lang='lat' dir='ltr'><strong>electis</strong></span> <span class='ocrx_word' id='word_1_888' title='bbox 1150 2303 1208 2338; x_wconf 89' lang='lat' dir='ltr'><strong>ipse</strong></span> <span class='ocrx_word' id='word_1_889' title='bbox 1233 2302 1312 2330; x_wconf 87' lang='lat' dir='ltr'><strong>adest</strong></span> <span class='ocrx_word' id='word_1_890' title='bbox 1333 2302 1463 2329; x_wconf 87' lang='lat' dir='ltr'><strong>Dominus</strong></span> <span class='ocrx_word' id='word_1_891' title='bbox 1481 2310 1488 2329; x_wconf 90' lang='lat'>:</span> <span class='ocrx_word' id='word_1_892' title='bbox 1507 2300 1682 2328; x_wconf 82' lang='lat' dir='ltr'><strong>inferioribus</strong></span> 
     </span>
    </p>
   </div>
   <div class='ocr_carea' id='block_1_110' title="bbox 890 2345 1681 2384">
    <p class='ocr_par' dir='ltr' id='par_1_110' title="bbox 890 2345 1681 2384">
     <span class='ocr_line' id='line_1_110' title="bbox 890 2345 1681 2384; baseline -0.009 -6"><span class='ocrx_word' id='word_1_893' title='bbox 890 2358 956 2378; x_wconf 87' lang='lat' dir='ltr'><strong>vero</strong></span> <span class='ocrx_word' id='word_1_894' title='bbox 973 2350 1072 2378; x_wconf 88' lang='lat' dir='ltr'><strong>adsunt</strong></span> <span class='ocrx_word' id='word_1_895' title='bbox 1093 2348 1193 2384; x_wconf 87' lang='lat' dir='ltr'><strong>angeli,</strong></span> <span class='ocrx_word' id='word_1_896' title='bbox 1213 2347 1361 2375; x_wconf 88' lang='lat' dir='ltr'><strong>secttndum</strong></span> <span class='ocrx_word' id='word_1_897' title='bbox 1377 2354 1408 2374; x_wconf 89' lang='lat' dir='ltr'><strong>ea</strong></span> <span class='ocrx_word' id='word_1_898' title='bbox 1426 2354 1487 2382; x_wconf 61' lang='lat' dir='ltr'><strong>quae</strong></span> <span class='ocrx_word' id='word_1_899' title='bbox 1495 2345 1620 2381; x_wconf 87' lang='lat' dir='ltr'><strong>superius</strong></span> <span class='ocrx_word' id='word_1_900' title='bbox 1639 2345 1681 2371; x_wconf 85' lang='lat' dir='ltr'><strong>di-</strong></span> 
     </span>
    </p>
   </div>
   <div class='ocr_carea' id='block_1_111' title="bbox 891 2394 1682 2430">
    <p class='ocr_par' dir='ltr' id='par_1_111' title="bbox 891 2394 1682 2430">
     <span class='ocr_line' id='line_1_111' title="bbox 891 2394 1682 2430; baseline -0.009 -7"><span class='ocrx_word' id='word_1_901' title='bbox 891 2397 990 2428; x_wconf 85' lang='lat' dir='ltr'><strong>ximus,</strong></span> <span class='ocrx_word' id='word_1_902' title='bbox 1017 2394 1199 2430; x_wconf 84' lang='lat' dir='ltr'><strong>gubernantes</strong></span> <span class='ocrx_word' id='word_1_903' title='bbox 1221 2401 1269 2421; x_wconf 88' lang='lat' dir='ltr'><strong>eos</strong></span> <span class='ocrx_word' id='word_1_904' title='bbox 1294 2397 1322 2421; x_wconf 89' lang='lat' dir='ltr'><strong>et</strong></span> <span class='ocrx_word' id='word_1_905' title='bbox 1345 2396 1536 2427; x_wconf 83' lang='lat' dir='ltr'><strong>procurantes,</strong></span> <span class='ocrx_word' id='word_1_906' title='bbox 1565 2395 1682 2421; x_wconf 83' lang='lat' dir='ltr'><strong>votaque</strong></span> 
     </span>
    </p>
   </div>
   <div class='ocr_carea' id='block_1_112' title="bbox 892 2435 1682 2474">
    <p class='ocr_par' dir='ltr' id='par_1_112' title="bbox 892 2435 1682 2474">
     <span class='ocr_line' id='line_1_112' title="bbox 892 2435 1682 2474; baseline -0.009 -7"><span class='ocrx_word' id='word_1_907' title='bbox 892 2447 986 2467; x_wconf 91' lang='lat' dir='ltr'><strong>eorum</strong></span> <span class='ocrx_word' id='word_1_908' title='bbox 998 2439 1144 2474; x_wconf 88' lang='lat' dir='ltr'><strong>aliquando</strong></span> <span class='ocrx_word' id='word_1_909' title='bbox 1160 2438 1194 2465; x_wconf 90' lang='lat' dir='ltr'><strong>ad</strong></span> <span class='ocrx_word' id='word_1_910' title='bbox 1218 2437 1380 2472; x_wconf 83' lang='lat' dir='ltr'><strong>semetipsos</strong></span> <span class='ocrx_word' id='word_1_911' title='bbox 1406 2436 1612 2466; x_wconf 79' lang='lat' dir='ltr'><strong>transferentes,</strong></span> <span class='ocrx_word' id='word_1_912' title='bbox 1632 2435 1682 2461; x_wconf 87' lang='lat' dir='ltr'><strong>ali-</strong></span> 
     </span>
    </p>
   </div>
   <div class='ocr_carea' id='block_1_113' title="bbox 891 2480 1683 2520">
    <p class='ocr_par' dir='ltr' id='par_1_113' title="bbox 891 2480 1683 2520">
     <span class='ocr_line' id='line_1_113' title="bbox 891 2480 1683 2520; baseline -0.008 -8"><span class='ocrx_word' id='word_1_913' title='bbox 891 2485 1000 2520; x_wconf 91' lang='lat' dir='ltr'><strong>quando</strong></span> <span class='ocrx_word' id='word_1_914' title='bbox 1014 2492 1077 2512; x_wconf 88' lang='lat' dir='ltr'><strong>vero</strong></span> <span class='ocrx_word' id='word_1_915' title='bbox 1089 2492 1169 2519; x_wconf 90' lang='lat' dir='ltr'><strong>super</strong></span> <span class='ocrx_word' id='word_1_916' title='bbox 1180 2485 1253 2519; x_wconf 88' lang='lat' dir='ltr'><strong>ipsos</strong></span> <span class='ocrx_word' id='word_1_917' title='bbox 1266 2484 1449 2518; x_wconf 88' lang='lat' dir='ltr'><strong>relinquentes</strong></span> <span class='ocrx_word' id='word_1_918' title='bbox 1462 2481 1529 2517; x_wconf 76' lang='lat'><strong>(38).</strong></span> <span class='ocrx_word' id='word_1_919' title='bbox 1548 2480 1600 2507; x_wconf 83' lang='lat' dir='ltr'><strong>Sed</strong></span> <span class='ocrx_word' id='word_1_920' title='bbox 1616 2488 1683 2507; x_wconf 86' lang='lat' dir='ltr'><strong>con-</strong></span> 
     </span>
    </p>
   </div>
   <div class='ocr_carea' id='block_1_114' title="bbox 893 2526 1681 2561">
    <p class='ocr_par' dir='ltr' id='par_1_114' title="bbox 893 2526 1681 2561">
     <span class='ocr_line' id='line_1_114' title="bbox 893 2526 1681 2561; baseline -0.01 -2"><span class='ocrx_word' id='word_1_921' title='bbox 893 2531 1002 2559; x_wconf 89' lang='lat' dir='ltr'><strong>tendere</strong></span> <span class='ocrx_word' id='word_1_922' title='bbox 1014 2530 1144 2558; x_wconf 87' lang='lat' dir='ltr'><strong>debemus</strong></span> <span class='ocrx_word' id='word_1_923' title='bbox 1157 2536 1185 2557; x_wconf 94' lang='lat' dir='ltr'><strong>ut</strong></span> <span class='ocrx_word' id='word_1_924' title='bbox 1194 2536 1372 2558; x_wconf 88' lang='lat' dir='ltr'><strong>occurramus</strong></span> <span class='ocrx_word' id='word_1_925' title='bbox 1384 2529 1410 2555; x_wconf 94' lang='lat' dir='ltr'><strong>in</strong></span> <span class='ocrx_word' id='word_1_926' title='bbox 1424 2528 1512 2555; x_wconf 89' lang='lat' dir='ltr'><strong>virum</strong></span> <span class='ocrx_word' id='word_1_927' title='bbox 1521 2526 1681 2561; x_wconf 83' lang='lat' dir='ltr'><strong>perfectum,</strong></span> 
     </span>
    </p>
   </div>
   <div class='ocr_carea' id='block_1_115' title="bbox 893 2574 1680 2612">
    <p class='ocr_par' dir='ltr' id='par_1_115' title="bbox 893 2574 1680 2612">
     <span class='ocr_line' id='line_1_115' title="bbox 893 2574 1680 2612; baseline -0.009 -6"><span class='ocrx_word' id='word_1_928' title='bbox 893 2579 920 2606; x_wconf 93' lang='lat' dir='ltr'><strong>in</strong></span> <span class='ocrx_word' id='word_1_929' title='bbox 950 2585 1106 2606; x_wconf 89' lang='lat' dir='ltr'><strong>mensuram</strong></span> <span class='ocrx_word' id='word_1_930' title='bbox 1123 2578 1212 2605; x_wconf 83' lang='lat' dir='ltr'><strong>aetatis</strong></span> <span class='ocrx_word' id='word_1_931' title='bbox 1236 2575 1412 2612; x_wconf 88' lang='lat' dir='ltr'><strong>plenitudinis</strong></span> <span class='ocrx_word' id='word_1_932' title='bbox 1429 2574 1551 2606; x_wconf 84' lang='lat' dir='ltr'><strong>Christi;</strong></span> <span class='ocrx_word' id='word_1_933' title='bbox 1573 2577 1603 2600; x_wconf 93' lang='lat' dir='ltr'><strong>ut</strong></span> <span class='ocrx_word' id='word_1_934' title='bbox 1620 2576 1680 2599; x_wconf 92' lang='lat' dir='ltr'><strong>uta-</strong></span> 
     </span>
    </p>
   </div>
   <div class='ocr_carea' id='block_1_116' title="bbox 937 2620 1679 2659">
    <p class='ocr_par' dir='ltr' id='par_1_116' title="bbox 937 2620 1679 2659">
     <span class='ocr_line' id='line_1_116' title="bbox 937 2620 1679 2659; baseline -0.009 -3"><span class='ocrx_word' id='word_1_935' title='bbox 937 2627 958 2642; x_wconf 84' lang='lat'>”</span> <span class='ocrx_word' id='word_1_936' title='bbox 977 2625 998 2653; x_wconf 89' lang='lat' dir='ltr'><strong>ll</strong></span> <span class='ocrx_word' id='word_1_937' title='bbox 1017 2626 1080 2655; x_wconf 91' lang='lat' dir='ltr'><strong>Cor.</strong></span> <span class='ocrx_word' id='word_1_938' title='bbox 1103 2633 1142 2658; x_wconf 74' lang='lat' dir='ltr'><strong>XI,</strong></span> <span class='ocrx_word' id='word_1_939' title='bbox 1159 2625 1188 2656; x_wconf 79' lang='lat'><strong>2.</strong></span> <span class='ocrx_word' id='word_1_940' title='bbox 1238 2624 1262 2641; x_wconf 79' lang='grc'><strong>¹⁸</strong></span> <span class='ocrx_word' id='word_1_941' title='bbox 1281 2624 1381 2659; x_wconf 88' lang='lat' dir='ltr'><strong>Ephes.</strong></span> <span class='ocrx_word' id='word_1_942' title='bbox 1403 2631 1440 2656; x_wconf 82' lang='lat' dir='ltr'><strong>Iv,</strong></span> <span class='ocrx_word' id='word_1_943' title='bbox 1465 2623 1509 2650; x_wconf 71' lang='grc'><strong>15.</strong></span> <span class='ocrx_word' id='word_1_944' title='bbox 1548 2620 1570 2637; x_wconf 73' lang='grc'><strong>⁸⁵</strong></span> <span class='ocrx_word' id='word_1_945' title='bbox 1595 2620 1679 2649; x_wconf 70' lang='lat' dir='ltr'><strong>Exod.</strong></span> 
     </span>
    </p>
   </div>
   <div class='ocr_carea' id='block_1_117' title="bbox 929 2703 1680 2744">
    <p class='ocr_par' dir='ltr' id='par_1_117' title="bbox 929 2703 1680 2744">
     <span class='ocr_line' id='line_1_117' title="bbox 929 2703 1680 2744; baseline -0.005 -8"><span class='ocrx_word' id='word_1_946' title='bbox 929 2709 984 2744; x_wconf 82' lang='lat'><strong>(57)</strong></span> <span class='ocrx_word' id='word_1_947' title='bbox 1000 2709 1089 2736; x_wconf 89' lang='lat' dir='ltr'><strong>Codex</strong></span> <span class='ocrx_word' id='word_1_948' title='bbox 1116 2709 1145 2736; x_wconf 91' lang='lat' dir='ltr'><strong>S.</strong></span> <span class='ocrx_word' id='word_1_949' title='bbox 1172 2707 1345 2739; x_wconf 88' lang='lat' dir='ltr'><strong>Theodorici,</strong></span> <span class='ocrx_word' id='word_1_950' title='bbox 1376 2717 1384 2733; x_wconf 75' lang='grc' dir='ltr'><strong>ε</strong></span> <span class='ocrx_word' id='word_1_951' title='bbox 1413 2708 1462 2734; x_wconf 87' lang='lat' dir='ltr'><strong>sub</strong></span> <span class='ocrx_word' id='word_1_952' title='bbox 1486 2706 1535 2734; x_wconf 89' lang='lat' dir='ltr'><strong>eis.</strong></span> <span class='ocrx_word' id='word_1_953' title='bbox 1563 2713 1574 2732; x_wconf 72' lang='grc' dir='ltr'><strong>ι</strong></span> <span class='ocrx_word' id='word_1_954' title='bbox 1600 2703 1680 2733; x_wconf 88' lang='lat' dir='ltr'><strong>Libb.</strong></span> 
     </span>
    </p>
   </div>
   <div class='ocr_carea' id='block_1_118' title="bbox 892 2744 1159 2778">
    <p class='ocr_par' dir='ltr' id='par_1_118' title="bbox 892 2744 1159 2778">
     <span class='ocr_line' id='line_1_118' title="bbox 892 2744 1159 2778; baseline -0.015 -6"><span class='ocrx_word' id='word_1_955' title='bbox 892 2745 969 2774; x_wconf 91' lang='lat' dir='ltr'><strong>editi,</strong></span> <span class='ocrx_word' id='word_1_956' title='bbox 986 2754 995 2769; x_wconf 75' lang='grc' dir='ltr'><strong>ι</strong></span> <span class='ocrx_word' id='word_1_957' title='bbox 1013 2744 1128 2778; x_wconf 90' lang='lat' dir='ltr'><strong>superis.</strong></span> <span class='ocrx_word' id='word_1_958' title='bbox 1150 2753 1159 2768; x_wconf 77' lang='grc' dir='ltr'><strong>ι</strong></span> 
     </span>
    </p>
   </div>
   <div class='ocr_carea' id='block_1_119' title="bbox 927 2779 1675 2814">
    <p class='ocr_par' dir='ltr' id='par_1_119' title="bbox 927 2779 1675 2814">
     <span class='ocr_line' id='line_1_119' title="bbox 927 2779 1675 2814; baseline -0.007 -8"><span class='ocrx_word' id='word_1_959' title='bbox 927 2779 984 2814; x_wconf 87' lang='grc'>(58)</span> <span class='ocrx_word' id='word_1_960' title='bbox 1001 2779 1182 2806; x_wconf 77' lang='lat' dir='ltr'><strong>Gubernantes</strong></span> <span class='ocrx_word' id='word_1_961' title='bbox 1198 2786 1241 2805; x_wconf 80' lang='lat' dir='ltr'><strong>eos</strong></span> <span class='ocrx_word' id='word_1_962' title='bbox 1258 2782 1281 2804; x_wconf 86' lang='lat' dir='ltr'><strong>et</strong></span> <span class='ocrx_word' id='word_1_963' title='bbox 1302 2781 1481 2814; x_wconf 68' lang='lat' dir='ltr'><strong>procurqntes,</strong></span> <span class='ocrx_word' id='word_1_964' title='bbox 1504 2780 1613 2814; x_wconf 60' lang='lat' dir='ltr'><strong>uotaque</strong></span> <span class='ocrx_word' id='word_1_965' title='bbox 1635 2783 1675 2814; x_wconf 74' lang='lat' dir='ltr'><strong>eo-</strong></span> 
     </span>
    </p>
   </div>
   <div class='ocr_carea' id='block_1_120' title="bbox 893 2811 1678 2848">
    <p class='ocr_par' dir='ltr' id='par_1_120' title="bbox 893 2811 1678 2848">
     <span class='ocr_line' id='line_1_120' title="bbox 893 2811 1678 2848; baseline -0.004 -8"><span class='ocrx_word' id='word_1_966' title='bbox 893 2811 951 2841; x_wconf 71' lang='lat' dir='ltr'><strong>rum</strong></span> <span class='ocrx_word' id='word_1_967' title='bbox 968 2811 1111 2848; x_wconf 69' lang='lat' dir='ltr'><strong>aliquando</strong></span> <span class='ocrx_word' id='word_1_968' title='bbox 1122 2814 1157 2840; x_wconf 82' lang='lat' dir='ltr'><strong>ad</strong></span> <span class='ocrx_word' id='word_1_969' title='bbox 1164 2814 1314 2845; x_wconf 74' lang='lat' dir='ltr'><strong>semetipsos</strong></span> <span class='ocrx_word' id='word_1_970' title='bbox 1326 2811 1678 2848; x_wconf 62' lang='lat' dir='ltr'><strong>trartsferentes,aliqnando</strong></span> 
     </span>
    </p>
   </div>
   <div class='ocr_carea' id='block_1_121' title="bbox 892 2846 1678 2883">
    <p class='ocr_par' dir='ltr' id='par_1_121' title="bbox 892 2846 1678 2883">
     <span class='ocr_line' id='line_1_121' title="bbox 892 2846 1678 2883; baseline -0.005 -7"><span class='ocrx_word' id='word_1_971' title='bbox 892 2857 951 2876; x_wconf 72' lang='lat' dir='ltr'><strong>vero</strong></span> <span class='ocrx_word' id='word_1_972' title='bbox 977 2846 1055 2883; x_wconf 73' lang='lat' dir='ltr'><strong>super</strong></span> <span class='ocrx_word' id='word_1_973' title='bbox 1083 2849 1152 2882; x_wconf 72' lang='lat' dir='ltr'><strong>ipsas</strong></span> <span class='ocrx_word' id='word_1_974' title='bbox 1171 2849 1356 2882; x_wconf 74' lang='lat' dir='ltr'><strong>relinquentes.</strong></span> <span class='ocrx_word' id='word_1_975' title='bbox 1386 2847 1447 2874; x_wconf 69' lang='lat' dir='ltr'><strong>Ilaec</strong></span> <span class='ocrx_word' id='word_1_976' title='bbox 1468 2846 1582 2873; x_wconf 86' lang='lat' dir='ltr'><strong>inlibris</strong></span> <span class='ocrx_word' id='word_1_977' title='bbox 1598 2851 1678 2873; x_wconf 76' lang='lat' dir='ltr'><strong>antea</strong></span> 
     </span>
    </p>
   </div>
   <div class='ocr_carea' id='block_1_122' title="bbox 892 2883 1528 2920">
    <p class='ocr_par' dir='ltr' id='par_1_122' title="bbox 892 2883 1528 2920">
     <span class='ocr_line' id='line_1_122' title="bbox 892 2883 1528 2920; baseline -0.005 -9"><span class='ocrx_word' id='word_1_978' title='bbox 892 2885 972 2912; x_wconf 87' lang='lat' dir='ltr'><strong>editis</strong></span> <span class='ocrx_word' id='word_1_979' title='bbox 989 2884 1088 2912; x_wconf 81' lang='lat' dir='ltr'><strong>omissa</strong></span> <span class='ocrx_word' id='word_1_980' title='bbox 1104 2884 1262 2920; x_wconf 84' lang='lat' dir='ltr'><strong>supplentur</strong></span> <span class='ocrx_word' id='word_1_981' title='bbox 1274 2892 1306 2911; x_wconf 83' lang='lat' dir='ltr'><strong>ex</strong></span> <span class='ocrx_word' id='word_1_982' title='bbox 1320 2883 1444 2912; x_wconf 85' lang='lat' dir='ltr'><strong>omnibus</strong></span> <span class='ocrx_word' id='word_1_983' title='bbox 1463 2889 1528 2909; x_wconf 87' lang='lat' dir='ltr'><strong>mss.</strong></span> 
     </span>
    </p>
   </div>
  </div>
