1903 3052
233 141 287 168 765

977 135 1055 164 ORIG
1060 136 1137 164 ENIS

1821 139 1871 166 πω

233 210 298 230 mur
322 202 447 230 libertate
472 205 607 232 votorum,
628 205 657 227 et
684 201 720 227 ita
746 200 886 228 adharere
906 199 1021 227 Domino
1035 202 1058 228 A
1073 198 1154 226 Musei
1176 199 1261 232 libris,
1277 207 1344 234 quos
1361 200 1503 234 recipiunt,
1521 205 1549 228 et
1567 207 1684 235 quorum
1710 200 1871 227 auctorita-

235 248 408 279 lestinemus.
420 252 449 274 ut
460 255 521 275 cum
533 247 592 282 ipso
604 254 674 274 unus
685 247 796 281 spiritus
807 247 905 278 simus,
919 250 948 273 et
964 246 1021 280 ipse

235 293 262 320 in
280 293 357 320 nobis
368 297 485 324 maneat,
510 297 537 319 et
552 299 600 319 nos
624 292 649 318 in
669 292 727 326 ipso
743 300 750 324 ;
775 296 802 320 et
819 292 886 320 nihil
901 292 927 319 in
943 291 1021 319 nobis

235 337 390 368 femineum.
404 338 471 364 nihil
480 337 598 372 parvula:
608 338 694 365 astatis
703 338 846 370 habeatur,
863 345 898 366 ne
911 345 1021 365 necesse

234 385 270 411 sit
285 385 362 412 nobis
371 385 422 411 sub
439 384 574 411 mtoribus
589 389 617 411 et
629 385 854 419 procuratoribus
866 383 1018 418 derelinqui

234 439 248 456 ιι
265 435 342 463 patre
356 438 363 457 :
379 430 426 457 sed
453 429 614 457 festinemus
639 430 734 457 audire
753 430 825 457 illam
838 438 853 457 a
865 430 980 458 Domino
993 434 1020 457 et

234 475 377 502 Salvatore
393 479 485 502 nostro
496 482 659 509 vocem,qua
674 476 722 506 ait,
735 475 756 491 ¹⁸
772 485 782 501 ‹
800 476 858 510 ipse
868 475 948 503 Pater
959 475 1019 502 dili-

232 521 269 554 git
286 528 342 552 vos,
363 530 372 546 ι
400 521 450 554 ipsi
465 520 548 555 gloria
571 521 597 547 iu
619 521 717 548 secula
733 521 903 549 saeculorum.
919 523 1018 549 Amen.

502 566 640 594 IIOLIILIA
665 567 745 595 XXV.

330 614 366 638 οι
382 613 481 639 ultione
493 621 551 647 qua!
568 613 596 639 in
614 612 770 639 Madianilis
785 613 857 647 facta
871 618 919 640 est.

270 659 295 685 l.
311 659 338 684 In
352 659 537 692 superioribus
560 659 686 686 fornicati
703 664 765 686 sunt
781 659 828 686 ﬁlii
854 659 938 686 Israel
955 667 1017 687 cum

234 705 391 731 mulieribus
416 705 641 736 Madianitarum.
664 707 759 732 ethoc
778 705 828 732 fuit
860 705 1016 737 scandalum

234 750 296 777 Iiliis
310 750 391 777 Israel
406 750 432 777 in
447 759 501 785 quo
512 750 684 778 oﬂendernnl
708 751 789 777 Deum
805 755 831 778 et
846 751 880 777 ad
909 751 1017 778 iracun-

232 797 304 822 diam
330 802 545 830 pravocavernnt
567 801 694 823 sanctum
717 796 810 823 Israel.
835 795 911 822 Nunc
925 801 1015 822 autent

232 845 406 873 posteaquam
423 840 532 874 pertulit
552 841 634 867 Israel
657 848 718 875 quae
741 840 852 874 pertulit
865 841 930 875 (59),
949 849 958 865 ι
977 840 1016 867 Ιο-

231 890 310 913 cutus
328 891 379 919 est,
403 886 490 919 inquit
506 886 538 918 ",
555 886 683 913 Dominus
707 887 739 912 ad
758 886 877 921 Moysem
896 886 1014 913 dicens:

235 930 371 958 Ulciscere
401 930 530 957 ultionem
550 931 665 958 [Iliorum
692 931 777 958 Israel
794 933 827 958 de
849 931 1013 962 llIadianilis,

231 979 259 1002 et
271 975 304 1002 ad
315 975 438 1002 ultimum
460 976 603 1009 apponeris
626 976 660 1002 ad
676 976 803 1011 populum
823 981 910 1002 tuum.
931 985 940 1001 ι
962 975 1016 1010 Igi-

235 1026 279 1047 tur
323 1021 448 1048 scandala
467 1027 528 1054 quae
551 1020 706 1048 acciderant
727 1021 866 1055 Israelitis,
885 1022 1016 1056 quoniam

233 1068 456 1101 tergiversatione
469 1067 677 1096 Madiauitarum
687 1069 842 1096 acciderant
857 1079 863 1096 τ
876 1070 926 1104 ipsi
941 1070 1015 1096 enim

230 1114 449 1142 subornaverunt
484 1117 611 1144 mulieres
640 1124 701 1151 qua:
724 1125 772 1144 eos
795 1118 952 1151 deciperent
987 1123 1016 1145 ut

231 1164 374 1191 peccarent
390 1167 482 1187 coram
508 1161 638 1194 Domino;
656 1162 693 1188 illi
719 1162 826 1196 quidem
840 1170 889 1196 pro
904 1168 1015 1197 peccan

230 1212 280 1231 suo
306 1205 476 1239 pertulerunt
498 1207 657 1239 vindictam.
684 1208 848 1235 mediocrius
876 1213 965 1236 tatnen
988 1213 1015 1236 et

231 1251 356 1282 parcius;
384 1251 409 1278 lii
426 1259 500 1282 vero,
525 1253 570 1286 qui
593 1252 632 1279 eis
647 1252 758 1280 fuerunt
775 1261 856 1280 causa
873 1254 1012 1288 peccandi,

231 1295 317 1322 multo
332 1295 525 1323 vehementiori
539 1296 680 1330 subiacent
699 1297 805 1324 ultioni.
823 1297 902 1325 Unde
917 1299 1015 1325 edoce-

230 1347 302 1370 xnur,
316 1341 380 1374 quia
410 1340 489 1376 longe
503 1342 538 1368 sit
557 1342 668 1376 gravius
687 1343 748 1369 aliis
763 1350 874 1371 causam
891 1345 1014 1378 pratbcre

231 1386 347 1419 peccati,
363 1393 443 1420 quam
456 1386 542 1421 ipsum
561 1395 779 1422 unumquemque
797 1396 925 1422 peccare;
942 1390 1013 1416 sicut

230 1436 259 1458 ct
270 1431 400 1458 Dominus
424 1431 549 1465 designat
579 1439 639 1459 cum
665 1432 732 1460 dicit
747 1433 780 1465 "’,
808 1433 869 1468 quia
891 1443 900 1459 ‹
919 1434 1014 1462 melius

232 1478 320 1505 fuerat
337 1477 439 1505 homini
458 1477 494 1504 illi
511 1485 564 1504 non
587 1478 673 1510 nasci,
689 1484 736 1505 aut
752 1480 850 1506 molam
865 1480 1011 1508 asinariam

1074 251 1127 272 tem
1153 245 1283 279 fatentur,
1311 247 1490 274 convincendi
1511 251 1615 274 suntet
1637 246 1770 278 curandi,
1789 247 1814 272 si
1831 252 1870 272 ta-

1072 301 1132 319 men
1147 298 1255 327 opltrtet
1271 292 1444 328 Babyloniam
1456 294 1558 321 curari.
1574 294 1621 320 Est
1632 300 1700 328 ergo
1726 292 1810 320 locus
1827 293 1870 319 hic

1073 339 1296 365 resurrectionem
1321 344 1491 365 mortuorum
1526 339 1669 365 evidenter
1699 339 1870 365 ostendens.

1073 384 1280 418 Designatcnim
1294 391 1357 411 esse
1371 384 1510 418 populum.
1524 385 1566 412 cui
1583 389 1644 419 post
1657 384 1768 411 obitum
1786 391 1868 410 suum

1071 426 1176 461 Moyses
1186 427 1371 462 adjungendus
1385 428 1432 460 sit,
1447 434 1474 456 et
1489 429 1522 455 ad
1535 437 1603 464 quos
1619 436 1670 463 pro
1679 429 1738 456 suis
1757 428 1869 455 meritis

1071 474 1285 502 transferendus.

1103 521 1132 547 2.
1152 530 1161 546 ι
1176 520 1240 547 Post
1253 521 1309 548 haec
1327 521 1434 548 locutus
1450 526 1492 548 est
1508 521 1614 555 Moyses
1631 522 1664 548 ad
1677 522 1814 557 populum
1828 523 1869 550 άξ-

1069 572 1153 592 cens:
1165 566 1277 593 Armate
1284 575 1316 593 ex
1328 566 1406 593 vobis
1416 566 1499 597 viros.
1513 572 1540 593 et
1548 567 1706 601 belligerate
1716 567 1866 594 adversum

1070 611 1185 644 Madian,
1194 612 1306 639 reddere
1312 613 1459 639 vindictam
1469 613 1495 639 in
1503 613 1606 639 Madian
1617 621 1631 639 a
1643 613 1781 640 Domino:
1793 614 1865 640 mille

1068 665 1102 686 ex
1117 658 1199 691 tribu,
1214 662 1241 685 et
1255 658 1327 685 mille
1340 665 1372 685 ex
1391 658 1473 691 tribu,
1487 666 1520 685 ex
1535 658 1661 686 omnibus
1677 659 1811 685 tribubus
1827 659 1863 685 Is-

1069 704 1229 731 raelmittite
1238 704 1270 730 ad
1282 704 1494 738 belligerandum
1510 704 1544 730 ²¹.
1563 714 1573 730 ι
1587 704 1861 732 Attenditelectioni.

1068 750 1125 778 Non
1143 750 1230 778 solum
1244 751 1317 778 eiiim
1336 750 1369 777 ad
1381 751 1502 778 auditum
1511 757 1677 782 sermonum,
1693 751 1744 778 sed
1761 751 1799 778 ad
1816 759 1862 778 re-

1068 804 1126 823 rum
1137 795 1382 823 considerationem
1391 795 1568 822 intendendus
1578 795 1745 822 estanimus.
1757 796 1862 823 Recor-

1069 841 1133 868 dare
1144 841 1226 876 366
1238 841 1383 875 praeterita,
1395 841 1458 868 audi
1466 841 1621 876 praesentia,
1632 848 1694 875 quae
1704 845 1862 875 sequuntur

1069 889 1190 915 adverte.
1206 887 1308 914 Confer
1319 887 1409 922 priora
1428 888 1635 922 posterioribus.
1653 893 1681 914 et
1700 887 1859 913 divinarum

1067 933 1196 959 virtutum
1212 932 1442 967 magniﬁcentiam
1468 932 1664 966 contemplare.
1689 931 1750 958 Filii
1775 931 1859 958 Israel

1067 978 1166 1005 dudum
1195 981 1322 1005 sexcenta
1348 977 1430 1005 millia
1460 977 1568 1004 fuerant
1598 982 1791 1008 armatorum,
1810 977 1856 1012 qni

1067 1027 1253 1058 processerant
1278 1023 1422 1050 adversum
1446 1022 1565 1053 Madian.
1586 1027 1614 1049 et
1638 1022 1666 1049 hi
1682 1030 1780 1049 omnes
1793 1021 1857 1049 victi

1065 1074 1138 1100 sunt.
1155 1068 1284 1104 quoniam
1302 1073 1442 1103 peccatum
1459 1074 1518 1095 erat
1541 1069 1567 1095 in
1592 1069 1670 1102 ipsis.
1691 1067 1771 1094 Nune
1792 1075 1856 1096 vero

1067 1115 1183 1143 victores
1196 1115 1360 1145 Madianitaz.
1374 1115 1420 1150 qui
1435 1120 1563 1142 sexcenta
1583 1114 1668 1141 millia
1680 1113 1855 1148 fugaverant,

1066 1161 1210 1188 vincuntur
1225 1168 1238 1187 a
1257 1160 1400 1187 duodecim
1426 1160 1553 1191 millibus,
1574 1165 1603 1186 ut
1620 1161 1692 1187 scias
1715 1160 1782 1194 quia
1800 1167 1854 1187 non

1066 1206 1090 1232 in
1105 1205 1284 1236 tnultitmline,
1297 1212 1346 1231 nec
1362 1204 1508 1231 innumero
1524 1203 1639 1230 militum
1654 1203 1740 1230 vincit
1754 1202 1854 1233 Israel,

1065 1251 1111 1278 sed
1126 1250 1229 1284 justitia
1243 1255 1269 1276 et
1281 1250 1366 1284 pietas
1380 1253 1421 1276 est
1436 1249 1462 1275 in
1478 1249 1518 1276 eis
1533 1256 1592 1281 qua:
1602 1249 1694 1275 vineit.
1706 1248 1852 1282 Propterea

1064 1297 1180 1331 denique
1195 1301 1222 1323 et
1246 1297 1272 1322 in
1290 1295 1524 1323 benedictionibus
1540 1302 1635 1321 eorum
1661 1294 1761 1321 dicitur
1787 1294 1851 1328 quia

1063 1342 1085 1370 si
1103 1342 1271 1369 servaverint
1288 1342 1374 1377 legem
1400 1341 1517 1374 Domini,
1541 1349 1610 1368 unus
1623 1348 1657 1368 ex
1678 1340 1744 1374 ipsis
1756 1347 1853 1374 perse—

1063 1392 1163 1423 quatur
1177 1389 1260 1420 tnille,
1273 1393 1300 1415 et
1315 1388 1367 1416 duo
1386 1393 1493 1415 vertant
1508 1389 1602 1415 decem
1619 1387 1703 1414 millia
1717 1387 1752 1414 ’³.
1769 1385 1852 1413 Vides

1063 1442 1128 1469 ergo
1151 1435 1214 1469 quia
1242 1435 1328 1461 multo
1346 1435 1406 1469 plus
1426 1435 1497 1462 valet
1515 1442 1585 1461 unus
1609 1438 1718 1460 sanctus
1734 1432 1850 1464 orando,

1063 1489 1143 1516 quam
1161 1485 1318 1515 peceatores
1334 1481 1467 1508 innumeri
1486 1480 1642 1515 prmliando.
1656 1479 1752 1506 Oratio
1762 1478 1849 1505 sancti

230 1523 335 1558 alligari
363 1525 434 1552 circa
466 1524 564 1552 collum
578 1526 647 1559 ejus,
667 1529 694 1552 et
721 1525 882 1560 praecipitari
903 1527 928 1553 in
949 1535 1011 1560 pro-
1026 1533 1047 1563 ο
1065 1531 1188 1560 penetrat
1217 1526 1325 1552 uelum.
1345 1526 1484 1559 Quomodo
1504 1534 1556 1552 non
1583 1530 1610 1552 et
1631 1525 1737 1551 hostem
1755 1524 1849 1550 vincat

230 1569 342 1596 fundum
358 1571 450 1603 lueris,
481 1578 564 1605 quam
584 1574 614 1598 ut
637 1570 803 1598 scandalizet
819 1580 901 1598 unum
920 1573 953 1599 de
967 1580 1012 1607 pu-

229 1615 296 1642 sillis
311 1615 380 1643 istis.
398 1626 407 1642 l
428 1617 567 1652 Simulque
591 1617 784 1644 advertendum
810 1623 863 1650 est,
885 1619 1011 1652 quoniam

229 1662 336 1694 quidem
353 1669 448 1689 nomen
470 1663 589 1690 scandali
607 1671 621 1690 a
642 1663 777 1690 nonnullis
795 1664 1012 1698 incompetenter

229 1709 414 1740 prtesumitur.
447 1709 511 1736 Illud
537 1710 620 1744 igitur
645 1710 803 1737 scandalum
826 1711 938 1741 dicitur.
966 1711 1010 1739 ubi

229 1758 304 1780 recto
333 1754 431 1782 itinere
455 1755 603 1783 ambulanti
624 1758 747 1792 deceptio
760 1758 850 1793 aliqua
870 1759 1012 1785 instruitur

228 1799 262 1825 ad
285 1801 463 1833 peccandum,
488 1806 516 1828 et
539 1802 681 1836 subiicitur
696 1811 777 1831 causa
801 1805 921 1839 peccati;
941 1804 1012 1831 sicut

227 1850 252 1871 et
271 1845 430 1880 Madianitaa,
451 1847 652 1875 ambulantibus
671 1849 697 1876 in
710 1850 769 1885 lege
786 1850 890 1878 Domini
905 1850 1011 1878 Israeli-

228 1892 273 1923 tis,
298 1897 325 1918 et
350 1893 564 1922 eustodieutibus
595 1896 768 1928 castitatem,
795 1897 1012 1924 subornaverunt

228 1937 367 1970 mulieres,
384 1946 445 1973 qua:
466 1947 513 1967 eos
526 1940 682 1975 deciperent
699 1941 732 1968 ad
745 1942 924 1976 peccandum.
939 1943 1011 1970 Cau—

227 1990 286 2010 sam
303 1991 368 2019 ergo
396 1985 515 2019 praebere
542 1986 657 2021 peccati,
677 1987 727 2014 hoc
754 1991 795 2015 est
811 1988 1008 2016 scandalizare.

229 2029 421 2057 Verumtamen
448 2032 527 2058 datur
544 2033 675 2067 vindicta,
689 2033 736 2060 sed
759 2033 844 2061 multo
859 2035 969 2069 gravior
984 2035 1009 2062 in

228 2082 274 2101 ens
288 2076 332 2109 qui
367 2077 628 2110 scaudalizaverunt,
657 2083 684 2106 et
702 2080 749 2114 qui
771 2086 881 2107 causam
906 2082 1010 2116 peccati

229 2121 411 2155 praebuerunt,
431 2129 511 2156 quam
538 2123 564 2150 in
585 2131 633 2152 eos
648 2125 695 2159 qui
713 2131 902 2160 peccaverunt.
925 2125 1010 2154 Simul

229 2170 319 2192 nulclll
338 2172 366 2194 et
392 2167 457 2194 illud
485 2168 612 2200 observa.
636 2171 707 2205 quod
728 2171 763 2199 iis
776 2171 909 2206 subjecit:
929 2181 938 2198 α
957 2172 1011 2200 No-

230 2211 339 2239 vissime
347 2218 449 2245 autem,
462 2213 550 2249 inquit
563 2215 596 2248 “,
610 2221 637 2243 et
648 2217 823 2251 tuapponeris
836 2218 869 2244 ad
885 2219 1009 2253 populum

229 2262 314 2284 tuum.
335 2267 345 2284 ι
364 2259 392 2286 Si
408 2260 516 2294 quando
531 2261 609 2289 nobis
620 2269 682 2288 eum
701 2262 845 2291 Samaritis
856 2271 944 2291 sermo
957 2270 1010 2297 est,

229 2305 355 2337 quoniam
368 2306 476 2339 quidem
492 2307 717 2336 resurrectionem
726 2313 890 2337 mortuorum
903 2315 1009 2346 negant,

230 2358 279 2377 nec
292 2351 517 2386 recipiuutfuturi
532 2354 624 2382 smculi
642 2354 734 2389 ﬁdem,
753 2362 946 2391 perurgeamus
963 2364 1009 2384 eos

227 2403 261 2422 el
287 2396 320 2422 iis
345 2397 445 2429 verbis,
473 2399 571 2433 quibus
594 2399 722 2428 Dominus
740 2401 805 2428 dicit
821 2401 854 2429 ad
876 2401 1008 2437 Moysem,

228 2442 289 2474 quia
307 2447 458 2477 apponatur
474 2445 506 2471 ad
520 2446 644 2480 populum
660 2454 749 2474 suum.
773 2447 857 2475 Nemo
875 2449 946 2475 enim
962 2456 1009 2482 ap-

227 2486 336 2519 ponitur
361 2487 394 2514 ad
419 2495 476 2521 ens,
502 2490 548 2524 qui
565 2498 616 2517 non
640 2496 712 2519 sunt.
728 2491 803 2520 Unde
820 2498 927 2520 constat
949 2501 1009 2521 esse

227 2533 344 2567 aliquem
361 2535 502 2570 populum,
519 2537 561 2564 cui
575 2537 680 2574 Moyses
706 2544 767 2574 post
782 2539 844 2566 vita:
858 2539 937 2575 hujus
947 2540 1008 2568 exi-

229 2583 284 2605 tum
303 2579 400 2608 dicitur
410 2582 596 2616 applicandus.
620 2584 687 2618 Quia
711 2593 777 2620 ergo
803 2585 941 2621 prophetis
954 2593 1006 2613 non

227 2624 342 2651 credunt
360 2625 514 2660 Samaritze,
527 2636 558 2655 ex
575 2631 674 2664 quibus
690 2634 781 2664 posset
800 2631 1007 2659 resurrectionis

227 2674 394 2698 tuortuorum
425 2672 506 2700 latius
529 2674 596 2702 ﬁdes
624 2676 782 2711 approbari,
809 2683 841 2704 ex
861 2677 892 2703 iis
910 2676 1005 2703 saltem

1064 1571 1090 1598 in
1109 1571 1212 1598 terris?
1230 1571 1262 1597 Et
1277 1571 1337 1598 ideo
1356 1571 1510 1598 omnimodo
1527 1570 1689 1598 studendum
1710 1573 1753 1596 est
1777 1576 1849 1603 qua:-

1064 1624 1124 1644 rere
1151 1618 1239 1651 primo
1263 1621 1292 1643 et
1311 1616 1448 1644 custodire
1471 1616 1604 1650 justitiam
1636 1616 1694 1642 Dei.
1724 1614 1811 1648 Quam
1826 1614 1848 1640 si

1062 1662 1213 1690 obtinueris
1237 1665 1265 1689 et
1299 1662 1463 1694 servaveris,
1489 1669 1583 1689 omnes
1610 1661 1658 1688 tibi
1682 1661 1776 1688 hostes
1791 1659 1848 1693 ipsa

1063 1708 1188 1742 subjiciet
1204 1716 1211 1734 :
1226 1708 1248 1736 si
1271 1708 1356 1736 fueris
1383 1707 1503 1740 indutus,
1521 1708 1592 1735 sicut
1607 1706 1753 1742 Apostolus
1768 1705 1845 1735 dicit.

1063 1754 1175 1781 loricam
1189 1754 1310 1788 iustitiae,
1331 1759 1358 1782 et
1370 1754 1511 1782 aceinctus
1526 1755 1680 1785 veritatem,
1696 1753 1719 1779 si
1740 1752 1846 1786 galeam

1063 1800 1158 1827 salutis
1167 1802 1315 1834 acceperis,
1328 1806 1355 1828 et
1369 1801 1486 1836 gladium
1499 1801 1621 1836 spiritus,
1637 1803 1664 1826 et
1680 1803 1745 1826 ante
1757 1797 1846 1825 omnia

1062 1854 1167 1874 scutum
1199 1847 1270 1880 ﬁdei,
1294 1847 1320 1874 in
1335 1855 1388 1882 quo
1405 1849 1492 1883 possis
1516 1847 1605 1875 omnia
1622 1845 1712 1880 jacnla
1737 1844 1846 1877 maligni

1063 1893 1144 1928 ignita
1159 1894 1331 1929 exstinguere
1344 1894 1377 1922 “.
1392 1894 1503 1922 Talibus
1511 1893 1583 1921 enim
1601 1893 1751 1920 instructus
1763 1890 1846 1917 armis

1063 1940 1186 1967 universa
1202 1939 1335 1967 diabolica
1358 1945 1458 1972 castra,
1483 1946 1646 1973 omnemque
1662 1937 1722 1972 ejus
1738 1937 1844 1972 lugebis

1062 1986 1223 2019 exercitum,
1246 1991 1271 2014 et
1297 1994 1358 2013 cum
1385 1986 1484 2014 ﬁditcia
1505 1984 1628 2013 cantabis
1643 1984 1689 2011 ¹⁸;
1708 1991 1720 2010 s
1736 1983 1765 2010 Si
1780 1990 1844 2010 eor.-

1062 2022 1162 2060 sistant
1174 2031 1318 2060 adversum
1331 2039 1374 2059 me
1387 2037 1489 2064 castra,
1502 2039 1554 2058 non
1561 2030 1667 2057 timebit
1679 2037 1726 2056 cor
1738 2035 1843 2060 meum;

1062 2079 1084 2106 si
1107 2080 1229 2114 insurgat
1243 2080 1270 2106 in
1284 2085 1326 2106 me
1342 2078 1474 2113 praelium,
1491 2078 1518 2105 in
1546 2078 1599 2105 hoc
1619 2084 1672 2111 ego
1687 2076 1811 2111 sperabo.
1832 2086 1841 2104 ι

1063 2127 1280 2161 Congrediuutur
1293 2132 1358 2160 ergo
1375 2125 1515 2152 duodecim
1535 2124 1616 2152 millia
1631 2124 1775 2151 adversum
1785 2123 1836 2150 Ma-

1064 2173 1192 2205 dianitas,
1211 2181 1220 2198 ι
1239 2177 1265 2199 et
1279 2171 1457 2204 intcrtlciunt,
1487 2170 1574 2203 inquit
1599 2170 1633 2202 ",
1648 2176 1728 2197 omne
1740 2176 1843 2196 mascu-

1063 2219 1145 2245 linum
1171 2226 1264 2246 eorum
1293 2223 1321 2245 et
1347 2225 1424 2253 reges
1447 2224 1555 2249 eorum,
1579 2221 1606 2244 et
1633 2215 1744 2242 Balaam
1761 2215 1840 2242 ﬁlium

1061 2264 1130 2291 Beor
1161 2264 1357 2291 interlecerunt
1381 2262 1470 2298 gladio
1491 2269 1553 2290 eum
1570 2261 1684 2295 reliquis
1695 2261 1840 2289 vulneratis

1060 2317 1166 2336 eorum.
1184 2318 1194 2335 ι
1211 2308 1287 2342 Quod
1311 2308 1337 2336 in
1355 2307 1539 2343 superioribus
1560 2308 1762 2341 qu'xrebamus,
1776 2314 1839 2341 quo-

1062 2354 1141 2381 modo
1156 2353 1188 2381 de
1202 2353 1352 2388 Scripturis
1369 2352 1479 2388 probari
1502 2351 1589 2386 possit
1605 2350 1717 2378 Balaam
1732 2351 1840 2378 consilio

1062 2401 1221 2428 subornatas
1237 2406 1297 2427 esse
1310 2399 1436 2426 mulieres
1457 2397 1678 2429 Madianitarum,
1696 2404 1757 2431 quae
1773 2398 1840 2425 deci-

1062 2450 1157 2481 perent
1186 2444 1256 2472 ﬁlios
1276 2444 1357 2472 Israel
1380 2444 1414 2471 ad
1440 2443 1640 2476 fornicandum,
1660 2450 1779 2477 pmsens
1800 2444 1840 2470 hic

1063 2492 1211 2527 Scriptura:
1224 2492 1297 2519 locus
1309 2490 1449 2518 evidenter
1465 2489 1594 2523 ostendit,
1603 2490 1697 2517 dicens
1711 2497 1772 2516 eum
1783 2496 1839 2524 per-

1061 2542 1182 2573 emptum
1212 2544 1273 2564 esse
1305 2536 1412 2572 gladio,
1445 2536 1518 2564 velut
1543 2540 1680 2563 auctorem
1711 2535 1837 2568 scandali,

1062 2584 1293 2619 quodimmissum
1311 2587 1353 2610 est
1386 2582 1450 2610 filiis
1478 2581 1570 2610 Israel.
1589 2581 1694 2609 Dicitur
1708 2586 1796 2610 autem
1808 2582 1838 2609 de

1061 2637 1103 2662 co,
1121 2635 1148 2656 et
1161 2629 1187 2656 in
1200 2629 1374 2663 sequentibus
1383 2628 1470 2655 adhuc
1482 2627 1633 2655 evidentius
1646 2627 1698 2655 hoc
1710 2629 1788 2657 modo
1799 2628 1836 2656 ’νε

1064 2684 1073 2700 ι
1091 2675 1123 2702 Et
1141 2675 1179 2702 ait
1193 2675 1225 2702 ad
1236 2682 1283 2702 cos
1294 2674 1400 2710 Moyses
1414 2683 1421 2702 :
1435 2675 1491 2702 Cur
1506 2675 1594 2702 vivam
1610 2676 1773 2703 rescrvastis
1783 2682 1838 2702 om.

262 2758 282 2795 '_"
295 2757 372 2795 Joan.
386 2764 440 2788 xvt,
451 2757 496 2795 27.
513 2757 559 2795 _»"_
569 2757 652 2785 Num.
667 2757 780 2795 χμιηί,
795 2757 828 2795 2;
860 2756 979 2795 "__M_arc_.
994 2764 1048 2788 xtv,
1060 2757 1104 2795 21,
1121 2757 1229 2795 ctuLuc.
1245 2765 1309 2790 xv",
1327 2758 1350 2784 I.
1372 2757 1502 2795 77"7Num7.
1517 2768 1587 2792 xxxi,
1603 2760 1629 2788 2.
1669 2761 1691 2776 ”
1706 2760 1770 2788 ibid.
1781 2762 1804 2795 ὅ,
1819 2764 1843 2790 I.

224 2790 248 2808 ³⁸
261 2791 349 2820 Levit.
370 2799 440 2818 xxvt.
477 2792 500 2807 ’δ
513 2792 610 2826 Ephcs.
627 2801 664 2825 γι,
681 2793 722 2823 Η,
739 2791 782 2824 16,
799 2793 839 2819 I7.

877 2792 900 2807 "
915 2791 985 2819 Psal.
1003 2799 1063 2825 xxv,
1080 2792 1106 2819 3.
1144 2793 1167 2808 ¹⁶
1182 2792 1262 2820 Num.
1280 2801 1351 2825 χαι,
1370 2794 1395 2825 7,
1411 2794 1438 2820 8.

1477 2794 1498 2809 ¹⁷
1511 2794 1590 2823 Num.
1603 2803 1674 2827 XXXI,
1693 2796 1737 2826 I5.
1757 2797 1794 2826 I6.

261 2836 316 2870 (59)
330 2836 393 2869 Qui:
411 2836 525 2870 pertulit.
543 2838 630 2865 Codex
648 2838 733 2866 sancti
748 2837 768 2865 Τ
772 2837 918 2870 heodorici,
937 2847 945 2863 ‹
961 2846 1021 2873 qua;
1038 2846 1086 2873 pro
1099 2839 1169 2867 facto
1184 2847 1233 2867 suo
1250 2839 1348 2867 meruit
1365 2840 1476 2872 perpeti.
1496 2850 1504 2866 ι
