1902 3052
74 146 130 173 765

655 145 688 172 IN
707 143 874 173 NUMEROS
889 144 1031 171 HOMlLlA
1046 143 1128 172 XXV.

1655 144 1706 172 766

73 213 140 234 nem
161 205 309 233 feminam?
333 205 399 239 ipsa:
427 205 499 231 enim
520 209 594 237 sunt,
616 213 676 240 quae
698 195 766 233 ﬂlios
788 205 868 233 Israel
884 207 906 235 Α
921 213 985 240 ergo
998 205 1062 239 quia
1092 209 1145 231 tam
1164 203 1386 236 lsraeliticorum,
1405 211 1484 238 quam
1508 204 1590 230 etiam
1606 203 1706 230 barba-

75 250 232 279 secundum
254 252 367 278 verbum
397 250 505 277 Balaam
532 255 670 285 apostolus
697 251 830 279 fecerunt.
851 260 860 277 ι

75 296 283 324 interﬁciuntur
311 301 402 324 autem
415 300 442 324 et
458 303 537 330 reges
551 296 772 328 Madianitarum,
785 300 867 331 alque

75 343 114 369 illi
130 342 176 376 qui
188 342 262 376 prius
271 350 284 368 a
299 342 458 370 mulieribus
467 343 531 369 victi
544 347 617 375 sunt,
628 351 700 370 nunc
714 343 867 378 expiatione

77 386 186 418 habita,
197 391 225 412 et
244 391 320 421 gesta
331 387 501 421 pmuitentia,
513 387 595 415 etiam
605 395 682 422 reges
691 388 812 417 vincunt.
829 388 866 415 Ex

75 431 129 458 hoc
139 431 331 467 intelligamus,
340 437 473 467 quantum
483 433 571 460 valeat
579 434 720 460 conversio
728 435 761 460 ad
771 433 866 466 Deum,

75 481 210 510 quantum
232 477 317 511 prosit
332 478 486 505 emendatio
501 484 683 513 peccatorum.
697 478 782 507 Omtte
795 487 867 508 mas—

76 522 213 555 culinam,
227 530 322 550 omnes
347 531 424 558 reges
443 523 650 551 iladianitarum
670 525 814 552 vincuntur
839 530 867 552 et

79 570 252 599 perimuntur
263 569 296 595 ab
317 569 352 596 iis
381 569 427 604 qui
459 577 508 604 per
531 571 732 605 eorreptionem
752 572 867 606 Domini,

80 618 108 639 ct
141 620 191 647 per
218 619 356 648 gestorum
387 615 574 649 paenitentiam
602 617 718 651 correpti
749 623 812 644 sunt
841 623 868 645 et

78 659 227 685 emendati.
247 658 373 694 Quinque
402 667 468 694 ergo
482 668 561 695 reges
590 662 800 689 Madianitarmu
826 671 866 690 re-

79 703 207 730 feruntur
223 705 256 732 ab
269 704 422 732 Israeliticis
439 707 568 734 militibus
581 709 713 741 superari.

112 765 140 792 3.
162 766 215 793 Sed
244 771 273 793 et
301 775 410 796 nomina
434 777 529 796 eortnu
559 778 629 797 cura:
649 771 697 797 t'uit
719 771 865 805 Scriptura:

74 810 176 838 divina:
191 819 343 839 memorare
356 814 422 850 (40).
440 824 448 840 α
470 815 545 844 Evin.
564 816 651 850 inquit
670 817 704 849 “,
717 822 743 843 et
760 817 861 850 Rocon,

72 861 102 882 et
119 856 184 889 Sur,
197 863 223 884 et
239 857 286 890 Ur.
306 864 332 886 et
360 859 463 887 Roboc.
483 870 492 886 ι
516 860 560 888 Isti
589 867 652 888 sunt
676 863 722 897 qui
749 869 863 899 regnant

72 904 147 937 apud
165 903 336 937 Madianitas,
353 913 421 940 quos
448 914 580 941 superare
596 912 621 934 et
641 909 749 942 penitus
761 911 862 947 debent

72 948 248 982 exstinguere
263 957 358 976 ontnes
371 951 414 984 qui
434 950 550 978 militant
566 951 631 978 Deo.
650 952 716 979 Evin
747 960 862 988 namque

71 994 205 1021 bal/uinus
220 996 259 1022 vel
289 996 390 1030 [vrinus
418 998 615 1032 interpretatur
641 999 708 1035 (il).
727 1000 762 1027 Et
794 1009 862 1035 quo-

71 1040 153 1066 modo
168 1041 270 1074 poteris
282 1041 389 1076 placere
400 1043 424 1069 ei
442 1043 487 1078 qlll
504 1049 530 1071 te
547 1045 683 1079 probavit,
695 1046 716 1072 si
727 1053 779 1073 non
799 1048 861 1073 abs-

72 1085 176 1112 cideris
191 1094 206 1112 a
220 1091 245 1113 te
263 1092 290 1113 et
307 1088 415 1122 peuittts
433 1090 583 1122 peremeris
599 1090 733 1118 belluinos
747 1095 774 1118 et
788 1091 860 1119 feros

69 1132 184 1159 mores?
196 1132 337 1165 Quomodo
350 1135 451 1167 poteris
468 1136 500 1161 ad
517 1141 721 1163 mansuetorum
743 1137 861 1164 beatitu-

67 1180 161 1207 dinem
179 1183 329 1216 pervenire,
339 1183 388 1210 nisi
405 1184 639 1218 priusinleriicias
651 1185 731 1219 Evin,
744 1192 770 1214 et
780 1187 859 1214 morti

68 1225 164 1252 tradas
180 1227 255 1259 prius
282 1227 432 1255 iracundiae
457 1228 613 1257 feritatem?
632 1230 687 1265 Ego
702 1236 767 1266 puto
788 1231 859 1266 quod

67 1271 180 1299 nomina
198 1273 253 1298 luce
272 1272 411 1308 Scriptura
429 1274 520 1302 divina
537 1284 589 1303 non
606 1285 655 1310 pro
672 1277 784 1304 historia
797 1283 858 1304 nar-

68 1320 174 1345 raverit
189 1317 255 1353 (At),
267 1320 313 1346 sed
325 1326 376 1353 pro
389 1319 479 1347 causis
494 1325 518 1347 et
535 1321 615 1349 rebus
630 1324 775 1357 aplaverit.
791 1323 858 1350 Nam

67 1371 151 1401 putas
165 1366 247 1394 fuerit
262 1368 361 1402 aliquis
377 1370 412 1395 ita
425 1369 536 1402 stultus,
552 1372 596 1404 qui
615 1371 670 1398 lilio
692 1380 741 1399 suo
761 1380 858 1400 nomen

65 1411 210 1439 Βειιιιὶιηιε
229 1413 461 1448 ίιιιῃοηθτθιῖὃθι]
475 1417 525 1442 hoc
538 1417 658 1444 arbitror
672 1418 770 1453 magis,
787 1419 858 1453 qttod

69 1459 244 1485 instructioni
260 1460 412 1487 animarum
439 1463 610 1496 prospexerit
626 1472 716 1491 sermo
738 1465 857 1500 divinus,

67 1504 254 1533 Volensnobis
273 1507 418 1534 ostendere
444 1508 517 1542 quod
535 1509 679 1536 adversum
706 1509 857 1544 hujusmodi

66 1551 135 1577 vitia
156 1551 272 1578 militare
286 1552 445 1586 debeamus,

67 1602 170 1625 nostra:
182 1597 328 1632 depellere,
349 1599 415 1626 istos
430 1607 508 1635 reges
533 1600 628 1635 fugare
650 1601 683 1628 de
699 1609 782 1637 regno
796 1609 858 1630 cor-

67 1647 142 1681 poris
168 1648 274 1675 nostri:
295 1649 367 1683 quod
389 1649 536 1684 Apostolus
556 1650 708 1679 evidentius
723 1652 856 1687 designat.

67 1694 164 1721 dicens
181 1694 202 1709 "
218 1703 225 1720 :
242 1703 250 1720 ι
268 1694 326 1722 Non
353 1702 418 1729 ergo
443 1701 537 1731 regnet
554 1702 694 1730 peccatum
724 1697 750 1724 in
769 1704 859 1725 vestro

68 1739 180 1767 mortali
208 1748 333 1775 corpore.
354 1749 364 1766 ι
384 1740 428 1767 Vis
444 1747 534 1768 autem
554 1741 644 1769 videre
658 1744 786 1777 quoniam
805 1751 857 1770 non

66 1786 158 1813 solum
180 1788 250 1820 apud
280 1791 389 1813 sanctos
417 1787 524 1813 nomina
546 1795 594 1821 pro
615 1788 696 1814 rebus
719 1794 857 1823 aptantur,

66 1832 116 1858 sed
132 1832 213 1858 etiam
235 1832 306 1865 apud
336 1832 451 1866 gentiles
462 1838 489 1858 et
517 1832 667 1860 barbaros?
694 1833 730 1860 De
756 1835 858 1861 sanctis

66 1877 178 1911 quidem
193 1882 285 1903 notum
309 1882 352 1904 est
380 1885 430 1904 cur
445 1877 547 1904 Abram
565 1878 702 1904 Abraham
724 1879 858 1907 vocitatus

66 1922 113 1954 sit,
132 1926 158 1949 et
176 1921 253 1948 Sarni
266 1922 382 1954 Sara,et
394 1919 478 1949 Jacob
494 1922 588 1949 lsracl.
608 1924 856 1951 Doceamusantem

65 1966 138 2002 quod
173 1974 231 1993 mos
267 1967 317 1994 iste
345 1967 478 1994 habeatur
507 1968 591 1994 etiam
620 1969 689 2002 apttd
711 1969 856 1996 barbaros.

68 2013 164 2041 Nonne
180 2021 250 2040 unus
262 2021 294 2040 ex
311 2013 374 2040 liliis
387 2013 470 2041 Israel
486 2022 500 2040 a
513 2015 670 2048 parentibus
684 2015 739 2042 suis
756 2014 856 2050 .loseph

66 2067 174 2086 nomen-
189 2059 349 2093 acceperat?
374 2059 442 2086 Cum
477 2063 568 2086 autem
598 2061 705 2087 transiit
724 2061 750 2087 in
775 2061 857 2096 [Egy-

65 2111 140 2137 punu
168 2108 197 2130 et
225 2104 300 2130 stetit
326 2109 389 2131 ante
410 2104 592 2136 Pharaonem.
614 2105 791 2132 commutavit
807 2115 855 2132 no-

65 2157 127 2176 tuen
155 2149 223 2183 ejus,
237 2154 264 2176 et
284 2149 317 2176 de
337 2148 437 2182 Josepli
465 2151 666 2185 cognominavit
683 2158 744 2178 eum
764 2151 854 2178 l‘som-

65 2195 271 2229 phtompbancc
291 2194 325 2227 ³ο,
337 2195 409 2229 quod
424 2195 514 2229 lingua
529 2203 578 2222 sua
594 2189 700 2222 Pharao
718 2196 751 2223 de
763 2204 853 2223 secre-

65 2246 154 2268 torqu
181 2240 221 2268 vel
250 2241 416 2268 sonmiurum
446 2240 614 2268 revelatioue
639 2242 799 2276 composuit.
822 2242 855 2269 Et
871 2236 893 2264 1)

62 2295 118 2314 non
135 2285 223 2313 solum
239 2285 337 2321 .Iosepli
357 2287 419 2314 huic
435 2286 504 2321 apud
517 2286 687 2313 Pharaonem
705 2294 739 2314 ex
757 2295 785 2314 re
806 2295 855 2314 tto-

62 2340 126 2360 men
142 2336 263 2366 aptatur,
283 2332 331 2359 sed
353 2337 380 2359 et
397 2332 494 2359 Daniel
512 2333 537 2359 in
556 2332 702 2367 Babylonia
719 2331 854 2360 Baltassar

65 2384 223 2411 nominatur
237 2393 243 2410 :
255 2389 284 2420 et
299 2385 431 2417 Anauias,
450 2391 533 2421 atque
548 2386 672 2419 Azarias,
700 2390 728 2414 et
748 2385 853 2424 Misael,

63 2434 193 2467 Sudrach,
220 2434 331 2468 Misach,
364 2437 511 2472 Abdenago
539 2436 694 2463 vocitantur
715 2436 746 2462 ³¹.
771 2437 852 2464 Vides

98 2483 122 2499 ¹⁸
133 2481 215 2509 Num.
228 2491 304 2515 xxxt,
317 2483 344 2511 8.
384 2485 405 2500 "
423 2484 500 2512 Rom.
519 2493 557 2518 vt,
571 2484 614 2511 l2.

62 2519 85 2536 "
101 2518 198 2545 Matth.
216 2526 241 2550 v,
250 2518 296 2546 29.

99 2563 157 2604 (βυ)
174 2562 250 2597 Mss.,
277 2573 286 2590 ι
313 2571 476 2592 memorare.
503 2573 512 2590 ι
528 2564 606 2592 Libb.
627 2565 703 2598 editi,
723 2574 732 2590 ι
748 2573 851 2593 memo-

62 2608 131 2628 Tal’l.
152 2607 161 2624 )

99 2634 157 2669 (si)
172 2633 241 2660 Evin
252 2641 362 2669 uarieque
371 2640 516 2663 nummus
524 2635 680 2663 retraetans
694 2635 849 2669 interpreta-

63 2667 117 2696 tur}
128 2667 207 2696 Num.
222 2675 278 2701 xxt,
290 2667 393 2698 8.‘Evin
403 2669 534 2696 llebraice
551 2670 679 2697 scribitur
694 2673 735 2700 ΠΝ
752 2667 849 2697 «Ἐνίη

63 2704 143 2738 Quod
154 2711 251 2731 nomen
266 2703 362 2730 melius
375 2707 525 2730 verteretur
537 2713 546 2729 ι
559 2705 721 2732 desiderium
730 2713 829 2731 meum.
838 2715 846 2731 ι

64 2739 121 2767 Sed
133 2739 179 2772 qui
194 2738 298 2773 priutus
315 2739 422 2775 nomina
440 2738 572 2775 ilebraica
593 2740 785 2775 interpretatus
797 2745 849 2771 est,

63 2776 194 2810 quoniam
218 2775 367 2808 gutturales
395 2773 472 2810 facile
499 2774 568 2800 inter
587 2783 618 2802 se
635 2773 847 2807 commutantur,

64 2808 135 2836 forte
148 2816 245 2836 nomen
263 2812 305 2838 me
319 2809 428 2837 deduxit
440 2809 472 2836 ab
486 2813 536 2839 mn
547 2819 555 2834 ι
573 2810 624 2837 vita
637 2829 644 2843 ,
671 2810 775 2842 vivens,
791 2810 849 2838 ani-

64 2844 130 2877 mal,
147 2844 245 2876 bestia,
261 2843 328 2871 fera.
337 2855 345 2871 ι

653 2484 675 2500 ³⁸
693 2484 792 2512 Cenes.
805 2493 860 2518 xu.
881 2486 925 2514 45.

921 258 1012 277 rorum
1028 250 1167 277 hominum
1194 250 1314 282 nomina,
1340 257 1393 276 non
1421 249 1556 279 fortuitu.
1586 249 1633 276 sed
1656 256 1705 283 pro

921 296 1002 323 rebus
1016 301 1043 323 et
1057 295 1149 323 causis
1177 300 1303 330 aptantur
1319 296 1346 323 in
1364 295 1431 330 lege.
1446 294 1531 329 igitur
1545 294 1705 321 Madianita-

920 349 980 368 rum
998 349 1087 376 regem
1115 341 1220 375 Moyses
1243 342 1391 376 appellavit
1406 361 1414 374 ,
1435 344 1513 376 prout
1530 341 1589 375 ipse
1600 341 1706 367 censuit

919 384 1120 419 appellandum.
1144 384 1276 418 Belluiua,
1307 386 1412 420 inquit,
1440 385 1535 412 feritas
1559 390 1612 416 est,
1646 393 1705 420 quae

920 436 1015 464 regnat
1025 431 1050 458 in
1070 431 1235 463 Madianitis,
1251 435 1278 458 et
1291 439 1343 458 non
1356 432 1413 466 ipsa
1428 432 1526 463 solum,
1537 430 1584 458 sed
1596 436 1622 458 et
1637 431 1705 457 alius

919 477 988 511 apud
1003 477 1075 511 ipsos
1086 485 1133 504 rex
1159 478 1270 505 nomine
1288 478 1379 505 Rocon
1394 486 1402 504 :
1418 478 1488 512 quod
1508 483 1550 504 est
1569 477 1595 504 iu
1614 481 1704 504 nostra

918 520 1022 556 lingua,
1037 522 1151 549 inanitas
1162 522 1229 558 (45).
1243 523 1349 557 Regnat
1370 531 1436 558 ergo
1444 523 1598 550 etinauitas
1609 523 1633 549 in
1648 521 1703 550 Ma-

918 567 1083 595 diauitarum
1093 574 1180 602 gente.
1195 569 1242 596 Est
1252 569 1323 596 enim
1337 576 1431 596 revera
1448 569 1529 596 uinltu
1541 570 1658 597 inanitas
1677 575 1704 596 et

919 613 1025 640 vanitas
1036 613 1060 639 in
1074 613 1124 640 hoc
1139 616 1250 643 mundo.
1265 613 1320 640 imo
1328 618 1356 641 et
1366 624 1375 639 ι
1391 614 1664 645 vanitasvanitatum,
1678 618 1704 639 et

917 658 1006 684 omnia
1028 658 1173 689 vanitas",
1187 668 1195 684 ι
1209 667 1290 693 quam
1300 659 1344 686 Dei
1357 659 1435 686 miles
1448 667 1578 693 superare
1587 660 1666 686 debet
1677 665 1706 686 et

916 703 997 738 367
1020 704 1137 731 vincere.
1156 703 1246 732 Vincit
1270 710 1358 732 autent
1387 705 1556 738 inanitatem,
1573 706 1618 740 qui
1637 705 1702 732 nihil

917 748 1044 780 inaniter.
1064 749 1129 775 nihil
1145 749 1290 784 superﬂue,
1308 755 1335 777 et
1357 752 1426 785 quod
1448 751 1481 777 ad
1502 759 1558 777 rcttt
1574 759 1625 778 non
1640 758 1703 785 per—

918 795 994 824 tinet,
1014 795 1085 829 gerit
1101 804 1108 821 :
1124 795 1169 829 qui
1194 796 1317 823 meminit
1333 797 1459 831 praecepti
1486 797 1557 823 illius
1572 796 1702 824 Dominiei

916 849 969 875 quo
983 841 1022 867 ait
1037 840 1070 873 ³³,
1088 842 1150 874 quia
1165 851 1174 867 ι
1190 842 1270 870 etiam
1286 843 1319 870 de
1333 843 1417 869 verbo
1429 843 1518 870 otioso
1530 843 1640 870 reddent
1654 844 1702 870 ho-

879 891 900 918 B
914 887 1002 914 mines
1022 888 1154 915 rationem
1168 888 1193 914 in
1211 888 1253 915 die
1273 887 1377 920 iudicii.
1398 897 1407 913 ι
1425 888 1451 914 1η
1468 888 1518 914 huc
1531 893 1620 914 autem
1636 887 1700 918 vita,

916 933 1039 960 homines
1061 938 1144 961 tottttn
1171 942 1238 968 pene
1260 934 1388 966 otiosum,
1406 938 1433 960 et
1456 938 1537 960 totum
1556 934 1634 960 inane
1652 937 1703 964 est,

915 978 986 1012 quod
998 978 1153 1013 loquuntur,
1165 980 1235 1014 quod
1248 983 1338 1014 agunt.
1351 978 1440 1006 luanis
1453 979 1525 1006 enim
1539 979 1636 1006 dicitur
1645 986 1702 1005 om-

916 1024 957 1050 nis
970 1029 1046 1051 actns
1063 1030 1090 1052 et
1109 1025 1198 1052 omnis
1212 1032 1312 1057 sermo,
1331 1025 1356 1051 in
1372 1033 1425 1059 quo
1446 1033 1498 1052 non
1518 1029 1560 1052 est
1575 1025 1704 1052 intrinse-

914 1076 963 1097 cus
989 1070 1090 1104 aliquid
1107 1078 1154 1103 pro
1173 1070 1237 1101 Deo,
1255 1071 1297 1097 vel
1318 1078 1367 1105 pro
1391 1071 1518 1098 mandato
1540 1071 1595 1098 Dei.
1615 1071 1661 1098 Est
1676 1076 1704 1098 et

915 1113 984 1141 alius
1012 1122 1058 1142 rex
1086 1114 1200 1142 lliadiam
1217 1114 1263 1147 Ur,
1285 1121 1312 1142 et
1336 1115 1380 1142 hic
1402 1116 1594 1150 interpretatur
1609 1116 1701 1142 irrita-

914 1160 949 1186 tio
966 1159 1033 1195 (44).
1050 1159 1131 1187 Vides
1142 1160 1236 1194 quales
1251 1161 1378 1196 sunt,qui
1392 1166 1505 1196 regnent
1520 1162 1588 1195 apud
1601 1160 1700 1187 Madia-

914 1205 1103 1240 nitas,quibus
1114 1206 1268 1234 hominibus
1281 1207 1420 1234 adversari
1434 1212 1552 1241 oportet,
1564 1206 1618 1233 imo
1634 1214 1702 1241 quos

913 1250 1010 1284 perimi
1026 1251 1153 1278 convenit
1176 1251 1210 1278 ab
1231 1251 1263 1278 iis
1282 1251 1326 1286 qui
1344 1252 1425 1279 Deum
1442 1256 1604 1286 sequuntur.
1622 1256 1650 1279 et
1665 1251 1703 1279 in-

915 1295 1010 1323 terﬁci.
1029 1295 1086 1323 Non
1103 1297 1176 1324 enim
1193 1302 1247 1324 tam
1265 1304 1356 1332 reges,
1375 1305 1455 1332 quam
1471 1298 1596 1325 vitiorum
1612 1298 1701 1325 nomi-

914 1350 958 1375 na,
972 1350 1033 1377 qua}
1052 1347 1166 1378 regnant
1182 1343 1209 1370 in
1224 1344 1392 1376 hominibus.
1411 1344 1568 1372 referuntur
1582 1345 1608 1372 in
1623 1345 1681 1379 lege
1691 1351 1702 1371 τ

912 1393 939 1416 et
949 1396 1001 1416 nou
1024 1393 1077 1416 tam
1090 1390 1208 1423 gentium
1230 1389 1312 1423 bella,
1325 1398 1405 1423 quam
1421 1391 1702 1424 concupiscentiarum

912 1434 1072 1466 carnalium,
1085 1442 1145 1468 qua:
1166 1433 1282 1460 militant
1303 1434 1433 1462 adversus
1453 1435 1581 1467 animam,
1597 1436 1700 1462 deson-

912 1479 1021 1513 buntur,
1044 1479 1164 1515 Denique
1186 1480 1213 1507 hi
1231 1480 1276 1514 qui
1301 1481 1327 1507 in
1347 1480 1422 1507 vitiis
1438 1485 1563 1516 regnant,
1583 1481 1702 1515 quinque

913 1533 991 1560 reges
1009 1534 1069 1554 esse
1090 1527 1218 1554 dicuntur
1235 1535 1242 1554 :
1259 1531 1287 1554 ιιι
1312 1527 1515 1554 evidentissime
1541 1525 1700 1559 doceamui',

462 1559 489 1580 εί
501 1554 709 1606 άθμ¹¹³δίι³⁰ξ¹¹ί⁸
720 1563 751 1582 ea
768 1557 858 1584 carnis
872 1568 893 1596 C
910 1554 973 1606 quia
988 1579 1067 1599 onme
1081 1572 1174 1599 vitium
1190 1572 1262 1606 quod
1277 1576 1372 1605 regnat
1388 1572 1414 1599 in
1430 1579 1560 1605 corpore,
1573 1579 1606 1599 ex
1622 1572 1700 1606 quin-

910 1625 962 1652 que
986 1617 1110 1644 sensibus
1131 1617 1238 1651 pendet.
1255 1615 1301 1644 lsti
1313 1624 1377 1651 ergo
1388 1617 1508 1651 quinque
1518 1624 1615 1644 sensus
1627 1617 1699 1650 peri-

911 1661 1000 1689 mendi
1024 1666 1087 1688 sunt
1109 1662 1142 1688 de
1165 1669 1250 1696 regno
1271 1661 1491 1694 Modianitarum,
1505 1666 1532 1688 ut
1550 1661 1619 1688 ultra
1635 1662 1699 1688 vitia

910 1716 962 1735 non
978 1712 1090 1741 regnent
1101 1714 1183 1741 super
1196 1714 1255 1739 eos,
1265 1707 1312 1734 sed
1323 1707 1440 1741 justitia,
1451 1714 1484 1734 ne
1498 1707 1530 1733 ad
1542 1706 1699 1733 scandalum

910 1752 1020 1780 videant
1042 1759 1103 1787 qua:
1126 1753 1232 1785 vident,
1256 1754 1302 1780 seil
1321 1754 1353 1780 ad
1377 1752 1594 1780 aediﬁcationem.
1622 1752 1699 1786 Apud

909 1797 1071 1824 Madianitas
1079 1798 1150 1824 enim
1158 1805 1254 1825 sensus
1264 1798 1308 1824 isti
1315 1798 1348 1824 ad
1357 1798 1592 1825 scandalizandum
1600 1805 1699 1832 regna-

910 1843 985 1876 bant,
1005 1843 1260 1870 tttscantlalizarent
1277 1848 1305 1870 et
1319 1843 1487 1877 deciperent.
1503 1842 1535 1870 Et
1554 1842 1616 1870 ideo
1630 1850 1698 1877 prae-

908 1891 979 1926 cepit
995 1890 1132 1920 Dominus.
1149 1894 1178 1916 ut
1191 1890 1215 1917 si
1234 1895 1258 1916 te
1278 1888 1503 1917 scandalizaverit
1518 1889 1614 1916 oculus
1627 1893 1698 1919 tuus,

908 1943 988 1963 eruas
999 1943 1073 1968 eum,
1083 1936 1105 1963 si
1121 1944 1217 1963 manus
1231 1940 1277 1962 aut
1293 1943 1352 1969 pes,
1369 1934 1513 1962 abscindas
1524 1942 1586 1961 eum
1601 1934 1634 1961 ".
1652 1934 1700 1962 Vi-

908 1982 955 2008 des
969 1988 1043 2015 ergo,
1058 1981 1121 2015 quia
1138 1985 1165 2008 et
1189 1981 1246 2016 ipse
1267 1980 1345 2014 jubet
1360 1979 1482 2007 absciudi
1498 1984 1525 2006 et
1541 1979 1635 2014 peritni
1653 1987 1702 2006 η-κ

908 2035 957 2061 ges
976 2027 1230 2054 scandalizantium.
1248 2026 1344 2054 Melius
1363 2031 1414 2058 est,
1432 2026 1532 2060 inquit,
1552 2031 1578 2053 te
1591 2025 1699 2053 luscqu

908 2074 1021 2101 introire
1033 2074 1059 2101 in
1072 2081 1182 2109 regnum
1197 2073 1255 2105 Dei,
1269 2080 1406 2105 mancum,
1417 2077 1463 2100 attt
1473 2072 1701 2106 claudum,quant

907 2125 968 2145 cum
987 2118 1022 2146 iis
1038 2119 1107 2146 mitti
1132 2118 1158 2145 in
1186 2119 1347 2152 gehennam.
1366 2116 1393 2144 ln
1412 2117 1511 2152 quibus
1527 2124 1580 2144 non
1603 2116 1699 2150 utique

906 2163 1086 2191 eil'odiendum
1114 2163 1235 2199 praecipit
1262 2163 1370 2191 oculum
1392 2163 1516 2198 corporis
1538 2163 1701 2195 nostri.neo

908 2216 1028 2241 manum,
1041 2214 1086 2236 aut
1101 2209 1195 2244 pedem
1207 2209 1418 2239 abscindendum
1432 2208 1496 2236 :sed
1511 2215 1621 2236 sensum
1635 2215 1697 2235 car-

908 2253 978 2281 nalia
1005 2255 1167 2282 sentientem
1189 2259 1217 2282 et
1239 2254 1466 2289 concupiscentiis
1485 2254 1644 2282 carnalibus
1657 2254 1697 2281 la-

907 2301 1068 2328 scivienteut
1093 2303 1203 2328 tuattdat
1217 2302 1339 2329 abseindi
1355 2309 1364 2329 ε
1382 2305 1411 2328 ιιι
1425 2300 1498 2328 oculi
1519 2300 1604 2328 nostri
1621 2304 1696 2327 recta

907 2347 1024 2379 videant.
1041 2352 1068 2375 et
1092 2355 1172 2375 aures
1199 2353 1297 2375 nostra:
1318 2352 1392 2375 recta
1408 2347 1531 2379 audiant,
1548 2351 1576 2374 et
1601 2349 1697 2380 gustus

907 2397 1001 2420 noster
1029 2395 1142 2420 verbum
1163 2394 1209 2421 Dei
1227 2398 1327 2429 gustet,
1347 2400 1498 2428 manusque
1520 2397 1620 2420 nostra
1636 2391 1695 2426 pal-

906 2444 970 2472 petit
990 2443 1017 2466 et
1031 2439 1190 2474 contingant
1205 2440 1238 2466 de
1253 2439 1343 2468 Verbo
1358 2439 1417 2467 Dei.
1433 2438 1466 2467 Et
1477 2439 1528 2467 hoc
1543 2443 1585 2466 est
1602 2437 1628 2464 in
1641 2444 1696 2472 quo

966 2487 987 2503 ³⁸
1003 2487 1070 2515 Dan.
1086 2496 1104 2520 ι,
1117 2487 1143 2515 7.
1182 2487 1204 2503 ³²
1219 2487 1303 2515 Eccli.
1317 2495 1336 2520 t,
1349 2488 1375 2514 ἓ.
1423 2487 1446 2503 ³³
1464 2486 1560 2514 Matth.
1576 2492 1625 2517 xu,
1642 2484 1688 2513 56.

942 2565 999 2600 (4‘2)
1016 2564 1072 2600 Ego
1088 2570 1151 2599 puto
1160 2565 1230 2599 quod
1242 2565 1347 2592 nomina
1369 2563 1585 2600 hwcHScriptui-a
1603 2562 1694 2600 divitia

907 2596 959 2627 non
978 2596 1026 2632 ιιι-ο
1040 2596 1328 2631 Ἱιίεὶονὶαήανναυενὶι.
1348 2608 1400 2627 etc.
1425 2597 1492 2625 Vide
1515 2596 1690 2632 Origeniuno-

910 2643 969 2662 rum
987 2635 1034 2662 lib.
1054 2644 1085 2667 ιι,
1106 2640 1203 2670 quast.
1224 2635 1268 2665 15,
1288 2642 1362 2662 Itum.
1375 2634 1430 2661 iet
1446 2633 1489 2660 Η.

942 2670 998 2705 (45)
1015 2669 1122 2703 Κοίου(
1140 2670 1209 2704 quod
1238 2674 1275 2697 est
1296 2670 1323 2696 in
1347 2669 1438 2704 lingua
1457 2672 1690 2697 nostratmst'rns.

907 2705 992 2733 Radix
1011 2710 1052 2731 est
1063 2710 1118 2737 pt't
1134 2715 1142 2730 ι
1157 2706 1307 2733 evacuavit.
1320 2704 1454 2732 exhausit.
1468 2713 1477 2728 ι

940 2741 996 2776 (41)
1017 2734 1144 2778 [λγίὶϋιιε
1151 2740 1339 2778 interpretatur
1347 2745 1498 2778 ttutt'rnto.
1505 2737 1545 2763 Ab
1556 2741 1611 2769 Ἵτι
1620 2738 1689 2777 qttod

904 2782 955 2808 est,
972 2786 981 2802 ‹
1007 2775 1154 2808 albescere,
1171 2775 1355 2810 expallescere
1376 2784 1384 2800 ι
1401 2775 1507 2809 proprie
1526 2781 1534 2799 ι
1559 2780 1613 2807 pra:
1632 2775 1689 2801 ita-

903 2811 1012 2839 cundia.
1033 2819 1042 2837 ι
