1903 3052
207 146 257 173 767

939 137 1098 166 ORIGENIS

1780 139 1840 166 768

203 196 351 231 peremptis
368 196 474 231 regibus
495 195 715 228 Madiauitarum.
738 201 766 223 et
790 196 908 224 scandali
929 195 991 223 aife-
1004 198 1028 226 Λ
1042 195 1118 223 Beati
1136 200 1201 223 sunt
1213 195 1268 227 isti,
1287 196 1332 231 qui
1348 203 1396 230 pro
1411 195 1484 223 omni
1506 195 1603 230 populo
1618 203 1739 230 pugnare
1764 203 1839 229 pos-

204 242 291 269 ctibtts
316 243 472 277 amputatis,
490 249 584 278 regnat
599 244 626 271 in
645 243 722 272 uobis
734 243 839 278 iustitia
863 243 922 277 ipse
935 242 990 270 Do-

205 289 294 316 minus
315 294 407 316 noster
429 288 506 316 Jesus
523 289 646 317 Christus
657 311 664 323 ,
680 289 725 325 qui
751 289 839 316 factus
856 294 895 316 est
911 289 990 316 nobis

201 335 304 369 iustitia
320 343 335 362 a
352 336 416 368 Deo,
431 342 458 363 et
472 344 533 369 pax.
552 342 579 363 ct
593 337 752 371 redemptio.
769 336 853 371 Igitur
872 344 905 363 ex
923 344 991 370 pra:-

204 388 280 416 cepto
306 381 410 409 Domini
429 389 443 408 a
468 381 530 410 filiis
555 382 639 410 lsrael
659 385 802 412 adversum
826 382 990 410 Madianitas

204 427 271 454 bella
288 427 409 454 confecta
425 433 499 461 sunt,
511 429 596 464 spolia
612 437 644 456 ex
659 430 724 464 ipsis
739 431 846 462 copiosa
864 429 990 456 referun-

203 477 256 505 tur,
273 474 331 500 auri
361 478 443 507 atque
467 475 582 509 argenti,
605 480 821 510 canerorumque
849 475 990 502 mobiliutu

203 518 307 552 pondus
337 519 515 553 immensum,
540 521 740 555 jumentorum,
768 522 991 556 captivorumque

203 571 331 590 IIllntel'uS
361 564 502 598 plurimus.
531 565 628 593 Verum
656 569 783 601 quoniam
810 572 908 594 cuncta
932 568 990 595 luet:

202 611 271 644 apud
287 610 420 638 lsraelitas
439 611 576 638 immunda
601 613 747 646 ducuntur,
763 613 917 647 purificatio
933 615 990 642 sin-

202 655 271 688 gulis
289 656 441 690 quibusque
468 662 624 691 competens
652 657 796 685 adhibetur
812 666 819 684 :
838 664 863 686 et
880 667 912 686 ea
928 660 989 695 qui-

202 701 273 731 dem,
290 708 348 734 qum
366 709 399 728 ex
414 702 529 729 metallis
544 707 680 734 constant,
691 704 759 738 ignis
775 704 917 738 purificat;
928 713 989 739 quae

202 753 266 772 \‘cro
290 746 429 780 fragiliora
459 752 522 775 sunt
552 753 578 775 et
604 749 693 782 ignem
720 757 773 776 non
796 749 897 783 ferunt,
918 757 988 785 aqua

202 792 338 824 purificari
353 794 492 827 iubentur.
507 795 590 822 Fiunt
608 802 674 829 ergo
691 803 724 823 ex
741 796 867 823 omnibus
894 797 990 831 spoliis

201 839 318 872 aequales
329 840 388 866 dure
400 846 501 873 partes,
515 845 543 867 ut
556 849 608 868 una
620 842 654 868 sit
669 849 762 868 eorum
784 842 828 875 qui
841 841 872 868 ad
889 841 987 868 bellum

203 890 403 918 processerant,
420 890 447 912 et
462 886 515 912 alia
536 893 629 913 eorum
650 887 695 920 qui
715 886 741 913 in
764 887 863 913 castris
883 887 990 913 resede-

204 933 274 953 raut.
290 927 424 956 Jubentur
439 930 520 956 etiaut
534 938 566 956 ex
585 930 618 957 iis
630 929 729 958 olferre
747 923 772 957 in
793 931 861 958 dona
874 932 919 959 Dei
932 940 939 958 :
952 932 989 960 illi

202 973 310 1006 quidem
325 974 369 1008 qui
383 979 573 1008 processerant
584 976 616 1002 atl
634 976 742 1010 bellum,
758 985 840 1004 unum
855 982 936 1012 caput
955 985 990 1005 ex

202 1019 356 1053 quingentis
371 1029 378 1046 :
393 1020 428 1047 illi
440 1028 505 1048 vero
517 1021 563 1055 qui
579 1022 604 1048 in
621 1023 719 1049 castris
732 1027 897 1055 manserant,
907 1030 989 1049 unum

202 1071 234 1090 cx
261 1065 454 1100 quinquaginta
473 1075 479 1092 :
496 1071 579 1102 atque
602 1067 722 1094 omnium
747 1068 828 1094 simul
853 1068 878 1094 iu
905 1075 988 1094 unum

201 1109 328 1137 collectus
348 1118 477 1139 numerus
499 1112 625 1139 refertur.
647 1112 709 1140 Hmc
723 1118 763 1140 est
783 1113 904 1141 historia:
924 1121 989 1141 con-

202 1156 324 1184 liuentia.

235 1199 262 1226 4.
279 1199 332 1228 Sed
351 1201 489 1230 videamus
501 1203 564 1238 quid
581 1204 607 1231 in
626 1204 658 1232 iis
672 1212 768 1232 sensus
785 1205 887 1233 indicet
908 1205 990 1240 spiri-

202 1245 272 1272 Iulis.
290 1246 317 1272 In
343 1248 439 1282 popqu
455 1249 499 1276 Dei
522 1254 587 1276 sttnt
609 1249 729 1283 quidam,
750 1250 822 1278 sicut
846 1252 989 1285 Apostolus

200 1292 266 1319 dicit
280 1293 312 1324 ",
329 1294 373 1327 qui
391 1294 507 1322 militant
522 1295 593 1322 Deo:
608 1295 645 1322 illi
657 1296 714 1323 sine
728 1297 819 1329 dubio,
832 1297 877 1332 qui
892 1305 921 1324 se
936 1306 988 1324 non

200 1339 322 1374 obligant
336 1341 452 1374 negotiis
465 1341 640 1370 saecularibus
654 1351 661 1369 ε
680 1347 706 1370 et
724 1343 768 1370 isti
782 1349 844 1370 sunt
863 1344 908 1378 qui
924 1351 988 1378 pro—

200 1384 299 1411 cedunt
311 1385 343 1412 ad
363 1386 473 1418 bellum,
491 1393 517 1415 et
535 1394 654 1423 pugnant
672 1389 803 1416 adversus
823 1394 916 1424 gentes
937 1389 989 1416 ini—

203 1429 296 1462 micas,
313 1437 341 1457 ct
358 1432 500 1460 adversum
522 1434 657 1467 spiritales
671 1434 807 1468 nequitias
823 1441 870 1468 pro
883 1434 988 1468 reliquo

201 1476 307 1510 populo.
319 1481 345 1504 et
358 1485 405 1510 pro
421 1478 453 1504 iis
468 1479 513 1514 qui
526 1481 688 1509 infirmiores
703 1485 777 1512 sunt,
792 1482 849 1509 sive
865 1489 911 1515 per
925 1485 987 1508 aeta-

202 1526 265 1554 tem,
280 1522 336 1549 sive
353 1531 400 1558 per
416 1531 520 1558 sexum,
536 1526 592 1553 sive
606 1534 652 1561 per
669 1527 846 1562 propositttm.
860 1527 986 1562 Pugnant
1002 1542 1022 1570 ο

202 1571 291 1595 autent
309 1569 352 1596 isti
368 1570 538 1599 orationibus
550 1573 819 1607 etjejuniis,justitia
833 1578 859 1600 et
875 1575 985 1608 pietate,

203 1615 411 1642 mansuetudine
436 1621 464 1643 ct
482 1618 618 1651 castitate,
633 1620 791 1653 cunctisque
815 1620 988 1647 continentia:

202 1658 358 1692 virtutibus,
378 1666 505 1695 tanquam
528 1662 612 1689 armis
639 1663 743 1690 bellicis
765 1664 924 1691 communiti
941 1669 988 1692 :et

201 1711 264 1731 eum
281 1707 396 1740 regressi
409 1706 509 1734 fuerint
519 1708 551 1734 ad
566 1713 654 1736 castra
670 1710 798 1741 victores,
812 1709 937 1737 fruuntur
949 1711 988 1737 la-

202 1748 314 1778 boribus
331 1759 422 1778 eorum
437 1752 517 1779 etiam
534 1753 664 1785 imbelles,
677 1759 704 1781 ct
721 1755 738 1781 ii
752 1755 796 1789 qui
815 1756 846 1782 ad
870 1764 986 1791 pugnam

203 1794 246 1821 vel
266 1803 318 1822 non
335 1801 475 1830 vocantur,
489 1798 529 1825 vel
544 1799 620 1825 exire
636 1807 688 1826 non
705 1805 824 1831 possunt.
840 1801 985 1828 Sciendum

202 1845 292 1867 tamen
308 1845 361 1871 est.
378 1842 449 1876 quod
465 1843 555 1870 omnia
570 1851 629 1878 quin
642 1850 784 1871 sumuntur
799 1853 830 1872 ex
849 1845 908 1872 istis
920 1854 986 1880 gen-

203 1887 282 1918 tibus,
297 1887 434 1914 immunda
451 1892 530 1921 sunt;
548 1893 575 1916 et
589 1897 669 1916 omne
683 1889 798 1917 fortasse
812 1891 940 1924 quidquid
952 1898 985 1918 ex

202 1934 252 1960 hoc
275 1934 373 1961 smculo
389 1935 546 1967 assumitur,
564 1935 604 1962 vel
621 1936 714 1969 proelio
734 1938 851 1972 capitur,
868 1938 987 1965 immun-

201 1980 264 2006 dum
290 1984 340 2012 est,
358 1985 385 2008 et
404 1979 592 2014 purificatione
610 1981 728 2016 indiget;
750 1987 777 2009 et
804 1983 927 2015 quaedam
952 1990 984 2009 ex

202 2027 270 2059 ipsis
281 2034 328 2060 per
342 2027 429 2061 ignem
445 2032 592 2054 transuura
607 2033 679 2060 sunt,
693 2029 753 2056 aliis
769 2033 858 2056 autern
872 2028 986 2056 sufficiet

202 2079 278 2106 aqua:
287 2072 450 2105 purificatio.
462 2073 643 2100 Assumuntur
652 2078 742 2100 autem
755 2081 788 2101 ex
799 2074 892 2109 praelio
903 2075 984 2102 etiam

203 2117 325 2144 homines
337 2121 364 2144 et
381 2117 515 2152 jumenta,
527 2125 589 2145 cum
603 2119 773 2153 captivantur
793 2126 887 2147 omnes
907 2121 986 2147 intel—

202 2162 287 2189 lectus
301 2162 334 2189 ad
345 2162 522 2190 obediendtuu
534 2163 652 2191 Christo.
663 2164 701 2191 Ex
716 2165 748 2192 iis
759 2165 830 2192 enim
841 2166 905 2201 ipsis
915 2174 984 2201 quos

1041 245 1114 273 sunt,
1126 246 1153 268 et
1166 241 1312 269 defendere
1328 241 1373 268 Dei
1390 241 1506 276 plebem,
1520 247 1548 269 et
1566 242 1674 276 copiosa
1691 242 1724 268 de
1742 241 1838 269 hosti-

1040 288 1091 315 bus
1101 288 1185 322 spolia
1201 293 1350 323 reportare.
1370 287 1472 314 Tamen
1488 293 1516 315 et
1530 288 1633 322 reliqua
1648 295 1711 323 pars
1726 288 1838 322 populi,

1042 341 1104 368 qua:
1120 334 1226 360 videtur
1238 333 1364 363 imbellis.
1379 333 1401 360 si
1416 341 1478 360 cum
1493 333 1584 367 quiete
1603 333 1721 360 resideat
1738 333 1765 359 in
1787 341 1836 359 ca,

1042 379 1116 412 stris,
1136 380 1159 406 si
1177 381 1204 406 in
1220 379 1326 406 silentio
1354 383 1426 413 agat,
1442 383 1469 405 et
1484 386 1535 405 non
1563 378 1671 405 recedat
1693 386 1708 405 a
1726 377 1838 413 Moyse,

1041 427 1088 454 sed
1104 432 1259 460 permaneat
1275 426 1302 452 iu
1316 426 1374 460 lege
1387 425 1444 457 Dei,
1461 430 1567 460 partem
1580 425 1731 459 spoliorum
1748 425 1838 451 etiam

1041 471 1099 506 ipsa
1118 471 1259 506 percipiet.
1276 471 1336 498 Fiet
1352 471 1424 498 enim
1441 478 1518 504 mqua
1539 470 1637 504 portio,
1653 477 1706 496 non
1719 477 1770 504 per
1784 478 1839 496 nu-

1040 525 1145 545 merum
1173 517 1354 552 quidem,sed
1384 522 1513 551 quantum
1537 517 1616 542 datur
1637 514 1712 542 omni
1734 513 1837 548 populo

1042 563 1157 598 reliquo,
1173 567 1277 590 tantttm
1298 567 1327 589 et
1343 561 1398 589 illis
1417 560 1558 588 duodecim
1577 560 1705 590 millibus,
1730 559 1836 592 quibus

1040 609 1211 638 vincentibus
1222 613 1300 643 capta
1312 612 1374 635 stmt
1385 607 1480 642 spolia.
1492 606 1557 639 Quis
1571 606 1626 632 haec
1640 604 1769 635 audiens,
1780 612 1835 630 non

1040 657 1171 684 invitetur
1189 657 1222 683 ad
1245 656 1368 683 militiam
1387 656 1432 682 Dei
1450 655 1460 681 ?
1481 655 1548 687 Quis
1565 662 1616 681 non
1631 654 1772 680 animetur
1783 659 1836 687 pu-

1039 711 1124 737 gnare
1145 710 1193 738 pro
1218 703 1300 738 368
1326 702 1447 728 Ecclesia
1473 706 1501 727 et
1529 701 1656 727 resistere
1684 700 1833 726 adversum

1039 749 1163 777 veritatis
1190 750 1325 779 inimicos,
1355 755 1402 775 eos
1431 747 1534 773 scilicet
1559 746 1603 780 qui
1630 745 1673 772 vel
1703 745 1834 780 dogmata

1039 795 1169 824 Ecclesiae
1193 802 1361 830 oppugnare,
1386 793 1427 820 vel
1448 792 1579 827 voluptati
1597 797 1624 819 ct
1637 792 1753 818 luxuria:
1772 798 1836 825 ope-

1041 851 1099 870 ram
1113 844 1178 871 dare
1192 843 1317 870 homines
1334 841 1432 868 docent
1445 839 1457 866 2
1472 839 1523 872 Qui
1536 847 1600 873 ergo
1610 836 1660 865 hos
1678 842 1835 873 expugnat,

1042 894 1069 917 et
1084 889 1126 916 vel
1144 891 1170 916 in
1185 897 1224 920 se,
1239 888 1280 915 vel
1299 888 1324 914 in
1338 887 1469 921 proximis
1488 886 1544 913 suis
1560 886 1624 912 vitia
1642 885 1765 920 perimit,
1788 883 1834 910 hic

1043 936 1157 970 accipiet
1167 934 1253 969 spolia
1262 933 1358 966 multa,
1369 932 1549 967 quinquagies
1563 930 1739 963 multiplicata
1749 935 1832 962 quam

1042 981 1143 1009 creteri.
1165 979 1298 1007 lntantum
1319 985 1435 1013 namque
1448 977 1551 1004 numeri
1568 976 1709 1011 quantitas
1723 974 1834 1000 videtur

1042 1027 1146 1062 augeri,
1156 1034 1216 1054 cum
1231 1026 1365 1054 sexcentis
1381 1024 1500 1052 millibus
1513 1022 1655 1050 duodecim
1668 1020 1752 1047 millia
1767 1027 1832 1047 con-

1043 1073 1175 1101 feruntur.
1194 1072 1298 1101 Oti'erre
1312 1076 1402 1098 tamen
1422 1077 1484 1105 pars
1504 1074 1620 1103 utraque
1635 1067 1748 1102 jubetur
1764 1065 1831 1093 Deo.

1042 1119 1074 1146 Et
1088 1119 1124 1145 illi
1137 1119 1246 1154 quidem
1271 1118 1316 1153 qui
1343 1118 1478 1148 vicerunt,
1501 1123 1583 1142 unum
1599 1121 1631 1141 ex
1647 1111 1806 1147 quingentis
1820 1118 1830 1138 :

1041 1165 1183 1198 quiautcm
1200 1164 1271 1190 domi
1289 1163 1455 1193 resederunt,
1473 1168 1555 1187 unum
1568 1166 1600 1186 ex
1616 1157 1828 1192 quinquaginta.

1041 1211 1255 1245 Quiugentorum
1285 1214 1375 1236 autem
1401 1212 1427 1234 et
1456 1205 1652 1241 quinquaginta
1683 1210 1828 1230 numerum

1041 1261 1164 1282 sanctqu
1179 1263 1239 1282 esse
1256 1254 1393 1288 Scriptura
1419 1257 1545 1280 testatur.
1569 1251 1644 1279 Unde
1660 1256 1686 1278 et
1701 1251 1831 1278 Salvator

1042 1300 1148 1328 dicebat
1166 1301 1192 1327 in
1207 1299 1359 1334 Evangeliis
1371 1300 1394 1314 ³⁸
1410 1308 1416 1325 :
1435 1307 1444 1324 (
1462 1297 1569 1325 Homini
1585 1296 1692 1323 cuidam
1709 1296 1830 1322 fmuera-

1043 1346 1095 1373 tori
1121 1351 1200 1373 erant
1218 1346 1271 1372 duo
1301 1345 1439 1372 debitores
1453 1351 1460 1370 :
1475 1351 1545 1370 unus
1566 1350 1597 1370 ex
1622 1342 1689 1376 ipsis
1712 1340 1830 1368 debebat

1042 1391 1169 1419 denarios
1196 1390 1367 1425 quingentos,
1394 1395 1421 1416 et
1445 1389 1514 1416 alius
1536 1387 1745 1422 quinquaginta.
1770 1385 1828 1412 Non

1042 1435 1205 1463 habentibus
1221 1436 1273 1462 illis
1290 1435 1361 1461 umie
1378 1434 1533 1465 redderent,
1550 1432 1658 1460 donavit
1670 1432 1805 1465 utrisque.
1816 1440 1826 1456 I

1042 1482 1095 1510 Sed
1116 1487 1142 1509 et
1165 1487 1267 1516 septem
1291 1481 1449 1516 septimana:
1470 1480 1597 1511 monada,
1615 1479 1640 1506 id
1656 1483 1698 1505 est
1716 1485 1770 1505 uno
1781 1477 1829 1504 ad-

1042 1527 1108 1558 dito,
1119 1526 1356 1561 Quinquagesimzc
1371 1526 1439 1552 diem
1459 1525 1570 1557 faciunt,
1583 1532 1642 1558 quac
1653 1524 1828 1552 Pentecoste:

1042 1572 1175 1599 festivitas
1189 1572 1349 1606 appellatur.
1370 1571 1503 1597 Similiter
1516 1575 1542 1596 et
1555 1571 1728 1605 septuaginta
1743 1570 1826 1604 septi-

1042 1626 1137 1650 mamc,
1153 1618 1242 1645 addita
1257 1618 1336 1644 unius
1347 1617 1454 1644 decadis
1469 1615 1645 1650 perfectione,
1661 1615 1827 1650 quingento-

1042 1672 1100 1690 rum
1114 1671 1254 1690 numerum
1269 1664 1393 1689 reddunt.
1413 1661 1464 1688 Sed
1479 1666 1582 1696 quanto
1602 1660 1696 1694 plures
1710 1666 1774 1687 sunt
1785 1668 1829 1688 se-

1041 1710 1179 1743 ptuaginta
1188 1708 1342 1743 septimana:
1354 1715 1433 1742 quant
1445 1712 1558 1740 septem,
1572 1710 1646 1733 tanto
1655 1707 1828 1738 prmstantior

1040 1760 1067 1782 et
1081 1755 1228 1790 perfectior
1241 1762 1371 1781 numerus
1379 1753 1587 1788 quingentorum
1602 1759 1681 1786 quain
1694 1753 1829 1786 quinqua-

1040 1802 1124 1837 ginta.
1137 1800 1200 1827 lnde
1219 1800 1334 1834 denique
1345 1804 1373 1826 et
1394 1800 1419 1826 in
1435 1798 1561 1833 parabola
1579 1797 1732 1832 Evangelii,
1746 1806 1826 1832 quam

1041 1853 1120 1880 supra
1145 1845 1355 1879 proposuimus,
1382 1843 1509 1870 Salvator
1535 1848 1627 1870 noster
1650 1843 1827 1877 pronuntiat,

1040 1892 1110 1926 quod
1134 1891 1192 1926 plus
1212 1891 1307 1924 diligat
1333 1889 1387 1921 ille,
1400 1890 1441 1917 cui
1465 1889 1604 1924 quingenti
1625 1896 1694 1923 quos
1713 1888 1827 1915 debebat

1040 1937 1142 1964 denarii
1156 1937 1246 1963 donati
1258 1940 1329 1968 sunt,
1343 1943 1423 1970 quam
1443 1935 1488 1962 ille
1500 1936 1543 1962 cui
1555 1934 1762 1968 quinquaginta.

1074 1983 1101 2011 5.
1124 1983 1243 2016 Denique
1267 1982 1292 2009 in
1316 1981 1442 2016 praesenti
1459 1981 1584 2014 lectione,
1599 1981 1710 2008 Eleazar
1732 1988 1825 2007 sacer-

1040 2030 1088 2056 dos
1100 2036 1152 2054 non
1176 2027 1306 2054 scribitur
1330 2027 1362 2055 ad
1377 2035 1485 2055 omnem
1501 2027 1628 2062 populum
1648 2027 1765 2059 locutus,
1779 2027 1824 2054 sed

1040 2073 1072 2101 ad
1096 2081 1143 2101 eos
1171 2078 1274 2100 tantum
1299 2072 1366 2108 (46),
1382 2073 1427 2108 qui
1452 2073 1484 2099 de
1511 2072 1606 2108 prmlio
1630 2073 1759 2099 redeunt.
1781 2073 1824 2100 Ait

1039 2120 1111 2147 enim
1124 2120 1146 2135 ³⁷
1163 2128 1169 2146 :
1186 2128 1194 2145 ι
1215 2120 1246 2146 Ει
1258 2119 1326 2146 dixit
1338 2119 1451 2146 Eleazar
1461 2119 1586 2146 sacerdos
1606 2118 1638 2144 ad
1660 2118 1733 2145 viros
1745 2118 1824 2145 virtu-

1041 2166 1092 2199 tis,
1104 2166 1148 2200 qui
1164 2166 1369 2193 revertebantur
1381 2166 1412 2192 de
1426 2165 1527 2200 proelio.
1546 2174 1555 2191 ι
1573 2165 1655 2193 Vides
1674 2172 1741 2200 ergo
1761 2174 1824 2201 quo-

201 2207 366 2241 ceperimus,
374 2207 513 2236 oﬂ'erimus
535 2210 600 2236 Deo.
620 2209 675 2236 Nisi
693 2210 764 2237 enim
777 2212 987 2246 pugnaverimus
1004 2219 1025 2246 ο
1039 2213 1117 2240 modo
1129 2213 1161 2240 ad
1175 2213 1248 2240 viros
1261 2211 1502 2247 virtutisloquitur
1512 2219 1602 2239 sermo
1616 2211 1673 2239 Dei.
1684 2212 1741 2238 Viri
1754 2213 1821 2239 enim

202 2253 228 2279 in
246 2253 329 2282 verbo
345 2254 401 2287 Dei,
423 2262 475 2281 non
494 2255 644 2289 poterimus
663 2256 800 2290 captivare
820 2257 985 2286 intellectum

201 2307 295 2327 eorum
317 2300 361 2334 qui
383 2300 488 2328 diversa
500 2309 516 2328 a
530 2301 639 2328 Christo
660 2301 823 2332 sentiunt.et
838 2303 986 2337 perducere

200 2354 246 2373 eos
259 2346 292 2373 ad
307 2347 488 2375 obedientiam
514 2347 626 2376 Christi.
645 2347 727 2375 Pauci
749 2354 812 2376 sunt
827 2353 916 2387 tamen
939 2351 985 2385 qui

201 2399 320 2428 pugnare
345 2394 460 2427 possint,
475 2399 503 2421 et
523 2394 614 2429 praelia
634 2395 685 2422 ista
709 2395 863 2423 conficere:
879 2397 912 2423 de
924 2404 986 2424 sex-

201 2439 287 2466 centis
299 2439 417 2466 millibus
432 2443 458 2466 et
478 2439 592 2474 amplius
611 2445 786 2471 armatorum,
799 2441 844 2475 qui
858 2441 986 2469 videban-

203 2484 376 2512 turtnilitare
390 2484 460 2517 Deo,
481 2486 538 2513 sola
561 2487 702 2514 duodecim
723 2487 806 2513 millia
831 2487 983 2521 eliguntur;

200 2531 291 2558 catteri
302 2532 489 2567 relinquuntur
502 2532 528 2559 in
539 2532 647 2560 castris.
661 2532 768 2560 Intuere
779 2533 844 2560 mihi
855 2541 926 2561 nunc
937 2541 985 2569 po-

202 2578 291 2613 pulum
306 2579 350 2606 Dei
363 2578 429 2614 (45),
442 2580 488 2614 qui
502 2584 543 2606 est
558 2579 583 2606 in
597 2579 728 2612 Ecclesia,
746 2581 840 2614 quanti
862 2585 926 2607 sunt
950 2588 984 2608 ex

202 2623 233 2650 iis
242 2623 287 2657 qui
300 2624 404 2658 possint
416 2632 466 2658 pro
477 2625 591 2651 veritate
601 2631 730 2659 pugnare,
738 2625 841 2659 possint
858 2625 986 2652 resistere

201 2668 233 2696 iis
247 2669 292 2700 qui
305 2670 504 2702 contradicunt,
516 2670 561 2704 qui
576 2670 664 2697 sciant
679 2671 753 2697 verbi
766 2670 835 2698 bella
854 2675 984 2698 tractare.

234 2738 258 2754 ³⁸
270 2738 281 2765 1
292 2738 362 2766 Tim.
376 2747 406 2771 tt,
422 2740 449 2766 4.
488 2739 511 2756 ³⁸
522 2739 599 2772 Luc.,
626 2747 678 2772 vlt,
702 2740 745 2773 ﬂ,
760 2739 805 2767 η.

235 2796 400 2837 (45)__(_lodex
414 2798 510 2837 _Sancti
531 2799 701 2833 Theoderici,
724 2809 733 2826 α
753 2801 849 2828 intueri
868 2809 938 2829 nunc
955 2802 983 2829 li-

201 2830 246 2857 bet
263 2830 326 2866 mihi
342 2833 478 2866 populum.
495 2844 504 2859 ι

239 2865 294 2901 (ιϐ)
314 2865 403 2894 Codex
431 2868 522 2896 Sancti
537 2868 708 2902 Theoderici,
721 2880 729 2895 ‹
742 2870 852 2898 Eleazar
861 2872 988 2900 sacerdos

844 2739 866 2756 ³⁷
884 2740 961 2768 Num.
983 2749 1058 2774 nm,
1078 2741 1124 2768 2L

1039 2259 1149 2286 virtutis
1160 2264 1234 2290 sunt,
1247 2258 1294 2293 qui
1306 2258 1339 2285 ad
1353 2258 1453 2285 bellum
1469 2259 1628 2293 procedunt.
1643 2258 1670 2284 Si
1685 2258 1747 2292 quis
1763 2266 1822 2284 vero

1038 2311 1156 2339 pugnare
1168 2312 1220 2331 non
1235 2303 1301 2336 vult,
1314 2311 1363 2331 nec
1376 2303 1502 2335 militare,
1515 2303 1537 2330 si
1551 2303 1611 2337 quis
1627 2311 1680 2330 non
1701 2303 1758 2330 vult
1776 2304 1821 2330 ha-

1037 2351 1102 2377 bere
1114 2355 1251 2377 certamen
1266 2350 1418 2377 studiorum
1431 2349 1589 2377 divinorum
1601 2354 1629 2376 et
1642 2349 1820 2380 abstinentizr,

1037 2395 1082 2422 hic
1093 2402 1146 2422 non
1162 2395 1219 2421 vult
1232 2394 1344 2429 implere
1359 2394 1424 2422 illud
1449 2395 1519 2430 quod
1542 2394 1688 2429 Apostolus
1703 2395 1768 2421 dicit
1780 2395 1819 2420 ":

1039 2450 1048 2468 ι
1069 2441 1120 2474 Qui
1133 2446 1222 2469 autem
1237 2441 1263 2467 in
1278 2447 1364 2476 agone
1382 2441 1532 2472 contendit,
1544 2440 1578 2467 ab
1601 2441 1729 2468 omnibus
1740 2441 1821 2468 conti-

1037 2494 1104 2515 nens
1117 2491 1167 2514 est.
1184 2496 1193 2513 t
1215 2486 1267 2520 Qui
1289 2494 1353 2521 ergo
1365 2494 1418 2513 non
1431 2487 1570 2514 contendit
1592 2487 1617 2513 in
1640 2493 1739 2521 agone,
1752 2491 1778 2513 et
1789 2487 1820 2513 ah

1037 2533 1164 2561 omnibus
1180 2541 1233 2560 noti
1257 2538 1298 2561 est
1316 2533 1470 2566 continens,
1483 2540 1570 2566 neque
1590 2533 1715 2560 exerceri
1729 2533 1818 2560 vultin

1037 2581 1120 2606 verbo
1134 2579 1192 2611 Dei,
1205 2582 1231 2605 et
1247 2578 1272 2604 in
1287 2578 1344 2613 lege
1357 2578 1460 2605 Domini
1484 2579 1606 2605 tueditari
1620 2579 1663 2606 die
1682 2585 1715 2605 ac
1736 2583 1818 2608 nocte.

1037 2625 1081 2652 hic
1091 2623 1198 2651 etiamsi
1208 2623 1250 2650 vir
1266 2623 1432 2656 dicatur,vir
1446 2628 1534 2650 tamen
1548 2623 1656 2650 virtutis
1669 2631 1724 2650 non
1737 2628 1819 2658 potest

1037 2670 1180 2705 appellari.
1196 2669 1232 2696 At
1244 2676 1308 2696 vero
1323 2669 1377 2702 hic,
1390 2669 1424 2696 de
1437 2676 1490 2703 quo
1507 2675 1578 2696 nunc
1589 2676 1680 2697 sermo
1695 2673 1737 2696 est
1751 2667 1819 2696 Scri-

1162 2741 1184 2756 ³⁸
1196 2740 1206 2768 l
1217 2740 1280 2768 Cor.
1302 2749 1340 2773 tx,
1354 2740 1399 2768 25.

1037 2810 1089 2829 non
1101 2803 1133 2830 ad
1148 2809 1242 2828 omnes
1254 2801 1326 2828 viros
1338 2800 1445 2828 virtutis
1457 2801 1501 2835 qtti
1513 2798 1721 2827 revertebantur
1736 2799 1769 2828 atl
1778 2803 1825 2834 poi

1036 2838 1126 2870 pulum
1142 2837 1246 2865 locutus
1259 2841 1312 2871 est,
1330 2836 1376 2863 sed
1396 2836 1429 2863 ad
1447 2843 1493 2864 eos
1508 2839 1622 2867 tantum,
1644 2843 1655 2860 ι
1673 2839 1728 2862 etc.
