1902 3052
75 103 133 131 769

650 105 684 132 rN
700 105 867 134 NUMEROS
884 106 1028 136 nouum
1045 109 1128 138 xxv.
1156 90 1162 93 ’

1659 115 1711 143 770

75 169 166 199 plura:
180 163 289 196 divina},
311 164 358 199 qui
371 163 455 197 spolia
467 163 502 191 de
514 163 638 191 hostibus
652 165 746 199 refert,
760 165 804 192 vir
815 167 870 193 vir-
885 168 908 196 Α
922 172 964 194 cet
981 168 1102 196 historia:
1124 174 1223 197 textus.
1239 169 1371 198 Exierunt
1387 170 1431 198 isti
1455 179 1572 206 pugnare
1588 179 1635 206 pro
1650 173 1712 200 llliis

77 210 148 238 tutis
165 209 336 244 appellatur:
353 211 406 237 hoc
418 214 460 237 est
484 210 556 237 enim
584 210 672 238 laudis
685 210 742 244 ejus
754 211 869 246 insigne,

75 255 152 291 quod
166 255 307 290 Scriptura
323 256 474 290 dicit,quia
488 255 594 284 loculus
605 261 645 283 est
657 256 769 284 Eleazar
780 264 871 285 sacer-

75 302 128 330 dos
150 302 182 328 ad
205 302 278 329 viros
299 302 420 335 virtutis,
442 302 487 336 qui
509 302 716 330 revertebantur
732 311 745 330 a
767 304 870 338 praelia.

75 346 146 380 Quis
157 352 278 374 nostrum
290 347 327 374 ita
339 355 370 382 pa
377 351 450 374 ratus
464 352 515 380 est,
531 355 560 375 ut
571 351 700 384 procedat
725 350 757 376 ad
769 349 869 377 bellum

75 396 106 420 et
119 397 214 420 contra
228 393 399 420 adversarios
414 394 534 427 dimicet,
550 400 579 422 ut
598 400 625 423 et
646 396 702 430 ipse
726 396 767 422 vir
786 395 871 429 possit

75 440 207 475 appellari
231 440 342 467 virtutis
362 439 466 467 ?Sicut
490 445 580 468 autem
601 442 655 469 vita
675 442 829 474 continens,
844 446 871 469 et

76 485 252 513 abstinentia:
263 485 349 518 labor,
366 490 449 519 atque
460 493 576 520 agonum
593 481 754 518 certamina,
769 486 871 514 faciunt

76 539 303 565 unumquemque
318 531 407 558 virum
430 531 539 559 virtutis
561 531 714 566 appellari:
732 533 766 558 ita
789 539 870 559 econ-

76 578 166 606 trario
192 578 305 605 remissa
318 577 384 610 vita,
402 585 433 605 ac
461 578 612 614 negligens,
627 583 652 605 et
683 579 790 612 ignava,
804 578 870 606 facit

75 623 170 650 virum
191 623 308 657 ignavia:
333 623 473 658 appellari.
490 623 518 651 Si
542 632 609 659 ergo
631 624 672 651 vis
687 624 815 658 appellari
829 625 871 651 vir

76 671 200 702 virtutis,
224 670 307 697 indue
327 674 353 697 te
376 670 514 698 Christum
531 671 686 703 Dominum,
704 671 748 706 qui
763 676 804 698 est
822 671 869 698 Dei

76 716 179 748 virtus,
192 721 218 742 et
240 715 286 743 Dei
303 716 446 751 sapientia,
458 721 486 743 et
510 717 537 744 in
563 717 690 744 omnibus
713 717 830 752 adjnuge
846 721 870 744 te

78 762 204 795 Domino,
224 762 260 789 ita
278 767 307 789 ut
327 771 396 789 unus
418 770 477 789 cum
499 771 531 790 eo
549 763 662 797 spiritus
679 763 738 796 tias,
753 768 778 790 et
805 767 870 791 tunc

76 808 119 835 vir
128 808 236 836 virtutis
256 809 389 836 cliicieris.
401 809 517 844 Tempus
543 810 624 844 igitur
645 810 708 837 belli
731 810 808 837 nobis
829 815 871 837 est

76 855 103 881 in
125 855 176 882 hoc
199 855 299 882 mundo
317 874 325 885 ,
345 863 432 890 pugna
457 856 589 884 adversus
617 856 780 883 Madianitas
805 861 866 888 est,

75 901 134 928 sive
159 901 302 929 adversum
331 902 396 929 vitia
422 903 515 930 carnis
545 908 655 934 nostra),
685 903 743 930 sive
769 902 868 930 adver-

75 956 135 974 sum
167 948 318 975 contrarias
352 952 510 982 potestates.
537 949 648 984 Spectat
678 957 727 977 nos
756 949 866 984 angelo-

74 1000 134 1018 rum
157 993 269 1026 chorus,
284 994 414 1020 virtutum
430 994 579 1021 caelestium
600 996 644 1029 pia
658 1003 722 1030 erga
737 1003 787 1023 nos
800 1003 867 1030 pen-

73 1039 120 1065 det
134 1040 314 1073 exspectatio,
331 1041 440 1074 quando
453 1041 495 1068 vel
508 1042 644 1074 quomodo
661 1042 694 1068 de
707 1041 758 1068 hoc
772 1042 867 1076 praelia

74 1090 255 1117 revertamur,
266 1085 331 1120 quid
344 1086 530 1122 unusquisque
542 1092 664 1115 nostrum
676 1088 866 1115 manubiarum

73 1133 197 1163 reportet
216 1138 223 1157 :
236 1134 264 1157 et
278 1131 418 1158 intuentur
433 1132 578 1163 curiosius,
594 1140 626 1159 ac
641 1132 786 1160 sollicitius
808 1141 867 1168 per-

71 1180 244 1208 serutantur,
262 1177 323 1211 quis
343 1181 465 1204 nostrum
482 1177 542 1204 auri
564 1178 628 1205 hinc
649 1178 765 1213 amplius
785 1179 865 1212 l'erat,

72 1221 134 1254 quis
158 1221 242 1248 etiam
264 1222 368 1256 argenti
393 1223 458 1250 illud
481 1224 586 1257 pondus
610 1224 749 1256 exhibeat,
772 1225 866 1258 quisve

73 1266 178 1301 lapides
203 1266 308 1295 deferat
321 1268 467 1302 pretiosos.
489 1268 641 1303 Requirunt
664 1270 745 1296 etiam
760 1269 782 1296 si
805 1271 866 1304 quis

71 1320 111 1340 aes
124 1311 229 1340 deferat
245 1319 293 1340 aut
307 1314 420 1347 ferrum,
434 1319 481 1341 aut
499 1315 647 1349 plumbum,
661 1315 708 1342 sed
731 1320 758 1343 et
773 1323 821 1343 vas
837 1315 868 1342 Ιί-

71 1365 171 1394 gneum
184 1359 206 1386 si
221 1358 292 1387 forte
304 1360 416 1394 aliquis,
439 1366 486 1387 aut
510 1360 602 1393 ﬁctile,
615 1365 662 1388 aut
673 1361 751 1395 aliud
774 1360 867 1395 hujus-

71 1404 145 1432 modi
161 1412 264 1440 magna;
285 1405 379 1432 domus
402 1405 496 1432 usibus
513 1407 709 1434 necessarium.
725 1415 734 1432 ι
757 1406 784 1434 In
810 1415 866 1434 ma—

73 1458 127 1485 gna
149 1451 223 1478 enim
244 1452 323 1479 domo
339 1459 391 1480 non
411 1457 475 1479 sunt
491 1452 677 1480 tantummodo
699 1459 762 1480 vasa
782 1460 864 1480 aurea

885 837 907 864 B

924 211 1017 245 Israel,
1035 213 1232 241 interfecerunt
1246 214 1406 243 Madianitas
1421 225 1428 248 ;
1448 216 1640 244 interﬁcientcs
1663 225 1711 245 au—

924 261 976 284 tem
1005 266 1069 290 eos,
1100 265 1229 294 quantum
1254 261 1286 287 ad
1312 261 1433 289 historia:
1459 262 1582 290 ordinem
1608 268 1710 297 spectat

922 309 948 331 et
965 304 1081 332 litteram
1099 306 1176 340 legis,
1192 307 1351 340 placuerunt
1368 307 1434 340 Deo,
1449 309 1613 335 voluntatem
1635 317 1710 336 nam-

922 356 974 383 que
992 349 1037 376 Dci
1054 350 1246 384 impleverunt;
1270 356 1359 379 tamen
1382 353 1433 380 hoc
1451 353 1521 387 ipso,
1538 354 1608 388 quod
1627 355 1711 381 inter-

922 394 1046 422 fecerunt
1068 395 1250 428 adversarios,
1269 397 1400 425 immundi
1427 399 1552 426 dicuntur
1570 398 1669 430 cilecti.
1685 405 1711 426 et

922 445 1064 475 propterea
1089 441 1187 468 dicitur
1203 442 1236 469 ad
1261 449 1308 469 eos
1324 443 1345 459 “
1362 452 1368 470 :
1387 452 1396 468 ι
1422 443 1455 470 Ει
1476 443 1599 470 lavabitis
1626 445 1711 470 vesti-

923 491 1012 512 menta
1028 492 1117 514 vestra
1141 487 1184 514 die
1205 489 1330 521 septima,
1347 494 1373 515 et
1389 489 1480 516 mutuli
1497 489 1583 520 eritis.
1600 494 1626 515 et
1652 495 1712 522 pom

923 533 979 558 haec
989 533 1132 560 introibitis
1143 534 1168 560 in
1180 540 1281 562 castra.
1291 544 1299 560 ι
1309 535 1378 569 Ergo
1388 535 1414 560 hi
1425 534 1468 568 qui
1482 539 1611 569 pugnant,
1622 542 1670 568 pro
1678 543 1710 560 eo

921 578 1003 613 369
1031 580 1089 614 ipso
1115 580 1185 614 quod
1200 581 1370 615 conitigerunt
1388 581 1480 607 hostes
1495 581 1658 611 immundos,
1680 585 1707 607 et

922 624 994 657 quod
1009 624 1124 658 ingressi
1148 629 1212 651 sunt
1232 631 1326 652 contra
1344 633 1401 657 eos,
1426 630 1454 652 et
1475 625 1620 652 habuerint
1647 633 1708 652 cum

922 670 961 697 cis
987 675 1137 702 certamen,
1167 671 1261 706 polluti
1288 677 1361 698 sunt.
1383 672 1415 698 Et
1434 679 1485 706 ego
1511 679 1576 706 ergo
1601 671 1708 698 etiamsi

923 716 1033 743 vincere
1062 722 1176 751 potuero
1207 717 1362 750 diabolum,
1396 717 1503 744 etiamsi
1529 717 1710 751 cogitationes

923 762 1075 788 imtnuudas
1091 768 1118 789 et
1135 762 1232 794 malas,
1258 771 1325 797 quas
1341 763 1417 790 cordi
1434 770 1495 790 meo
1517 763 1650 797 suggerit,
1669 763 1710 789 Vel

923 807 1054 842 repellere
1075 808 1225 840 venientes,
1240 809 1281 835 vel
1308 809 1445 844 ingressas
1460 816 1560 835 necare
1577 809 1646 836 intra
1657 816 1710 841 me,

922 862 956 881 ue
971 855 1004 881 ad
1020 854 1145 882 effectura
1167 856 1338 889 perveniant,
1366 856 1490 890 quivere,
1513 860 1540 881 et
1564 855 1586 881 si
1604 854 1713 881 calcare

919 907 1033 935 potuero
1055 906 1137 935 caput
1156 902 1291 932 draconis,
1310 901 1359 928 hoc
1381 901 1439 935 ipso
1453 905 1543 927 tamen
1561 899 1639 934 pollui
1667 906 1710 925 me

918 952 945 974 et
961 947 1099 981 inquinari
1117 955 1230 975 necesse
1247 952 1300 979 est,
1316 949 1386 982 quod
1402 955 1463 974 eum
1477 948 1523 982 qui
1541 946 1658 981 pollutus
1683 949 1711 972 et

919 992 1077 1027 inquinatus
1091 997 1143 1026 est,
1159 993 1277 1028 conligi;
1295 998 1322 1020 et
1336 1001 1383 1020 ero
1396 993 1505 1028 quidem
1521 993 1627 1024 beatus,
1637 993 1710 1025 quod

918 1046 979 1065 eum
999 1045 1128 1072 superare
1140 1039 1225 1072 potui,
1239 1038 1395 1065 immundus
1416 1044 1506 1065 tamen
1528 1046 1586 1065 sum
1606 1043 1633 1065 et
1651 1039 1710 1073 pol-

917 1083 1001 1116 lutus,
1019 1083 1064 1118 qui
1081 1083 1212 1118 pollutum
1230 1083 1343 1117 conligi,
1358 1088 1386 1110 et
1407 1084 1442 1110 ob
1457 1084 1509 1111 hoc
1522 1084 1710 1118 puriﬁcatione

918 1136 995 1163 egeo.
1020 1129 1123 1156 idcirco
1137 1129 1265 1155 nimirum
1284 1134 1308 1155 et
1335 1129 1476 1163 Scriptura
1501 1130 1588 1156 dicit:
1612 1129 1634 1145 ⁵³
1645 1129 1709 1163 quia

920 1184 929 1200 ι
946 1182 1025 1202 nemo
1041 1175 1156 1201 mundus
1176 1182 1190 1201 a
1215 1175 1305 1201 sorde.
1326 1183 1335 1199 ›
1358 1175 1459 1201 Omnes
1487 1183 1553 1209 ergo
1579 1177 1707 1209 puriﬁca-

919 1220 991 1246 tione
1007 1219 1170 1254 indigemus,
1192 1219 1246 1245 imo
1265 1219 1512 1254 puriﬁcationibus.
1531 1220 1619 1248 Multa:
1636 1224 1708 1250 enim

917 1270 944 1292 et
962 1265 1076 1292 diversae
1092 1273 1141 1292 nos
1161 1270 1271 1292 manent
1296 1265 1511 1299 puriﬁcationes.
1527 1268 1580 1294 Sed
1595 1270 1708 1304 mystica

917 1310 974 1337 hanc
988 1316 1052 1338 sunt
1067 1315 1095 1338 et
1108 1310 1270 1339 inell‘abilia.
1288 1311 1355 1344 Quis
1374 1312 1448 1339 enim
1476 1314 1554 1340 nobis
1579 1321 1710 1342 enarrare

916 1357 1036 1391 poterit,
1065 1365 1126 1392 qum
1155 1357 1210 1383 sint
1236 1357 1461 1390 puriﬁcationes,
1494 1367 1553 1393 quae
1579 1365 1710 1394 parentur

916 1402 1011 1435 Paulo,
1035 1404 1077 1431 vel
1102 1404 1182 1431 Petro
1207 1405 1275 1439 (59),
1306 1405 1347 1432 vél
1363 1406 1425 1433 aliis
1446 1406 1542 1432 horum
1562 1407 1709 1440 similibus,

916 1449 960 1483 qui
977 1454 1079 1475 tantum
1094 1455 1292 1484 pugnaverunt,
1315 1455 1354 1477 tot
1367 1455 1461 1485 gentes
1487 1451 1618 1478 barbaras
1635 1453 1709 1480 dele-

70 1502 98 1524 ct
119 1501 258 1532 argentea,
273 1497 319 1525 sed
331 1502 358 1525 et
380 1497 467 1532 lignea
481 1503 508 1525 et
522 1497 614 1525 ﬁctilia
630 1498 664 1525 ³⁸.
685 1507 694 1524 ι
709 1499 866 1533 Requiritur
879 1504 900 1533 α
916 1499 1024 1526 verunt,
1042 1499 1080 1522 tot
1099 1496 1190 1522 hostes
1215 1499 1433 1529 prostraverunt,
1456 1502 1530 1524 tanta
1545 1498 1644 1531 spolia,
1667 1503 1705 1525 tot

71 1550 138 1578 ergo
152 1542 296 1576 diligenter
310 1550 371 1570 eum
384 1543 533 1570 abierimus
547 1543 618 1576 illuc,
637 1543 700 1577 quid
718 1544 866 1577 unusquis-

70 1595 124 1623 que
141 1593 263 1616 noslram
275 1587 386 1621 delerat,
399 1592 426 1615 et
443 1588 591 1615 secundum
607 1595 639 1615 ea
653 1595 713 1622 quae
730 1588 866 1621 detulerit,

73 1634 224 1662 secundum
251 1634 323 1669 quod
343 1633 420 1661 labor
434 1634 494 1669 ejus
511 1641 560 1668 pro
571 1633 801 1668 contemplatione
818 1640 867 1660 ex-

72 1680 197 1707 uviarum
210 1679 348 1714 probatur,
367 1680 449 1707 etiam
465 1679 614 1707 mansionis
627 1679 683 1715 (47)
701 1679 725 1707 ei
741 1679 867 1707 meritum

71 1727 258 1762 deputabitur.
275 1726 429 1754 Probantur
443 1733 533 1754 tamen
553 1726 643 1753 omnia
657 1725 714 1752 haec
728 1733 736 1752 :
749 1732 808 1759 quae
820 1732 868 1759 per

73 1775 162 1809 ignem
176 1795 184 1807 ,
203 1781 264 1809 quae
286 1781 336 1809 per
361 1781 457 1808 aquam
480 1781 487 1799 :
511 1781 521 1799 ‹
544 1771 764 1806 Uniuscujusque
794 1771 866 1798 enim

71 1829 141 1857 opus
160 1819 240 1855 quale
254 1821 300 1854 sit,
314 1820 385 1856 ignis
400 1819 568 1855 probabit“.
587 1827 597 1844 ›

106 1870 134 1897 6.
150 1869 299 1903 Propterea
315 1874 381 1902 ergo
410 1867 448 1893 ait
464 1866 485 1881 ’δι
505 1874 511 1892 :
532 1874 541 1891 ι
566 1865 630 1892 Haec
654 1864 867 1899 cstjustiliratio

71 1917 149 1953 legis,
160 1923 239 1951 quam
250 1915 390 1943 constituit
398 1914 525 1942 Dominus
534 1913 616 1948 Moysi
631 1920 637 1939 :
651 1918 749 1948 praeter
758 1919 864 1944 aurum,

71 1969 97 1991 el
108 1968 263 1999 argentum,
276 1966 301 1989 et
309 1965 498 1993 aeramentum,
509 1963 535 1987 et
551 1959 664 1993 ferrum,
674 1965 701 1986 et
715 1958 864 1993 plumbum,

70 2016 97 2037 et
105 2015 245 2042 stannum,
259 2014 286 2036 et
298 2009 386 2036 omnis
400 2015 444 2035 res
455 2014 514 2041 quae
527 2006 624 2033 transit
637 2012 685 2039 per
695 2005 794 2040 ignem,
811 2009 867 2031 tra-

72 2056 163 2084 ducite
178 2062 227 2090 per
242 2055 333 2088 ignem
344 2059 370 2081 et
385 2052 569 2080 inundabitur.
584 2051 636 2079 Sed
650 2055 677 2079 et
693 2051 719 2078 iu
733 2057 801 2086 aqua
817 2058 866 2085 pu-

70 2102 233 2130 riﬁcationis
254 2101 481 2137 puriﬁcabuntur.
501 2098 598 2127 Omnia
620 2105 788 2133 quaecunque
811 2104 865 2124 non

70 2153 214 2176 transeunt
229 2155 277 2183 per
295 2148 399 2183 ignem,
411 2146 564 2174 transibunt
592 2152 640 2179 per
657 2150 767 2178 aquam,
785 2149 812 2170 et
826 2143 865 2169 la—

921 1539 1072 1573 triumphos
1088 1542 1229 1574 ceperunt,
1241 1541 1287 1575 qui
1307 1542 1429 1568 cruentis
1443 1543 1569 1569 manibus
1583 1543 1616 1570 de
1633 1545 1708 1570 caede

920 1586 1037 1613 hostium
1055 1586 1180 1617 redeunt,
1200 1594 1316 1620 quorum
1345 1595 1393 1622 pes
1410 1588 1509 1615 tinctus
1532 1593 1572 1615 est
1591 1589 1615 1615 in
1642 1598 1707 1615 sau-

919 1631 1010 1665 guine,
1026 1635 1053 1657 cl
1077 1638 1175 1659 manus
1192 1639 1255 1659 suas
1269 1632 1397 1660 laverunt
1419 1633 1445 1660 in
1460 1634 1594 1668 sanguine
1611 1641 1708 1668 pecca-

920 1678 1034 1704 torum?
1063 1677 1261 1705 interfecerunt
1277 1678 1376 1713 quippe
1400 1679 1425 1705 in
1451 1680 1590 1706 matutinis
1613 1687 1708 1707 omnes

918 1727 1075 1757 peccatores
1096 1728 1185 1757 terrae,
1205 1728 1234 1750 et
1254 1724 1399 1758 imaginem
1415 1731 1509 1751 eorum
1538 1725 1707 1752 extermina-

919 1772 1016 1795 verunt
1029 1767 1062 1795 de
1072 1767 1182 1795 civitate
1204 1767 1320 1795 Domini.
1337 1769 1466 1795 \‘iceruut
1477 1770 1576 1804 quippe
1591 1774 1619 1797 et
1630 1778 1708 1805 pere-

919 1818 1028 1840 merunt
1051 1814 1176 1841 diversas
1191 1814 1343 1840 dmmonum
1370 1820 1477 1849 gentes.
1500 1816 1558 1842 Nisi
1578 1817 1650 1842 enim
1666 1817 1707 1843 vi-

919 1860 1020 1887 cissent
1032 1867 1091 1891 eas,
1108 1868 1160 1887 non
1177 1861 1329 1895 potuissent
1346 1868 1444 1895 capere
1460 1868 1492 1888 ex
1510 1862 1550 1888 eis
1572 1862 1704 1896 captivos,

917 1913 1028 1934 omnem
1057 1907 1128 1932 hunc
1144 1905 1313 1933 credentium
1338 1911 1492 1937 numerum,
1507 1911 1535 1932 et
1558 1907 1706 1940 perducere

918 1959 964 1980 eos
980 1951 1012 1980 ad
1029 1950 1211 1979 obedientiam
1239 1951 1355 1983 Christi,
1377 1956 1405 1978 et
1430 1951 1547 1978 subdere
1573 1959 1620 1979 eos
1638 1952 1703 1986 jugo

917 1997 976 2033 ejus
991 1997 1078 2029 suavi,
1093 2001 1120 2023 et
1145 1996 1285 2030 imponere
1308 1996 1348 2023 eis
1364 2003 1432 2022 onus
1457 1996 1515 2029 ejus
1540 1995 1611 2023 leve.
1637 1996 1704 2030 Quis

918 2051 983 2078 ergo
995 2044 1031 2070 ita
1046 2044 1142 2071 beatus
1153 2048 1206 2076 est,
1221 2044 1266 2078 qui
1283 2042 1413 2069 succedat
1427 2043 1467 2069 eis
1484 2042 1509 2069 in
1536 2042 1578 2069 his
1591 2042 1703 2076 prmliis,

918 2095 945 2117 et
960 2089 1107 2117 interﬁciat
1119 2097 1214 2116 omnes
1233 2088 1406 2122 Madianitas,
1434 2092 1462 2115 et
1483 2088 1650 2123 justiﬁcetur
1670 2095 1703 2114 ex

918 2136 1049 2170 sanguine
1059 2143 1153 2164 eorum
1166 2135 1177 2162 l
1200 2135 1365 2170 Sanguinem
1389 2134 1461 2162 enim
1475 2134 1629 2161 daemonum
1645 2133 1705 2160 lun-

69 2195 171 2223 vabitis
185 2179 348 2222 vestimenta
362 2198 451 2221 vestra
466 2193 509 2220 die
526 2185 651 2227 septima,
663 2195 690 2217 et
707 2190 796 2217 mundi
814 2189 864 2216 eri-
881 2183 903 2210 D
917 2182 981 2208 dere
998 2181 1107 2212 dicitur.
1122 2180 1167 2214 (Ιυί
1186 2180 1267 2214 Grip“-
1281 2187 1329 2207 905
1343 2179 1443 2214 ιιυίὺυε
1459 2179 1496 2206 “li
1514 2179 1704 2227 Ψξπιίηξυηυτο

70 2243 116 2273 tis,
135 2246 163 2268 et
184 2245 244 2275 post
262 2241 320 2268 hate
337 2239 483 2266 introibitis
507 2238 533 2264 in
555 2239 657 2264 castra.
676 2243 686 2260 ι
703 2234 784 2261 Vides
796 2241 863 2268 quov

69 2287 152 2314 modo
180 2285 368 2321 puriﬁcatione
395 2284 497 2318 indiget
522 2282 620 2313 omnis,
637 2280 685 2314 qui
710 2279 809 2307 exierit
832 2279 866 2306 de

69 2332 164 2367 pralio
182 2331 245 2359 vita:
267 2330 355 2364 hujus.
373 2329 450 2363 Quod
464 2329 485 2356 si
503 2328 539 2354 ita
564 2331 607 2353 est
630 2325 698 2362 (48),
715 2329 743 2352 ιιι
765 2324 865 2358 aliquid

71 2378 188 2405 audeam
204 2377 295 2404 dicere
308 2376 455 2404 secundum
472 2373 618 2408 Scripturre
632 2372 731 2399 divina:
745 2370 865 2398 auctori-

69 2430 167 2457 tatem,
194 2424 282 2450 omnis
309 2423 354 2458 qui
370 2421 468 2449 exierit
488 2421 521 2447 de
544 2421 594 2446 hac
610 2420 678 2450 vita,
701 2425 755 2444 non
779 2421 867 2451 potest

71 2478 134 2499 esse
148 2469 274 2497 mundus.
292 2468 437 2497 Considera
456 2465 527 2494 enim
548 2464 689 2499 diligenter
706 2462 770 2497 quid
794 2461 866 2488 iudi-

111 2529 134 2545 "
152 2527 244 2554 lTim.
260 2534 290 2558 ιι,
306 2526 352 2553 20.
389 2524 411 2540 ⁵⁸
427 2524 435 2550 l
457 2522 520 2550 Cor.
539 2529 579 2555 ιιι,
595 2521 638 2547 15.

106 2611 168 2645 ,(47)
187 2610 277 2637 Codex
299 2608 328 2635 S.
343 2606 542 2645 Theodorici,r
566 2603 714 2643 secundum
743 2602 864 2645 laborem

71 2635 289 2679 uniuscuiusque
305 2651 354 2680 pro
368 2635 594 2680 contemplatione
606 2639 764 2666 exuviarum
779 2641 806 2663 et
827 2635 865 2661 la-

71 2681 298 2713 borprobabitur
313 2679 586 2713 ctiamrnansionis.»
738 2707 744 2712 π
781 2705 797 2713 μ
839 2706 844 2711 _

283 2723 293 2740 ι
313 2714 334 2740 si
349 2714 384 2740 ita
399 2717 450 2740 est.
470 2720 480 2737 ›
497 2710 574 2738 Libb.
598 2708 674 2739 editi,
696 2716 705 2730 ε
724 2707 745 2734 si
763 2705 864 2740 aliquid

74 2758 125 2781 εει.
152 2761 162 2778 1

109 2787 168 2822 (ιθ)

77 2823 206 2857 Origenes

184 2785 250 2819 Qua:
262 2788 388 2819 parentur
403 2781 490 2809 Paulo
505 2781 543 2808 vel
556 2778 647 2819 Petro.
659 2777 707 2805 Sic
723 2775 860 2819 interdum

232 2809 345 2848 βιῖιῆυῐιὶ
358 2809 483 2846 nominat
504 2821 567 2843 ante
585 2814 705 2846 Petrum,
725 2815 754 2837 ut
767 2809 861 2837 homil.

677 2519 698 2535 “
716 2519 796 2546 Num.
815 2525 892 2550 xxxi,
909 2517 954 2550 2i,
971 2516 1017 2547 9.9.,
1030 2515 1076 2548 9.5,
1090 2515 1136 2542 24.

918 2227 1065 2255 Lavabitur
1084 2232 1175 2254 autem
1194 2227 1243 2253 hoc
1259 2227 1401 2260 sanguine,
1427 2231 1455 2253 et
1471 2226 1663 2261 puriﬁcabilur
1677 2225 1704 2252 in

919 2281 1003 2309 regno
1018 2274 1076 2306 Dei,
1090 2278 1120 2300 ut
1136 2273 1296 2308 puriﬁcatus
1309 2277 1336 2300 et
1355 2272 1471 2299 mundus
1486 2271 1600 2298 effectus
1617 2272 1706 2306 possit

916 2322 1023 2357 ingredi
1057 2324 1180 2348 sanctam
1215 2321 1352 2348 civitatem
1390 2319 1453 2350 Dei,
1481 2318 1621 2353 aperiente
1652 2317 1704 2345 sibi

915 2368 1016 2395 ostium
1042 2367 1153 2395 Christo
1172 2366 1236 2394 Jesu
1258 2365 1372 2393 Domino
1398 2368 1502 2396 nostro,
1524 2364 1579 2391 imo
1595 2364 1640 2398 qui
1665 2368 1705 2390 est

916 2415 1014 2441 ostium
1023 2412 1141 2440 civitatis
1153 2412 1238 2447 ipsius
1251 2412 1312 2438 Dei:
1327 2411 1369 2438 cui
1380 2415 1420 2438 est
1429 2410 1514 2446 gloria
1527 2416 1553 2437 et
1563 2409 1704 2445 imperium

918 2460 945 2487 in
962 2460 1061 2487 saecula
1073 2458 1246 2487 steculorum.
1263 2459 1359 2485 Amen.

1174 2515 1196 2530 δ’
1211 2515 1276 2542 ibid.
1291 2513 1336 2541 24.
1375 2514 1397 2529 δ’
1410 2513 1470 2541 Job.
1484 2521 1540 2545 xtv,
1554 2512 1580 2538 xl.

915 2599 933 2626 2
947 2600 974 2626 in
989 2599 1112 2630 Iudices,
1127 2599 1145 2625 2
1159 2599 1187 2624 in
1214 2597 1344 2624 Ezechiel.
1366 2597 1402 2624 lta
1417 2597 1498 2624 etiam
1528 2601 1621 2623 auctor
1639 2595 1705 2622 Con-

914 2636 971 2661 stil.
983 2634 1098 2668 apostol.
1109 2634 1154 2660 Iih.
1172 2641 1232 2664 vui,
1245 2641 1303 2666 cap.
1316 2633 1351 2660 55
1367 2631 1584 2668 ςκυεεῡιζιὶκιοτ.
1598 2632 1645 2668 lib.
1656 2639 1704 2664 vit,

915 2677 974 2705 cap.
996 2666 1050 2701 ‘18;
1076 2669 1190 2705 Gregor.
1209 2669 1373 2705 Nazianzen.
1389 2673 1459 2694 orat.
1475 2666 1518 2698 16,
1529 2667 1587 2705 ⁸ειη)
1603 2666 1703 2697 liuent;

913 2702 1206 2740 Clirysostomus’libr.
1223 2703 1436 2740 De_rirginitqte,
1451 2702 1571 2740 cap._82,
1581 2706 1608 2740 et
1620 2709 1702 2728 serrn.

915 2739 953 2767 De
962 2737 1174 2769 mansuetudine,
1191 2743 1218 2765 et
1231 2737 1288 2770 alii,
1305 2737 1351 2764 sed
1369 2738 1470 2772 absque
1489 2737 1543 2764 ullo
1570 2737 1704 2772 pritnatus

912 2775 986 2802 I'etri
1006 2773 1173 2809 prtejudicio.
