1903 3052
190 117 239 144 ’ΠΙ

455 169 592 198 llOMlLIA
611 167 707 196 XXVI.

332 215 369 243 De
381 224 483 243 summa
496 214 600 242 numeri
610 214 728 248 ﬁliarum
743 212 839 239 Israel.

230 264 255 290 l.
276 262 448 290 Diﬂ'eretttias
468 267 528 288 esse
543 259 712 294 profectuum
727 263 753 285 et
767 258 929 285 meritorum
948 258 973 284 in

191 309 291 344 populo
315 308 443 338 lldelium,
469 306 490 333 si
510 306 571 340 quis
604 304 760 340 diligentius
787 304 909 330 intendat
935 303 976 330 le-

192 355 287 387 ctioni,
298 354 389 381 multis
404 353 430 380 in
442 353 509 380 locis
525 353 624 379 divinis
640 352 666 378 in
682 351 865 378 voluminibus
879 349 975 384 depre—

193 401 299 430 hendet.
313 400 370 427 Non
387 400 475 426 minus
504 403 592 426 atttem
610 399 678 430 htec,
694 402 721 424 et
737 405 769 425 ex
792 396 920 431 praesenti
933 396 975 423 le~

192 449 281 476 ctione
293 447 445 482 colligimus
463 446 498 473 de
512 453 544 473 eo
559 444 630 479 quod
651 443 781 477 scriptum
793 448 834 470 est
844 442 867 458 “
881 450 888 469 :
909 450 929 481 ιη
942 441 973 468 Et

191 493 412 522 accesseruutad
432 491 543 527 Moysen
557 497 652 517 omnes
671 489 716 523 qui
730 488 872 516 constituti
896 490 976 514 erant

191 541 328 576 principes
354 547 402 573 per
418 538 503 566 tribus
523 538 549 564 in
566 536 700 568 excrcitu,
721 535 821 562 tribttni
837 538 863 562 et
879 538 975 561 centu-

192 587 292 618 riones,
310 590 337 613 et
352 586 479 612 dixerunt
499 583 532 610 ad
555 583 666 618 Moysen
684 591 690 608 :
707 580 761 608 Nos
774 579 849 615 pueri
866 579 903 606 lui
918 579 976 606 eol-

191 633 304 667 legimus
332 638 466 658 summam
482 630 602 657 virorum
628 628 789 655 bellatorum
807 631 974 656 nostrorum,

151 694 157 697 —
190 682 218 704 et
242 684 294 704 non
309 676 437 703 dissensit
450 682 483 701 ex
510 674 589 701 nobis
604 673 762 708 quisquam,
778 675 806 698 et
828 670 976 698 obtulimus

192 729 289 748 tnuntts
315 721 441 752 Domino,
459 719 647 753 unttsquisquc
662 718 703 744 vir
727 717 909 751 quodcunque
933 715 975 742 in-

191 767 264 794 venit
278 774 325 793 vas
341 773 466 796 aureum,
488 769 623 797 torquem.
642 766 688 789 aut
705 761 826 789 viriolam
845 759 912 796 (50),
928 764 976 786 aut

192 812 332 843 annulum,
360 815 406 838 attt
423 810 556 840 dextrale.
576 814 623 836 attt
648 807 811 839 cateuulam,
829 806 862 832 ad
887 805 976 840 propi-

192 857 312 884 tiaudum
336 863 385 891 pro
409 855 486 882 nobis
508 862 599 881 coram
629 853 754 880 Domino.
782 861 791 878 ν
816 851 976 884 Loquuntur

191 910 256 937 ergo
271 903 304 928 ad
316 902 434 936 Moysem
448 900 526 927 electi
541 899 687 934 principes,
698 898 743 933 qui
760 896 898 924 constituti
914 899 977 922 sunt

192 955 274 981 super
287 946 447 976 exercitum,
461 950 487 972 et
506 952 555 978 pro
581 945 648 971 bene
664 944 746 978 gestis
761 942 842 969 rebus
865 948 975 968 munera

191 993 306 1020 oderunt
322 992 385 1025 Deo,
403 992 524 1018 dicentes
541 1000 547 1018 :
565 990 618 1016 Nos
631 990 706 1024 pueri
726 989 764 1015 ltti
792 996 898 1018 sumus,
925 987 973 1021 qtti

192 1039 346 1072 accepimus
357 1045 491 1064 summam
510 1036 669 1063 bellatorum
691 1035 806 1062 ﬁliorum
827 1034 919 1061 Israel.
932 1034 974 1060 Di-

159 1073 162 1077 .
190 1089 358 1112 cuutautem
375 1090 508 1109 summam
524 1081 689 1109 bellatorum
708 1080 814 1107 illorum
834 1079 975 1106 duodecim

158 1159 160 1161 _
193 1130 274 1156 tuillia
290 1129 422 1159 virorum,
438 1128 484 1161 qtti
500 1127 577 1154 electi
590 1130 696 1153 suntex
711 1125 837 1151 omnibtts
853 1123 977 1150 tribubus

191 1175 285 1206 lsracl,
314 1179 343 1200 ut
368 1172 546 1208 conﬂigerent
565 1172 696 1199 adversus
709 1170 882 1197 Madianitas.
907 1167 977 1195 Sunt

190 1229 255 1255 ergo
272 1220 297 1246 iu
314 1218 412 1254 populo
428 1218 474 1244 Dei
499 1217 644 1244 bellatores
658 1216 746 1248 rnttlti,
762 1219 825 1242 sunt
838 1218 866 1241 et
879 1213 976 1240 imbel-

191 1264 230 1291 les
253 1263 362 1298 phtrimi
381 1271 388 1288 :
405 1266 432 1288 et
449 1268 542 1288 rursus
569 1262 640 1287 inter
661 1259 806 1286 bellatores
824 1263 888 1285 sunt
913 1258 975 1291 qui-

190 1310 264 1340 dam,
278 1308 323 1342 qui
340 1307 508 1341 appellantur
523 1312 628 1332 summa
657 1304 830 1335 bellatorum,
857 1302 978 1329 eminen-

190 1355 276 1382 tiores
298 1353 358 1380 sine
373 1352 454 1379 dubio
472 1351 506 1378 iis
531 1351 576 1384 qui
599 1349 744 1377 bellatores
757 1349 892 1378 dicuntur.
907 1347 977 1374 sicut

190 1405 218 1427 et
246 1398 442 1425 eminentiores
460 1401 524 1423 sunt
545 1396 578 1422 ab
594 1395 748 1422 imbellibus
765 1394 920 1421 bellatores.
944 1393 978 1420 Et

191 1452 287 1472 rursus
299 1448 360 1470 sunt
377 1442 458 1476 aliqui
474 1441 603 1468 celsiores
615 1441 649 1468 ab
667 1440 712 1472 iis,
729 1440 776 1474 qui
796 1447 902 1466 summa
919 1439 976 1466 bel-

192 1491 308 1517 latorum
336 1488 401 1515 dicti
418 1492 504 1515 sunt:
523 1487 540 1513 ii
565 1486 670 1514 scilicet
693 1486 739 1520 qui
755 1485 895 1513 constituti
915 1489 978 1512 sunt

191 1543 273 1570 super
288 1541 334 1561 eos
349 1533 498 1567 principes,
520 1536 548 1559 et
574 1531 678 1566 praelati
695 1531 810 1566 singulis
826 1531 977 1565 quibusque

191 1580 310 1608 millibus
321 1579 485 1606 electorum.
499 1578 546 1605 Est
558 1585 624 1612 ergo
636 1577 721 1604 multa
742 1577 885 1604 diversitas
902 1577 929 1604 in
944 1584 977 1604 eo

189 1627 297 1658 ordine,
313 1626 359 1660 qui
379 1624 527 1652 bellatores
541 1624 722 1658 appellantur.
739 1623 792 1650 Sed
809 1628 835 1650 et
848 1624 918 1650 inter
936 1623 977 1656 ip-

192 1681 237 1700 sos
265 1671 387 1700 imbelles
419 1676 462 1698 est
489 1671 662 1698 nihilominus
692 1669 782 1704 aliqua
811 1669 975 1696 ditlerentia.

191 1719 246 1747 Nec
267 1718 316 1750 ipsi
332 1717 405 1745 enim
418 1717 558 1751 aequaliter
583 1721 610 1743 et
626 1723 680 1743 uno
701 1715 797 1742 ordine
817 1722 912 1742 oumes
929 1722 977 1749 ap-

190 1763 323 1800 pellantur
338 1763 469 1790 imbelles.
481 1762 598 1795 Quidam
617 1761 692 1788 enim
709 1762 745 1787 ita
767 1761 890 1788 imbelles
902 1764 976 1791 sunt,

190 1815 218 1836 ut
232 1815 368 1844 nunquam
383 1808 486 1843 possint
507 1807 564 1835 ﬁeri
588 1807 745 1839 bellatores,
768 1812 796 1833 ut
818 1810 860 1833 est
884 1805 977 1833 senilis

189 1861 265 1887 artas,
291 1859 319 1881 et
346 1854 436 1881 omnis
461 1853 596 1880 femineus
623 1859 715 1884 sexus,
747 1852 793 1879 sed
815 1856 842 1878 et
858 1850 976 1878 conditio

189 1901 305 1929 servilis.
323 1900 439 1928 Puerilis
455 1907 519 1927 vero
536 1905 602 1926 tetas
621 1899 658 1926 ita
669 1898 787 1925 imbellis
797 1901 849 1929 est,
863 1901 891 1924 ut
902 1904 976 1932 spem

189 1952 266 1981 gerat
282 1946 427 1981 aliquando
453 1946 512 1973 ﬁeri
528 1945 666 1976 bellatrix,
687 1944 794 1972 scilicet
805 1951 866 1970 cum
881 1950 979 1970 occur-

189 1994 254 2020 rerit
267 1993 325 2027 (5|)
340 1993 367 2019 in
385 1993 472 2019 virutn
489 1990 651 2026 perfectum,
665 1990 692 2016 in
709 1997 865 2016 mensuram
876 1989 976 2021 atatis,

191 2045 255 2065 tunc
266 2045 317 2064 non
342 2037 429 2064 solum
444 2036 592 2064 bellatores
609 2035 667 2062 ﬁeri
683 2041 716 2061 ex
732 2033 835 2068 pueris,
848 2034 896 2060 sed
909 2038 938 2060 et
950 2034 977 2060 in

190 2089 322 2110 summam
335 2082 494 2109 bellatorum
504 2081 599 2108 venire
608 2087 638 2107 se
648 2083 769 2114 sperant,
780 2083 809 2106 et
819 2086 879 2106 esse
887 2079 977 2113 electl,

189 2129 258 2156 etin
283 2128 426 2155 duodecim
448 2128 566 2155 millibus
582 2126 735 2158 numerari,
747 2125 790 2153 vel
805 2126 886 2153 etiam
909 2133 979 2160 prae-

190 2174 269 2206 ferri,
281 2178 309 2201 et
324 2181 384 2201 esse
398 2174 534 2208 principes
546 2173 708 2200 electorum.

224 2221 252 2247 2.
279 2220 426 2247 Considera
445 2227 516 2246 nunc
542 2219 685 2254 praesentis
699 2217 791 2247 saéculi
811 2223 924 2252 statum,
949 2223 975 2246 et

190 2266 251 2293 vide
264 2266 357 2292 omnia
373 2265 451 2292 bellis
470 2265 584 2299 repleta,
600 2272 763 2299 omnemque
777 2265 921 2292 humanam
935 2264 976 2291 vi-

191 2317 245 2339 tam
267 2311 449 2339 invisibilibus
470 2310 570 2346 praeliis
595 2316 623 2338 et
647 2311 898 2346 impugnationibus
921 2311 976 2338 dab

191 2365 299 2384 montum
324 2356 487 2391 perurgeri:
507 2356 534 2383 in
550 2356 651 2391 populo
669 2364 733 2383 vero
754 2356 799 2383 Dei
815 2363 877 2383 esse
895 2363 977 2390 quos-

190 2404 251 2430 dam
280 2404 316 2429 ita
343 2402 469 2430 robustos
493 2403 544 2430 fide
571 2407 745 2438 armatosque
767 2403 924 2433 virtutibus,
948 2405 978 2428 ιιι

192 2450 334 2476 adversum
362 2447 515 2482 huiusmodi
544 2448 638 2475 hostes
659 2448 783 2483 quotidie
811 2447 880 2475 bella
894 2446 979 2474 cond.

190 2494 274 2524 ciant,
290 2498 316 2520 et
331 2500 439 2527 semper
452 2493 477 2519 itt
492 2493 635 2527 procinctu
651 2492 734 2527 positi
752 2499 806 2519 non
829 2491 916 2518 solum
933 2498 979 2517 se-

191 2540 330 2574 metipsos,
345 2539 391 2565 sed
411 2543 524 2565 caeteros
551 2539 596 2572 qui
612 2538 653 2564 vel
675 2546 722 2572 per
745 2544 853 2570 sexum,
869 2537 910 2564 vel
931 2544 979 2570 per

189 2590 306 2617 :ntatetn,
319 2584 361 2611 vel
374 2591 422 2619 per
435 2584 575 2611 servitutis
590 2583 776 2610 conditionem
791 2591 914 2618 pugnare
923 2592 976 2611 non

223 2667 246 2683 “
261 2667 339 2694 Num.
355 2674 429 2697 χχιιι,
442 2667 487 2698 ιε,
497 2666 541 2698 49,
554 2666 598 2693 50.

224 2713 280 2747 (50)
302 2713 353 2740 Pro
370 2723 379 2738 ‹
404 2714 539 2748 viriolam,
563 2723 572 2740 ι
592 2715 676 2742 codex
692 2713 723 2741 S.
740 2714 904 2743 Theoderici
920 2715 972 2742 ha-

189 2749 245 2779 bet,
260 2758 269 2773 ι
289 2749 435 2775 armillam.
455 2758 464 2774 ι

190 2783 279 2843 ri'(5‘!)
297 2782 361 2809 Mss.
387 2791 396 2808 ι
420 2785 582 2812 occurrerit.
606 2795 616 2812 ι
634 2786 713 2814 Libb.
738 2787 822 2819 editi.
845 2797 853 2813 ι
874 2795 972 2815 occur-

930 106 1090 136 ORIGENIS

988 169 1011 196 Α
1026 168 1146 200 possunt,
1176 164 1210 190 ab
1234 162 1354 190 hostium
1377 165 1506 189 tueantur
1525 161 1741 192 insidiis,verho
1763 162 1815 188 do-

1761 103 1816 130 772

1026 211 1122 238 ctrinae
1151 215 1208 241 eos.
1230 207 1409 242 exemploque
1435 207 1498 234 vita:
1517 211 1545 235 et
1572 207 1815 234 commonitionem

1026 256 1172 283 sedulitate
1189 255 1344 282 munientes
1361 262 1369 280 :
1388 254 1409 281 si
1422 258 1512 281 tatnen
1529 261 1582 281 non
1598 253 1670 282 desit
1681 254 1721 281 eis
1738 253 1816 282 ﬁdes.

1026 302 1089 329 Sive
1100 301 1173 328 enim
1194 300 1352 331 bellatores,
1368 299 1425 327 sive
1443 299 1576 332 imbelles,
1589 299 1758 334 impossibile
1775 304 1818 327 est

1026 346 1124 374 salvari
1140 346 1199 374 sine
1223 346 1286 373 ﬁde.
1313 346 1386 373 lnter
1399 345 1481 380 370
1500 345 1572 379 ipsos
1592 349 1684 372 tamen
1701 345 1818 373 bellato-

1028 401 1081 424 res,
1096 400 1143 419 eos
1157 392 1289 420 duntaxat
1303 391 1349 426 qui
1370 391 1487 418 militant
1509 391 1574 423 Deo,
1588 391 1733 419 considera
1749 392 1819 420 alias

1027 439 1062 466 ita
1074 446 1133 466 esse
1146 442 1254 473 paratos
1271 441 1297 465 et
1311 436 1452 471 expeditos
1471 440 1501 463 ut
1518 436 1601 464 nullis
1614 443 1644 464 se
1670 436 1816 471 implicent

1026 485 1136 511 omnino
1150 483 1268 518 negotiis
1283 483 1471 515 saecularibus,
1487 487 1518 509 ut
1539 482 1646 517 placere
1661 483 1770 517 possint
1781 484 1820 515 ei,

1026 530 1068 558 cui
1086 537 1115 557 se
1130 530 1314 564 probaverunt
1330 530 1363 563 δ’,
1377 529 1425 557 sed
1443 529 1468 556 in
1486 529 1545 563 lege
1565 529 1613 556 Dei
1630 529 1757 556 meditari
1774 531 1821 558 die

1026 584 1058 603 ac
1084 581 1175 603 nocte.
1207 576 1251 604 lsti
1276 583 1343 609 ergo
1362 576 1407 610 qui
1435 575 1588 610 huiusmodi
1616 581 1691 608 sunt,
1710 584 1818 604 summa

1027 623 1186 650 bellatorum
1202 622 1379 657 appellantur.
1396 622 1518 656 Denique
1534 629 1586 649 non
1606 627 1649 649 est
1667 622 1772 650 dictum
1786 623 1822 650 de

1027 668 1166 695 communi
1191 675 1307 695 numero
1334 667 1508 700 bellatorum,
1535 668 1599 703 quia
1621 676 1702 695 nemo
1731 668 1759 695 in
1780 669 1820 696 eis

1028 714 1166 746 dissensit,
1195 714 1242 740 sed
1263 713 1295 741 de
1310 713 1344 741 iis
1362 714 1463 741 dictum
1479 718 1531 747 est,
1546 714 1593 749 qui
1609 721 1717 742 summa
1733 714 1819 741 bella-

1028 766 1116 789 torum
1140 761 1270 788 nominati
1290 767 1362 789 sunt.
1387 762 1416 789 ln
1432 762 1492 790 istis
1511 763 1582 789 enim
1596 762 1641 797 qui
1661 762 1730 789 tales
1743 767 1819 794 sunt,

1028 807 1100 835 nulla
1115 807 1261 840 dissensto,
1277 808 1349 834 nulla
1365 808 1512 836 discordia.
1531 808 1582 843 Ipsi
1599 808 1671 836 enim
1686 813 1752 835 sunt
1762 808 1819 836 isti.

1027 853 1061 881 de
1075 852 1172 888 quibus
1195 852 1298 880 dictum
1322 858 1364 880 est
1380 852 1402 868 “
1416 861 1423 879 :
1441 861 1450 878 ι
1466 852 1533 880 Erat
1545 857 1636 880 autem
1648 852 1820 880 credentium

1027 905 1075 925 cor
1085 903 1112 926 et
1123 898 1213 926 anima
1229 905 1292 931 una,
1306 905 1359 926 nec
1379 899 1523 933 quisquam
1537 905 1630 926 eorum
1644 898 1748 933 aliquid
1760 904 1823 932 pro-

1026 950 1114 977 prium
1133 942 1251 975 dicebat,
1268 943 1315 970 sed
1339 948 1419 970 erant
1443 943 1497 970 illis
1520 944 1610 971 omnia
1626 944 1793 971 communia.
1809 952 1818 968 ›

1027 987 1072 1014 lsti
1086 991 1149 1013 sunt
1175 995 1241 1022 ergo
1259 996 1364 1016 summa
1380 988 1556 1022 bellatorum,
1585 990 1612 1016 in
1627 989 1727 1023 quibus
1743 996 1821 1015 nemo

1027 1031 1166 1060 dissensit.
1192 1033 1236 1060 Isti
1259 1038 1319 1060 sunt
1350 1033 1396 1067 qui
1417 1034 1476 1060 auri
1501 1034 1648 1068 plurimum
1676 1034 1821 1068 pugnando

1027 1084 1170 1114 ceperunt,
1185 1084 1213 1107 et
1237 1087 1319 1107 omne
1336 1088 1432 1107 aurum
1462 1086 1544 1114 atque
1560 1087 1643 1107 omne
1670 1087 1821 1107 ornamen-

1028 1129 1095 1157 tum,
1111 1125 1170 1152 sive
1185 1125 1295 1159 capitis,
1309 1125 1368 1152 sive
1382 1125 1566 1156 brachiorum,
1580 1125 1637 1151 sive
1652 1125 1737 1152 etiam
1750 1125 1819 1158 digi—

1029 1175 1128 1202 torum,
1155 1171 1181 1196 id
1210 1174 1252 1197 est
1274 1170 1409 1204 quidquid
1434 1170 1460 1197 in
1482 1170 1674 1202 iutellectibus,
1690 1169 1821 1204 quidquid

1029 1215 1054 1241 in
1067 1214 1197 1249 operibus
1216 1215 1328 1248 habent,
1343 1215 1398 1242 Deo
1415 1214 1543 1241 oﬂ'erunt.
1559 1214 1654 1242 Sciunt
1675 1214 1749 1241 enim
1758 1213 1821 1248 quia

1029 1267 1141 1287 munera
1169 1259 1228 1294 ejus
1242 1260 1303 1287 data
1321 1259 1378 1293 ejus
1400 1263 1475 1292 sunt,
1489 1265 1517 1287 ct
1533 1261 1593 1288 ideo
1621 1267 1673 1287 non
1691 1259 1822 1286 dissentit

1029 1306 1056 1333 in
1071 1305 1111 1332 eis
1129 1312 1180 1332 nec
1202 1312 1283 1332 unus.
1300 1305 1354 1332 Nec
1369 1305 1442 1332 enim
1457 1310 1573 1339 possunt
1588 1303 1704 1332 munera
1723 1303 1823 1331 oll'erre

1030 1351 1095 1382 Deo,
1119 1350 1200 1385 positi
1223 1350 1250 1376 in
1276 1350 1454 1378 dissensione.
1483 1351 1552 1378 lstos
1566 1356 1632 1385 puto
1647 1358 1709 1377 esse
1724 1357 1822 1377 secun-

1029 1397 1092 1423 dum
1120 1396 1310 1430 Evangelium,
1331 1396 1378 1430 qui
1405 1401 1569 1431 praeceptum
1586 1396 1651 1423 illud
1677 1396 1824 1431 diligenter

1029 1442 1188 1475 observant,
1206 1441 1277 1476 quod
1295 1441 1407 1468 mandat
1436 1442 1567 1469 Dominus
1583 1447 1609 1468 et
1626 1441 1756 1468 Salvator
1776 1441 1799 1458 ⁸⁸
1815 1450 1822 1468 :

991 1504 1014 1534 Ο
1033 1496 1042 1512 ι
1057 1487 1085 1513 Si
1102 1492 1191 1514 autem
1207 1486 1289 1514 oll'ers
1317 1493 1414 1513 munus
1435 1492 1509 1513 tuum
1528 1489 1560 1514 ad
1574 1487 1670 1520 altare,
1689 1492 1718 1514 et
1734 1495 1824 1515 reme-

1032 1537 1156 1559 moratus
1177 1532 1264 1560 fueris
1282 1531 1345 1566 quia
1361 1532 1446 1559 frater
1466 1537 1527 1559 tuus
1543 1534 1641 1560 habeat
1653 1533 1758 1567 aliquid
1775 1533 1822 1560 atl-

1031 1585 1138 1604 versum
1158 1582 1194 1609 te,
1211 1578 1335 1613 relinque
1350 1579 1387 1606 ibi
1414 1586 1513 1605 tnunus
1528 1582 1601 1605 tuum
1622 1579 1656 1605 ad
1670 1579 1773 1610 altare,
1797 1583 1826 1606 et

1031 1626 1098 1651 vade
1116 1627 1191 1659 prius
1217 1626 1393 1653 reconciliari
1416 1625 1492 1653 fratri
1519 1631 1574 1656 tuo.
1589 1631 1616 1652 et
1633 1631 1697 1653 tunc
1713 1627 1825 1652 veniens

1032 1670 1130 1698 oﬂ‘eres
1160 1678 1258 1698 munus
1293 1675 1380 1705 tuutn,
1411 1681 1421 1697 ι
1447 1679 1501 1706 quo
1519 1671 1631 1710 scilicet
1656 1671 1748 1698 levent
1768 1672 1825 1706 (59)

1032 1724 1127 1744 manus
1140 1724 1203 1744 suas
1226 1717 1259 1744 ad
1275 1717 1357 1743 Deum
1373 1717 1432 1744 sine
1453 1718 1492 1744 ira
1519 1721 1546 1743 et
1567 1717 1751 1745 dissensione.
1777 1717 1822 1744 lsti

1031 1768 1094 1789 sunt
1109 1770 1174 1797 ergo
1189 1763 1234 1796 qui
1254 1763 1349 1790 dicunt
1366 1762 1400 1796 ⁵⁸,
1419 1771 1429 1789 4
1449 1763 1617 1798 Collegimus
1633 1771 1770 1790 summam
1784 1763 1824 1790 vi-

1032 1815 1123 1835 rorum
1147 1808 1307 1835 bellatorum
1334 1814 1503 1842 nostrorum,
1516 1815 1544 1837 et
1557 1818 1608 1836 non
1635 1809 1767 1837 dissensit
1792 1817 1824 1836 ex

1032 1853 1110 1880 nobis
1132 1854 1276 1888 quisquam
1291 1873 1298 1884 .
1318 1859 1343 1881 et
1364 1855 1512 1882 obtulimus
1537 1863 1634 1882 munus
1652 1856 1783 1884 Domino.
1812 1865 1821 1881 ι

1032 1898 1166 1926 Discenda
1190 1899 1273 1934 igitur
1295 1899 1373 1927 nobis
1398 1908 1563 1935 magnopere
1577 1906 1619 1928 est
1633 1902 1825 1928 consonantia:

1031 1945 1176 1979 disciplina
1194 1946 1251 1981 (55)
1269 1955 1275 1972 :
1292 1946 1355 1980 quia
1377 1950 1508 1980 tanquam
1526 1947 1552 1974 in
1578 1947 1702 1978 musicis,
1720 1947 1742 1974 si
1758 1949 1820 1974 har-

1031 1990 1122 2018 monia
1147 1991 1311 2018 chordarum
1337 1991 1419 2019 l'uerit
1449 1997 1631 2019 consonanter
1654 1998 1761 2026 aptata,
1780 2000 1825 2020 so-

1031 2043 1094 2062 num
1110 2043 1220 2062 suavem
1236 2036 1368 2065 motlulati
1381 2037 1511 2065 carminis
1532 2037 1642 2070 reddit;
1669 2038 1692 2064 si
1708 2046 1775 2065 vero
1790 2041 1824 2066 sit

1034 2079 1126 2114 aliqua
1151 2081 1178 2107 in
1211 2079 1310 2107 ﬁdibus
1327 2081 1507 2114 dissonantia,
1525 2081 1725 2117 ingratissimus
1739 2089 1824 2109 sonus

1032 2126 1168 2160 redditur,
1193 2131 1221 2154 et
1235 2127 1367 2154 carminis
1385 2127 1498 2154 dulcedo
1517 2127 1721 2161 corrumpitur;
1742 2128 1779 2154 ita
1797 2134 1823 2155 et

995 2181 1018 2209 ι)
1034 2172 1051 2199 ii
1062 2174 1106 2207 qui
1120 2173 1175 2200 Deo
1184 2173 1311 2205 militant,
1321 2173 1344 2200 si
1356 2173 1541 2200 dissensiones
1554 2178 1581 2200 et
1589 2174 1738 2200 discordias
1752 2174 1823 2201 inter

1029 2226 1057 2246 se
1072 2220 1200 2252 habeant,
1220 2220 1325 2254 ingrata
1345 2224 1428 2246 erunt
1447 2219 1586 2251 omnia,et
1602 2219 1667 2246 nihil
1679 2225 1821 2254 acceptum

1029 2265 1084 2292 Deo
1094 2265 1242 2297 videbitur,
1258 2265 1363 2292 etiamsi
1375 2265 1458 2292 ntttlta
1468 2265 1537 2292 bella
1551 2266 1706 2298 conﬁciant,
1715 2266 1821 2292 etiamsi

1027 2311 1112 2345 spolia
1128 2311 1213 2338 multa
1223 2310 1357 2344 deferant,
1374 2315 1403 2339 et
1417 2311 1501 2338 multa
1511 2319 1623 2339 mttnera
1631 2311 1749 2339 offerant
1757 2313 1820 2339 Deo.

1028 2356 1139 2383 Dicetur
1153 2357 1224 2384 enim
1241 2357 1274 2384 ad
1288 2364 1335 2384 eos
1349 2366 1355 2384 :
1375 2357 1486 2392 Depone
1509 2365 1606 2385 munus
1621 2363 1696 2385 tuum
1726 2359 1761 2385 ad
1781 2359 1819 2385 al‘

1030 2410 1100 2435 tare,
1114 2407 1142 2430 et
1154 2403 1222 2430 vade
1236 2403 1315 2438 pritts
1333 2403 1505 2430 reconciliari
1527 2403 1605 2430 fratri
1621 2408 1677 2435 tuo.
1694 2409 1724 2431 ut
1736 2403 1821 2438 possis

1030 2453 1058 2476 et
1073 2453 1099 2475 ιιι
1112 2449 1183 2476 inter
1197 2456 1246 2476 eos
1260 2450 1305 2483 qui
1324 2456 1428 2477 summa
1443 2455 1508 2477 sunt
1520 2449 1641 2477 virorutn
1658 2450 1820 2477 bellatoruut

1030 2494 1180 2526 numerari,
1198 2499 1225 2521 et
1243 2495 1345 2527 dicere,
1369 2495 1433 2530 quia
1449 2502 1503 2523 non
1529 2495 1657 2523 dissensit
1684 2503 1717 2522 ex
1747 2497 1819 2523 nobis

1028 2540 1184 2574 quisquam.
1214 2541 1270 2575 Ego
1286 2541 1368 2568 etiam
1393 2541 1510 2576 amplius
1537 2541 1639 2576 aliquid
1666 2542 1739 2570 dico.
1765 2541 1819 2568 Nisi

1030 2586 1092 2613 talis
1118 2585 1213 2620 lueris,
1226 2591 1255 2614 ut
1274 2588 1300 2614 in
1318 2587 1392 2615 nullo
1406 2587 1554 2615 dissentias
1568 2595 1583 2614 a
1599 2588 1735 2615 mandatis
1763 2588 1818 2618 Dei.

637 2666 660 2682 θ’
681 2665 704 2692 Il
720 2665 789 2692 Tim.
808 2673 839 2698 It,
858 2666 884 2693 Α.
921 2667 943 2682 ⁸⁵
956 2667 975 2694 Λ

1034 2669 1122 2701 ιν,52.
1160 2669 1182 2684 ⁸⁷
1202 2668 1297 2696 Matth.
1315 2677 1342 2702 ν,
1359 2670 1464 2702 25.9.4.
1501 2669 1612 2698 "Num.
1631 2678 1705 2703 χιιι,
1719 2669 1817 2703 49,50.

1077 2717 1121 2750 52)
1137 2717 1202 2745 Mss.
1221 2727 1229 2743 ι
1246 2717 1346 2744 levent.
1368 2727 1378 2744 ›
1395 2717 1473 2745 Libb.
1489 2718 1566 2750 editi.
1584 2727 1593 2744 ι
1617 2714 1696 2746 levet.
1719 2727 1730 2744 ο

1077 2717 1111 2744 52
1137 2717 1202 2745 Mss.
1221 2727 1229 2743 ι
1246 2717 1346 2744 levent.
1368 2727 1378 2744 ›
1395 2717 1473 2745 Libb.
1489 2718 1566 2750 editi.
1584 2727 1593 2744 ι
1617 2718 1696 2746 levet.
1719 2727 1730 2744 ο

1064 2716 1121 2789 έδδῖ
1136 2751 1202 2780 Mss.
1224 2761 1233 2778 ι
1250 2753 1438 2789 consonantia:
1451 2752 1604 2789 disciplina.
1625 2762 1634 2779 ι
1650 2753 1728 2781 Libb.
1743 2751 1817 2783 editi.

1030 2800 1040 2817 ι
1061 2787 1238 2818 consonantia
1253 2787 1412 2823 disciplinae.
1430 2796 1439 2813 ι
