  <div class='ocr_page' id='page_1' title='image "/cluster/home/n/w/nwhite01/storage/ocr_20150623/12/njp.32101077772422/414.png"; bbox 0 0 1902 3052; ppageno 0'>
   <div class='ocr_carea' id='block_1_1' title="bbox 19 81 83 109">
    <p class='ocr_par' dir='ltr' id='par_1_1' title="bbox 19 81 83 109">
     <span class='ocr_line' id='line_1_1' title="bbox 19 81 83 109; baseline 0.016 -1"><span class='ocrx_word' id='word_1_1' title='bbox 19 81 83 109; x_wconf 72' lang='lat'><strong>773</strong></span> 
     </span>
    </p>
   </div>
   <div class='ocr_carea' id='block_1_2' title="bbox 598 75 1083 105">
    <p class='ocr_par' dir='ltr' id='par_1_2' title="bbox 598 75 1083 105">
     <span class='ocr_line' id='line_1_2' title="bbox 598 75 1083 105; baseline 0.002 -2"><span class='ocrx_word' id='word_1_2' title='bbox 598 76 631 103; x_wconf 89' lang='lat' dir='ltr'><strong>lN</strong></span> <span class='ocrx_word' id='word_1_3' title='bbox 648 75 814 104; x_wconf 76' lang='lat' dir='ltr'><strong>NUMEBOS</strong></span> <span class='ocrx_word' id='word_1_4' title='bbox 829 75 972 104; x_wconf 73' lang='lat' dir='ltr'><strong>HOMILIA</strong></span> <span class='ocrx_word' id='word_1_5' title='bbox 988 76 1083 105; x_wconf 77' lang='lat' dir='ltr'><strong>XXVI.</strong></span> 
     </span>
    </p>
   </div>
   <div class='ocr_carea' id='block_1_3' title="bbox 1603 78 1656 104">
    <p class='ocr_par' dir='ltr' id='par_1_3' title="bbox 1603 78 1656 104">
     <span class='ocr_line' id='line_1_3' title="bbox 1603 78 1656 104; baseline 0 0"><span class='ocrx_word' id='word_1_6' title='bbox 1603 78 1656 104; x_wconf 66' lang='grc'><strong>’174</strong></span> 
     </span>
    </p>
   </div>
   <div class='ocr_carea' id='block_1_4' title="bbox 19 137 1656 174">
    <p class='ocr_par' dir='ltr' id='par_1_4' title="bbox 19 137 1656 174">
     <span class='ocr_line' id='line_1_4' title="bbox 19 137 1656 174; baseline -0.001 -6"><span class='ocrx_word' id='word_1_7' title='bbox 19 147 79 168; x_wconf 79' lang='lat' dir='ltr'><strong>nec</strong></span> <span class='ocrx_word' id='word_1_8' title='bbox 94 140 122 168; x_wconf 89' lang='lat' dir='ltr'><strong>in</strong></span> <span class='ocrx_word' id='word_1_9' title='bbox 139 139 231 174; x_wconf 83' lang='lat' dir='ltr'><strong>aliquo</strong></span> <span class='ocrx_word' id='word_1_10' title='bbox 248 139 390 173; x_wconf 79' lang='lat' dir='ltr'><strong>discrepes</strong></span> <span class='ocrx_word' id='word_1_11' title='bbox 415 139 449 165; x_wconf 82' lang='lat' dir='ltr'><strong>ab</strong></span> <span class='ocrx_word' id='word_1_12' title='bbox 477 138 645 172; x_wconf 79' lang='lat' dir='ltr'><strong>evangelicis</strong></span> <span class='ocrx_word' id='word_1_13' title='bbox 661 138 817 173; x_wconf 74' lang='lat' dir='ltr'><strong>praeceptis,</strong></span> <span class='ocrx_word' id='word_1_14' title='bbox 833 140 855 169; x_wconf 77' lang='grc' dir='ltr'><strong>Α</strong></span> <span class='ocrx_word' id='word_1_15' title='bbox 904 138 931 165; x_wconf 76' lang='lat'><strong>3.</strong></span> <span class='ocrx_word' id='word_1_16' title='bbox 965 137 1026 166; x_wconf 89' lang='lat' dir='ltr'><strong>Post</strong></span> <span class='ocrx_word' id='word_1_17' title='bbox 1061 138 1118 165; x_wconf 77' lang='lat' dir='ltr'><strong>haec</strong></span> <span class='ocrx_word' id='word_1_18' title='bbox 1147 138 1267 173; x_wconf 76' lang='lat' dir='ltr'><strong>sequitur</strong></span> <span class='ocrx_word' id='word_1_19' title='bbox 1291 138 1405 166; x_wconf 72' lang='lat' dir='ltr'><strong>historia</strong></span> <span class='ocrx_word' id='word_1_20' title='bbox 1439 139 1473 166; x_wconf 88' lang='lat' dir='ltr'><strong>de</strong></span> <span class='ocrx_word' id='word_1_21' title='bbox 1500 139 1656 167; x_wconf 66' lang='lat' dir='ltr'><strong>haereditate</strong></span> 
     </span>
    </p>
   </div>
   <div class='ocr_carea' id='block_1_5' title="bbox 18 177 817 222">
    <p class='ocr_par' dir='ltr' id='par_1_5' title="bbox 18 177 817 222">
     <span class='ocr_line' id='line_1_5' title="bbox 18 177 817 222; baseline -0.003 -8"><span class='ocrx_word' id='word_1_22' title='bbox 18 195 81 216; x_wconf 83' lang='lat' dir='ltr'><strong>non</strong></span> <span class='ocrx_word' id='word_1_23' title='bbox 94 186 200 222; x_wconf 81' lang='lat' dir='ltr'><strong>poteris</strong></span> <span class='ocrx_word' id='word_1_24' title='bbox 210 186 315 213; x_wconf 84' lang='lat' dir='ltr'><strong>hostem</strong></span> <span class='ocrx_word' id='word_1_25' title='bbox 336 185 444 212; x_wconf 80' lang='lat' dir='ltr'><strong>vincere</strong></span> <span class='ocrx_word' id='word_1_26' title='bbox 459 184 527 220; x_wconf 70' lang='grc' dir='ltr'><strong>(ΞΔ).</strong></span> <span class='ocrx_word' id='word_1_27' title='bbox 549 177 604 211; x_wconf 83' lang='lat' dir='ltr'><strong>non</strong></span> <span class='ocrx_word' id='word_1_28' title='bbox 619 184 723 219; x_wconf 82' lang='lat' dir='ltr'><strong>poteris</strong></span> <span class='ocrx_word' id='word_1_29' title='bbox 739 192 817 219; x_wconf 91' lang='lat' dir='ltr'><strong>snpe-</strong></span> 
     </span>
    </p>
   </div>
   <div class='ocr_carea' id='block_1_6' title="bbox 19 230 817 265">
    <p class='ocr_par' dir='ltr' id='par_1_6' title="bbox 19 230 817 265">
     <span class='ocr_line' id='line_1_6' title="bbox 19 230 817 265; baseline -0.005 -5"><span class='ocrx_word' id='word_1_30' title='bbox 19 240 92 260; x_wconf 84' lang='lat' dir='ltr'><strong>rare</strong></span> <span class='ocrx_word' id='word_1_31' title='bbox 116 231 270 259; x_wconf 90' lang='lat' dir='ltr'><strong>inimicum.</strong></span> <span class='ocrx_word' id='word_1_32' title='bbox 298 230 327 257; x_wconf 90' lang='lat' dir='ltr'><strong>ltt</strong></span> <span class='ocrx_word' id='word_1_33' title='bbox 352 238 386 258; x_wconf 90' lang='lat' dir='ltr'><strong>eo</strong></span> <span class='ocrx_word' id='word_1_34' title='bbox 408 231 480 258; x_wconf 87' lang='lat' dir='ltr'><strong>enitn</strong></span> <span class='ocrx_word' id='word_1_35' title='bbox 495 231 553 265; x_wconf 86' lang='lat' dir='ltr'><strong>ipso</strong></span> <span class='ocrx_word' id='word_1_36' title='bbox 575 230 632 264; x_wconf 84' lang='lat' dir='ltr'><strong>jam</strong></span> <span class='ocrx_word' id='word_1_37' title='bbox 647 231 733 257; x_wconf 88' lang='lat' dir='ltr'><strong>victus</strong></span> <span class='ocrx_word' id='word_1_38' title='bbox 747 237 776 257; x_wconf 90' lang='lat' dir='ltr'><strong>es</strong></span> <span class='ocrx_word' id='word_1_39' title='bbox 791 231 817 257; x_wconf 90' lang='lat' dir='ltr'><strong>in</strong></span> 
     </span>
    </p>
   </div>
   <div class='ocr_carea' id='block_1_7' title="bbox 18 276 817 314">
    <p class='ocr_par' dir='ltr' id='par_1_7' title="bbox 18 276 817 314">
     <span class='ocr_line' id='line_1_7' title="bbox 18 276 817 314; baseline -0.003 -10"><span class='ocrx_word' id='word_1_40' title='bbox 18 286 85 314; x_wconf 83' lang='lat' dir='ltr'><strong>quo</strong></span> <span class='ocrx_word' id='word_1_41' title='bbox 101 278 231 306; x_wconf 86' lang='lat' dir='ltr'><strong>dissentis</strong></span> <span class='ocrx_word' id='word_1_42' title='bbox 249 286 256 305; x_wconf 90' lang='lat'><strong>:</strong></span> <span class='ocrx_word' id='word_1_43' title='bbox 272 282 300 305; x_wconf 89' lang='lat' dir='ltr'><strong>et</strong></span> <span class='ocrx_word' id='word_1_44' title='bbox 324 285 373 311; x_wconf 89' lang='lat' dir='ltr'><strong>per</strong></span> <span class='ocrx_word' id='word_1_45' title='bbox 397 277 449 304; x_wconf 86' lang='lat' dir='ltr'><strong>hoc</strong></span> <span class='ocrx_word' id='word_1_46' title='bbox 472 277 559 312; x_wconf 88' lang='lat' dir='ltr'><strong>ipsum</strong></span> <span class='ocrx_word' id='word_1_47' title='bbox 572 276 710 312; x_wconf 85' lang='lat' dir='ltr'><strong>superaris</strong></span> <span class='ocrx_word' id='word_1_48' title='bbox 727 284 741 303; x_wconf 90' lang='lat' dir='ltr'><strong>a</strong></span> <span class='ocrx_word' id='word_1_49' title='bbox 758 276 817 303; x_wconf 86' lang='lat' dir='ltr'><strong>dia-</strong></span> 
     </span>
    </p>
   </div>
   <div class='ocr_carea' id='block_1_8' title="bbox 19 321 817 358">
    <p class='ocr_par' dir='ltr' id='par_1_8' title="bbox 19 321 817 358">
     <span class='ocr_line' id='line_1_8' title="bbox 19 321 817 358; baseline -0.004 -7"><span class='ocrx_word' id='word_1_50' title='bbox 19 324 102 357; x_wconf 87' lang='lat' dir='ltr'><strong>bolo,</strong></span> <span class='ocrx_word' id='word_1_51' title='bbox 118 324 144 350; x_wconf 91' lang='lat' dir='ltr'><strong>in</strong></span> <span class='ocrx_word' id='word_1_52' title='bbox 160 330 215 358; x_wconf 88' lang='lat' dir='ltr'><strong>quo</strong></span> <span class='ocrx_word' id='word_1_53' title='bbox 230 323 374 350; x_wconf 86' lang='lat' dir='ltr'><strong>discordas</strong></span> <span class='ocrx_word' id='word_1_54' title='bbox 387 330 402 348; x_wconf 87' lang='lat' dir='ltr'><strong>a</strong></span> <span class='ocrx_word' id='word_1_55' title='bbox 419 322 484 349; x_wconf 90' lang='lat' dir='ltr'><strong>Deo.</strong></span> <span class='ocrx_word' id='word_1_56' title='bbox 502 321 531 348; x_wconf 89' lang='lat' dir='ltr'><strong>Si</strong></span> <span class='ocrx_word' id='word_1_57' title='bbox 547 327 636 349; x_wconf 87' lang='lat' dir='ltr'><strong>autent</strong></span> <span class='ocrx_word' id='word_1_58' title='bbox 652 322 692 348; x_wconf 85' lang='lat' dir='ltr'><strong>vis</strong></span> <span class='ocrx_word' id='word_1_59' title='bbox 707 322 817 348; x_wconf 77' lang='lat' dir='ltr'><strong>vincere</strong></span> 
     </span>
    </p>
   </div>
   <div class='ocr_carea' id='block_1_9' title="bbox 20 367 816 401">
    <p class='ocr_par' dir='ltr' id='par_1_9' title="bbox 20 367 816 401">
     <span class='ocr_line' id='line_1_9' title="bbox 20 367 816 401; baseline -0.003 -5"><span class='ocrx_word' id='word_1_60' title='bbox 20 369 184 399; x_wconf 86' lang='lat' dir='ltr'><strong>inimicum,</strong></span> <span class='ocrx_word' id='word_1_61' title='bbox 200 373 228 396; x_wconf 92' lang='lat' dir='ltr'><strong>et</strong></span> <span class='ocrx_word' id='word_1_62' title='bbox 246 375 305 395; x_wconf 90' lang='lat' dir='ltr'><strong>esse</strong></span> <span class='ocrx_word' id='word_1_63' title='bbox 319 375 424 394; x_wconf 87' lang='lat' dir='ltr'><strong>sumtna</strong></span> <span class='ocrx_word' id='word_1_64' title='bbox 441 367 613 401; x_wconf 74' lang='lat' dir='ltr'><strong>bellatorum,</strong></span> <span class='ocrx_word' id='word_1_65' title='bbox 626 368 734 395; x_wconf 82' lang='lat' dir='ltr'><strong>adlnere</strong></span> <span class='ocrx_word' id='word_1_66' title='bbox 750 367 816 399; x_wconf 85' lang='lat' dir='ltr'><strong>Deo,</strong></span> 
     </span>
    </p>
   </div>
   <div class='ocr_carea' id='block_1_10' title="bbox 17 412 816 448">
    <p class='ocr_par' dir='ltr' id='par_1_10' title="bbox 17 412 816 448">
     <span class='ocr_line' id='line_1_10' title="bbox 17 412 816 448; baseline -0.004 -6"><span class='ocrx_word' id='word_1_67' title='bbox 17 420 51 442; x_wconf 88' lang='lat' dir='ltr'><strong>et</strong></span> <span class='ocrx_word' id='word_1_68' title='bbox 66 414 206 442; x_wconf 85' lang='lat' dir='ltr'><strong>concorda</strong></span> <span class='ocrx_word' id='word_1_69' title='bbox 227 421 288 441; x_wconf 91' lang='lat' dir='ltr'><strong>cum</strong></span> <span class='ocrx_word' id='word_1_70' title='bbox 305 413 375 448; x_wconf 84' lang='lat' dir='ltr'><strong>ipso,</strong></span> <span class='ocrx_word' id='word_1_71' title='bbox 398 413 470 441; x_wconf 88' lang='lat' dir='ltr'><strong>sicut</strong></span> <span class='ocrx_word' id='word_1_72' title='bbox 495 413 540 440; x_wconf 90' lang='lat' dir='ltr'><strong>ille</strong></span> <span class='ocrx_word' id='word_1_73' title='bbox 563 414 607 448; x_wconf 91' lang='lat' dir='ltr'><strong>qui</strong></span> <span class='ocrx_word' id='word_1_74' title='bbox 633 413 742 440; x_wconf 87' lang='lat' dir='ltr'><strong>dicebat</strong></span> <span class='ocrx_word' id='word_1_75' title='bbox 768 412 790 428; x_wconf 78' lang='grc'><strong>⁸⁰</strong></span> <span class='ocrx_word' id='word_1_76' title='bbox 809 421 816 439; x_wconf 90' lang='lat'><strong>:</strong></span> 
     </span>
    </p>
   </div>
   <div class='ocr_carea' id='block_1_11' title="bbox 22 458 816 495">
    <p class='ocr_par' dir='ltr' id='par_1_11' title="bbox 22 458 816 495">
     <span class='ocr_line' id='line_1_11' title="bbox 22 458 816 495; baseline 0 -9"><span class='ocrx_word' id='word_1_77' title='bbox 22 471 32 486; x_wconf 79' lang='grc' dir='ltr'><strong>ε</strong></span> <span class='ocrx_word' id='word_1_78' title='bbox 57 460 131 494; x_wconf 83' lang='lat' dir='ltr'><strong>Quis</strong></span> <span class='ocrx_word' id='word_1_79' title='bbox 146 468 196 488; x_wconf 90' lang='lat' dir='ltr'><strong>nos</strong></span> <span class='ocrx_word' id='word_1_80' title='bbox 209 460 347 495; x_wconf 83' lang='lat' dir='ltr'><strong>separabit</strong></span> <span class='ocrx_word' id='word_1_81' title='bbox 367 467 381 487; x_wconf 88' lang='lat' dir='ltr'><strong>a</strong></span> <span class='ocrx_word' id='word_1_82' title='bbox 409 460 544 487; x_wconf 84' lang='lat' dir='ltr'><strong>charitate</strong></span> <span class='ocrx_word' id='word_1_83' title='bbox 566 459 636 486; x_wconf 83' lang='lat' dir='ltr'><strong>Dei?</strong></span> <span class='ocrx_word' id='word_1_84' title='bbox 654 458 816 490; x_wconf 87' lang='lat' dir='ltr'><strong>Tribnlalio,</strong></span> 
     </span>
    </p>
   </div>
   <div class='ocr_carea' id='block_1_12' title="bbox 19 504 816 540">
    <p class='ocr_par' dir='ltr' id='par_1_12' title="bbox 19 504 816 540">
     <span class='ocr_line' id='line_1_12' title="bbox 19 504 816 540; baseline -0.004 -7"><span class='ocrx_word' id='word_1_85' title='bbox 19 515 59 533; x_wconf 85' lang='lat' dir='ltr'><strong>an</strong></span> <span class='ocrx_word' id='word_1_86' title='bbox 79 506 220 540; x_wconf 74' lang='lat' dir='ltr'><strong>angustia,</strong></span> <span class='ocrx_word' id='word_1_87' title='bbox 247 513 281 532; x_wconf 86' lang='lat' dir='ltr'><strong>an</strong></span> <span class='ocrx_word' id='word_1_88' title='bbox 308 505 404 538; x_wconf 76' lang='lat' dir='ltr'><strong>iantes,</strong></span> <span class='ocrx_word' id='word_1_89' title='bbox 419 512 453 532; x_wconf 91' lang='lat' dir='ltr'><strong>an</strong></span> <span class='ocrx_word' id='word_1_90' title='bbox 468 505 586 536; x_wconf 86' lang='lat' dir='ltr'><strong>ttuditas,</strong></span> <span class='ocrx_word' id='word_1_91' title='bbox 602 513 634 531; x_wconf 91' lang='lat' dir='ltr'><strong>an</strong></span> <span class='ocrx_word' id='word_1_92' title='bbox 653 504 816 539; x_wconf 88' lang='lat' dir='ltr'><strong>periculum,</strong></span> 
     </span>
    </p>
   </div>
   <div class='ocr_carea' id='block_1_13' title="bbox 20 551 817 587">
    <p class='ocr_par' dir='ltr' id='par_1_13' title="bbox 20 551 817 587">
     <span class='ocr_line' id='line_1_13' title="bbox 20 551 817 587; baseline -0.001 -8"><span class='ocrx_word' id='word_1_93' title='bbox 20 560 59 580; x_wconf 86' lang='lat' dir='ltr'><strong>an</strong></span> <span class='ocrx_word' id='word_1_94' title='bbox 90 552 223 587; x_wconf 67' lang='lat' dir='ltr'><strong>gladius?</strong></span> <span class='ocrx_word' id='word_1_95' title='bbox 244 561 253 578; x_wconf 74' lang='grc' dir='ltr'><strong>ι</strong></span> <span class='ocrx_word' id='word_1_96' title='bbox 274 551 307 579; x_wconf 86' lang='grc' dir='ltr'>Ει</span> <span class='ocrx_word' id='word_1_97' title='bbox 326 551 423 579; x_wconf 90' lang='lat' dir='ltr'><strong>iterum</strong></span> <span class='ocrx_word' id='word_1_98' title='bbox 436 552 458 568; x_wconf 60' lang='grc' dir='ltr'><strong>δ’</strong></span> <span class='ocrx_word' id='word_1_99' title='bbox 472 561 479 579; x_wconf 93' lang='lat'><strong>:</strong></span> <span class='ocrx_word' id='word_1_100' title='bbox 495 560 506 577; x_wconf 83' lang='grc'><em>‹</em></span> <span class='ocrx_word' id='word_1_101' title='bbox 523 551 616 586; x_wconf 81' lang='lat' dir='ltr'><strong>Neque</strong></span> <span class='ocrx_word' id='word_1_102' title='bbox 639 551 703 583; x_wconf 83' lang='lat' dir='ltr'><strong>vita,</strong></span> <span class='ocrx_word' id='word_1_103' title='bbox 730 557 817 585; x_wconf 88' lang='lat' dir='ltr'><strong>neque</strong></span> 
     </span>
    </p>
   </div>
   <div class='ocr_carea' id='block_1_14' title="bbox 20 597 817 633">
    <p class='ocr_par' dir='ltr' id='par_1_14' title="bbox 20 597 817 633">
     <span class='ocr_line' id='line_1_14' title="bbox 20 597 817 633; baseline -0.001 -8"><span class='ocrx_word' id='word_1_104' title='bbox 20 605 113 630; x_wconf 81' lang='lat' dir='ltr'><strong>mors,</strong></span> <span class='ocrx_word' id='word_1_105' title='bbox 129 605 218 633; x_wconf 88' lang='lat' dir='ltr'><strong>neque</strong></span> <span class='ocrx_word' id='word_1_106' title='bbox 243 598 383 630; x_wconf 78' lang='lat' dir='ltr'><strong>instantia,</strong></span> <span class='ocrx_word' id='word_1_107' title='bbox 405 605 492 632; x_wconf 90' lang='lat' dir='ltr'><strong>neque</strong></span> <span class='ocrx_word' id='word_1_108' title='bbox 502 597 604 626; x_wconf 80' lang='lat' dir='ltr'><strong>futura,</strong></span> <span class='ocrx_word' id='word_1_109' title='bbox 617 604 705 631; x_wconf 87' lang='lat' dir='ltr'><strong>neque</strong></span> <span class='ocrx_word' id='word_1_110' title='bbox 722 597 817 624; x_wconf 85' lang='lat' dir='ltr'><strong>altitu-</strong></span> 
     </span>
    </p>
   </div>
   <div class='ocr_carea' id='block_1_15' title="bbox 19 643 819 679">
    <p class='ocr_par' dir='ltr' id='par_1_15' title="bbox 19 643 819 679">
     <span class='ocr_line' id='line_1_15' title="bbox 19 643 819 679; baseline -0.004 -7"><span class='ocrx_word' id='word_1_111' title='bbox 19 645 71 677; x_wconf 92' lang='lat' dir='ltr'><strong>do,</strong></span> <span class='ocrx_word' id='word_1_112' title='bbox 85 651 176 679; x_wconf 89' lang='lat' dir='ltr'><strong>neque</strong></span> <span class='ocrx_word' id='word_1_113' title='bbox 189 643 365 679; x_wconf 79' lang='lat' dir='ltr'><strong>profundum,</strong></span> <span class='ocrx_word' id='word_1_114' title='bbox 389 650 476 678; x_wconf 87' lang='lat' dir='ltr'><strong>neque</strong></span> <span class='ocrx_word' id='word_1_115' title='bbox 492 648 619 671; x_wconf 84' lang='lat' dir='ltr'><strong>creatura</strong></span> <span class='ocrx_word' id='word_1_116' title='bbox 643 643 695 670; x_wconf 89' lang='lat' dir='ltr'><strong>alia</strong></span> <span class='ocrx_word' id='word_1_117' title='bbox 718 643 819 677; x_wconf 88' lang='lat' dir='ltr'><strong>poterit</strong></span> 
     </span>
    </p>
   </div>
   <div class='ocr_carea' id='block_1_16' title="bbox 20 688 817 724">
    <p class='ocr_par' dir='ltr' id='par_1_16' title="bbox 20 688 817 724">
     <span class='ocr_line' id='line_1_16' title="bbox 20 688 817 724; baseline -0.003 -8"><span class='ocrx_word' id='word_1_118' title='bbox 20 697 77 718; x_wconf 86' lang='lat' dir='ltr'><strong>nos</strong></span> <span class='ocrx_word' id='word_1_119' title='bbox 97 697 230 724; x_wconf 79' lang='lat' dir='ltr'><strong>separare</strong></span> <span class='ocrx_word' id='word_1_120' title='bbox 253 697 268 717; x_wconf 91' lang='lat' dir='ltr'><strong>a</strong></span> <span class='ocrx_word' id='word_1_121' title='bbox 288 689 423 717; x_wconf 88' lang='lat' dir='ltr'><strong>charitate</strong></span> <span class='ocrx_word' id='word_1_122' title='bbox 441 689 500 721; x_wconf 89' lang='lat' dir='ltr'><strong>Dei,</strong></span> <span class='ocrx_word' id='word_1_123' title='bbox 523 696 584 724; x_wconf 71' lang='lat' dir='ltr'><strong>qua:</strong></span> <span class='ocrx_word' id='word_1_124' title='bbox 605 694 647 716; x_wconf 83' lang='lat' dir='ltr'><strong>est</strong></span> <span class='ocrx_word' id='word_1_125' title='bbox 665 688 692 715; x_wconf 93' lang='lat' dir='ltr'><strong>in</strong></span> <span class='ocrx_word' id='word_1_126' title='bbox 706 688 817 715; x_wconf 86' lang='lat' dir='ltr'><strong>Christo</strong></span> 
     </span>
    </p>
   </div>
   <div class='ocr_carea' id='block_1_17' title="bbox 19 734 820 770">
    <p class='ocr_par' dir='ltr' id='par_1_17' title="bbox 19 734 820 770">
     <span class='ocr_line' id='line_1_17' title="bbox 19 734 820 770; baseline -0.002 -7"><span class='ocrx_word' id='word_1_127' title='bbox 19 736 90 764; x_wconf 84' lang='lat' dir='ltr'><strong>Jesn</strong></span> <span class='ocrx_word' id='word_1_128' title='bbox 107 736 225 763; x_wconf 90' lang='lat' dir='ltr'><strong>Domino</strong></span> <span class='ocrx_word' id='word_1_129' title='bbox 237 741 342 763; x_wconf 89' lang='lat' dir='ltr'><strong>nostro.</strong></span> <span class='ocrx_word' id='word_1_130' title='bbox 361 745 371 762; x_wconf 77' lang='grc' dir='ltr'><strong>ι</strong></span> <span class='ocrx_word' id='word_1_131' title='bbox 387 736 440 763; x_wconf 87' lang='lat' dir='ltr'><strong>lste</strong></span> <span class='ocrx_word' id='word_1_132' title='bbox 458 735 519 763; x_wconf 91' lang='lat' dir='ltr'><strong>talis</strong></span> <span class='ocrx_word' id='word_1_133' title='bbox 535 740 624 770; x_wconf 85' lang='lat' dir='ltr'><strong>potest</strong></span> <span class='ocrx_word' id='word_1_134' title='bbox 637 735 748 762; x_wconf 90' lang='lat' dir='ltr'><strong>vincere</strong></span> <span class='ocrx_word' id='word_1_135' title='bbox 762 734 820 761; x_wconf 86' lang='lat' dir='ltr'><strong>Ma-</strong></span> 
     </span>
    </p>
   </div>
   <div class='ocr_carea' id='block_1_18' title="bbox 21 781 818 816">
    <p class='ocr_par' dir='ltr' id='par_1_18' title="bbox 21 781 818 816">
     <span class='ocr_line' id='line_1_18' title="bbox 21 781 818 816; baseline 0 -7"><span class='ocrx_word' id='word_1_136' title='bbox 21 783 160 814; x_wconf 89' lang='lat' dir='ltr'><strong>dianitas,</strong></span> <span class='ocrx_word' id='word_1_137' title='bbox 176 787 203 809; x_wconf 91' lang='lat' dir='ltr'><strong>et</strong></span> <span class='ocrx_word' id='word_1_138' title='bbox 229 781 384 809; x_wconf 89' lang='lat' dir='ltr'><strong>interﬁcere</strong></span> <span class='ocrx_word' id='word_1_139' title='bbox 399 789 495 809; x_wconf 89' lang='lat' dir='ltr'><strong>omnes</strong></span> <span class='ocrx_word' id='word_1_140' title='bbox 506 786 666 816; x_wconf 80' lang='lat' dir='ltr'><strong>peccatores</strong></span> <span class='ocrx_word' id='word_1_141' title='bbox 685 786 777 814; x_wconf 70' lang='lat' dir='ltr'><strong>terrae,</strong></span> <span class='ocrx_word' id='word_1_142' title='bbox 791 786 818 809; x_wconf 86' lang='lat' dir='ltr'><strong>et</strong></span> 
     </span>
    </p>
   </div>
   <div class='ocr_carea' id='block_1_19' title="bbox 21 826 817 863">
    <p class='ocr_par' dir='ltr' id='par_1_19' title="bbox 21 826 817 863">
     <span class='ocr_line' id='line_1_19' title="bbox 21 826 817 863; baseline -0.001 -9"><span class='ocrx_word' id='word_1_143' title='bbox 21 828 145 863; x_wconf 77' lang='lat' dir='ltr'><strong>perdere</strong></span> <span class='ocrx_word' id='word_1_144' title='bbox 168 833 275 854; x_wconf 89' lang='lat' dir='ltr'><strong>omnem</strong></span> <span class='ocrx_word' id='word_1_145' title='bbox 300 826 445 861; x_wconf 75' lang='lat' dir='ltr'><strong>imaginem</strong></span> <span class='ocrx_word' id='word_1_146' title='bbox 460 834 554 854; x_wconf 89' lang='lat' dir='ltr'><strong>eorum</strong></span> <span class='ocrx_word' id='word_1_147' title='bbox 577 827 611 854; x_wconf 92' lang='lat' dir='ltr'><strong>de</strong></span> <span class='ocrx_word' id='word_1_148' title='bbox 636 826 751 854; x_wconf 80' lang='lat' dir='ltr'><strong>civitate</strong></span> <span class='ocrx_word' id='word_1_149' title='bbox 766 826 817 853; x_wconf 86' lang='grc' dir='ltr'><strong>υο-</strong></span> 
     </span>
    </p>
   </div>
   <div class='ocr_carea' id='block_1_20' title="bbox 23 872 816 908">
    <p class='ocr_par' dir='ltr' id='par_1_20' title="bbox 23 872 816 908">
     <span class='ocr_line' id='line_1_20' title="bbox 23 872 816 908; baseline -0.004 -7"><span class='ocrx_word' id='word_1_150' title='bbox 23 873 105 901; x_wconf 88' lang='lat' dir='ltr'><strong>mini.</strong></span> <span class='ocrx_word' id='word_1_151' title='bbox 126 873 161 900; x_wconf 85' lang='lat' dir='ltr'><strong>Et</strong></span> <span class='ocrx_word' id='word_1_152' title='bbox 186 879 237 908; x_wconf 75' lang='lat' dir='ltr'><strong>ego</strong></span> <span class='ocrx_word' id='word_1_153' title='bbox 259 879 324 906; x_wconf 85' lang='lat' dir='ltr'><strong>ergo</strong></span> <span class='ocrx_word' id='word_1_154' title='bbox 350 872 435 900; x_wconf 85' lang='lat' dir='ltr'><strong>debeo</strong></span> <span class='ocrx_word' id='word_1_155' title='bbox 451 873 483 899; x_wconf 94' lang='lat' dir='ltr'><strong>de</strong></span> <span class='ocrx_word' id='word_1_156' title='bbox 510 873 623 906; x_wconf 84' lang='lat' dir='ltr'><strong>meipso,</strong></span> <span class='ocrx_word' id='word_1_157' title='bbox 639 876 665 900; x_wconf 89' lang='lat' dir='ltr'><strong>et</strong></span> <span class='ocrx_word' id='word_1_158' title='bbox 685 872 719 899; x_wconf 89' lang='lat' dir='ltr'><strong>de</strong></span> <span class='ocrx_word' id='word_1_159' title='bbox 743 876 816 899; x_wconf 91' lang='lat' dir='ltr'><strong>terra</strong></span> 
     </span>
    </p>
   </div>
   <div class='ocr_carea' id='block_1_21' title="bbox 21 917 816 952">
    <p class='ocr_par' dir='ltr' id='par_1_21' title="bbox 21 917 816 952">
     <span class='ocr_line' id='line_1_21' title="bbox 21 917 816 952; baseline 0 -6"><span class='ocrx_word' id='word_1_160' title='bbox 21 918 119 946; x_wconf 86' lang='lat' dir='ltr'><strong>carnis</strong></span> <span class='ocrx_word' id='word_1_161' title='bbox 139 925 207 945; x_wconf 67' lang='lat' dir='ltr'><strong>meat</strong></span> <span class='ocrx_word' id='word_1_162' title='bbox 231 918 343 952; x_wconf 83' lang='lat' dir='ltr'><strong>perdere</strong></span> <span class='ocrx_word' id='word_1_163' title='bbox 357 922 529 952; x_wconf 83' lang='lat' dir='ltr'><strong>peccatores,</strong></span> <span class='ocrx_word' id='word_1_164' title='bbox 546 923 573 944; x_wconf 83' lang='lat' dir='ltr'><strong>et</strong></span> <span class='ocrx_word' id='word_1_165' title='bbox 589 917 745 946; x_wconf 89' lang='lat' dir='ltr'><strong>interﬁcere</strong></span> <span class='ocrx_word' id='word_1_166' title='bbox 761 918 816 946; x_wconf 80' lang='lat' dir='ltr'><strong>for-</strong></span> 
     </span>
    </p>
   </div>
   <div class='ocr_carea' id='block_1_22' title="bbox 24 963 818 999">
    <p class='ocr_par' dir='ltr' id='par_1_22' title="bbox 24 963 818 999">
     <span class='ocr_line' id='line_1_22' title="bbox 24 963 818 999; baseline 0 -7"><span class='ocrx_word' id='word_1_167' title='bbox 24 965 217 996; x_wconf 87' lang='lat' dir='ltr'><strong>nicationem,</strong></span> <span class='ocrx_word' id='word_1_168' title='bbox 249 963 461 995; x_wconf 90' lang='lat' dir='ltr'><strong>immunditiam,</strong></span> <span class='ocrx_word' id='word_1_169' title='bbox 488 963 659 998; x_wconf 85' lang='lat' dir='ltr'><strong>passionem,</strong></span> <span class='ocrx_word' id='word_1_170' title='bbox 688 965 818 999; x_wconf 90' lang='lat' dir='ltr'><strong>concupi-</strong></span> 
     </span>
    </p>
   </div>
   <div class='ocr_carea' id='block_1_23' title="bbox 23 1008 818 1044">
    <p class='ocr_par' dir='ltr' id='par_1_23' title="bbox 23 1008 818 1044">
     <span class='ocr_line' id='line_1_23' title="bbox 23 1008 818 1044; baseline -0.001 -6"><span class='ocrx_word' id='word_1_171' title='bbox 23 1010 164 1038; x_wconf 79' lang='lat' dir='ltr'><strong>scentiam</strong></span> <span class='ocrx_word' id='word_1_172' title='bbox 180 1009 291 1040; x_wconf 88' lang='lat' dir='ltr'><strong>malam,</strong></span> <span class='ocrx_word' id='word_1_173' title='bbox 304 1013 332 1035; x_wconf 88' lang='lat' dir='ltr'><strong>et</strong></span> <span class='ocrx_word' id='word_1_174' title='bbox 350 1008 502 1034; x_wconf 82' lang='lat' dir='ltr'><strong>avaritiam.</strong></span> <span class='ocrx_word' id='word_1_175' title='bbox 519 1008 564 1035; x_wconf 92' lang='lat' dir='ltr'><strong>lsti</strong></span> <span class='ocrx_word' id='word_1_176' title='bbox 583 1009 656 1036; x_wconf 89' lang='lat' dir='ltr'><strong>enim</strong></span> <span class='ocrx_word' id='word_1_177' title='bbox 677 1014 740 1036; x_wconf 90' lang='lat' dir='ltr'><strong>suttt</strong></span> <span class='ocrx_word' id='word_1_178' title='bbox 754 1017 818 1044; x_wconf 80' lang='lat' dir='ltr'><strong>pec-</strong></span> 
     </span>
    </p>
   </div>
   <div class='ocr_carea' id='block_1_24' title="bbox 24 1053 817 1088">
    <p class='ocr_par' dir='ltr' id='par_1_24' title="bbox 24 1053 817 1088">
     <span class='ocr_line' id='line_1_24' title="bbox 24 1053 817 1088; baseline -0.001 -6"><span class='ocrx_word' id='word_1_179' title='bbox 24 1059 136 1082; x_wconf 76' lang='lat' dir='ltr'><strong>ratores</strong></span> <span class='ocrx_word' id='word_1_180' title='bbox 152 1059 232 1081; x_wconf 70' lang='lat' dir='ltr'><strong>terrae</strong></span> <span class='ocrx_word' id='word_1_181' title='bbox 248 1061 325 1086; x_wconf 68' lang='lat' dir='ltr'><strong>mete,</strong></span> <span class='ocrx_word' id='word_1_182' title='bbox 349 1061 417 1088; x_wconf 86' lang='lat' dir='ltr'><strong>quos</strong></span> <span class='ocrx_word' id='word_1_183' title='bbox 430 1057 494 1080; x_wconf 84' lang='lat' dir='ltr'><strong>tunc</strong></span> <span class='ocrx_word' id='word_1_184' title='bbox 515 1053 622 1080; x_wconf 83' lang='lat' dir='ltr'><strong>demunt</strong></span> <span class='ocrx_word' id='word_1_185' title='bbox 634 1055 817 1082; x_wconf 83' lang='lat' dir='ltr'><strong>exterminare</strong></span> 
     </span>
    </p>
   </div>
   <div class='ocr_carea' id='block_1_25' title="bbox 26 1099 817 1135">
    <p class='ocr_par' dir='ltr' id='par_1_25' title="bbox 26 1099 817 1135">
     <span class='ocr_line' id='line_1_25' title="bbox 26 1099 817 1135; baseline 0 -8"><span class='ocrx_word' id='word_1_186' title='bbox 26 1106 126 1135; x_wconf 89' lang='lat' dir='ltr'><strong>potero</strong></span> <span class='ocrx_word' id='word_1_187' title='bbox 154 1105 182 1127; x_wconf 89' lang='lat' dir='ltr'><strong>et</strong></span> <span class='ocrx_word' id='word_1_188' title='bbox 204 1099 368 1132; x_wconf 86' lang='lat' dir='ltr'><strong>interﬁcere,</strong></span> <span class='ocrx_word' id='word_1_189' title='bbox 390 1099 411 1126; x_wconf 89' lang='lat' dir='ltr'><strong>si</strong></span> <span class='ocrx_word' id='word_1_190' title='bbox 430 1107 483 1126; x_wconf 92' lang='lat' dir='ltr'><strong>non</strong></span> <span class='ocrx_word' id='word_1_191' title='bbox 500 1099 658 1127; x_wconf 77' lang='lat' dir='ltr'><strong>dissentiam</strong></span> <span class='ocrx_word' id='word_1_192' title='bbox 675 1108 689 1127; x_wconf 91' lang='lat' dir='ltr'><strong>a</strong></span> <span class='ocrx_word' id='word_1_193' title='bbox 706 1101 817 1127; x_wconf 88' lang='lat' dir='ltr'><strong>manda-</strong></span> 
     </span>
    </p>
   </div>
   <div class='ocr_carea' id='block_1_26' title="bbox 26 1145 816 1180">
    <p class='ocr_par' dir='ltr' id='par_1_26' title="bbox 26 1145 816 1180">
     <span class='ocr_line' id='line_1_26' title="bbox 26 1145 816 1180; baseline 0.001 -6"><span class='ocrx_word' id='word_1_194' title='bbox 26 1149 62 1174; x_wconf 85' lang='lat' dir='ltr'><strong>tis</strong></span> <span class='ocrx_word' id='word_1_195' title='bbox 75 1147 188 1175; x_wconf 84' lang='lat' dir='ltr'><strong>Domini</strong></span> <span class='ocrx_word' id='word_1_196' title='bbox 205 1155 213 1174; x_wconf 87' lang='lat'><strong>:</strong></span> <span class='ocrx_word' id='word_1_197' title='bbox 229 1151 257 1174; x_wconf 91' lang='lat' dir='ltr'><strong>et</strong></span> <span class='ocrx_word' id='word_1_198' title='bbox 284 1151 346 1173; x_wconf 91' lang='lat' dir='ltr'><strong>tunc</strong></span> <span class='ocrx_word' id='word_1_199' title='bbox 362 1154 425 1173; x_wconf 82' lang='lat' dir='ltr'><strong>vere</strong></span> <span class='ocrx_word' id='word_1_200' title='bbox 451 1145 547 1180; x_wconf 88' lang='lat' dir='ltr'><strong>dignus</strong></span> <span class='ocrx_word' id='word_1_201' title='bbox 568 1153 626 1179; x_wconf 92' lang='lat' dir='ltr'><strong>ero,</strong></span> <span class='ocrx_word' id='word_1_202' title='bbox 644 1146 690 1180; x_wconf 89' lang='lat' dir='ltr'><strong>qui</strong></span> <span class='ocrx_word' id='word_1_203' title='bbox 704 1146 816 1175; x_wconf 77' lang='lat' dir='ltr'><strong>offeram</strong></span> 
     </span>
    </p>
   </div>
   <div class='ocr_carea' id='block_1_27' title="bbox 26 1191 818 1226">
    <p class='ocr_par' dir='ltr' id='par_1_27' title="bbox 26 1191 818 1226">
     <span class='ocr_line' id='line_1_27' title="bbox 26 1191 818 1226; baseline -0.001 -6"><span class='ocrx_word' id='word_1_204' title='bbox 26 1194 83 1221; x_wconf 81' lang='lat' dir='ltr'><strong>beo</strong></span> <span class='ocrx_word' id='word_1_205' title='bbox 100 1199 225 1219; x_wconf 87' lang='lat' dir='ltr'><strong>munera.</strong></span> <span class='ocrx_word' id='word_1_206' title='bbox 247 1201 255 1218; x_wconf 93' lang='grc'><strong>(</strong></span> <span class='ocrx_word' id='word_1_207' title='bbox 279 1191 365 1219; x_wconf 86' lang='lat' dir='ltr'><strong>Omne</strong></span> <span class='ocrx_word' id='word_1_208' title='bbox 375 1199 422 1218; x_wconf 92' lang='lat' dir='ltr'><strong>vas</strong></span> <span class='ocrx_word' id='word_1_209' title='bbox 436 1198 560 1223; x_wconf 85' lang='lat' dir='ltr'><strong>aureum,</strong></span> <span class='ocrx_word' id='word_1_210' title='bbox 578 1195 712 1226; x_wconf 86' lang='lat' dir='ltr'><strong>torquem,</strong></span> <span class='ocrx_word' id='word_1_211' title='bbox 741 1201 750 1218; x_wconf 88' lang='grc'><strong>›</strong></span> <span class='ocrx_word' id='word_1_212' title='bbox 776 1193 818 1219; x_wconf 89' lang='lat' dir='ltr'><strong>in-</strong></span> 
     </span>
    </p>
   </div>
   <div class='ocr_carea' id='block_1_28' title="bbox 24 1237 818 1276">
    <p class='ocr_par' dir='ltr' id='par_1_28' title="bbox 24 1237 818 1276">
     <span class='ocr_line' id='line_1_28' title="bbox 24 1237 818 1276; baseline -0.004 -8"><span class='ocrx_word' id='word_1_213' title='bbox 24 1241 88 1276; x_wconf 90' lang='lat' dir='ltr'><strong>quit</strong></span> <span class='ocrx_word' id='word_1_214' title='bbox 103 1241 141 1273; x_wconf 87' lang='lat'><strong>&quot;,</strong></span> <span class='ocrx_word' id='word_1_215' title='bbox 155 1249 164 1266; x_wconf 83' lang='grc'><strong>(</strong></span> <span class='ocrx_word' id='word_1_216' title='bbox 182 1244 228 1267; x_wconf 89' lang='lat' dir='ltr'><strong>aut</strong></span> <span class='ocrx_word' id='word_1_217' title='bbox 246 1239 369 1266; x_wconf 87' lang='lat' dir='ltr'><strong>viriolam</strong></span> <span class='ocrx_word' id='word_1_218' title='bbox 383 1238 450 1274; x_wconf 82' lang='lat'><strong>(55),</strong></span> <span class='ocrx_word' id='word_1_219' title='bbox 464 1241 510 1264; x_wconf 83' lang='lat' dir='ltr'><strong>aut</strong></span> <span class='ocrx_word' id='word_1_220' title='bbox 531 1237 670 1271; x_wconf 90' lang='lat' dir='ltr'><strong>annulum,</strong></span> <span class='ocrx_word' id='word_1_221' title='bbox 687 1243 733 1266; x_wconf 88' lang='lat' dir='ltr'><strong>aut</strong></span> <span class='ocrx_word' id='word_1_222' title='bbox 752 1239 818 1266; x_wconf 81' lang='lat' dir='ltr'><strong>dex-</strong></span> 
     </span>
    </p>
   </div>
   <div class='ocr_carea' id='block_1_29' title="bbox 27 1285 818 1318">
    <p class='ocr_par' dir='ltr' id='par_1_29' title="bbox 27 1285 818 1318">
     <span class='ocr_line' id='line_1_29' title="bbox 27 1285 818 1318; baseline -0.004 -4"><span class='ocrx_word' id='word_1_223' title='bbox 27 1287 109 1318; x_wconf 88' lang='lat' dir='ltr'><strong>trale,</strong></span> <span class='ocrx_word' id='word_1_224' title='bbox 125 1286 348 1313; x_wconf 83' lang='lat' dir='ltr'><strong>autcatenulam.</strong></span> <span class='ocrx_word' id='word_1_225' title='bbox 378 1294 388 1311; x_wconf 72' lang='grc' dir='ltr'><strong>ι</strong></span> <span class='ocrx_word' id='word_1_226' title='bbox 414 1285 534 1318; x_wconf 86' lang='lat' dir='ltr'><strong>Turquis</strong></span> <span class='ocrx_word' id='word_1_227' title='bbox 556 1289 747 1312; x_wconf 87' lang='lat' dir='ltr'><strong>ornamentunt</strong></span> <span class='ocrx_word' id='word_1_228' title='bbox 775 1292 818 1312; x_wconf 86' lang='lat' dir='ltr'><strong>sa-</strong></span> 
     </span>
    </p>
   </div>
   <div class='ocr_carea' id='block_1_30' title="bbox 28 1330 818 1368">
    <p class='ocr_par' dir='ltr' id='par_1_30' title="bbox 28 1330 818 1368">
     <span class='ocr_line' id='line_1_30' title="bbox 28 1330 818 1368; baseline -0.005 -8"><span class='ocrx_word' id='word_1_229' title='bbox 28 1333 143 1368; x_wconf 75' lang='lat' dir='ltr'><strong>pientia:</strong></span> <span class='ocrx_word' id='word_1_230' title='bbox 165 1337 216 1359; x_wconf 85' lang='lat' dir='ltr'><strong>est.</strong></span> <span class='ocrx_word' id='word_1_231' title='bbox 234 1331 263 1358; x_wconf 94' lang='lat' dir='ltr'><strong>ln</strong></span> <span class='ocrx_word' id='word_1_232' title='bbox 289 1330 445 1358; x_wconf 84' lang='lat' dir='ltr'><strong>Proverbiis</strong></span> <span class='ocrx_word' id='word_1_233' title='bbox 459 1332 531 1358; x_wconf 90' lang='lat' dir='ltr'><strong>enim</strong></span> <span class='ocrx_word' id='word_1_234' title='bbox 554 1331 588 1358; x_wconf 90' lang='lat' dir='ltr'><strong>de</strong></span> <span class='ocrx_word' id='word_1_235' title='bbox 601 1330 734 1364; x_wconf 86' lang='lat' dir='ltr'><strong>sapientia</strong></span> <span class='ocrx_word' id='word_1_236' title='bbox 751 1330 818 1357; x_wconf 85' lang='lat' dir='ltr'><strong>diei-</strong></span> 
     </span>
    </p>
   </div>
   <div class='ocr_carea' id='block_1_31' title="bbox 24 1377 818 1413">
    <p class='ocr_par' dir='ltr' id='par_1_31' title="bbox 24 1377 818 1413">
     <span class='ocr_line' id='line_1_31' title="bbox 24 1377 818 1413; baseline -0.005 -7"><span class='ocrx_word' id='word_1_237' title='bbox 24 1385 72 1406; x_wconf 86' lang='lat' dir='ltr'><strong>tur</strong></span> <span class='ocrx_word' id='word_1_238' title='bbox 86 1380 123 1410; x_wconf 83' lang='lat'><strong>&quot;,</strong></span> <span class='ocrx_word' id='word_1_239' title='bbox 143 1379 215 1413; x_wconf 85' lang='lat' dir='ltr'><strong>quod</strong></span> <span class='ocrx_word' id='word_1_240' title='bbox 240 1377 285 1411; x_wconf 90' lang='lat' dir='ltr'><strong>qui</strong></span> <span class='ocrx_word' id='word_1_241' title='bbox 300 1377 458 1411; x_wconf 85' lang='lat' dir='ltr'><strong>acquisierit</strong></span> <span class='ocrx_word' id='word_1_242' title='bbox 479 1385 550 1410; x_wconf 86' lang='lat' dir='ltr'><strong>eam,</strong></span> <span class='ocrx_word' id='word_1_243' title='bbox 572 1381 693 1411; x_wconf 88' lang='lat' dir='ltr'><strong>torquem</strong></span> <span class='ocrx_word' id='word_1_244' title='bbox 707 1383 818 1403; x_wconf 86' lang='lat' dir='ltr'><strong>auream</strong></span> 
     </span>
    </p>
   </div>
   <div class='ocr_carea' id='block_1_32' title="bbox 22 1423 818 1461">
    <p class='ocr_par' dir='ltr' id='par_1_32' title="bbox 22 1423 818 1461">
     <span class='ocr_line' id='line_1_32' title="bbox 22 1423 818 1461; baseline -0.008 -7"><span class='ocrx_word' id='word_1_245' title='bbox 22 1431 111 1461; x_wconf 85' lang='lat' dir='ltr'><strong>ponat</strong></span> <span class='ocrx_word' id='word_1_246' title='bbox 126 1425 199 1453; x_wconf 87' lang='lat' dir='ltr'><strong>circa</strong></span> <span class='ocrx_word' id='word_1_247' title='bbox 211 1424 309 1451; x_wconf 84' lang='lat' dir='ltr'><strong>collum</strong></span> <span class='ocrx_word' id='word_1_248' title='bbox 323 1431 411 1450; x_wconf 90' lang='lat' dir='ltr'><strong>suum.</strong></span> <span class='ocrx_word' id='word_1_249' title='bbox 431 1423 530 1450; x_wconf 80' lang='lat' dir='ltr'><strong>Viriola</strong></span> <span class='ocrx_word' id='word_1_250' title='bbox 543 1427 570 1449; x_wconf 80' lang='lat' dir='ltr'><strong>et</strong></span> <span class='ocrx_word' id='word_1_251' title='bbox 587 1423 713 1455; x_wconf 89' lang='lat' dir='ltr'><strong>annulus,</strong></span> <span class='ocrx_word' id='word_1_252' title='bbox 735 1430 818 1449; x_wconf 88' lang='lat' dir='ltr'><strong>orna-</strong></span> 
     </span>
    </p>
   </div>
   <div class='ocr_carea' id='block_1_33' title="bbox 872 183 1650 218">
    <p class='ocr_par' dir='ltr' id='par_1_33' title="bbox 872 183 1650 218">
     <span class='ocr_line' id='line_1_33' title="bbox 872 183 1650 218; baseline 0.004 -8"><span class='ocrx_word' id='word_1_253' title='bbox 872 185 986 218; x_wconf 74' lang='lat' dir='ltr'><strong>ltuhen,</strong></span> <span class='ocrx_word' id='word_1_254' title='bbox 1013 189 1041 211; x_wconf 91' lang='lat' dir='ltr'><strong>ct</strong></span> <span class='ocrx_word' id='word_1_255' title='bbox 1064 183 1144 217; x_wconf 89' lang='lat' dir='ltr'><strong>Gad,</strong></span> <span class='ocrx_word' id='word_1_256' title='bbox 1180 189 1208 212; x_wconf 87' lang='lat' dir='ltr'><strong>et</strong></span> <span class='ocrx_word' id='word_1_257' title='bbox 1235 185 1354 212; x_wconf 63' lang='lat' dir='ltr'><strong>dimidia</strong></span> <span class='ocrx_word' id='word_1_258' title='bbox 1380 184 1468 213; x_wconf 88' lang='lat' dir='ltr'><strong>tribtts</strong></span> <span class='ocrx_word' id='word_1_259' title='bbox 1496 185 1620 213; x_wconf 85' lang='lat' dir='ltr'><strong>Manasse</strong></span> <span class='ocrx_word' id='word_1_260' title='bbox 1643 195 1650 212; x_wconf 87' lang='lat'><strong>:</strong></span> 
     </span>
    </p>
   </div>
   <div class='ocr_carea' id='block_1_34' title="bbox 869 230 1657 265">
    <p class='ocr_par' dir='ltr' id='par_1_34' title="bbox 869 230 1657 265">
     <span class='ocr_line' id='line_1_34' title="bbox 869 230 1657 265; baseline 0.003 -9"><span class='ocrx_word' id='word_1_261' title='bbox 869 231 902 257; x_wconf 87' lang='lat' dir='ltr'><strong>de</strong></span> <span class='ocrx_word' id='word_1_262' title='bbox 929 237 982 264; x_wconf 88' lang='lat' dir='ltr'><strong>qua</strong></span> <span class='ocrx_word' id='word_1_263' title='bbox 1015 234 1197 265; x_wconf 89' lang='lat' dir='ltr'><strong>proponentes</strong></span> <span class='ocrx_word' id='word_1_264' title='bbox 1226 230 1315 264; x_wconf 87' lang='lat' dir='ltr'><strong>aliqua</strong></span> <span class='ocrx_word' id='word_1_265' title='bbox 1351 231 1505 265; x_wconf 81' lang='lat' dir='ltr'><strong>disserere,</strong></span> <span class='ocrx_word' id='word_1_266' title='bbox 1533 231 1657 258; x_wconf 80' lang='lat' dir='ltr'><strong>volumus</strong></span> 
     </span>
    </p>
   </div>
   <div class='ocr_carea' id='block_1_35' title="bbox 869 276 1657 311">
    <p class='ocr_par' dir='ltr' id='par_1_35' title="bbox 869 276 1657 311">
     <span class='ocr_line' id='line_1_35' title="bbox 869 276 1657 311; baseline 0.003 -9"><span class='ocrx_word' id='word_1_267' title='bbox 869 276 946 310; x_wconf 75' lang='lat'><strong>371</strong></span> <span class='ocrx_word' id='word_1_268' title='bbox 972 276 1046 310; x_wconf 88' lang='lat' dir='ltr'><strong>prius</strong></span> <span class='ocrx_word' id='word_1_269' title='bbox 1068 276 1220 304; x_wconf 87' lang='lat' dir='ltr'><strong>auditorum</strong></span> <span class='ocrx_word' id='word_1_270' title='bbox 1241 276 1407 311; x_wconf 80' lang='lat' dir='ltr'><strong>diligentiam</strong></span> <span class='ocrx_word' id='word_1_271' title='bbox 1424 284 1605 310; x_wconf 82' lang='lat' dir='ltr'><strong>conuuouere,</strong></span> <span class='ocrx_word' id='word_1_272' title='bbox 1629 282 1657 304; x_wconf 93' lang='lat' dir='ltr'><strong>et</strong></span> 
     </span>
    </p>
   </div>
   <div class='ocr_carea' id='block_1_36' title="bbox 869 321 1656 358">
    <p class='ocr_par' dir='ltr' id='par_1_36' title="bbox 869 321 1656 358">
     <span class='ocr_line' id='line_1_36' title="bbox 869 321 1656 358; baseline 0.001 -9"><span class='ocrx_word' id='word_1_273' title='bbox 869 323 974 349; x_wconf 89' lang='lat' dir='ltr'><strong>animos</strong></span> <span class='ocrx_word' id='word_1_274' title='bbox 988 329 1082 349; x_wconf 87' lang='lat' dir='ltr'><strong>eorttnt</strong></span> <span class='ocrx_word' id='word_1_275' title='bbox 1103 321 1137 349; x_wconf 85' lang='lat' dir='ltr'><strong>ad</strong></span> <span class='ocrx_word' id='word_1_276' title='bbox 1153 322 1408 356; x_wconf 85' lang='lat' dir='ltr'><strong>contemplationem</strong></span> <span class='ocrx_word' id='word_1_277' title='bbox 1425 323 1557 358; x_wconf 88' lang='lat' dir='ltr'><strong>spiritalis</strong></span> <span class='ocrx_word' id='word_1_278' title='bbox 1577 323 1656 350; x_wconf 90' lang='lat' dir='ltr'><strong>intel-</strong></span> 
     </span>
    </p>
   </div>
   <div class='ocr_carea' id='block_1_37' title="bbox 871 367 1654 403">
    <p class='ocr_par' dir='ltr' id='par_1_37' title="bbox 871 367 1654 403">
     <span class='ocr_line' id='line_1_37' title="bbox 871 367 1654 403; baseline 0.003 -9"><span class='ocrx_word' id='word_1_279' title='bbox 871 367 991 402; x_wconf 74' lang='lat' dir='ltr'><strong>ligentiae</strong></span> <span class='ocrx_word' id='word_1_280' title='bbox 1005 367 1148 395; x_wconf 80' lang='lat' dir='ltr'><strong>suscitare.</strong></span> <span class='ocrx_word' id='word_1_281' title='bbox 1165 367 1260 395; x_wconf 91' lang='lat' dir='ltr'><strong>Omnia</strong></span> <span class='ocrx_word' id='word_1_282' title='bbox 1275 375 1337 403; x_wconf 71' lang='lat' dir='ltr'><strong>qua:</strong></span> <span class='ocrx_word' id='word_1_283' title='bbox 1352 368 1480 396; x_wconf 88' lang='lat' dir='ltr'><strong>dicuntttr</strong></span> <span class='ocrx_word' id='word_1_284' title='bbox 1496 377 1548 396; x_wconf 90' lang='lat' dir='ltr'><strong>non</strong></span> <span class='ocrx_word' id='word_1_285' title='bbox 1567 369 1654 396; x_wconf 88' lang='lat' dir='ltr'><strong>solum</strong></span> 
     </span>
    </p>
   </div>
   <div class='ocr_carea' id='block_1_38' title="bbox 868 413 1657 448">
    <p class='ocr_par' dir='ltr' id='par_1_38' title="bbox 868 413 1657 448">
     <span class='ocr_line' id='line_1_38' title="bbox 868 413 1657 448; baseline 0.003 -8"><span class='ocrx_word' id='word_1_286' title='bbox 868 420 902 440; x_wconf 81' lang='lat' dir='ltr'><strong>ex</strong></span> <span class='ocrx_word' id='word_1_287' title='bbox 919 414 978 448; x_wconf 91' lang='lat' dir='ltr'><strong>ipso</strong></span> <span class='ocrx_word' id='word_1_288' title='bbox 997 413 1043 447; x_wconf 93' lang='lat' dir='ltr'><strong>qui</strong></span> <span class='ocrx_word' id='word_1_289' title='bbox 1058 413 1158 440; x_wconf 89' lang='lat' dir='ltr'><strong>dicitur</strong></span> <span class='ocrx_word' id='word_1_290' title='bbox 1171 421 1297 441; x_wconf 89' lang='lat' dir='ltr'><strong>sermone</strong></span> <span class='ocrx_word' id='word_1_291' title='bbox 1309 415 1445 448; x_wconf 86' lang='lat' dir='ltr'><strong>pensanda</strong></span> <span class='ocrx_word' id='word_1_292' title='bbox 1468 419 1539 447; x_wconf 82' lang='lat' dir='ltr'><strong>sunt,</strong></span> <span class='ocrx_word' id='word_1_293' title='bbox 1556 415 1602 442; x_wconf 88' lang='lat' dir='ltr'><strong>sed</strong></span> <span class='ocrx_word' id='word_1_294' title='bbox 1628 421 1657 442; x_wconf 81' lang='lat' dir='ltr'><strong>et</strong></span> 
     </span>
    </p>
   </div>
   <div class='ocr_carea' id='block_1_39' title="bbox 869 459 1655 494">
    <p class='ocr_par' dir='ltr' id='par_1_39' title="bbox 869 459 1655 494">
     <span class='ocr_line' id='line_1_39' title="bbox 869 459 1655 494; baseline 0.003 -9"><span class='ocrx_word' id='word_1_295' title='bbox 869 466 982 493; x_wconf 85' lang='lat' dir='ltr'><strong>persona</strong></span> <span class='ocrx_word' id='word_1_296' title='bbox 994 459 1109 486; x_wconf 87' lang='lat' dir='ltr'><strong>dicentis</strong></span> <span class='ocrx_word' id='word_1_297' title='bbox 1125 466 1288 494; x_wconf 81' lang='lat' dir='ltr'><strong>magnopere</strong></span> <span class='ocrx_word' id='word_1_298' title='bbox 1300 460 1495 487; x_wconf 70' lang='lat' dir='ltr'><strong>consideranda</strong></span> <span class='ocrx_word' id='word_1_299' title='bbox 1508 466 1559 487; x_wconf 87' lang='lat' dir='ltr'><strong>est.</strong></span> <span class='ocrx_word' id='word_1_300' title='bbox 1574 459 1655 488; x_wconf 75' lang='lat' dir='ltr'><strong>Verbi</strong></span> 
     </span>
    </p>
   </div>
   <div class='ocr_carea' id='block_1_40' title="bbox 868 505 1656 539">
    <p class='ocr_par' dir='ltr' id='par_1_40' title="bbox 868 505 1656 539">
     <span class='ocr_line' id='line_1_40' title="bbox 868 505 1656 539; baseline 0.001 -9"><span class='ocrx_word' id='word_1_301' title='bbox 868 505 955 538; x_wconf 79' lang='lat' dir='ltr'><strong>gratia</strong></span> <span class='ocrx_word' id='word_1_302' title='bbox 970 513 977 532; x_wconf 85' lang='lat'>:</span> <span class='ocrx_word' id='word_1_303' title='bbox 999 505 1021 532; x_wconf 90' lang='lat' dir='ltr'><strong>si</strong></span> <span class='ocrx_word' id='word_1_304' title='bbox 1043 512 1109 539; x_wconf 92' lang='lat' dir='ltr'><strong>puer</strong></span> <span class='ocrx_word' id='word_1_305' title='bbox 1121 505 1217 539; x_wconf 89' lang='lat' dir='ltr'><strong>estqui</strong></span> <span class='ocrx_word' id='word_1_306' title='bbox 1233 505 1362 539; x_wconf 86' lang='lat' dir='ltr'><strong>loquitur,</strong></span> <span class='ocrx_word' id='word_1_307' title='bbox 1379 506 1483 533; x_wconf 83' lang='lat' dir='ltr'><strong>animos</strong></span> <span class='ocrx_word' id='word_1_308' title='bbox 1500 509 1608 533; x_wconf 86' lang='lat' dir='ltr'><strong>uestros</strong></span> <span class='ocrx_word' id='word_1_309' title='bbox 1623 508 1656 532; x_wconf 86' lang='lat' dir='ltr'><strong>ad</strong></span> 
     </span>
    </p>
   </div>
   <div class='ocr_carea' id='block_1_41' title="bbox 867 551 1656 587">
    <p class='ocr_par' dir='ltr' id='par_1_41' title="bbox 867 551 1656 587">
     <span class='ocr_line' id='line_1_41' title="bbox 867 551 1656 587; baseline 0 -9"><span class='ocrx_word' id='word_1_310' title='bbox 867 551 987 578; x_wconf 89' lang='lat' dir='ltr'><strong>auditum</strong></span> <span class='ocrx_word' id='word_1_311' title='bbox 1009 551 1108 586; x_wconf 89' lang='lat' dir='ltr'><strong>eloquii</strong></span> <span class='ocrx_word' id='word_1_312' title='bbox 1125 552 1237 586; x_wconf 87' lang='lat' dir='ltr'><strong>puerilis</strong></span> <span class='ocrx_word' id='word_1_313' title='bbox 1257 555 1391 586; x_wconf 86' lang='lat' dir='ltr'><strong>aptamus,</strong></span> <span class='ocrx_word' id='word_1_314' title='bbox 1409 559 1458 578; x_wconf 87' lang='lat' dir='ltr'><strong>nec</strong></span> <span class='ocrx_word' id='word_1_315' title='bbox 1481 551 1541 587; x_wconf 86' lang='lat' dir='ltr'><strong>plus</strong></span> <span class='ocrx_word' id='word_1_316' title='bbox 1556 552 1656 586; x_wconf 85' lang='lat' dir='ltr'><strong>aliquid</strong></span> 
     </span>
    </p>
   </div>
   <div class='ocr_carea' id='block_1_42' title="bbox 868 597 1658 632">
    <p class='ocr_par' dir='ltr' id='par_1_42' title="bbox 868 597 1658 632">
     <span class='ocr_line' id='line_1_42' title="bbox 868 597 1658 632; baseline 0 -8"><span class='ocrx_word' id='word_1_317' title='bbox 868 597 894 624; x_wconf 92' lang='lat' dir='ltr'><strong>in</strong></span> <span class='ocrx_word' id='word_1_318' title='bbox 909 597 941 624; x_wconf 88' lang='lat' dir='ltr'><strong>iis</strong></span> <span class='ocrx_word' id='word_1_319' title='bbox 957 605 1016 632; x_wconf 76' lang='lat' dir='ltr'><strong>qua:</strong></span> <span class='ocrx_word' id='word_1_320' title='bbox 1039 598 1178 630; x_wconf 91' lang='lat' dir='ltr'><strong>dicuntur,</strong></span> <span class='ocrx_word' id='word_1_321' title='bbox 1203 597 1253 625; x_wconf 90' lang='lat' dir='ltr'><strong>nisi</strong></span> <span class='ocrx_word' id='word_1_322' title='bbox 1278 599 1435 632; x_wconf 91' lang='lat' dir='ltr'><strong>inquantum</strong></span> <span class='ocrx_word' id='word_1_323' title='bbox 1464 598 1566 626; x_wconf 89' lang='lat' dir='ltr'><strong>setttire</strong></span> <span class='ocrx_word' id='word_1_324' title='bbox 1591 605 1658 632; x_wconf 88' lang='lat' dir='ltr'><strong>puer</strong></span> 
     </span>
    </p>
   </div>
   <div class='ocr_carea' id='block_1_43' title="bbox 867 644 1658 680">
    <p class='ocr_par' dir='ltr' id='par_1_43' title="bbox 867 644 1658 680">
     <span class='ocr_line' id='line_1_43' title="bbox 867 644 1658 680; baseline 0 -10"><span class='ocrx_word' id='word_1_325' title='bbox 867 644 965 678; x_wconf 90' lang='lat' dir='ltr'><strong>potuit,</strong></span> <span class='ocrx_word' id='word_1_326' title='bbox 982 648 1182 679; x_wconf 81' lang='lat' dir='ltr'><strong>exspectamus.</strong></span> <span class='ocrx_word' id='word_1_327' title='bbox 1201 644 1228 671; x_wconf 90' lang='lat' dir='ltr'><strong>Si</strong></span> <span class='ocrx_word' id='word_1_328' title='bbox 1252 651 1317 672; x_wconf 90' lang='lat' dir='ltr'><strong>vero</strong></span> <span class='ocrx_word' id='word_1_329' title='bbox 1336 645 1383 680; x_wconf 89' lang='lat' dir='ltr'><strong>qui</strong></span> <span class='ocrx_word' id='word_1_330' title='bbox 1398 644 1516 679; x_wconf 86' lang='lat' dir='ltr'><strong>loquitur</strong></span> <span class='ocrx_word' id='word_1_331' title='bbox 1541 645 1580 671; x_wconf 81' lang='lat' dir='ltr'><strong>vir</strong></span> <span class='ocrx_word' id='word_1_332' title='bbox 1605 650 1658 676; x_wconf 85' lang='lat' dir='ltr'><strong>est,</strong></span> 
     </span>
    </p>
   </div>
   <div class='ocr_carea' id='block_1_44' title="bbox 869 690 1658 725">
    <p class='ocr_par' dir='ltr' id='par_1_44' title="bbox 869 690 1658 725">
     <span class='ocr_line' id='line_1_44' title="bbox 869 690 1658 725; baseline 0 -9"><span class='ocrx_word' id='word_1_333' title='bbox 869 690 996 717; x_wconf 88' lang='lat' dir='ltr'><strong>continuo</strong></span> <span class='ocrx_word' id='word_1_334' title='bbox 1024 690 1251 725; x_wconf 78' lang='lat' dir='ltr'><strong>contemplamur,</strong></span> <span class='ocrx_word' id='word_1_335' title='bbox 1274 690 1298 718; x_wconf 87' lang='lat' dir='ltr'><strong>si</strong></span> <span class='ocrx_word' id='word_1_336' title='bbox 1325 691 1383 718; x_wconf 87' lang='lat' dir='ltr'><strong>viro</strong></span> <span class='ocrx_word' id='word_1_337' title='bbox 1406 691 1485 725; x_wconf 80' lang='lat' dir='ltr'><strong>digna</strong></span> <span class='ocrx_word' id='word_1_338' title='bbox 1509 695 1569 717; x_wconf 74' lang='lat' dir='ltr'><strong>sunt</strong></span> <span class='ocrx_word' id='word_1_339' title='bbox 1599 698 1658 723; x_wconf 73' lang='lat' dir='ltr'><strong>qua:</strong></span> 
     </span>
    </p>
   </div>
   <div class='ocr_carea' id='block_1_45' title="bbox 869 735 1655 770">
    <p class='ocr_par' dir='ltr' id='par_1_45' title="bbox 869 735 1655 770">
     <span class='ocr_line' id='line_1_45' title="bbox 869 735 1655 770; baseline -0.003 -6"><span class='ocrx_word' id='word_1_340' title='bbox 869 737 1005 764; x_wconf 87' lang='lat' dir='ltr'><strong>dicuntur.</strong></span> <span class='ocrx_word' id='word_1_341' title='bbox 1019 735 1051 762; x_wconf 86' lang='lat' dir='ltr'><strong>Et</strong></span> <span class='ocrx_word' id='word_1_342' title='bbox 1068 743 1161 762; x_wconf 88' lang='lat' dir='ltr'><strong>rursus</strong></span> <span class='ocrx_word' id='word_1_343' title='bbox 1175 736 1196 762; x_wconf 87' lang='lat' dir='ltr'><strong>si</strong></span> <span class='ocrx_word' id='word_1_344' title='bbox 1212 736 1252 762; x_wconf 89' lang='lat' dir='ltr'><strong>vir</strong></span> <span class='ocrx_word' id='word_1_345' title='bbox 1267 736 1312 763; x_wconf 89' lang='lat' dir='ltr'><strong>ille</strong></span> <span class='ocrx_word' id='word_1_346' title='bbox 1327 736 1451 763; x_wconf 85' lang='lat' dir='ltr'><strong>eruditus</strong></span> <span class='ocrx_word' id='word_1_347' title='bbox 1465 735 1500 762; x_wconf 92' lang='lat' dir='ltr'><strong>sit</strong></span> <span class='ocrx_word' id='word_1_348' title='bbox 1516 736 1561 770; x_wconf 90' lang='lat' dir='ltr'><strong>qui</strong></span> <span class='ocrx_word' id='word_1_349' title='bbox 1580 735 1655 768; x_wconf 91' lang='lat' dir='ltr'><strong>dicit,</strong></span> 
     </span>
    </p>
   </div>
   <div class='ocr_carea' id='block_1_46' title="bbox 869 781 1656 817">
    <p class='ocr_par' dir='ltr' id='par_1_46' title="bbox 869 781 1656 817">
     <span class='ocr_line' id='line_1_46' title="bbox 869 781 1656 817; baseline 0.001 -9"><span class='ocrx_word' id='word_1_350' title='bbox 869 789 918 817; x_wconf 90' lang='lat' dir='ltr'><strong>pro</strong></span> <span class='ocrx_word' id='word_1_351' title='bbox 930 782 1089 809; x_wconf 86' lang='lat' dir='ltr'><strong>eruditionis</strong></span> <span class='ocrx_word' id='word_1_352' title='bbox 1108 781 1167 815; x_wconf 74' lang='lat' dir='ltr'><strong>ejus</strong></span> <span class='ocrx_word' id='word_1_353' title='bbox 1187 782 1286 808; x_wconf 90' lang='lat' dir='ltr'><strong>intuitu</strong></span> <span class='ocrx_word' id='word_1_354' title='bbox 1303 784 1383 809; x_wconf 88' lang='lat' dir='ltr'><strong>etiant</strong></span> <span class='ocrx_word' id='word_1_355' title='bbox 1405 783 1474 808; x_wconf 86' lang='lat' dir='ltr'><strong>dicta</strong></span> <span class='ocrx_word' id='word_1_356' title='bbox 1501 787 1656 816; x_wconf 87' lang='lat' dir='ltr'><strong>pensamus.</strong></span> 
     </span>
    </p>
   </div>
   <div class='ocr_carea' id='block_1_47' title="bbox 870 827 1658 863">
    <p class='ocr_par' dir='ltr' id='par_1_47' title="bbox 870 827 1658 863">
     <span class='ocr_line' id='line_1_47' title="bbox 870 827 1658 863; baseline -0.001 -8"><span class='ocrx_word' id='word_1_357' title='bbox 870 829 897 856; x_wconf 95' lang='lat' dir='ltr'><strong>Si</strong></span> <span class='ocrx_word' id='word_1_358' title='bbox 914 836 978 855; x_wconf 86' lang='lat' dir='ltr'><strong>vero</strong></span> <span class='ocrx_word' id='word_1_359' title='bbox 987 829 1028 855; x_wconf 85' lang='lat' dir='ltr'><strong>vir</strong></span> <span class='ocrx_word' id='word_1_360' title='bbox 1042 828 1152 862; x_wconf 89' lang='lat' dir='ltr'><strong>quidem</strong></span> <span class='ocrx_word' id='word_1_361' title='bbox 1167 827 1211 854; x_wconf 90' lang='lat' dir='ltr'><strong>ille</strong></span> <span class='ocrx_word' id='word_1_362' title='bbox 1222 828 1424 863; x_wconf 63' lang='lat' dir='ltr'><strong>est,imperitns</strong></span> <span class='ocrx_word' id='word_1_363' title='bbox 1439 832 1527 854; x_wconf 80' lang='lat' dir='ltr'><strong>tamen</strong></span> <span class='ocrx_word' id='word_1_364' title='bbox 1545 832 1570 854; x_wconf 91' lang='lat' dir='ltr'><strong>et</strong></span> <span class='ocrx_word' id='word_1_365' title='bbox 1589 828 1658 854; x_wconf 85' lang='lat' dir='ltr'><strong>idio-</strong></span> 
     </span>
    </p>
   </div>
   <div class='ocr_carea' id='block_1_48' title="bbox 869 871 1659 907">
    <p class='ocr_par' dir='ltr' id='par_1_48' title="bbox 869 871 1659 907">
     <span class='ocr_line' id='line_1_48' title="bbox 869 871 1659 907; baseline -0.003 -7"><span class='ocrx_word' id='word_1_366' title='bbox 869 878 920 904; x_wconf 85' lang='lat' dir='ltr'><strong>tes.</strong></span> <span class='ocrx_word' id='word_1_367' title='bbox 941 873 1020 900; x_wconf 88' lang='lat' dir='ltr'><strong>aliter</strong></span> <span class='ocrx_word' id='word_1_368' title='bbox 1042 880 1102 907; x_wconf 73' lang='lat' dir='ltr'><strong>qure</strong></span> <span class='ocrx_word' id='word_1_369' title='bbox 1124 873 1251 900; x_wconf 89' lang='lat' dir='ltr'><strong>dicuntur</strong></span> <span class='ocrx_word' id='word_1_370' title='bbox 1268 876 1427 905; x_wconf 85' lang='lat' dir='ltr'><strong>aectpnnus.</strong></span> <span class='ocrx_word' id='word_1_371' title='bbox 1441 871 1487 899; x_wconf 85' lang='lat' dir='ltr'><strong>Sic</strong></span> <span class='ocrx_word' id='word_1_372' title='bbox 1500 873 1562 898; x_wconf 90' lang='lat' dir='ltr'><strong>item</strong></span> <span class='ocrx_word' id='word_1_373' title='bbox 1581 872 1603 898; x_wconf 90' lang='lat' dir='ltr'><strong>si</strong></span> <span class='ocrx_word' id='word_1_374' title='bbox 1623 872 1659 898; x_wconf 86' lang='lat' dir='ltr'><strong>sit</strong></span> 
     </span>
    </p>
   </div>
   <div class='ocr_carea' id='block_1_49' title="bbox 868 918 1657 954">
    <p class='ocr_par' dir='ltr' id='par_1_49' title="bbox 868 918 1657 954">
     <span class='ocr_line' id='line_1_49' title="bbox 868 918 1657 954; baseline -0.001 -8"><span class='ocrx_word' id='word_1_375' title='bbox 868 920 960 947; x_wconf 91' lang='lat' dir='ltr'><strong>senior</strong></span> <span class='ocrx_word' id='word_1_376' title='bbox 975 919 1020 954; x_wconf 91' lang='lat' dir='ltr'><strong>qui</strong></span> <span class='ocrx_word' id='word_1_377' title='bbox 1043 919 1175 953; x_wconf 85' lang='lat' dir='ltr'><strong>loquitur,</strong></span> <span class='ocrx_word' id='word_1_378' title='bbox 1200 924 1227 945; x_wconf 90' lang='lat' dir='ltr'><strong>et</strong></span> <span class='ocrx_word' id='word_1_379' title='bbox 1249 918 1338 945; x_wconf 70' lang='lat' dir='ltr'><strong>nmine</strong></span> <span class='ocrx_word' id='word_1_380' title='bbox 1360 926 1391 944; x_wconf 90' lang='lat' dir='ltr'><strong>ac</strong></span> <span class='ocrx_word' id='word_1_381' title='bbox 1407 918 1525 952; x_wconf 69' lang='lat' dir='ltr'><strong>probata:</strong></span> <span class='ocrx_word' id='word_1_382' title='bbox 1545 918 1657 952; x_wconf 75' lang='lat' dir='ltr'><strong>peritizr.</strong></span> 
     </span>
    </p>
   </div>
   <div class='ocr_carea' id='block_1_50' title="bbox 869 963 1657 1001">
    <p class='ocr_par' dir='ltr' id='par_1_50' title="bbox 869 963 1657 1001">
     <span class='ocr_line' id='line_1_50' title="bbox 869 963 1657 1001; baseline -0.004 -8"><span class='ocrx_word' id='word_1_383' title='bbox 869 971 961 1001; x_wconf 81' lang='lat' dir='ltr'><strong>utpote</strong></span> <span class='ocrx_word' id='word_1_384' title='bbox 972 966 1017 1000; x_wconf 91' lang='lat' dir='ltr'><strong>qui</strong></span> <span class='ocrx_word' id='word_1_385' title='bbox 1033 966 1059 992; x_wconf 94' lang='lat' dir='ltr'><strong>in</strong></span> <span class='ocrx_word' id='word_1_386' title='bbox 1075 963 1275 992; x_wconf 85' lang='lat' dir='ltr'><strong>eruditionibus</strong></span> <span class='ocrx_word' id='word_1_387' title='bbox 1292 963 1476 995; x_wconf 87' lang='lat' dir='ltr'><strong>consenuerit,</strong></span> <span class='ocrx_word' id='word_1_388' title='bbox 1498 963 1578 998; x_wconf 79' lang='lat' dir='ltr'><strong>longe</strong></span> <span class='ocrx_word' id='word_1_389' title='bbox 1600 971 1657 990; x_wconf 82' lang='lat' dir='ltr'><strong>ma-</strong></span> 
     </span>
    </p>
   </div>
   <div class='ocr_carea' id='block_1_51' title="bbox 866 1008 1659 1046">
    <p class='ocr_par' dir='ltr' id='par_1_51' title="bbox 866 1008 1659 1046">
     <span class='ocr_line' id='line_1_51' title="bbox 866 1008 1659 1046; baseline -0.006 -7"><span class='ocrx_word' id='word_1_390' title='bbox 866 1011 909 1046; x_wconf 81' lang='lat' dir='ltr'><strong>jor</strong></span> <span class='ocrx_word' id='word_1_391' title='bbox 922 1011 949 1038; x_wconf 91' lang='lat' dir='ltr'><strong>in</strong></span> <span class='ocrx_word' id='word_1_392' title='bbox 965 1018 997 1037; x_wconf 86' lang='lat' dir='ltr'><strong>eo</strong></span> <span class='ocrx_word' id='word_1_393' title='bbox 1018 1010 1153 1038; x_wconf 87' lang='lat' dir='ltr'><strong>dictorum</strong></span> <span class='ocrx_word' id='word_1_394' title='bbox 1175 1009 1324 1036; x_wconf 85' lang='lat' dir='ltr'><strong>habebitur</strong></span> <span class='ocrx_word' id='word_1_395' title='bbox 1343 1010 1520 1043; x_wconf 72' lang='lat' dir='ltr'><strong>exspectatio.</strong></span> <span class='ocrx_word' id='word_1_396' title='bbox 1542 1008 1596 1036; x_wconf 87' lang='lat' dir='ltr'><strong>Cur</strong></span> <span class='ocrx_word' id='word_1_397' title='bbox 1613 1017 1659 1036; x_wconf 79' lang='lat' dir='ltr'><strong>au-</strong></span> 
     </span>
    </p>
   </div>
   <div class='ocr_carea' id='block_1_52' title="bbox 869 1055 1658 1091">
    <p class='ocr_par' dir='ltr' id='par_1_52' title="bbox 869 1055 1658 1091">
     <span class='ocr_line' id='line_1_52' title="bbox 869 1055 1658 1091; baseline -0.004 -6"><span class='ocrx_word' id='word_1_398' title='bbox 869 1063 922 1085; x_wconf 86' lang='lat' dir='ltr'><strong>tem</strong></span> <span class='ocrx_word' id='word_1_399' title='bbox 932 1057 984 1085; x_wconf 91' lang='lat' dir='ltr'><strong>ista</strong></span> <span class='ocrx_word' id='word_1_400' title='bbox 997 1057 1219 1091; x_wconf 68' lang='lat' dir='ltr'><strong>prmntiseriutus,</strong></span> <span class='ocrx_word' id='word_1_401' title='bbox 1233 1056 1373 1083; x_wconf 86' lang='lat' dir='ltr'><strong>historiam</strong></span> <span class='ocrx_word' id='word_1_402' title='bbox 1385 1056 1550 1083; x_wconf 72' lang='lat' dir='ltr'><strong>hazreditatis</strong></span> <span class='ocrx_word' id='word_1_403' title='bbox 1564 1055 1658 1082; x_wconf 83' lang='lat' dir='ltr'><strong>Ruben</strong></span> 
     </span>
    </p>
   </div>
   <div class='ocr_carea' id='block_1_53' title="bbox 868 1101 1658 1135">
    <p class='ocr_par' dir='ltr' id='par_1_53' title="bbox 868 1101 1658 1135">
     <span class='ocr_line' id='line_1_53' title="bbox 868 1101 1658 1135; baseline -0.003 -5"><span class='ocrx_word' id='word_1_404' title='bbox 868 1108 893 1130; x_wconf 90' lang='lat' dir='ltr'><strong>et</strong></span> <span class='ocrx_word' id='word_1_405' title='bbox 908 1103 965 1130; x_wconf 82' lang='lat' dir='ltr'><strong>Gad</strong></span> <span class='ocrx_word' id='word_1_406' title='bbox 980 1107 1008 1129; x_wconf 90' lang='lat' dir='ltr'><strong>et</strong></span> <span class='ocrx_word' id='word_1_407' title='bbox 1020 1102 1139 1129; x_wconf 71' lang='lat' dir='ltr'><strong>dimidia:</strong></span> <span class='ocrx_word' id='word_1_408' title='bbox 1157 1102 1244 1128; x_wconf 91' lang='lat' dir='ltr'><strong>tribus</strong></span> <span class='ocrx_word' id='word_1_409' title='bbox 1268 1101 1393 1128; x_wconf 84' lang='lat' dir='ltr'><strong>Mauasse</strong></span> <span class='ocrx_word' id='word_1_410' title='bbox 1413 1109 1550 1135; x_wconf 73' lang='lat' dir='ltr'><strong>exponere</strong></span> <span class='ocrx_word' id='word_1_411' title='bbox 1567 1101 1658 1128; x_wconf 84' lang='lat' dir='ltr'><strong>volen-</strong></span> 
     </span>
    </p>
   </div>
   <div class='ocr_carea' id='block_1_54' title="bbox 869 1147 1658 1182">
    <p class='ocr_par' dir='ltr' id='par_1_54' title="bbox 869 1147 1658 1182">
     <span class='ocr_line' id='line_1_54' title="bbox 869 1147 1658 1182; baseline -0.001 -7"><span class='ocrx_word' id='word_1_412' title='bbox 869 1153 920 1182; x_wconf 91' lang='lat' dir='ltr'><strong>tes,</strong></span> <span class='ocrx_word' id='word_1_413' title='bbox 946 1147 1078 1175; x_wconf 85' lang='lat' dir='ltr'><strong>ausculta.</strong></span> <span class='ocrx_word' id='word_1_414' title='bbox 1097 1147 1147 1180; x_wconf 88' lang='lat' dir='ltr'><strong>Qui</strong></span> <span class='ocrx_word' id='word_1_415' title='bbox 1171 1147 1228 1175; x_wconf 64' lang='lat' dir='ltr'><strong>haec</strong></span> <span class='ocrx_word' id='word_1_416' title='bbox 1245 1153 1320 1181; x_wconf 87' lang='lat' dir='ltr'><strong>gesta</strong></span> <span class='ocrx_word' id='word_1_417' title='bbox 1337 1151 1430 1173; x_wconf 88' lang='lat' dir='ltr'><strong>narrat</strong></span> <span class='ocrx_word' id='word_1_418' title='bbox 1446 1154 1506 1181; x_wconf 70' lang='lat' dir='ltr'><strong>quae</strong></span> <span class='ocrx_word' id='word_1_419' title='bbox 1532 1147 1658 1182; x_wconf 77' lang='lat' dir='ltr'><strong>legimus.</strong></span> 
     </span>
    </p>
   </div>
   <div class='ocr_carea' id='block_1_55' title="bbox 870 1193 1657 1229">
    <p class='ocr_par' dir='ltr' id='par_1_55' title="bbox 870 1193 1657 1229">
     <span class='ocr_line' id='line_1_55' title="bbox 870 1193 1657 1229; baseline -0.003 -8"><span class='ocrx_word' id='word_1_420' title='bbox 870 1202 956 1229; x_wconf 85' lang='lat' dir='ltr'><strong>neque</strong></span> <span class='ocrx_word' id='word_1_421' title='bbox 970 1202 1035 1228; x_wconf 90' lang='lat' dir='ltr'><strong>ptter</strong></span> <span class='ocrx_word' id='word_1_422' title='bbox 1048 1198 1099 1225; x_wconf 88' lang='lat' dir='ltr'><strong>est,</strong></span> <span class='ocrx_word' id='word_1_423' title='bbox 1114 1193 1220 1228; x_wconf 85' lang='lat' dir='ltr'><strong>qualem</strong></span> <span class='ocrx_word' id='word_1_424' title='bbox 1240 1201 1318 1227; x_wconf 87' lang='lat' dir='ltr'><strong>supra</strong></span> <span class='ocrx_word' id='word_1_425' title='bbox 1340 1193 1548 1227; x_wconf 84' lang='lat' dir='ltr'><strong>descripsimus,</strong></span> <span class='ocrx_word' id='word_1_426' title='bbox 1569 1200 1657 1227; x_wconf 87' lang='lat' dir='ltr'><strong>neque</strong></span> 
     </span>
    </p>
   </div>
   <div class='ocr_carea' id='block_1_56' title="bbox 871 1238 1659 1273">
    <p class='ocr_par' dir='ltr' id='par_1_56' title="bbox 871 1238 1659 1273">
     <span class='ocr_line' id='line_1_56' title="bbox 871 1238 1659 1273; baseline -0.003 -7"><span class='ocrx_word' id='word_1_427' title='bbox 871 1241 911 1266; x_wconf 84' lang='lat' dir='ltr'><strong>vir</strong></span> <span class='ocrx_word' id='word_1_428' title='bbox 927 1240 988 1266; x_wconf 90' lang='lat' dir='ltr'><strong>talis</strong></span> <span class='ocrx_word' id='word_1_429' title='bbox 1003 1238 1112 1273; x_wconf 86' lang='lat' dir='ltr'><strong>aliquis,</strong></span> <span class='ocrx_word' id='word_1_430' title='bbox 1129 1246 1216 1273; x_wconf 86' lang='lat' dir='ltr'><strong>neque</strong></span> <span class='ocrx_word' id='word_1_431' title='bbox 1233 1239 1335 1270; x_wconf 88' lang='lat' dir='ltr'><strong>senior,</strong></span> <span class='ocrx_word' id='word_1_432' title='bbox 1356 1246 1405 1265; x_wconf 88' lang='lat' dir='ltr'><strong>nec</strong></span> <span class='ocrx_word' id='word_1_433' title='bbox 1426 1239 1538 1265; x_wconf 90' lang='lat' dir='ltr'><strong>omnino</strong></span> <span class='ocrx_word' id='word_1_434' title='bbox 1560 1238 1659 1273; x_wconf 88' lang='lat' dir='ltr'><strong>aliquis</strong></span> 
     </span>
    </p>
   </div>
   <div class='ocr_carea' id='block_1_57' title="bbox 869 1283 1658 1318">
    <p class='ocr_par' dir='ltr' id='par_1_57' title="bbox 869 1283 1658 1318">
     <span class='ocr_line' id='line_1_57' title="bbox 869 1283 1658 1318; baseline -0.004 -6"><span class='ocrx_word' id='word_1_435' title='bbox 869 1285 948 1312; x_wconf 89' lang='lat' dir='ltr'><strong>ltomo</strong></span> <span class='ocrx_word' id='word_1_436' title='bbox 962 1289 1002 1312; x_wconf 90' lang='lat' dir='ltr'><strong>est</strong></span> <span class='ocrx_word' id='word_1_437' title='bbox 1017 1292 1023 1310; x_wconf 89' lang='lat'>:</span> <span class='ocrx_word' id='word_1_438' title='bbox 1041 1289 1069 1312; x_wconf 90' lang='lat' dir='ltr'><strong>et</strong></span> <span class='ocrx_word' id='word_1_439' title='bbox 1084 1289 1114 1311; x_wconf 90' lang='lat' dir='ltr'><strong>ut</strong></span> <span class='ocrx_word' id='word_1_440' title='bbox 1133 1284 1248 1318; x_wconf 84' lang='lat' dir='ltr'><strong>amplius</strong></span> <span class='ocrx_word' id='word_1_441' title='bbox 1263 1283 1364 1318; x_wconf 84' lang='lat' dir='ltr'><strong>aliquid</strong></span> <span class='ocrx_word' id='word_1_442' title='bbox 1385 1283 1486 1316; x_wconf 85' lang='lat' dir='ltr'><strong>dicam,</strong></span> <span class='ocrx_word' id='word_1_443' title='bbox 1502 1290 1552 1310; x_wconf 88' lang='lat' dir='ltr'><strong>nec</strong></span> <span class='ocrx_word' id='word_1_444' title='bbox 1574 1290 1658 1317; x_wconf 86' lang='lat' dir='ltr'><strong>ange-</strong></span> 
     </span>
    </p>
   </div>
   <div class='ocr_carea' id='block_1_58' title="bbox 869 1329 1659 1365">
    <p class='ocr_par' dir='ltr' id='par_1_58' title="bbox 869 1329 1659 1365">
     <span class='ocr_line' id='line_1_58' title="bbox 869 1329 1659 1365; baseline -0.004 -8"><span class='ocrx_word' id='word_1_445' title='bbox 869 1331 955 1358; x_wconf 92' lang='lat' dir='ltr'><strong>lorum</strong></span> <span class='ocrx_word' id='word_1_446' title='bbox 975 1330 1084 1365; x_wconf 87' lang='lat' dir='ltr'><strong>aliquis,</strong></span> <span class='ocrx_word' id='word_1_447' title='bbox 1096 1335 1143 1357; x_wconf 90' lang='lat' dir='ltr'><strong>aut</strong></span> <span class='ocrx_word' id='word_1_448' title='bbox 1155 1330 1285 1357; x_wconf 90' lang='lat' dir='ltr'><strong>virtutum</strong></span> <span class='ocrx_word' id='word_1_449' title='bbox 1299 1330 1450 1357; x_wconf 87' lang='lat' dir='ltr'><strong>ccelestium</strong></span> <span class='ocrx_word' id='word_1_450' title='bbox 1462 1334 1514 1360; x_wconf 92' lang='lat' dir='ltr'><strong>est,</strong></span> <span class='ocrx_word' id='word_1_451' title='bbox 1529 1329 1575 1355; x_wconf 90' lang='lat' dir='ltr'><strong>sed</strong></span> <span class='ocrx_word' id='word_1_452' title='bbox 1587 1329 1659 1355; x_wconf 86' lang='lat' dir='ltr'><strong>sicut</strong></span> 
     </span>
    </p>
   </div>
   <div class='ocr_carea' id='block_1_59' title="bbox 871 1375 1660 1411">
    <p class='ocr_par' dir='ltr' id='par_1_59' title="bbox 871 1375 1660 1411">
     <span class='ocr_line' id='line_1_59' title="bbox 871 1375 1660 1411; baseline -0.005 -7"><span class='ocrx_word' id='word_1_453' title='bbox 871 1377 982 1404; x_wconf 89' lang='lat' dir='ltr'><strong>traditio</strong></span> <span class='ocrx_word' id='word_1_454' title='bbox 1000 1376 1134 1411; x_wconf 85' lang='lat' dir='ltr'><strong>majorum</strong></span> <span class='ocrx_word' id='word_1_455' title='bbox 1158 1380 1240 1409; x_wconf 87' lang='lat' dir='ltr'><strong>tenet,</strong></span> <span class='ocrx_word' id='word_1_456' title='bbox 1260 1376 1379 1410; x_wconf 88' lang='lat' dir='ltr'><strong>Spiritus</strong></span> <span class='ocrx_word' id='word_1_457' title='bbox 1395 1380 1505 1402; x_wconf 89' lang='lat' dir='ltr'><strong>sanctus</strong></span> <span class='ocrx_word' id='word_1_458' title='bbox 1521 1375 1578 1401; x_wconf 70' lang='lat' dir='ltr'><strong>hate</strong></span> <span class='ocrx_word' id='word_1_459' title='bbox 1595 1381 1660 1400; x_wconf 86' lang='lat' dir='ltr'><strong>nar-</strong></span> 
     </span>
    </p>
   </div>
   <div class='ocr_carea' id='block_1_60' title="bbox 871 1420 1660 1457">
    <p class='ocr_par' dir='ltr' id='par_1_60' title="bbox 871 1420 1660 1457">
     <span class='ocr_line' id='line_1_60' title="bbox 871 1420 1660 1457; baseline -0.004 -8"><span class='ocrx_word' id='word_1_460' title='bbox 871 1427 922 1449; x_wconf 88' lang='lat' dir='ltr'><strong>rat.</strong></span> <span class='ocrx_word' id='word_1_461' title='bbox 938 1422 1013 1449; x_wconf 88' lang='lat' dir='ltr'><strong>Unde</strong></span> <span class='ocrx_word' id='word_1_462' title='bbox 1027 1422 1098 1449; x_wconf 89' lang='lat' dir='ltr'><strong>enim</strong></span> <span class='ocrx_word' id='word_1_463' title='bbox 1114 1427 1222 1457; x_wconf 88' lang='lat' dir='ltr'><strong>poterat</strong></span> <span class='ocrx_word' id='word_1_464' title='bbox 1236 1422 1352 1456; x_wconf 82' lang='lat' dir='ltr'><strong>Moyses,</strong></span> <span class='ocrx_word' id='word_1_465' title='bbox 1372 1421 1413 1447; x_wconf 88' lang='lat' dir='ltr'><strong>vel</strong></span> <span class='ocrx_word' id='word_1_466' title='bbox 1432 1429 1491 1456; x_wconf 77' lang='lat' dir='ltr'><strong>quae</strong></span> <span class='ocrx_word' id='word_1_467' title='bbox 1505 1421 1538 1447; x_wconf 89' lang='lat' dir='ltr'><strong>ab</strong></span> <span class='ocrx_word' id='word_1_468' title='bbox 1556 1420 1660 1454; x_wconf 81' lang='lat' dir='ltr'><strong>origine</strong></span> 
     </span>
    </p>
   </div>
   <div class='ocr_carea' id='block_1_61' title="bbox 24 1467 1661 1507">
    <p class='ocr_par' dir='ltr' id='par_1_61' title="bbox 24 1467 1661 1507">
     <span class='ocr_line' id='line_1_61' title="bbox 24 1467 1661 1507; baseline -0.004 -8"><span class='ocrx_word' id='word_1_469' title='bbox 24 1477 122 1499; x_wconf 88' lang='lat' dir='ltr'><strong>menta</strong></span> <span class='ocrx_word' id='word_1_470' title='bbox 141 1475 204 1498; x_wconf 88' lang='lat' dir='ltr'><strong>sttttt</strong></span> <span class='ocrx_word' id='word_1_471' title='bbox 227 1477 367 1501; x_wconf 86' lang='lat' dir='ltr'><strong>manuum,</strong></span> <span class='ocrx_word' id='word_1_472' title='bbox 384 1468 410 1496; x_wconf 92' lang='lat' dir='ltr'><strong>in</strong></span> <span class='ocrx_word' id='word_1_473' title='bbox 427 1469 525 1504; x_wconf 88' lang='lat' dir='ltr'><strong>quibus</strong></span> <span class='ocrx_word' id='word_1_474' title='bbox 540 1475 650 1503; x_wconf 89' lang='lat' dir='ltr'><strong>operum</strong></span> <span class='ocrx_word' id='word_1_475' title='bbox 674 1468 818 1503; x_wconf 86' lang='lat' dir='ltr'><strong>signantur</strong></span> <span class='ocrx_word' id='word_1_476' title='bbox 831 1478 852 1507; x_wconf 70' lang='grc' dir='ltr'>ο</span> <span class='ocrx_word' id='word_1_477' title='bbox 870 1468 962 1496; x_wconf 89' lang='lat' dir='ltr'><strong>tnuttdi</strong></span> <span class='ocrx_word' id='word_1_478' title='bbox 979 1473 1053 1503; x_wconf 76' lang='lat' dir='ltr'><strong>gesta</strong></span> <span class='ocrx_word' id='word_1_479' title='bbox 1067 1474 1140 1501; x_wconf 88' lang='lat' dir='ltr'><strong>sunt,</strong></span> <span class='ocrx_word' id='word_1_480' title='bbox 1159 1468 1201 1495; x_wconf 84' lang='lat' dir='ltr'><strong>vel</strong></span> <span class='ocrx_word' id='word_1_481' title='bbox 1218 1476 1278 1503; x_wconf 80' lang='lat' dir='ltr'><strong>qua:</strong></span> <span class='ocrx_word' id='word_1_482' title='bbox 1290 1468 1316 1495; x_wconf 90' lang='lat' dir='ltr'><strong>itt</strong></span> <span class='ocrx_word' id='word_1_483' title='bbox 1332 1469 1384 1494; x_wconf 88' lang='lat' dir='ltr'><strong>ﬁne</strong></span> <span class='ocrx_word' id='word_1_484' title='bbox 1394 1467 1452 1501; x_wconf 73' lang='lat' dir='ltr'><strong>ejus</strong></span> <span class='ocrx_word' id='word_1_485' title='bbox 1470 1471 1548 1493; x_wconf 88' lang='lat' dir='ltr'><strong>erant</strong></span> <span class='ocrx_word' id='word_1_486' title='bbox 1565 1474 1661 1501; x_wconf 80' lang='lat' dir='ltr'><strong>geren-</strong></span> 
     </span>
    </p>
   </div>
   <div class='ocr_carea' id='block_1_62' title="bbox 25 1513 816 1546">
    <p class='ocr_par' dir='ltr' id='par_1_62' title="bbox 25 1513 816 1546">
     <span class='ocr_line' id='line_1_62' title="bbox 25 1513 816 1546; baseline -0.008 0"><span class='ocrx_word' id='word_1_487' title='bbox 25 1518 144 1546; x_wconf 76' lang='lat' dir='ltr'><strong>imlicia.</strong></span> <span class='ocrx_word' id='word_1_488' title='bbox 162 1516 292 1544; x_wconf 86' lang='lat' dir='ltr'><strong>Similiter</strong></span> <span class='ocrx_word' id='word_1_489' title='bbox 316 1520 344 1543; x_wconf 93' lang='lat' dir='ltr'><strong>et</strong></span> <span class='ocrx_word' id='word_1_490' title='bbox 366 1514 498 1543; x_wconf 82' lang='lat' dir='ltr'><strong>dextrale.</strong></span> <span class='ocrx_word' id='word_1_491' title='bbox 516 1514 654 1542; x_wconf 72' lang='lat' dir='ltr'><strong>Catenulte</strong></span> <span class='ocrx_word' id='word_1_492' title='bbox 666 1521 730 1540; x_wconf 91' lang='lat' dir='ltr'><strong>vero</strong></span> <span class='ocrx_word' id='word_1_493' title='bbox 742 1513 816 1540; x_wconf 87' lang='lat' dir='ltr'><strong>verbi</strong></span> 
     </span>
    </p>
   </div>
   <div class='ocr_carea' id='block_1_63' title="bbox 27 1559 817 1594">
    <p class='ocr_par' dir='ltr' id='par_1_63' title="bbox 27 1559 817 1594">
     <span class='ocr_line' id='line_1_63' title="bbox 27 1559 817 1594; baseline -0.008 -3"><span class='ocrx_word' id='word_1_494' title='bbox 27 1570 54 1591; x_wconf 78' lang='lat' dir='ltr'><strong>et</strong></span> <span class='ocrx_word' id='word_1_495' title='bbox 69 1563 204 1591; x_wconf 70' lang='lat' dir='ltr'><strong>doctrinae</strong></span> <span class='ocrx_word' id='word_1_496' title='bbox 215 1561 398 1590; x_wconf 81' lang='lat' dir='ltr'><strong>eonnexiones</strong></span> <span class='ocrx_word' id='word_1_497' title='bbox 413 1560 567 1588; x_wconf 87' lang='lat' dir='ltr'><strong>declarant.</strong></span> <span class='ocrx_word' id='word_1_498' title='bbox 583 1569 593 1586; x_wconf 91' lang='grc'><strong>(</strong></span> <span class='ocrx_word' id='word_1_499' title='bbox 609 1560 649 1586; x_wconf 81' lang='lat' dir='ltr'><strong>Ad</strong></span> <span class='ocrx_word' id='word_1_500' title='bbox 667 1559 817 1594; x_wconf 81' lang='lat' dir='ltr'><strong>propitian-</strong></span> 
     </span>
    </p>
   </div>
   <div class='ocr_carea' id='block_1_64' title="bbox 26 1605 818 1643">
    <p class='ocr_par' dir='ltr' id='par_1_64' title="bbox 26 1605 818 1643">
     <span class='ocr_line' id='line_1_64' title="bbox 26 1605 818 1643; baseline -0.006 -6"><span class='ocrx_word' id='word_1_501' title='bbox 26 1613 105 1641; x_wconf 88' lang='lat' dir='ltr'><strong>dunt,</strong></span> <span class='ocrx_word' id='word_1_502' title='bbox 122 1619 133 1636; x_wconf 72' lang='grc' dir='ltr'><strong>ι</strong></span> <span class='ocrx_word' id='word_1_503' title='bbox 152 1609 241 1643; x_wconf 89' lang='lat' dir='ltr'><strong>inquit</strong></span> <span class='ocrx_word' id='word_1_504' title='bbox 251 1608 286 1640; x_wconf 81' lang='lat'><strong>&quot;,</strong></span> <span class='ocrx_word' id='word_1_505' title='bbox 305 1617 314 1633; x_wconf 89' lang='grc'><strong>(</strong></span> <span class='ocrx_word' id='word_1_506' title='bbox 336 1607 420 1634; x_wconf 92' lang='lat' dir='ltr'><strong>Deum</strong></span> <span class='ocrx_word' id='word_1_507' title='bbox 442 1613 492 1640; x_wconf 92' lang='lat' dir='ltr'><strong>pro</strong></span> <span class='ocrx_word' id='word_1_508' title='bbox 507 1606 596 1633; x_wconf 86' lang='lat' dir='ltr'><strong>nobis.</strong></span> <span class='ocrx_word' id='word_1_509' title='bbox 619 1615 628 1631; x_wconf 77' lang='grc' dir='ltr'><strong>ι</strong></span> <span class='ocrx_word' id='word_1_510' title='bbox 645 1606 674 1632; x_wconf 81' lang='lat' dir='ltr'><strong>Si</strong></span> <span class='ocrx_word' id='word_1_511' title='bbox 696 1605 818 1632; x_wconf 84' lang='lat' dir='ltr'><strong>dicamus</strong></span> 
     </span>
    </p>
   </div>
   <div class='ocr_carea' id='block_1_65' title="bbox 27 1651 817 1690">
    <p class='ocr_par' dir='ltr' id='par_1_65' title="bbox 27 1651 817 1690">
     <span class='ocr_line' id='line_1_65' title="bbox 27 1651 817 1690; baseline -0.008 -8"><span class='ocrx_word' id='word_1_512' title='bbox 27 1659 141 1690; x_wconf 87' lang='lat' dir='ltr'><strong>propter</strong></span> <span class='ocrx_word' id='word_1_513' title='bbox 167 1661 264 1681; x_wconf 82' lang='lat' dir='ltr'><strong>aurum</strong></span> <span class='ocrx_word' id='word_1_514' title='bbox 293 1652 376 1680; x_wconf 88' lang='lat' dir='ltr'><strong>Deum</strong></span> <span class='ocrx_word' id='word_1_515' title='bbox 397 1652 542 1687; x_wconf 90' lang='lat' dir='ltr'><strong>propitium</strong></span> <span class='ocrx_word' id='word_1_516' title='bbox 567 1651 625 1678; x_wconf 88' lang='lat' dir='ltr'><strong>ﬁeri</strong></span> <span class='ocrx_word' id='word_1_517' title='bbox 649 1651 817 1683; x_wconf 87' lang='lat' dir='ltr'><strong>hominibus,</strong></span> 
     </span>
    </p>
   </div>
   <div class='ocr_carea' id='block_1_66' title="bbox 27 1696 816 1734">
    <p class='ocr_par' dir='ltr' id='par_1_66' title="bbox 27 1696 816 1734">
     <span class='ocr_line' id='line_1_66' title="bbox 27 1696 816 1734; baseline -0.008 -6"><span class='ocrx_word' id='word_1_518' title='bbox 27 1702 90 1728; x_wconf 86' lang='lat' dir='ltr'><strong>vide</strong></span> <span class='ocrx_word' id='word_1_519' title='bbox 110 1708 192 1734; x_wconf 86' lang='lat' dir='ltr'><strong>quant</strong></span> <span class='ocrx_word' id='word_1_520' title='bbox 209 1698 434 1732; x_wconf 83' lang='lat' dir='ltr'><strong>absurdum,into</strong></span> <span class='ocrx_word' id='word_1_521' title='bbox 449 1705 530 1732; x_wconf 89' lang='lat' dir='ltr'><strong>quam</strong></span> <span class='ocrx_word' id='word_1_522' title='bbox 547 1697 657 1731; x_wconf 89' lang='lat' dir='ltr'><strong>impium</strong></span> <span class='ocrx_word' id='word_1_523' title='bbox 670 1696 816 1730; x_wconf 88' lang='lat' dir='ltr'><strong>judicetur.</strong></span> 
     </span>
    </p>
   </div>
   <div class='ocr_carea' id='block_1_67' title="bbox 25 1741 818 1774">
    <p class='ocr_par' dir='ltr' id='par_1_67' title="bbox 25 1741 818 1774">
     <span class='ocr_line' id='line_1_67' title="bbox 25 1741 818 1774; baseline -0.008 0"><span class='ocrx_word' id='word_1_524' title='bbox 25 1747 85 1774; x_wconf 76' lang='lat' dir='ltr'><strong>lloe</strong></span> <span class='ocrx_word' id='word_1_525' title='bbox 107 1745 182 1772; x_wconf 90' lang='lat' dir='ltr'><strong>enim</strong></span> <span class='ocrx_word' id='word_1_526' title='bbox 204 1745 286 1772; x_wconf 91' lang='lat' dir='ltr'><strong>etiam</strong></span> <span class='ocrx_word' id='word_1_527' title='bbox 308 1743 335 1770; x_wconf 94' lang='lat' dir='ltr'><strong>in</strong></span> <span class='ocrx_word' id='word_1_528' title='bbox 350 1744 410 1771; x_wconf 85' lang='lat' dir='ltr'><strong>viro</strong></span> <span class='ocrx_word' id='word_1_529' title='bbox 424 1744 495 1770; x_wconf 86' lang='lat' dir='ltr'><strong>bono</strong></span> <span class='ocrx_word' id='word_1_530' title='bbox 515 1742 634 1769; x_wconf 87' lang='lat' dir='ltr'><strong>notabile</strong></span> <span class='ocrx_word' id='word_1_531' title='bbox 647 1741 765 1773; x_wconf 88' lang='lat' dir='ltr'><strong>ducitur,</strong></span> <span class='ocrx_word' id='word_1_532' title='bbox 794 1741 818 1768; x_wconf 89' lang='lat' dir='ltr'><strong>si</strong></span> 
     </span>
    </p>
   </div>
   <div class='ocr_carea' id='block_1_68' title="bbox 27 1788 817 1827">
    <p class='ocr_par' dir='ltr' id='par_1_68' title="bbox 27 1788 817 1827">
     <span class='ocr_line' id='line_1_68' title="bbox 27 1788 817 1827; baseline -0.008 -7"><span class='ocrx_word' id='word_1_533' title='bbox 27 1798 144 1827; x_wconf 84' lang='lat' dir='ltr'><strong>accepto</strong></span> <span class='ocrx_word' id='word_1_534' title='bbox 155 1799 223 1818; x_wconf 88' lang='lat' dir='ltr'><strong>attro</strong></span> <span class='ocrx_word' id='word_1_535' title='bbox 239 1791 274 1817; x_wconf 88' lang='lat' dir='ltr'><strong>ab</strong></span> <span class='ocrx_word' id='word_1_536' title='bbox 288 1790 463 1818; x_wconf 80' lang='lat' dir='ltr'><strong>inferioribus</strong></span> <span class='ocrx_word' id='word_1_537' title='bbox 480 1789 611 1823; x_wconf 82' lang='lat' dir='ltr'><strong>placetur.</strong></span> <span class='ocrx_word' id='word_1_538' title='bbox 633 1788 739 1821; x_wconf 85' lang='lat' dir='ltr'><strong>Quanto</strong></span> <span class='ocrx_word' id='word_1_539' title='bbox 754 1794 817 1822; x_wconf 79' lang='lat' dir='ltr'><strong>ergo</strong></span> 
     </span>
    </p>
   </div>
   <div class='ocr_carea' id='block_1_69' title="bbox 30 1833 818 1874">
    <p class='ocr_par' dir='ltr' id='par_1_69' title="bbox 30 1833 818 1874">
     <span class='ocr_line' id='line_1_69' title="bbox 30 1833 818 1874; baseline -0.009 -8"><span class='ocrx_word' id='word_1_540' title='bbox 30 1840 120 1874; x_wconf 82' lang='lat' dir='ltr'><strong>magis</strong></span> <span class='ocrx_word' id='word_1_541' title='bbox 146 1839 206 1865; x_wconf 60' lang='lat' dir='ltr'><strong>haec</strong></span> <span class='ocrx_word' id='word_1_542' title='bbox 232 1837 265 1864; x_wconf 87' lang='lat' dir='ltr'><strong>de</strong></span> <span class='ocrx_word' id='word_1_543' title='bbox 283 1836 337 1863; x_wconf 89' lang='lat' dir='ltr'><strong>Deo</strong></span> <span class='ocrx_word' id='word_1_544' title='bbox 363 1836 464 1863; x_wconf 87' lang='lat' dir='ltr'><strong>sentire</strong></span> <span class='ocrx_word' id='word_1_545' title='bbox 487 1843 539 1862; x_wconf 91' lang='lat' dir='ltr'><strong>non</strong></span> <span class='ocrx_word' id='word_1_546' title='bbox 565 1834 714 1862; x_wconf 85' lang='lat' dir='ltr'><strong>convenit?</strong></span> <span class='ocrx_word' id='word_1_547' title='bbox 743 1833 818 1860; x_wconf 89' lang='lat' dir='ltr'><strong>Unde</strong></span> 
     </span>
    </p>
   </div>
   <div class='ocr_carea' id='block_1_70' title="bbox 29 1879 819 1918">
    <p class='ocr_par' dir='ltr' id='par_1_70' title="bbox 29 1879 819 1918">
     <span class='ocr_line' id='line_1_70' title="bbox 29 1879 819 1918; baseline -0.006 -8"><span class='ocrx_word' id='word_1_548' title='bbox 29 1891 93 1918; x_wconf 87' lang='lat' dir='ltr'><strong>puto</strong></span> <span class='ocrx_word' id='word_1_549' title='bbox 118 1882 299 1918; x_wconf 80' lang='lat' dir='ltr'><strong>expositionis</strong></span> <span class='ocrx_word' id='word_1_550' title='bbox 321 1881 400 1915; x_wconf 83' lang='lat' dir='ltr'><strong>hujus</strong></span> <span class='ocrx_word' id='word_1_551' title='bbox 427 1881 623 1908; x_wconf 67' lang='lat' dir='ltr'><strong>ecclesiastica:</strong></span> <span class='ocrx_word' id='word_1_552' title='bbox 650 1879 707 1914; x_wconf 83' lang='lat'><strong>(56)</strong></span> <span class='ocrx_word' id='word_1_553' title='bbox 734 1879 819 1913; x_wconf 76' lang='lat' dir='ltr'><strong>magis</strong></span> 
     </span>
    </p>
   </div>
   <div class='ocr_carea' id='block_1_71' title="bbox 32 1924 818 1961">
    <p class='ocr_par' dir='ltr' id='par_1_71' title="bbox 32 1924 818 1961">
     <span class='ocr_line' id='line_1_71' title="bbox 32 1924 818 1961; baseline -0.008 -4"><span class='ocrx_word' id='word_1_554' title='bbox 32 1935 159 1957; x_wconf 77' lang='lat' dir='ltr'><strong>constare</strong></span> <span class='ocrx_word' id='word_1_555' title='bbox 185 1927 329 1959; x_wconf 85' lang='lat' dir='ltr'><strong>rationem,</strong></span> <span class='ocrx_word' id='word_1_556' title='bbox 353 1933 413 1961; x_wconf 83' lang='lat' dir='ltr'><strong>quae</strong></span> <span class='ocrx_word' id='word_1_557' title='bbox 433 1933 482 1961; x_wconf 92' lang='lat' dir='ltr'><strong>per</strong></span> <span class='ocrx_word' id='word_1_558' title='bbox 496 1926 555 1953; x_wconf 87' lang='lat' dir='ltr'><strong>auri</strong></span> <span class='ocrx_word' id='word_1_559' title='bbox 577 1926 681 1961; x_wconf 89' lang='lat' dir='ltr'><strong>species</strong></span> <span class='ocrx_word' id='word_1_560' title='bbox 704 1924 818 1952; x_wconf 89' lang='lat' dir='ltr'><strong>indicari</strong></span> 
     </span>
    </p>
   </div>
   <div class='ocr_carea' id='block_1_72' title="bbox 32 1972 818 2005">
    <p class='ocr_par' dir='ltr' id='par_1_72' title="bbox 32 1972 818 2005">
     <span class='ocr_line' id='line_1_72' title="bbox 32 1972 818 2005; baseline -0.005 -5"><span class='ocrx_word' id='word_1_561' title='bbox 32 1976 111 2002; x_wconf 82' lang='lat' dir='ltr'><strong>docet</strong></span> <span class='ocrx_word' id='word_1_562' title='bbox 127 1973 213 2000; x_wconf 90' lang='lat' dir='ltr'><strong>animi</strong></span> <span class='ocrx_word' id='word_1_563' title='bbox 234 1973 360 2004; x_wconf 84' lang='lat' dir='ltr'><strong>virtutes,</strong></span> <span class='ocrx_word' id='word_1_564' title='bbox 391 1976 419 1998; x_wconf 89' lang='lat' dir='ltr'><strong>et</strong></span> <span class='ocrx_word' id='word_1_565' title='bbox 446 1972 579 1998; x_wconf 91' lang='lat' dir='ltr'><strong>bonorum</strong></span> <span class='ocrx_word' id='word_1_566' title='bbox 605 1978 717 2005; x_wconf 91' lang='lat' dir='ltr'><strong>operum</strong></span> <span class='ocrx_word' id='word_1_567' title='bbox 732 1974 818 2004; x_wconf 82' lang='lat' dir='ltr'><strong>gesta,</strong></span> 
     </span>
    </p>
   </div>
   <div class='ocr_carea' id='block_1_73' title="bbox 30 2017 821 2055">
    <p class='ocr_par' dir='ltr' id='par_1_73' title="bbox 30 2017 821 2055">
     <span class='ocr_line' id='line_1_73' title="bbox 30 2017 821 2055; baseline -0.006 -9"><span class='ocrx_word' id='word_1_568' title='bbox 30 2028 91 2055; x_wconf 62' lang='lat' dir='ltr'><strong>qum</strong></span> <span class='ocrx_word' id='word_1_569' title='bbox 109 2021 168 2046; x_wconf 85' lang='lat' dir='ltr'><strong>sola</strong></span> <span class='ocrx_word' id='word_1_570' title='bbox 184 2017 275 2045; x_wconf 68' lang='grc' dir='ltr'><strong>θῦεΠί</strong></span> <span class='ocrx_word' id='word_1_571' title='bbox 302 2017 357 2044; x_wconf 91' lang='lat' dir='ltr'><strong>Deo</strong></span> <span class='ocrx_word' id='word_1_572' title='bbox 371 2018 405 2044; x_wconf 84' lang='lat' dir='ltr'><strong>ab</strong></span> <span class='ocrx_word' id='word_1_573' title='bbox 423 2017 576 2044; x_wconf 90' lang='lat' dir='ltr'><strong>hotninibus</strong></span> <span class='ocrx_word' id='word_1_574' title='bbox 590 2017 700 2050; x_wconf 83' lang='lat' dir='ltr'><strong>dignum</strong></span> <span class='ocrx_word' id='word_1_575' title='bbox 717 2020 769 2047; x_wconf 88' lang='lat' dir='ltr'><strong>est,</strong></span> <span class='ocrx_word' id='word_1_576' title='bbox 793 2019 821 2042; x_wconf 87' lang='lat' dir='ltr'><strong>et</strong></span> 
     </span>
    </p>
   </div>
   <div class='ocr_carea' id='block_1_74' title="bbox 31 2061 820 2101">
    <p class='ocr_par' dir='ltr' id='par_1_74' title="bbox 31 2061 820 2101">
     <span class='ocr_line' id='line_1_74' title="bbox 31 2061 820 2101; baseline -0.005 -9"><span class='ocrx_word' id='word_1_577' title='bbox 31 2074 80 2100; x_wconf 86' lang='lat' dir='ltr'><strong>pro</strong></span> <span class='ocrx_word' id='word_1_578' title='bbox 96 2065 198 2101; x_wconf 86' lang='lat' dir='ltr'><strong>quibus</strong></span> <span class='ocrx_word' id='word_1_579' title='bbox 220 2063 286 2091; x_wconf 78' lang='lat' dir='ltr'><strong>solis</strong></span> <span class='ocrx_word' id='word_1_580' title='bbox 305 2063 451 2098; x_wconf 86' lang='lat' dir='ltr'><strong>propitium</strong></span> <span class='ocrx_word' id='word_1_581' title='bbox 468 2063 525 2090; x_wconf 89' lang='lat' dir='ltr'><strong>ﬁeri</strong></span> <span class='ocrx_word' id='word_1_582' title='bbox 553 2062 637 2089; x_wconf 87' lang='lat' dir='ltr'><strong>Deum</strong></span> <span class='ocrx_word' id='word_1_583' title='bbox 663 2061 820 2089; x_wconf 88' lang='lat' dir='ltr'><strong>hominibus</strong></span> 
     </span>
    </p>
   </div>
   <div class='ocr_carea' id='block_1_75' title="bbox 31 2107 821 2146">
    <p class='ocr_par' dir='ltr' id='par_1_75' title="bbox 31 2107 821 2146">
     <span class='ocr_line' id='line_1_75' title="bbox 31 2107 821 2146; baseline -0.005 -9"><span class='ocrx_word' id='word_1_584' title='bbox 31 2113 121 2138; x_wconf 85' lang='lat' dir='ltr'><strong>decet.</strong></span> <span class='ocrx_word' id='word_1_585' title='bbox 143 2119 153 2136; x_wconf 87' lang='grc'><strong>(</strong></span> <span class='ocrx_word' id='word_1_586' title='bbox 181 2110 215 2138; x_wconf 83' lang='lat' dir='ltr'><strong>Et</strong></span> <span class='ocrx_word' id='word_1_587' title='bbox 238 2111 360 2146; x_wconf 86' lang='lat' dir='ltr'><strong>accepit,</strong></span> <span class='ocrx_word' id='word_1_588' title='bbox 384 2108 473 2142; x_wconf 88' lang='lat' dir='ltr'><strong>inquit</strong></span> <span class='ocrx_word' id='word_1_589' title='bbox 487 2107 521 2141; x_wconf 61' lang='lat'><strong>5‘,</strong></span> <span class='ocrx_word' id='word_1_590' title='bbox 538 2107 644 2142; x_wconf 81' lang='lat' dir='ltr'><strong>Moyses</strong></span> <span class='ocrx_word' id='word_1_591' title='bbox 668 2112 695 2134; x_wconf 91' lang='lat' dir='ltr'><strong>et</strong></span> <span class='ocrx_word' id='word_1_592' title='bbox 709 2107 821 2134; x_wconf 85' lang='lat' dir='ltr'><strong>Eleazar</strong></span> 
     </span>
    </p>
   </div>
   <div class='ocr_carea' id='block_1_76' title="bbox 872 1511 1662 1548">
    <p class='ocr_par' dir='ltr' id='par_1_76' title="bbox 872 1511 1662 1548">
     <span class='ocr_line' id='line_1_76' title="bbox 872 1511 1662 1548; baseline -0.004 -7"><span class='ocrx_word' id='word_1_593' title='bbox 872 1515 905 1542; x_wconf 87' lang='lat' dir='ltr'><strong>da</strong></span> <span class='ocrx_word' id='word_1_594' title='bbox 937 1521 1061 1546; x_wconf 86' lang='lat' dir='ltr'><strong>narrare,</strong></span> <span class='ocrx_word' id='word_1_595' title='bbox 1086 1514 1135 1540; x_wconf 92' lang='lat' dir='ltr'><strong>nisi</strong></span> <span class='ocrx_word' id='word_1_596' title='bbox 1159 1521 1207 1548; x_wconf 88' lang='lat' dir='ltr'><strong>per</strong></span> <span class='ocrx_word' id='word_1_597' title='bbox 1233 1513 1437 1546; x_wconf 84' lang='lat' dir='ltr'><strong>inspirationcm</strong></span> <span class='ocrx_word' id='word_1_598' title='bbox 1457 1512 1575 1546; x_wconf 81' lang='lat' dir='ltr'><strong>Spiritus</strong></span> <span class='ocrx_word' id='word_1_599' title='bbox 1597 1511 1662 1539; x_wconf 68' lang='lat' dir='ltr'><strong>Dei?</strong></span> 
     </span>
    </p>
   </div>
   <div class='ocr_carea' id='block_1_77' title="bbox 872 1559 1660 1596">
    <p class='ocr_par' dir='ltr' id='par_1_77' title="bbox 872 1559 1660 1596">
     <span class='ocr_line' id='line_1_77' title="bbox 872 1559 1660 1596; baseline -0.004 -7"><span class='ocrx_word' id='word_1_600' title='bbox 872 1561 948 1589; x_wconf 89' lang='lat' dir='ltr'><strong>Unde</strong></span> <span class='ocrx_word' id='word_1_601' title='bbox 962 1562 1095 1596; x_wconf 84' lang='lat' dir='ltr'><strong>potuisset</strong></span> <span class='ocrx_word' id='word_1_602' title='bbox 1110 1562 1274 1596; x_wconf 83' lang='lat' dir='ltr'><strong>prophetare</strong></span> <span class='ocrx_word' id='word_1_603' title='bbox 1283 1561 1315 1587; x_wconf 87' lang='lat' dir='ltr'><strong>de</strong></span> <span class='ocrx_word' id='word_1_604' title='bbox 1331 1561 1451 1593; x_wconf 86' lang='lat' dir='ltr'><strong>Christo,</strong></span> <span class='ocrx_word' id='word_1_605' title='bbox 1465 1561 1515 1587; x_wconf 85' lang='lat' dir='ltr'><strong>nisi</strong></span> <span class='ocrx_word' id='word_1_606' title='bbox 1530 1559 1660 1595; x_wconf 86' lang='lat' dir='ltr'><strong>loquente</strong></span> 
     </span>
    </p>
   </div>
   <div class='ocr_carea' id='block_1_78' title="bbox 871 1607 1660 1643">
    <p class='ocr_par' dir='ltr' id='par_1_78' title="bbox 871 1607 1660 1643">
     <span class='ocr_line' id='line_1_78' title="bbox 871 1607 1660 1643; baseline -0.001 -8"><span class='ocrx_word' id='word_1_607' title='bbox 871 1607 972 1643; x_wconf 89' lang='lat' dir='ltr'><strong>Spiritu</strong></span> <span class='ocrx_word' id='word_1_608' title='bbox 984 1608 1094 1636; x_wconf 73' lang='lat' dir='ltr'><strong>Sancto?</strong></span> <span class='ocrx_word' id='word_1_609' title='bbox 1107 1608 1151 1635; x_wconf 85' lang='lat' dir='ltr'><strong>Sic</strong></span> <span class='ocrx_word' id='word_1_610' title='bbox 1163 1608 1234 1635; x_wconf 90' lang='lat' dir='ltr'><strong>enim</strong></span> <span class='ocrx_word' id='word_1_611' title='bbox 1248 1613 1274 1635; x_wconf 91' lang='lat' dir='ltr'><strong>et</strong></span> <span class='ocrx_word' id='word_1_612' title='bbox 1291 1608 1347 1642; x_wconf 85' lang='lat' dir='ltr'><strong>ipse</strong></span> <span class='ocrx_word' id='word_1_613' title='bbox 1356 1607 1479 1635; x_wconf 87' lang='lat' dir='ltr'><strong>Christus</strong></span> <span class='ocrx_word' id='word_1_614' title='bbox 1493 1607 1516 1634; x_wconf 86' lang='lat' dir='ltr'><strong>ei</strong></span> <span class='ocrx_word' id='word_1_615' title='bbox 1536 1608 1660 1634; x_wconf 69' lang='lat' dir='ltr'><strong>testimo-</strong></span> 
     </span>
    </p>
   </div>
   <div class='ocr_carea' id='block_1_79' title="bbox 872 1652 1658 1688">
    <p class='ocr_par' dir='ltr' id='par_1_79' title="bbox 872 1652 1658 1688">
     <span class='ocr_line' id='line_1_79' title="bbox 872 1652 1658 1688; baseline -0.003 -8"><span class='ocrx_word' id='word_1_616' title='bbox 872 1654 946 1681; x_wconf 87' lang='lat' dir='ltr'><strong>nium</strong></span> <span class='ocrx_word' id='word_1_617' title='bbox 971 1654 1067 1686; x_wconf 75' lang='lat' dir='ltr'><strong>reddit,</strong></span> <span class='ocrx_word' id='word_1_618' title='bbox 1091 1659 1116 1681; x_wconf 86' lang='lat' dir='ltr'><strong>et</strong></span> <span class='ocrx_word' id='word_1_619' title='bbox 1139 1655 1204 1681; x_wconf 87' lang='lat' dir='ltr'><strong>dicit</strong></span> <span class='ocrx_word' id='word_1_620' title='bbox 1224 1654 1246 1670; x_wconf 80' lang='lat'><strong>&quot;</strong></span> <span class='ocrx_word' id='word_1_621' title='bbox 1276 1663 1282 1681; x_wconf 91' lang='lat'>:</span> <span class='ocrx_word' id='word_1_622' title='bbox 1306 1663 1314 1679; x_wconf 87' lang='grc'><strong>(</strong></span> <span class='ocrx_word' id='word_1_623' title='bbox 1338 1654 1367 1680; x_wconf 92' lang='lat' dir='ltr'><strong>Si</strong></span> <span class='ocrx_word' id='word_1_624' title='bbox 1390 1653 1540 1680; x_wconf 81' lang='lat' dir='ltr'><strong>crederetis</strong></span> <span class='ocrx_word' id='word_1_625' title='bbox 1562 1652 1658 1688; x_wconf 79' lang='lat' dir='ltr'><strong>Moysi,</strong></span> 
     </span>
    </p>
   </div>
   <div class='ocr_carea' id='block_1_80' title="bbox 872 1699 1660 1734">
    <p class='ocr_par' dir='ltr' id='par_1_80' title="bbox 872 1699 1660 1734">
     <span class='ocr_line' id='line_1_80' title="bbox 872 1699 1660 1734; baseline 0 -8"><span class='ocrx_word' id='word_1_626' title='bbox 872 1700 1022 1727; x_wconf 77' lang='lat' dir='ltr'><strong>crederetis</strong></span> <span class='ocrx_word' id='word_1_627' title='bbox 1045 1700 1137 1734; x_wconf 88' lang='lat' dir='ltr'><strong>utique</strong></span> <span class='ocrx_word' id='word_1_628' title='bbox 1161 1705 1188 1727; x_wconf 92' lang='lat' dir='ltr'><strong>ct</strong></span> <span class='ocrx_word' id='word_1_629' title='bbox 1213 1700 1290 1727; x_wconf 87' lang='lat' dir='ltr'><strong>mihi.</strong></span> <span class='ocrx_word' id='word_1_630' title='bbox 1311 1700 1347 1727; x_wconf 88' lang='lat' dir='ltr'><strong>De</strong></span> <span class='ocrx_word' id='word_1_631' title='bbox 1370 1707 1413 1726; x_wconf 90' lang='lat' dir='ltr'><strong>tne</strong></span> <span class='ocrx_word' id='word_1_632' title='bbox 1433 1700 1504 1726; x_wconf 90' lang='lat' dir='ltr'><strong>enint</strong></span> <span class='ocrx_word' id='word_1_633' title='bbox 1525 1699 1569 1726; x_wconf 88' lang='lat' dir='ltr'><strong>ille</strong></span> <span class='ocrx_word' id='word_1_634' title='bbox 1592 1700 1660 1726; x_wconf 89' lang='lat' dir='ltr'><strong>scri-</strong></span> 
     </span>
    </p>
   </div>
   <div class='ocr_carea' id='block_1_81' title="bbox 871 1744 1660 1779">
    <p class='ocr_par' dir='ltr' id='par_1_81' title="bbox 871 1744 1660 1779">
     <span class='ocr_line' id='line_1_81' title="bbox 871 1744 1660 1779; baseline 0 -9"><span class='ocrx_word' id='word_1_635' title='bbox 871 1745 934 1779; x_wconf 86' lang='lat' dir='ltr'><strong>psit.</strong></span> <span class='ocrx_word' id='word_1_636' title='bbox 954 1745 983 1773; x_wconf 86' lang='lat' dir='ltr'><strong>Si</strong></span> <span class='ocrx_word' id='word_1_637' title='bbox 1011 1751 1101 1773; x_wconf 89' lang='lat' dir='ltr'><strong>autem</strong></span> <span class='ocrx_word' id='word_1_638' title='bbox 1125 1745 1196 1772; x_wconf 86' lang='lat' dir='ltr'><strong>illius</strong></span> <span class='ocrx_word' id='word_1_639' title='bbox 1209 1746 1368 1773; x_wconf 87' lang='lat' dir='ltr'><strong>litterisnon</strong></span> <span class='ocrx_word' id='word_1_640' title='bbox 1383 1744 1507 1776; x_wconf 80' lang='lat' dir='ltr'><strong>creditis,</strong></span> <span class='ocrx_word' id='word_1_641' title='bbox 1523 1745 1660 1779; x_wconf 90' lang='lat' dir='ltr'><strong>quotnodo</strong></span> 
     </span>
    </p>
   </div>
   <div class='ocr_carea' id='block_1_82' title="bbox 872 1790 1659 1825">
    <p class='ocr_par' dir='ltr' id='par_1_82' title="bbox 872 1790 1659 1825">
     <span class='ocr_line' id='line_1_82' title="bbox 872 1790 1659 1825; baseline 0.001 -9"><span class='ocrx_word' id='word_1_642' title='bbox 872 1790 938 1817; x_wconf 87' lang='lat' dir='ltr'><strong>meis</strong></span> <span class='ocrx_word' id='word_1_643' title='bbox 953 1790 1042 1816; x_wconf 81' lang='lat' dir='ltr'><strong>verbis</strong></span> <span class='ocrx_word' id='word_1_644' title='bbox 1055 1791 1174 1817; x_wconf 84' lang='lat' dir='ltr'><strong>credetis</strong></span> <span class='ocrx_word' id='word_1_645' title='bbox 1187 1791 1331 1819; x_wconf 71' lang='lat' dir='ltr'><strong>?tConstal</strong></span> <span class='ocrx_word' id='word_1_646' title='bbox 1341 1799 1405 1825; x_wconf 86' lang='lat' dir='ltr'><strong>ergo</strong></span> <span class='ocrx_word' id='word_1_647' title='bbox 1420 1799 1449 1817; x_wconf 86' lang='lat' dir='ltr'><strong>ea</strong></span> <span class='ocrx_word' id='word_1_648' title='bbox 1467 1798 1515 1824; x_wconf 87' lang='lat' dir='ltr'><strong>per</strong></span> <span class='ocrx_word' id='word_1_649' title='bbox 1527 1790 1659 1824; x_wconf 87' lang='lat' dir='ltr'><strong>Spiritum</strong></span> 
     </span>
    </p>
   </div>
   <div class='ocr_carea' id='block_1_83' title="bbox 871 1836 1660 1872">
    <p class='ocr_par' dir='ltr' id='par_1_83' title="bbox 871 1836 1660 1872">
     <span class='ocr_line' id='line_1_83' title="bbox 871 1836 1660 1872; baseline -0.001 -8"><span class='ocrx_word' id='word_1_650' title='bbox 871 1841 993 1864; x_wconf 86' lang='lat' dir='ltr'><strong>sanctum</strong></span> <span class='ocrx_word' id='word_1_651' title='bbox 1014 1836 1098 1869; x_wconf 86' lang='lat' dir='ltr'><strong>dicta,</strong></span> <span class='ocrx_word' id='word_1_652' title='bbox 1117 1842 1143 1863; x_wconf 89' lang='lat' dir='ltr'><strong>et</strong></span> <span class='ocrx_word' id='word_1_653' title='bbox 1156 1838 1217 1864; x_wconf 90' lang='lat' dir='ltr'><strong>ideo</strong></span> <span class='ocrx_word' id='word_1_654' title='bbox 1234 1837 1400 1864; x_wconf 83' lang='lat' dir='ltr'><strong>conveniens</strong></span> <span class='ocrx_word' id='word_1_655' title='bbox 1426 1837 1532 1872; x_wconf 79' lang='lat' dir='ltr'><strong>videtur</strong></span> <span class='ocrx_word' id='word_1_656' title='bbox 1547 1837 1602 1862; x_wconf 75' lang='lat' dir='ltr'><strong>lucc</strong></span> <span class='ocrx_word' id='word_1_657' title='bbox 1614 1844 1660 1863; x_wconf 89' lang='lat' dir='ltr'><strong>se-</strong></span> 
     </span>
    </p>
   </div>
   <div class='ocr_carea' id='block_1_84' title="bbox 870 1881 1660 1917">
    <p class='ocr_par' dir='ltr' id='par_1_84' title="bbox 870 1881 1660 1917">
     <span class='ocr_line' id='line_1_84' title="bbox 870 1881 1660 1917; baseline -0.005 -6"><span class='ocrx_word' id='word_1_658' title='bbox 870 1883 988 1911; x_wconf 90' lang='lat' dir='ltr'><strong>cundum</strong></span> <span class='ocrx_word' id='word_1_659' title='bbox 1005 1882 1175 1917; x_wconf 79' lang='lat' dir='ltr'><strong>dignitatem.</strong></span> <span class='ocrx_word' id='word_1_660' title='bbox 1196 1883 1251 1909; x_wconf 90' lang='lat' dir='ltr'><strong>itno</strong></span> <span class='ocrx_word' id='word_1_661' title='bbox 1263 1882 1351 1917; x_wconf 90' lang='lat' dir='ltr'><strong>potius</strong></span> <span class='ocrx_word' id='word_1_662' title='bbox 1368 1883 1514 1909; x_wconf 87' lang='lat' dir='ltr'><strong>secundum</strong></span> <span class='ocrx_word' id='word_1_663' title='bbox 1529 1881 1660 1914; x_wconf 85' lang='lat' dir='ltr'><strong>majesta-</strong></span> 
     </span>
    </p>
   </div>
   <div class='ocr_carea' id='block_1_85' title="bbox 872 1927 1664 1964">
    <p class='ocr_par' dir='ltr' id='par_1_85' title="bbox 872 1927 1664 1964">
     <span class='ocr_line' id='line_1_85' title="bbox 872 1927 1664 1964; baseline -0.005 -7"><span class='ocrx_word' id='word_1_664' title='bbox 872 1934 925 1957; x_wconf 90' lang='lat' dir='ltr'><strong>tem</strong></span> <span class='ocrx_word' id='word_1_665' title='bbox 942 1929 1077 1964; x_wconf 82' lang='lat' dir='ltr'><strong>loquentis</strong></span> <span class='ocrx_word' id='word_1_666' title='bbox 1095 1928 1220 1963; x_wconf 84' lang='lat' dir='ltr'><strong>intelligi.</strong></span> <span class='ocrx_word' id='word_1_667' title='bbox 1238 1928 1290 1955; x_wconf 81' lang='lat' dir='ltr'><strong>Sed</strong></span> <span class='ocrx_word' id='word_1_668' title='bbox 1303 1932 1329 1954; x_wconf 88' lang='lat' dir='ltr'><strong>et</strong></span> <span class='ocrx_word' id='word_1_669' title='bbox 1346 1928 1411 1955; x_wconf 88' lang='lat' dir='ltr'><strong>illud</strong></span> <span class='ocrx_word' id='word_1_670' title='bbox 1428 1929 1480 1954; x_wconf 87' lang='lat' dir='ltr'><strong>hoc</strong></span> <span class='ocrx_word' id='word_1_671' title='bbox 1494 1928 1519 1954; x_wconf 90' lang='lat' dir='ltr'><strong>in</strong></span> <span class='ocrx_word' id='word_1_672' title='bbox 1534 1927 1594 1954; x_wconf 88' lang='lat' dir='ltr'><strong>loco</strong></span> <span class='ocrx_word' id='word_1_673' title='bbox 1606 1935 1664 1954; x_wconf 85' lang='lat' dir='ltr'><strong>me-</strong></span> 
     </span>
    </p>
   </div>
   <div class='ocr_carea' id='block_1_86' title="bbox 872 1973 1663 2010">
    <p class='ocr_par' dir='ltr' id='par_1_86' title="bbox 872 1973 1663 2010">
     <span class='ocr_line' id='line_1_86' title="bbox 872 1973 1663 2010; baseline -0.003 -8"><span class='ocrx_word' id='word_1_674' title='bbox 872 1983 980 2002; x_wconf 91' lang='lat' dir='ltr'><strong>morare</strong></span> <span class='ocrx_word' id='word_1_675' title='bbox 996 1975 1165 2010; x_wconf 87' lang='lat' dir='ltr'><strong>aptissimtnn</strong></span> <span class='ocrx_word' id='word_1_676' title='bbox 1184 1975 1263 2008; x_wconf 85' lang='lat' dir='ltr'><strong>duco,</strong></span> <span class='ocrx_word' id='word_1_677' title='bbox 1280 1973 1350 2009; x_wconf 82' lang='lat' dir='ltr'><strong>quod</strong></span> <span class='ocrx_word' id='word_1_678' title='bbox 1363 1974 1499 2001; x_wconf 85' lang='lat' dir='ltr'><strong>Abraham</strong></span> <span class='ocrx_word' id='word_1_679' title='bbox 1514 1982 1574 2001; x_wconf 92' lang='lat' dir='ltr'><strong>cum</strong></span> <span class='ocrx_word' id='word_1_680' title='bbox 1586 1974 1663 2000; x_wconf 85' lang='lat' dir='ltr'><strong>audi-</strong></span> 
     </span>
    </p>
   </div>
   <div class='ocr_carea' id='block_1_87' title="bbox 872 2021 1663 2055">
    <p class='ocr_par' dir='ltr' id='par_1_87' title="bbox 872 2021 1663 2055">
     <span class='ocr_line' id='line_1_87' title="bbox 872 2021 1663 2055; baseline -0.003 -7"><span class='ocrx_word' id='word_1_681' title='bbox 872 2026 914 2048; x_wconf 90' lang='lat' dir='ltr'><strong>ret</strong></span> <span class='ocrx_word' id='word_1_682' title='bbox 932 2021 1006 2048; x_wconf 92' lang='lat' dir='ltr'><strong>illum</strong></span> <span class='ocrx_word' id='word_1_683' title='bbox 1031 2021 1142 2048; x_wconf 85' lang='lat' dir='ltr'><strong>divitem</strong></span> <span class='ocrx_word' id='word_1_684' title='bbox 1164 2021 1282 2055; x_wconf 87' lang='lat' dir='ltr'><strong>positum</strong></span> <span class='ocrx_word' id='word_1_685' title='bbox 1303 2021 1329 2047; x_wconf 92' lang='lat' dir='ltr'><strong>in</strong></span> <span class='ocrx_word' id='word_1_686' title='bbox 1358 2021 1498 2047; x_wconf 80' lang='lat' dir='ltr'><strong>tormentis</strong></span> <span class='ocrx_word' id='word_1_687' title='bbox 1514 2028 1609 2055; x_wconf 81' lang='lat' dir='ltr'><strong>rogare</strong></span> <span class='ocrx_word' id='word_1_688' title='bbox 1632 2027 1663 2047; x_wconf 86' lang='lat' dir='ltr'><strong>se</strong></span> 
     </span>
    </p>
   </div>
   <div class='ocr_carea' id='block_1_88' title="bbox 872 2066 1663 2099">
    <p class='ocr_par' dir='ltr' id='par_1_88' title="bbox 872 2066 1663 2099">
     <span class='ocr_line' id='line_1_88' title="bbox 872 2066 1663 2099; baseline -0.003 -5"><span class='ocrx_word' id='word_1_689' title='bbox 872 2072 901 2094; x_wconf 90' lang='lat' dir='ltr'><strong>Ill</strong></span> <span class='ocrx_word' id='word_1_690' title='bbox 913 2067 1106 2097; x_wconf 88' lang='lat' dir='ltr'><strong>dimitteretur.</strong></span> <span class='ocrx_word' id='word_1_691' title='bbox 1128 2071 1155 2094; x_wconf 91' lang='lat' dir='ltr'><strong>et</strong></span> <span class='ocrx_word' id='word_1_692' title='bbox 1170 2067 1281 2094; x_wconf 87' lang='lat' dir='ltr'><strong>veniens</strong></span> <span class='ocrx_word' id='word_1_693' title='bbox 1293 2071 1415 2094; x_wconf 86' lang='lat' dir='ltr'><strong>moneret</strong></span> <span class='ocrx_word' id='word_1_694' title='bbox 1429 2066 1527 2093; x_wconf 86' lang='lat' dir='ltr'><strong>I&#39;ratres</strong></span> <span class='ocrx_word' id='word_1_695' title='bbox 1540 2073 1604 2092; x_wconf 90' lang='lat' dir='ltr'><strong>suos</strong></span> <span class='ocrx_word' id='word_1_696' title='bbox 1618 2066 1663 2099; x_wconf 89' lang='lat' dir='ltr'><strong>pie</strong></span> 
     </span>
    </p>
   </div>
   <div class='ocr_carea' id='block_1_89' title="bbox 872 2112 1664 2147">
    <p class='ocr_par' dir='ltr' id='par_1_89' title="bbox 872 2112 1664 2147">
     <span class='ocr_line' id='line_1_89' title="bbox 872 2112 1664 2147; baseline 0 -10"><span class='ocrx_word' id='word_1_697' title='bbox 872 2113 973 2146; x_wconf 75' lang='lat' dir='ltr'><strong>vivere,</strong></span> <span class='ocrx_word' id='word_1_698' title='bbox 989 2120 1022 2140; x_wconf 91' lang='lat' dir='ltr'><strong>ne</strong></span> <span class='ocrx_word' id='word_1_699' title='bbox 1048 2119 1075 2140; x_wconf 91' lang='lat' dir='ltr'><strong>et</strong></span> <span class='ocrx_word' id='word_1_700' title='bbox 1090 2112 1141 2147; x_wconf 91' lang='lat' dir='ltr'><strong>ipsi</strong></span> <span class='ocrx_word' id='word_1_701' title='bbox 1158 2113 1183 2139; x_wconf 92' lang='lat' dir='ltr'><strong>in</strong></span> <span class='ocrx_word' id='word_1_702' title='bbox 1199 2112 1286 2140; x_wconf 90' lang='lat' dir='ltr'><strong>locum</strong></span> <span class='ocrx_word' id='word_1_703' title='bbox 1300 2113 1375 2139; x_wconf 91' lang='lat' dir='ltr'><strong>illum</strong></span> <span class='ocrx_word' id='word_1_704' title='bbox 1391 2112 1590 2139; x_wconf 88' lang='lat' dir='ltr'><strong>descenderent</strong></span> <span class='ocrx_word' id='word_1_705' title='bbox 1607 2115 1664 2138; x_wconf 78' lang='lat' dir='ltr'><strong>tor-</strong></span> 
     </span>
    </p>
   </div>
   <div class='ocr_carea' id='block_1_90' title="bbox 31 2154 1664 2193">
    <p class='ocr_par' dir='ltr' id='par_1_90' title="bbox 31 2154 1664 2193">
     <span class='ocr_line' id='line_1_90' title="bbox 31 2154 1664 2193; baseline -0.001 -10"><span class='ocrx_word' id='word_1_706' title='bbox 31 2161 163 2184; x_wconf 72' lang='lat' dir='ltr'><strong>sacerdos</strong></span> <span class='ocrx_word' id='word_1_707' title='bbox 177 2163 273 2183; x_wconf 86' lang='lat' dir='ltr'><strong>aurum</strong></span> <span class='ocrx_word' id='word_1_708' title='bbox 290 2156 326 2182; x_wconf 82' lang='lat' dir='ltr'><strong>ab</strong></span> <span class='ocrx_word' id='word_1_709' title='bbox 342 2155 467 2182; x_wconf 88' lang='lat' dir='ltr'><strong>omnibus</strong></span> <span class='ocrx_word' id='word_1_710' title='bbox 496 2155 614 2181; x_wconf 91' lang='lat' dir='ltr'><strong>tribunis</strong></span> <span class='ocrx_word' id='word_1_711' title='bbox 633 2159 660 2181; x_wconf 91' lang='lat' dir='ltr'><strong>et</strong></span> <span class='ocrx_word' id='word_1_712' title='bbox 679 2154 818 2181; x_wconf 90' lang='lat' dir='ltr'><strong>ceuturio-</strong></span> <span class='ocrx_word' id='word_1_713' title='bbox 837 2165 858 2192; x_wconf 78' lang='grc' dir='ltr'><strong>ι)</strong></span> <span class='ocrx_word' id='word_1_714' title='bbox 875 2163 1037 2191; x_wconf 64' lang='lat' dir='ltr'><strong>mentorum,</strong></span> <span class='ocrx_word' id='word_1_715' title='bbox 1050 2159 1188 2193; x_wconf 71' lang='lat' dir='ltr'><strong>respondit</strong></span> <span class='ocrx_word' id='word_1_716' title='bbox 1203 2159 1226 2185; x_wconf 81' lang='lat' dir='ltr'><strong>ei</strong></span> <span class='ocrx_word' id='word_1_717' title='bbox 1238 2159 1272 2190; x_wconf 69' lang='grc'><strong>⁸⁸,</strong></span> <span class='ocrx_word' id='word_1_718' title='bbox 1286 2159 1347 2192; x_wconf 71' lang='lat' dir='ltr'><strong>quia</strong></span> <span class='ocrx_word' id='word_1_719' title='bbox 1366 2166 1375 2183; x_wconf 77' lang='grc' dir='ltr'><strong><em>ι</em></strong></span> <span class='ocrx_word' id='word_1_720' title='bbox 1392 2158 1492 2184; x_wconf 79' lang='lat' dir='ltr'><strong>habent</strong></span> <span class='ocrx_word' id='word_1_721' title='bbox 1507 2157 1624 2192; x_wconf 80' lang='lat' dir='ltr'><strong>Moysem</strong></span> <span class='ocrx_word' id='word_1_722' title='bbox 1637 2162 1664 2184; x_wconf 79' lang='lat' dir='ltr'><strong>et</strong></span> 
     </span>
    </p>
   </div>
   <div class='ocr_carea' id='block_1_91' title="bbox 33 2200 819 2237">
    <p class='ocr_par' dir='ltr' id='par_1_91' title="bbox 33 2200 819 2237">
     <span class='ocr_line' id='line_1_91' title="bbox 33 2200 819 2237; baseline -0.005 -7"><span class='ocrx_word' id='word_1_723' title='bbox 33 2205 124 2237; x_wconf 89' lang='lat' dir='ltr'><strong>nibus,</strong></span> <span class='ocrx_word' id='word_1_724' title='bbox 143 2208 172 2230; x_wconf 89' lang='lat' dir='ltr'><strong>et</strong></span> <span class='ocrx_word' id='word_1_725' title='bbox 192 2201 283 2228; x_wconf 87' lang='lat' dir='ltr'><strong>intulit</strong></span> <span class='ocrx_word' id='word_1_726' title='bbox 305 2200 370 2228; x_wconf 90' lang='lat' dir='ltr'><strong>illud</strong></span> <span class='ocrx_word' id='word_1_727' title='bbox 387 2201 412 2227; x_wconf 88' lang='lat' dir='ltr'><strong>itt</strong></span> <span class='ocrx_word' id='word_1_728' title='bbox 435 2200 639 2228; x_wconf 84' lang='lat' dir='ltr'><strong>tabernaculum</strong></span> <span class='ocrx_word' id='word_1_729' title='bbox 660 2201 819 2232; x_wconf 88' lang='lat' dir='ltr'><strong>testimonii,</strong></span> 
     </span>
    </p>
   </div>
   <div class='ocr_carea' id='block_1_92' title="bbox 34 2246 820 2278">
    <p class='ocr_par' dir='ltr' id='par_1_92' title="bbox 34 2246 820 2278">
     <span class='ocr_line' id='line_1_92' title="bbox 34 2246 820 2278; baseline -0.003 -2"><span class='ocrx_word' id='word_1_730' title='bbox 34 2248 196 2278; x_wconf 88' lang='lat' dir='ltr'><strong>memoriale</strong></span> <span class='ocrx_word' id='word_1_731' title='bbox 213 2248 274 2275; x_wconf 87' lang='lat' dir='ltr'><strong>ﬁliis</strong></span> <span class='ocrx_word' id='word_1_732' title='bbox 289 2246 373 2274; x_wconf 79' lang='lat' dir='ltr'><strong>Israel</strong></span> <span class='ocrx_word' id='word_1_733' title='bbox 389 2255 482 2275; x_wconf 88' lang='lat' dir='ltr'><strong>coram</strong></span> <span class='ocrx_word' id='word_1_734' title='bbox 501 2246 626 2274; x_wconf 84' lang='lat' dir='ltr'><strong>Domino.</strong></span> <span class='ocrx_word' id='word_1_735' title='bbox 641 2255 650 2272; x_wconf 75' lang='grc' dir='ltr'><strong>ι</strong></span> <span class='ocrx_word' id='word_1_736' title='bbox 665 2246 745 2274; x_wconf 83' lang='lat' dir='ltr'><strong>Vides</strong></span> <span class='ocrx_word' id='word_1_737' title='bbox 758 2247 820 2278; x_wconf 89' lang='lat' dir='ltr'><strong>quia</strong></span> 
     </span>
    </p>
   </div>
   <div class='ocr_carea' id='block_1_93' title="bbox 33 2292 822 2332">
    <p class='ocr_par' dir='ltr' id='par_1_93' title="bbox 33 2292 822 2332">
     <span class='ocr_line' id='line_1_93' title="bbox 33 2292 822 2332; baseline -0.005 -9"><span class='ocrx_word' id='word_1_738' title='bbox 33 2305 91 2332; x_wconf 77' lang='lat' dir='ltr'><strong>qua:</strong></span> <span class='ocrx_word' id='word_1_739' title='bbox 119 2296 258 2327; x_wconf 90' lang='lat' dir='ltr'><strong>dicuntur,</strong></span> <span class='ocrx_word' id='word_1_740' title='bbox 278 2301 332 2322; x_wconf 91' lang='lat' dir='ltr'><strong>non</strong></span> <span class='ocrx_word' id='word_1_741' title='bbox 348 2293 381 2320; x_wconf 87' lang='lat' dir='ltr'><strong>ad</strong></span> <span class='ocrx_word' id='word_1_742' title='bbox 403 2298 578 2328; x_wconf 86' lang='lat' dir='ltr'><strong>conspectum</strong></span> <span class='ocrx_word' id='word_1_743' title='bbox 601 2292 748 2324; x_wconf 85' lang='lat' dir='ltr'><strong>visibilem,</strong></span> <span class='ocrx_word' id='word_1_744' title='bbox 774 2292 822 2319; x_wconf 81' lang='lat' dir='ltr'><strong>sed</strong></span> 
     </span>
    </p>
   </div>
   <div class='ocr_carea' id='block_1_94' title="bbox 34 2337 824 2369">
    <p class='ocr_par' dir='ltr' id='par_1_94' title="bbox 34 2337 824 2369">
     <span class='ocr_line' id='line_1_94' title="bbox 34 2337 824 2369; baseline -0.006 0"><span class='ocrx_word' id='word_1_745' title='bbox 34 2343 66 2369; x_wconf 88' lang='lat' dir='ltr'><strong>ad</strong></span> <span class='ocrx_word' id='word_1_746' title='bbox 99 2340 204 2368; x_wconf 88' lang='lat' dir='ltr'><strong>utentis</strong></span> <span class='ocrx_word' id='word_1_747' title='bbox 237 2339 396 2367; x_wconf 90' lang='lat' dir='ltr'><strong>memoriam</strong></span> <span class='ocrx_word' id='word_1_748' title='bbox 429 2338 593 2365; x_wconf 81' lang='lat' dir='ltr'><strong>referuntur.</strong></span> <span class='ocrx_word' id='word_1_749' title='bbox 621 2338 720 2365; x_wconf 82' lang='lat' dir='ltr'><strong>Beatus</strong></span> <span class='ocrx_word' id='word_1_750' title='bbox 752 2337 824 2364; x_wconf 87' lang='lat' dir='ltr'><strong>enim</strong></span> 
     </span>
    </p>
   </div>
   <div class='ocr_carea' id='block_1_95' title="bbox 35 2383 824 2420">
    <p class='ocr_par' dir='ltr' id='par_1_95' title="bbox 35 2383 824 2420">
     <span class='ocr_line' id='line_1_95' title="bbox 35 2383 824 2420; baseline -0.006 -5"><span class='ocrx_word' id='word_1_751' title='bbox 35 2393 76 2415; x_wconf 74' lang='lat' dir='ltr'><strong>cst</strong></span> <span class='ocrx_word' id='word_1_752' title='bbox 109 2387 161 2415; x_wconf 89' lang='lat' dir='ltr'><strong>ille</strong></span> <span class='ocrx_word' id='word_1_753' title='bbox 190 2386 235 2420; x_wconf 91' lang='lat' dir='ltr'><strong>qui</strong></span> <span class='ocrx_word' id='word_1_754' title='bbox 265 2385 426 2412; x_wconf 85' lang='lat' dir='ltr'><strong>recordatur</strong></span> <span class='ocrx_word' id='word_1_755' title='bbox 450 2391 480 2411; x_wconf 91' lang='lat' dir='ltr'><strong>se</strong></span> <span class='ocrx_word' id='word_1_756' title='bbox 506 2384 568 2411; x_wconf 91' lang='lat' dir='ltr'><strong>boui</strong></span> <span class='ocrx_word' id='word_1_757' title='bbox 601 2383 702 2418; x_wconf 89' lang='lat' dir='ltr'><strong>aliquid</strong></span> <span class='ocrx_word' id='word_1_758' title='bbox 733 2383 824 2418; x_wconf 87' lang='lat' dir='ltr'><strong>operis</strong></span> 
     </span>
    </p>
   </div>
   <div class='ocr_carea' id='block_1_96' title="bbox 36 2430 823 2468">
    <p class='ocr_par' dir='ltr' id='par_1_96' title="bbox 36 2430 823 2468">
     <span class='ocr_line' id='line_1_96' title="bbox 36 2430 823 2468; baseline -0.006 -8"><span class='ocrx_word' id='word_1_759' title='bbox 36 2435 124 2468; x_wconf 67' lang='lat' dir='ltr'><strong>egisse</strong></span> <span class='ocrx_word' id='word_1_760' title='bbox 139 2440 234 2461; x_wconf 85' lang='lat' dir='ltr'><strong>coram</strong></span> <span class='ocrx_word' id='word_1_761' title='bbox 260 2431 386 2464; x_wconf 89' lang='lat' dir='ltr'><strong>Domino,</strong></span> <span class='ocrx_word' id='word_1_762' title='bbox 413 2435 440 2458; x_wconf 93' lang='lat' dir='ltr'><strong>et</strong></span> <span class='ocrx_word' id='word_1_763' title='bbox 458 2430 588 2457; x_wconf 86' lang='lat' dir='ltr'><strong>obtulisse</strong></span> <span class='ocrx_word' id='word_1_764' title='bbox 602 2436 712 2456; x_wconf 84' lang='lat' dir='ltr'><strong>numera</strong></span> <span class='ocrx_word' id='word_1_765' title='bbox 741 2430 823 2456; x_wconf 90' lang='lat' dir='ltr'><strong>bene-</strong></span> 
     </span>
    </p>
   </div>
   <div class='ocr_carea' id='block_1_97' title="bbox 37 2475 823 2514">
    <p class='ocr_par' dir='ltr' id='par_1_97' title="bbox 37 2475 823 2514">
     <span class='ocr_line' id='line_1_97' title="bbox 37 2475 823 2514; baseline -0.005 -8"><span class='ocrx_word' id='word_1_766' title='bbox 37 2481 134 2514; x_wconf 90' lang='lat' dir='ltr'><strong>placita</strong></span> <span class='ocrx_word' id='word_1_767' title='bbox 168 2479 240 2511; x_wconf 87' lang='lat' dir='ltr'><strong>Deo,</strong></span> <span class='ocrx_word' id='word_1_768' title='bbox 265 2478 349 2505; x_wconf 85' lang='lat' dir='ltr'><strong>animi</strong></span> <span class='ocrx_word' id='word_1_769' title='bbox 376 2477 490 2504; x_wconf 88' lang='lat' dir='ltr'><strong>virtutes</strong></span> <span class='ocrx_word' id='word_1_770' title='bbox 518 2481 546 2502; x_wconf 88' lang='lat' dir='ltr'><strong>et</strong></span> <span class='ocrx_word' id='word_1_771' title='bbox 577 2480 736 2503; x_wconf 87' lang='lat' dir='ltr'><strong>ornatneuta</strong></span> <span class='ocrx_word' id='word_1_772' title='bbox 765 2475 823 2509; x_wconf 89' lang='lat' dir='ltr'><strong>pie-</strong></span> 
     </span>
    </p>
   </div>
   <div class='ocr_carea' id='block_1_98' title="bbox 39 2526 109 2553">
    <p class='ocr_par' dir='ltr' id='par_1_98' title="bbox 39 2526 109 2553">
     <span class='ocr_line' id='line_1_98' title="bbox 39 2526 109 2553; baseline 0.014 -2"><span class='ocrx_word' id='word_1_773' title='bbox 39 2526 109 2553; x_wconf 88' lang='lat' dir='ltr'><strong>tatis.</strong></span> 
     </span>
    </p>
   </div>
   <div class='ocr_carea' id='block_1_99' title="bbox 68 2604 594 2640">
    <p class='ocr_par' dir='ltr' id='par_1_99' title="bbox 68 2604 594 2640">
     <span class='ocr_line' id='line_1_99' title="bbox 68 2604 594 2640; baseline -0.006 -5"><span class='ocrx_word' id='word_1_774' title='bbox 68 2608 90 2624; x_wconf 69' lang='grc' dir='ltr'><strong>δ’</strong></span> <span class='ocrx_word' id='word_1_775' title='bbox 107 2604 191 2635; x_wconf 70' lang='lat' dir='ltr'><strong>Rom.</strong></span> <span class='ocrx_word' id='word_1_776' title='bbox 206 2615 266 2640; x_wconf 79' lang='lat' dir='ltr'><strong>Vttt,</strong></span> <span class='ocrx_word' id='word_1_777' title='bbox 279 2607 324 2633; x_wconf 76' lang='lat'><strong>35.</strong></span> <span class='ocrx_word' id='word_1_778' title='bbox 363 2606 474 2636; x_wconf 84' lang='lat' dir='ltr'><strong>&#39;°ibid.,</strong></span> <span class='ocrx_word' id='word_1_779' title='bbox 489 2605 534 2638; x_wconf 78' lang='lat'><strong>&#39;58,</strong></span> <span class='ocrx_word' id='word_1_780' title='bbox 550 2605 594 2632; x_wconf 81' lang='grc'><strong>59.</strong></span> 
     </span>
    </p>
   </div>
   <div class='ocr_carea' id='block_1_100' title="bbox 37 2640 520 2674">
    <p class='ocr_par' dir='ltr' id='par_1_100' title="bbox 37 2640 520 2674">
     <span class='ocr_line' id='line_1_100' title="bbox 37 2640 520 2674; baseline -0.01 -4"><span class='ocrx_word' id='word_1_781' title='bbox 37 2643 56 2657; x_wconf 63' lang='grc'><strong>⁵⁸</strong></span> <span class='ocrx_word' id='word_1_782' title='bbox 68 2642 149 2670; x_wconf 81' lang='lat' dir='ltr'><strong>Jnan.</strong></span> <span class='ocrx_word' id='word_1_783' title='bbox 160 2651 186 2674; x_wconf 85' lang='grc' dir='ltr'><strong>ν,</strong></span> <span class='ocrx_word' id='word_1_784' title='bbox 200 2643 244 2669; x_wconf 76' lang='grc'><strong>45.</strong></span> <span class='ocrx_word' id='word_1_785' title='bbox 282 2641 306 2658; x_wconf 82' lang='grc'><strong>⁸⁸</strong></span> <span class='ocrx_word' id='word_1_786' title='bbox 320 2641 386 2668; x_wconf 84' lang='lat' dir='ltr'><strong>Luc.</strong></span> <span class='ocrx_word' id='word_1_787' title='bbox 406 2649 461 2671; x_wconf 76' lang='lat' dir='ltr'><strong>xvi,</strong></span> <span class='ocrx_word' id='word_1_788' title='bbox 474 2640 520 2668; x_wconf 74' lang='lat'><strong>29.</strong></span> 
     </span>
    </p>
   </div>
   <div class='ocr_carea' id='block_1_101' title="bbox 70 2686 823 2724">
    <p class='ocr_par' dir='ltr' id='par_1_101' title="bbox 70 2686 823 2724">
     <span class='ocr_line' id='line_1_101' title="bbox 70 2686 823 2724; baseline -0.007 -7"><span class='ocrx_word' id='word_1_789' title='bbox 70 2690 126 2724; x_wconf 64' lang='lat' dir='ltr'><strong>(5i)</strong></span> <span class='ocrx_word' id='word_1_790' title='bbox 147 2687 209 2715; x_wconf 84' lang='lat' dir='ltr'><strong>Non</strong></span> <span class='ocrx_word' id='word_1_791' title='bbox 225 2688 322 2724; x_wconf 74' lang='lat' dir='ltr'><strong>poteris</strong></span> <span class='ocrx_word' id='word_1_792' title='bbox 334 2688 435 2724; x_wconf 74' lang='lat' dir='ltr'><strong>hostem</strong></span> <span class='ocrx_word' id='word_1_793' title='bbox 446 2686 557 2713; x_wconf 73' lang='lat' dir='ltr'><strong>vincere.</strong></span> <span class='ocrx_word' id='word_1_794' title='bbox 571 2686 632 2713; x_wconf 68' lang='lat' dir='ltr'><strong>llzee</strong></span> <span class='ocrx_word' id='word_1_795' title='bbox 645 2687 670 2712; x_wconf 93' lang='lat' dir='ltr'><strong>in</strong></span> <span class='ocrx_word' id='word_1_796' title='bbox 685 2686 762 2712; x_wconf 89' lang='lat' dir='ltr'><strong>libris</strong></span> <span class='ocrx_word' id='word_1_797' title='bbox 775 2693 823 2712; x_wconf 86' lang='lat' dir='ltr'><strong>an-</strong></span> 
     </span>
    </p>
   </div>
   <div class='ocr_carea' id='block_1_102' title="bbox 39 2723 589 2754">
    <p class='ocr_par' dir='ltr' id='par_1_102' title="bbox 39 2723 589 2754">
     <span class='ocr_line' id='line_1_102' title="bbox 39 2723 589 2754; baseline -0.002 -5"><span class='ocrx_word' id='word_1_798' title='bbox 39 2730 78 2750; x_wconf 77' lang='lat' dir='ltr'><strong>tea</strong></span> <span class='ocrx_word' id='word_1_799' title='bbox 96 2724 180 2751; x_wconf 86' lang='lat' dir='ltr'><strong>editis</strong></span> <span class='ocrx_word' id='word_1_800' title='bbox 197 2723 308 2754; x_wconf 82' lang='lat' dir='ltr'><strong>omissa,</strong></span> <span class='ocrx_word' id='word_1_801' title='bbox 322 2723 481 2754; x_wconf 83' lang='lat' dir='ltr'><strong>supplentur</strong></span> <span class='ocrx_word' id='word_1_802' title='bbox 493 2729 508 2748; x_wconf 89' lang='lat' dir='ltr'><strong>e</strong></span> <span class='ocrx_word' id='word_1_803' title='bbox 524 2729 589 2748; x_wconf 86' lang='lat' dir='ltr'><strong>mss.</strong></span> 
     </span>
    </p>
   </div>
   <div class='ocr_carea' id='block_1_103' title="bbox 70 2756 821 2794">
    <p class='ocr_par' dir='ltr' id='par_1_103' title="bbox 70 2756 821 2794">
     <span class='ocr_line' id='line_1_103' title="bbox 70 2756 821 2794; baseline -0.005 -9"><span class='ocrx_word' id='word_1_804' title='bbox 70 2758 127 2794; x_wconf 77' lang='lat'><strong>(55)</strong></span> <span class='ocrx_word' id='word_1_805' title='bbox 142 2758 236 2794; x_wconf 79' lang='lat' dir='ltr'><strong>Codex</strong></span> <span class='ocrx_word' id='word_1_806' title='bbox 251 2757 342 2794; x_wconf 67' lang='lat' dir='ltr'><strong>Sancti</strong></span> <span class='ocrx_word' id='word_1_807' title='bbox 365 2756 563 2794; x_wconf 71' lang='lat' dir='ltr'><strong>Tlteodoriri,_i</strong></span> <span class='ocrx_word' id='word_1_808' title='bbox 579 2756 721 2794; x_wconf 76' lang='lat' dir='ltr'><strong>armillam</strong></span> <span class='ocrx_word' id='word_1_809' title='bbox 739 2763 821 2794; x_wconf 72' lang='lat' dir='ltr'><strong>_i__pro</strong></span> 
     </span>
    </p>
   </div>
   <div class='ocr_carea' id='block_1_104' title="bbox 42 2791 821 2827">
    <p class='ocr_par' dir='ltr' id='par_1_104' title="bbox 42 2791 821 2827">
     <span class='ocr_line' id='line_1_104' title="bbox 42 2791 821 2827; baseline -0.003 -8"><span class='ocrx_word' id='word_1_810' title='bbox 42 2802 50 2816; x_wconf 81' lang='grc' dir='ltr'><strong>ι</strong></span> <span class='ocrx_word' id='word_1_811' title='bbox 69 2791 204 2822; x_wconf 76' lang='lat' dir='ltr'><strong>viriolant.</strong></span> <span class='ocrx_word' id='word_1_812' title='bbox 227 2801 237 2818; x_wconf 77' lang='grc' dir='ltr'><strong>ι</strong></span> <span class='ocrx_word' id='word_1_813' title='bbox 258 2792 341 2819; x_wconf 82' lang='lat' dir='ltr'><strong>l&#39;auio</strong></span> <span class='ocrx_word' id='word_1_814' title='bbox 364 2797 422 2827; x_wconf 87' lang='lat' dir='ltr'><strong>post</strong></span> <span class='ocrx_word' id='word_1_815' title='bbox 442 2792 522 2819; x_wconf 87' lang='lat' dir='ltr'><strong>etiam</strong></span> <span class='ocrx_word' id='word_1_816' title='bbox 540 2792 631 2824; x_wconf 67' lang='lat' dir='ltr'><strong>habet,</strong></span> <span class='ocrx_word' id='word_1_817' title='bbox 647 2800 656 2815; x_wconf 73' lang='grc' dir='ltr'>ι</span> <span class='ocrx_word' id='word_1_818' title='bbox 677 2791 782 2817; x_wconf 90' lang='lat' dir='ltr'><strong>armilla</strong></span> <span class='ocrx_word' id='word_1_819' title='bbox 796 2796 821 2817; x_wconf 75' lang='lat' dir='ltr'><strong>et</strong></span> 
     </span>
    </p>
   </div>
   <div class='ocr_carea' id='block_1_105' title="bbox 558 2639 785 2668">
    <p class='ocr_par' dir='ltr' id='par_1_105' title="bbox 558 2639 785 2668">
     <span class='ocr_line' id='line_1_105' title="bbox 558 2639 785 2668; baseline 0 -2"><span class='ocrx_word' id='word_1_820' title='bbox 558 2641 578 2656; x_wconf 90' lang='lat'><strong>&quot;</strong></span> <span class='ocrx_word' id='word_1_821' title='bbox 603 2639 681 2668; x_wconf 88' lang='lat' dir='ltr'><strong>Num.</strong></span> <span class='ocrx_word' id='word_1_822' title='bbox 699 2647 785 2666; x_wconf 76' lang='grc' dir='ltr'>χχχιι.</span> 
     </span>
    </p>
   </div>
   <div class='ocr_carea' id='block_1_106' title="bbox 634 2604 911 2638">
    <p class='ocr_par' dir='ltr' id='par_1_106' title="bbox 634 2604 911 2638">
     <span class='ocr_line' id='line_1_106' title="bbox 634 2604 911 2638; baseline 0.007 -8"><span class='ocrx_word' id='word_1_823' title='bbox 634 2605 655 2620; x_wconf 86' lang='grc'>¹¹¹</span> <span class='ocrx_word' id='word_1_824' title='bbox 673 2604 754 2632; x_wconf 84' lang='lat' dir='ltr'><strong>Nunt.</strong></span> <span class='ocrx_word' id='word_1_825' title='bbox 772 2612 850 2638; x_wconf 75' lang='grc' dir='ltr'>χχχι,</span> <span class='ocrx_word' id='word_1_826' title='bbox 867 2605 911 2632; x_wconf 73' lang='lat'><strong>50.</strong></span> 
     </span>
    </p>
   </div>
   <div class='ocr_carea' id='block_1_107' title="bbox 852 2203 1664 2245">
    <p class='ocr_par' dir='ltr' id='par_1_107' title="bbox 852 2203 1664 2245">
     <span class='ocr_line' id='line_1_107' title="bbox 852 2203 1664 2245; baseline -0.002 -15"><span class='ocrx_word' id='word_1_827' title='bbox 852 2238 859 2245; x_wconf 81' lang='lat'>_</span> <span class='ocrx_word' id='word_1_828' title='bbox 875 2205 1034 2239; x_wconf 78' lang='lat' dir='ltr'><strong>prophetas,</strong></span> <span class='ocrx_word' id='word_1_829' title='bbox 1054 2204 1166 2231; x_wconf 86' lang='lat' dir='ltr'><strong>audiant</strong></span> <span class='ocrx_word' id='word_1_830' title='bbox 1184 2204 1254 2231; x_wconf 89' lang='lat' dir='ltr'><strong>illos.</strong></span> <span class='ocrx_word' id='word_1_831' title='bbox 1273 2214 1282 2230; x_wconf 72' lang='grc' dir='ltr'><strong>ι</strong></span> <span class='ocrx_word' id='word_1_832' title='bbox 1299 2204 1356 2231; x_wconf 84' lang='grc' dir='ltr'>Νοιι</span> <span class='ocrx_word' id='word_1_833' title='bbox 1370 2204 1463 2237; x_wconf 84' lang='lat' dir='ltr'><strong>utique</strong></span> <span class='ocrx_word' id='word_1_834' title='bbox 1477 2203 1601 2230; x_wconf 78' lang='lat' dir='ltr'><strong>homines</strong></span> <span class='ocrx_word' id='word_1_835' title='bbox 1615 2203 1664 2228; x_wconf 87' lang='lat' dir='ltr'><strong>ali-</strong></span> 
     </span>
    </p>
   </div>
   <div class='ocr_carea' id='block_1_108' title="bbox 876 2249 1665 2286">
    <p class='ocr_par' dir='ltr' id='par_1_108' title="bbox 876 2249 1665 2286">
     <span class='ocr_line' id='line_1_108' title="bbox 876 2249 1665 2286; baseline -0.006 -8"><span class='ocrx_word' id='word_1_836' title='bbox 876 2258 944 2286; x_wconf 91' lang='lat' dir='ltr'><strong>quos</strong></span> <span class='ocrx_word' id='word_1_837' title='bbox 961 2251 1069 2278; x_wconf 89' lang='lat' dir='ltr'><strong>dicebat</strong></span> <span class='ocrx_word' id='word_1_838' title='bbox 1086 2252 1112 2278; x_wconf 92' lang='lat' dir='ltr'><strong>in</strong></span> <span class='ocrx_word' id='word_1_839' title='bbox 1125 2258 1239 2285; x_wconf 89' lang='lat' dir='ltr'><strong>corpore</strong></span> <span class='ocrx_word' id='word_1_840' title='bbox 1251 2251 1353 2285; x_wconf 85' lang='lat' dir='ltr'><strong>positos</strong></span> <span class='ocrx_word' id='word_1_841' title='bbox 1368 2250 1487 2285; x_wconf 78' lang='lat' dir='ltr'><strong>Moyscm</strong></span> <span class='ocrx_word' id='word_1_842' title='bbox 1506 2254 1533 2275; x_wconf 85' lang='lat' dir='ltr'><strong>et</strong></span> <span class='ocrx_word' id='word_1_843' title='bbox 1549 2249 1665 2283; x_wconf 87' lang='lat' dir='ltr'><strong>prophe-</strong></span> 
     </span>
    </p>
   </div>
   <div class='ocr_carea' id='block_1_109' title="bbox 875 2295 1666 2332">
    <p class='ocr_par' dir='ltr' id='par_1_109' title="bbox 875 2295 1666 2332">
     <span class='ocr_line' id='line_1_109' title="bbox 875 2295 1666 2332; baseline -0.004 -9"><span class='ocrx_word' id='word_1_844' title='bbox 875 2300 934 2323; x_wconf 84' lang='lat' dir='ltr'><strong>tas:</strong></span> <span class='ocrx_word' id='word_1_845' title='bbox 954 2297 1002 2324; x_wconf 91' lang='lat' dir='ltr'><strong>sed</strong></span> <span class='ocrx_word' id='word_1_846' title='bbox 1018 2297 1074 2324; x_wconf 63' lang='lat' dir='ltr'><strong>hate</strong></span> <span class='ocrx_word' id='word_1_847' title='bbox 1089 2304 1149 2331; x_wconf 65' lang='lat' dir='ltr'><strong>quae</strong></span> <span class='ocrx_word' id='word_1_848' title='bbox 1168 2304 1217 2331; x_wconf 92' lang='lat' dir='ltr'><strong>per</strong></span> <span class='ocrx_word' id='word_1_849' title='bbox 1230 2296 1349 2332; x_wconf 82' lang='lat' dir='ltr'><strong>Moysem</strong></span> <span class='ocrx_word' id='word_1_850' title='bbox 1369 2296 1470 2331; x_wconf 90' lang='lat' dir='ltr'><strong>Spiritu</strong></span> <span class='ocrx_word' id='word_1_851' title='bbox 1483 2295 1530 2322; x_wconf 86' lang='lat' dir='ltr'><strong>Dei</strong></span> <span class='ocrx_word' id='word_1_852' title='bbox 1548 2295 1666 2322; x_wconf 81' lang='lat' dir='ltr'><strong>dictante</strong></span> 
     </span>
    </p>
   </div>
   <div class='ocr_carea' id='block_1_110' title="bbox 873 2336 1666 2378">
    <p class='ocr_par' dir='ltr' id='par_1_110' title="bbox 873 2336 1666 2378">
     <span class='ocr_line' id='line_1_110' title="bbox 873 2336 1666 2378; baseline -0.001 -10"><span class='ocrx_word' id='word_1_853' title='bbox 873 2343 973 2376; x_wconf 83' lang='lat' dir='ltr'><strong>scripta</strong></span> <span class='ocrx_word' id='word_1_854' title='bbox 991 2347 1064 2375; x_wconf 88' lang='lat' dir='ltr'><strong>sunt,</strong></span> <span class='ocrx_word' id='word_1_855' title='bbox 1081 2336 1200 2378; x_wconf 72' lang='lat' dir='ltr'><strong>Moysen)</strong></span> <span class='ocrx_word' id='word_1_856' title='bbox 1218 2350 1249 2370; x_wconf 91' lang='lat' dir='ltr'><strong>ea</strong></span> <span class='ocrx_word' id='word_1_857' title='bbox 1265 2343 1424 2369; x_wconf 88' lang='lat' dir='ltr'><strong>nominavit.</strong></span> <span class='ocrx_word' id='word_1_858' title='bbox 1440 2342 1517 2368; x_wconf 88' lang='lat' dir='ltr'><strong>Dicat</strong></span> <span class='ocrx_word' id='word_1_859' title='bbox 1532 2348 1598 2376; x_wconf 88' lang='lat' dir='ltr'><strong>ergo</strong></span> <span class='ocrx_word' id='word_1_860' title='bbox 1613 2341 1666 2367; x_wconf 89' lang='lat' dir='ltr'><strong>ali-</strong></span> 
     </span>
    </p>
   </div>
   <div class='ocr_carea' id='block_1_111' title="bbox 873 2386 1665 2423">
    <p class='ocr_par' dir='ltr' id='par_1_111' title="bbox 873 2386 1665 2423">
     <span class='ocr_line' id='line_1_111' title="bbox 873 2386 1665 2423; baseline -0.003 -9"><span class='ocrx_word' id='word_1_861' title='bbox 873 2389 934 2422; x_wconf 86' lang='lat' dir='ltr'><strong>quis</strong></span> <span class='ocrx_word' id='word_1_862' title='bbox 946 2388 1030 2416; x_wconf 84' lang='lat' dir='ltr'><strong>:Cum</strong></span> <span class='ocrx_word' id='word_1_863' title='bbox 1051 2389 1108 2416; x_wconf 59' lang='lat' dir='ltr'><strong>haec</strong></span> <span class='ocrx_word' id='word_1_864' title='bbox 1122 2390 1159 2416; x_wconf 91' lang='lat' dir='ltr'><strong>ita</strong></span> <span class='ocrx_word' id='word_1_865' title='bbox 1176 2389 1276 2423; x_wconf 84' lang='lat' dir='ltr'><strong>scripta</strong></span> <span class='ocrx_word' id='word_1_866' title='bbox 1292 2390 1357 2420; x_wconf 88' lang='lat' dir='ltr'><strong>sint,</strong></span> <span class='ocrx_word' id='word_1_867' title='bbox 1372 2388 1395 2415; x_wconf 92' lang='lat' dir='ltr'><strong>si</strong></span> <span class='ocrx_word' id='word_1_868' title='bbox 1415 2387 1553 2414; x_wconf 81' lang='lat' dir='ltr'><strong>Abraham</strong></span> <span class='ocrx_word' id='word_1_869' title='bbox 1570 2395 1612 2413; x_wconf 79' lang='lat' dir='ltr'><strong>me</strong></span> <span class='ocrx_word' id='word_1_870' title='bbox 1631 2386 1665 2413; x_wconf 83' lang='lat' dir='ltr'><strong>ad</strong></span> 
     </span>
    </p>
   </div>
   <div class='ocr_carea' id='block_1_112' title="bbox 875 2432 1664 2469">
    <p class='ocr_par' dir='ltr' id='par_1_112' title="bbox 875 2432 1664 2469">
     <span class='ocr_line' id='line_1_112' title="bbox 875 2432 1664 2469; baseline -0.001 -11"><span class='ocrx_word' id='word_1_871' title='bbox 875 2432 972 2468; x_wconf 85' lang='lat' dir='ltr'><strong>Moysis</strong></span> <span class='ocrx_word' id='word_1_872' title='bbox 987 2434 1056 2461; x_wconf 85' lang='lat' dir='ltr'><strong>dicta</strong></span> <span class='ocrx_word' id='word_1_873' title='bbox 1070 2435 1247 2468; x_wconf 87' lang='lat' dir='ltr'><strong>transmittat,</strong></span> <span class='ocrx_word' id='word_1_874' title='bbox 1266 2440 1292 2463; x_wconf 93' lang='lat' dir='ltr'><strong>ut</strong></span> <span class='ocrx_word' id='word_1_875' title='bbox 1313 2434 1405 2469; x_wconf 86' lang='lat' dir='ltr'><strong>legens</strong></span> <span class='ocrx_word' id='word_1_876' title='bbox 1419 2441 1449 2460; x_wconf 82' lang='lat' dir='ltr'><strong>ea</strong></span> <span class='ocrx_word' id='word_1_877' title='bbox 1465 2432 1566 2468; x_wconf 84' lang='lat' dir='ltr'><strong>possim</strong></span> <span class='ocrx_word' id='word_1_878' title='bbox 1589 2432 1664 2458; x_wconf 91' lang='lat' dir='ltr'><strong>illum</strong></span> 
     </span>
    </p>
   </div>
   <div class='ocr_carea' id='block_1_113' title="bbox 873 2477 1665 2514">
    <p class='ocr_par' dir='ltr' id='par_1_113' title="bbox 873 2477 1665 2514">
     <span class='ocr_line' id='line_1_113' title="bbox 873 2477 1665 2514; baseline -0.004 -10"><span class='ocrx_word' id='word_1_879' title='bbox 873 2478 961 2505; x_wconf 86' lang='lat' dir='ltr'><strong>locum</strong></span> <span class='ocrx_word' id='word_1_880' title='bbox 987 2481 1104 2508; x_wconf 78' lang='lat' dir='ltr'><strong>evadere</strong></span> <span class='ocrx_word' id='word_1_881' title='bbox 1130 2485 1337 2512; x_wconf 87' lang='lat' dir='ltr'><strong>tormentorum,</strong></span> <span class='ocrx_word' id='word_1_882' title='bbox 1361 2480 1424 2514; x_wconf 88' lang='lat' dir='ltr'><strong>quid</strong></span> <span class='ocrx_word' id='word_1_883' title='bbox 1445 2485 1486 2505; x_wconf 91' lang='lat' dir='ltr'><strong>me</strong></span> <span class='ocrx_word' id='word_1_884' title='bbox 1499 2477 1604 2512; x_wconf 84' lang='lat' dir='ltr'><strong>juvabit</strong></span> <span class='ocrx_word' id='word_1_885' title='bbox 1632 2477 1665 2502; x_wconf 89' lang='lat' dir='ltr'><strong>ad</strong></span> 
     </span>
    </p>
   </div>
   <div class='ocr_carea' id='block_1_114' title="bbox 875 2521 1664 2561">
    <p class='ocr_par' dir='ltr' id='par_1_114' title="bbox 875 2521 1664 2561">
     <span class='ocr_line' id='line_1_114' title="bbox 875 2521 1664 2561; baseline -0.005 -9"><span class='ocrx_word' id='word_1_886' title='bbox 875 2524 1056 2559; x_wconf 77' lang='lat' dir='ltr'><strong>ell&#39;ugicudam</strong></span> <span class='ocrx_word' id='word_1_887' title='bbox 1083 2527 1245 2561; x_wconf 75' lang='lat' dir='ltr'><strong>gehennam,</strong></span> <span class='ocrx_word' id='word_1_888' title='bbox 1274 2527 1296 2553; x_wconf 84' lang='lat' dir='ltr'><strong>si</strong></span> <span class='ocrx_word' id='word_1_889' title='bbox 1315 2525 1401 2561; x_wconf 87' lang='lat' dir='ltr'><strong>legam</strong></span> <span class='ocrx_word' id='word_1_890' title='bbox 1426 2525 1448 2540; x_wconf 84' lang='lat'><strong>&quot;</strong></span> <span class='ocrx_word' id='word_1_891' title='bbox 1468 2523 1602 2558; x_wconf 88' lang='lat' dir='ltr'><strong>quomodo</strong></span> <span class='ocrx_word' id='word_1_892' title='bbox 1619 2521 1664 2548; x_wconf 93' lang='lat' dir='ltr'><strong>ﬁlii</strong></span> 
     </span>
    </p>
   </div>
   <div class='ocr_carea' id='block_1_115' title="bbox 950 2600 1663 2638">
    <p class='ocr_par' dir='ltr' id='par_1_115' title="bbox 950 2600 1663 2638">
     <span class='ocr_line' id='line_1_115' title="bbox 950 2600 1663 2638; baseline -0.008 -5"><span class='ocrx_word' id='word_1_893' title='bbox 950 2606 973 2621; x_wconf 82' lang='lat'><strong>&quot;</strong></span> <span class='ocrx_word' id='word_1_894' title='bbox 989 2605 1069 2633; x_wconf 88' lang='lat' dir='ltr'><strong>Prov.</strong></span> <span class='ocrx_word' id='word_1_895' title='bbox 1083 2606 1137 2638; x_wconf 87' lang='lat' dir='ltr'><strong>t,9.</strong></span> <span class='ocrx_word' id='word_1_896' title='bbox 1177 2605 1200 2626; x_wconf 72' lang='grc'><strong>’³</strong></span> <span class='ocrx_word' id='word_1_897' title='bbox 1219 2604 1298 2632; x_wconf 88' lang='lat' dir='ltr'><strong>Nunt.</strong></span> <span class='ocrx_word' id='word_1_898' title='bbox 1314 2612 1389 2637; x_wconf 73' lang='grc' dir='ltr'>χχχι,</span> <span class='ocrx_word' id='word_1_899' title='bbox 1405 2604 1450 2631; x_wconf 79' lang='grc'><strong>50.</strong></span> <span class='ocrx_word' id='word_1_900' title='bbox 1489 2602 1601 2634; x_wconf 74' lang='lat' dir='ltr'><strong>l‘ibid.,</strong></span> <span class='ocrx_word' id='word_1_901' title='bbox 1619 2600 1663 2628; x_wconf 82' lang='lat' dir='ltr'><strong>5i.</strong></span> 
     </span>
    </p>
   </div>
   <div class='ocr_carea' id='block_1_116' title="bbox 1177 2604 1450 2637">
    <p class='ocr_par' dir='ltr' id='par_1_116' title="bbox 1177 2604 1450 2637">
     <span class='ocr_line' id='line_1_116' title="bbox 1177 2604 1450 2637; baseline -0.004 -6"><span class='ocrx_word' id='word_1_902' title='bbox 1177 2605 1200 2626; x_wconf 71' lang='grc'><strong>’³</strong></span> <span class='ocrx_word' id='word_1_903' title='bbox 1219 2604 1298 2632; x_wconf 88' lang='lat' dir='ltr'><strong>Nunt.</strong></span> <span class='ocrx_word' id='word_1_904' title='bbox 1314 2612 1389 2637; x_wconf 73' lang='grc' dir='ltr'>χχχι,</span> <span class='ocrx_word' id='word_1_905' title='bbox 1405 2604 1450 2631; x_wconf 79' lang='grc'><strong>50.</strong></span> 
     </span>
    </p>
   </div>
   <div class='ocr_carea' id='block_1_117' title="bbox 880 2686 1424 2712">
    <p class='ocr_par' dir='ltr' id='par_1_117' title="bbox 880 2686 1424 2712">
     <span class='ocr_line' id='line_1_117' title="bbox 880 2686 1424 2712; baseline -0.007 -1"><span class='ocrx_word' id='word_1_906' title='bbox 880 2686 998 2712; x_wconf 84' lang='lat' dir='ltr'><strong>annulus</strong></span> <span class='ocrx_word' id='word_1_907' title='bbox 1008 2689 1167 2711; x_wconf 86' lang='lat' dir='ltr'><strong>ornamenta</strong></span> <span class='ocrx_word' id='word_1_908' title='bbox 1177 2688 1240 2710; x_wconf 81' lang='lat' dir='ltr'><strong>sunt</strong></span> <span class='ocrx_word' id='word_1_909' title='bbox 1256 2689 1395 2709; x_wconf 84' lang='lat' dir='ltr'><strong>manuum.</strong></span> <span class='ocrx_word' id='word_1_910' title='bbox 1416 2691 1424 2707; x_wconf 75' lang='grc' dir='ltr'><strong>ι</strong></span> 
     </span>
    </p>
   </div>
   <div class='ocr_carea' id='block_1_118' title="bbox 913 2714 1662 2754">
    <p class='ocr_par' dir='ltr' id='par_1_118' title="bbox 913 2714 1662 2754">
     <span class='ocr_line' id='line_1_118' title="bbox 913 2714 1662 2754; baseline -0.007 -8"><span class='ocrx_word' id='word_1_911' title='bbox 913 2721 970 2754; x_wconf 62' lang='lat' dir='ltr'><strong>(tati)</strong></span> <span class='ocrx_word' id='word_1_912' title='bbox 995 2719 1175 2754; x_wconf 76' lang='lat' dir='ltr'><strong>Expositiom&#39;s</strong></span> <span class='ocrx_word' id='word_1_913' title='bbox 1190 2718 1270 2754; x_wconf 67' lang='lat' dir='ltr'><strong>hujus</strong></span> <span class='ocrx_word' id='word_1_914' title='bbox 1289 2717 1484 2754; x_wconf 65' lang='lat' dir='ltr'><strong>ecclesiastica.</strong></span> <span class='ocrx_word' id='word_1_915' title='bbox 1505 2714 1662 2754; x_wconf 77' lang='lat' dir='ltr'><strong>Expositio-</strong></span> 
     </span>
    </p>
   </div>
   <div class='ocr_carea' id='block_1_119' title="bbox 879 2749 1659 2788">
    <p class='ocr_par' dir='ltr' id='par_1_119' title="bbox 879 2749 1659 2788">
     <span class='ocr_line' id='line_1_119' title="bbox 879 2749 1659 2788; baseline -0.008 -7"><span class='ocrx_word' id='word_1_916' title='bbox 879 2749 938 2781; x_wconf 72' lang='lat' dir='ltr'><strong>nein</strong></span> <span class='ocrx_word' id='word_1_917' title='bbox 958 2749 1173 2781; x_wconf 73' lang='lat' dir='ltr'><strong>ecclesiasticam</strong></span> <span class='ocrx_word' id='word_1_918' title='bbox 1187 2749 1314 2788; x_wconf 78' lang='lat' dir='ltr'><strong>appellat,</strong></span> <span class='ocrx_word' id='word_1_919' title='bbox 1328 2753 1468 2787; x_wconf 77' lang='lat' dir='ltr'><strong>mysticam</strong></span> <span class='ocrx_word' id='word_1_920' title='bbox 1479 2754 1507 2777; x_wconf 80' lang='lat' dir='ltr'><strong>et</strong></span> <span class='ocrx_word' id='word_1_921' title='bbox 1519 2749 1659 2782; x_wconf 73' lang='lat' dir='ltr'><strong>moralem,</strong></span> 
     </span>
    </p>
   </div>
   <div class='ocr_carea' id='block_1_120' title="bbox 875 2788 1173 2822">
    <p class='ocr_par' dir='ltr' id='par_1_120' title="bbox 875 2788 1173 2822">
     <span class='ocr_line' id='line_1_120' title="bbox 875 2788 1173 2822; baseline -0.01 -5"><span class='ocrx_word' id='word_1_922' title='bbox 875 2797 901 2817; x_wconf 83' lang='lat' dir='ltr'><strong>et</strong></span> <span class='ocrx_word' id='word_1_923' title='bbox 920 2789 1032 2822; x_wconf 85' lang='lat' dir='ltr'><strong>opponit</strong></span> <span class='ocrx_word' id='word_1_924' title='bbox 1044 2788 1173 2816; x_wconf 71' lang='lat' dir='ltr'><strong>Judaicze.</strong></span> 
     </span>
    </p>
   </div>
  </div>
