1902 3052
231 92 283 120 ’Πῧ

950 83 1030 112 οιιια
1035 83 1110 112 ENIS

1799 84 1852 111 7‘16

231 149 337 181 Ruben,
352 153 378 176 et
393 148 440 176 ﬁlii
455 147 524 180 Gad,
540 151 568 173 et
581 145 692 173 dimidia
712 144 797 171 tribus
813 143 946 175 Manasse,
961 143 1015 169 h:e-
1030 145 1053 174 Α
1068 141 1189 168 revelare
1201 140 1343 174 dignetur:
1360 144 1423 167 sunt
1435 139 1544 167 enimin
1559 138 1602 166 bis
1612 138 1856 173 repmmissionum

233 195 374 222 reditatem
398 195 505 228 capiunt
527 201 541 219 a
565 192 656 227 Moyse
678 195 753 218 trans
779 189 936 222 Iordanem,
955 189 1018 223 quia

232 245 311 268 erant
326 239 377 266 illis
395 247 489 273 pecora
514 237 597 264 multa
621 244 676 271 prte
699 235 806 264 caeteris
826 235 962 266 tribubus,
992 239 1020 261 et

233 288 296 320 quia
318 285 385 312 dicit
407 285 441 311 ad
456 292 503 310 eos
522 283 645 318 Moyses:
673 281 766 309 Videte
793 288 825 308 ne
849 280 1018 308 exacerbelis

235 332 327 361 Deum,
342 331 412 357 sicut
423 335 449 356 et
465 329 501 356 illi
516 329 608 355 decem
633 328 678 362 qui
701 327 776 354 missi
794 331 927 354 suntcum
953 325 1018 353 Iesu

233 383 259 405 et
272 377 353 405 Caleb
374 376 517 410 explorare
540 379 651 405 terram,
669 377 696 400 et
713 373 850 404 dicebant,
865 372 926 406 quia
948 376 1017 398 terra

233 423 293 448 talis
320 425 345 448 et
357 421 417 448 talis
429 425 481 451 est,
497 425 524 446 et
541 427 593 446 non
613 425 757 453 possumus
775 424 833 444 eam
852 424 958 451 capere.
986 415 1018 442 Et

232 467 294 501 quia
310 466 343 493 ad
356 467 413 493 haec
429 465 624 499 responderunt
638 463 686 493 lilii
699 461 806 494 Ruben,
818 466 843 488 et
858 461 947 488 caeteri
959 468 1018 487 cum

233 513 313 546 ipsis:
333 513 371 539 Da
392 511 469 538 nobis
487 515 585 537 terram
603 509 684 541 hanc,
700 513 727 534 et
749 506 934 534 hmreditatein
949 505 1018 540 ejus,

232 563 259 585 et
277 565 330 585 non
353 563 505 591 qumremus
521 548 579 589 jam
597 555 668 581 intra
691 553 836 581 Iordanem
853 551 1020 579 hzrreditatis

234 609 333 630 Ierrant
350 610 411 630 cttm
433 601 561 628 fratribus
577 600 696 627 nostris:
712 599 756 626 sed
775 599 819 626 hic
837 598 1019 631 relinquemus

231 647 351 682 iumenta
373 652 476 679 nestra,
501 651 528 673 et
552 646 676 673 sarcinas
701 650 818 675 nostras,
844 649 872 671 et
894 644 1019 670 mulieres

235 700 352 725 nostras,
369 698 396 720 et
410 692 528 720 infantes
543 696 660 725 nostros,
675 692 725 717 viri
740 695 830 717 autem
845 689 929 716 nostri
943 689 1020 715 ibunt

235 740 336 774 pariter
353 744 380 766 et
403 739 556 765 transibunt
572 737 728 765 Iordanem.
752 737 784 763 Et
804 736 866 770 quia
890 740 947 770 post
964 735 1020 761 haec

236 785 338 820 Moyses
351 784 522 811 couuueudat
534 791 581 811 eos
595 782 658 810 Iesu
676 783 730 810 lilio
747 782 830 812 Nave,
847 786 874 808 et
892 781 1019 807 Eleazaro

235 830 368 857 sacerdoti
389 830 443 856 ﬁlio
466 830 567 860 Aaron,
587 829 636 855 sub
656 835 687 854 ea
707 832 794 854 tamen
809 826 973 857 conditione,
992 830 1020 851 ut
1036 816 1056 843 Β

237 880 377 902 transeant
396 883 456 901 etnn
476 874 540 901 ﬁliis
555 873 650 904 Israel,
669 877 695 899 et
713 877 836 907 pugnent
851 879 910 898 cuin
924 871 963 897 eis
975 870 1021 896 ad-

237 928 331 947 versus
348 921 438 947 hostes
450 920 494 954 qui
511 924 588 946 erant
603 923 677 945 trans
687 917 843 948 Iordanem,
860 917 944 943 donec
955 915 1021 942 lihe-

237 971 312 993 rctur
325 967 357 992 ab
377 967 418 992 eis
440 972 521 995 terra,
539 970 566 992 et
584 970 646 991 tunc
663 963 798 998 accipiant
813 968 915 989 terram
940 969 1020 995 quam

237 1016 430 1046 poposcerunt,
455 1011 526 1045 regis
542 1010 612 1037 Seon
634 1016 661 1036 ct
683 1009 754 1043 regis
770 1008 830 1042 Og:
849 1012 931 1041 atque
958 1006 1022 1041 ipsis

236 1056 301 1084 solis
316 1064 363 1091 per
377 1056 493 1090 Moysem
508 1055 585 1082 detur
610 1054 754 1081 hrereditas
775 1058 851 1080 extra
865 1051 1021 1083 Iordanem,

237 1102 344 1129 caneris
358 1106 447 1128 autem
465 1102 591 1128 omnibus
607 1107 655 1134 per
675 1099 767 1126 Iesum
780 1098 849 1125 intra
865 1097 1021 1124 Iordanem.

237 1147 312 1174 Dicet
326 1154 390 1180 ergo
406 1147 502 1180 aliquis
517 1156 524 1172 :
544 1144 614 1178 Quid
632 1146 681 1172 ista
705 1147 816 1176 prosunt
832 1144 865 1171 ad
881 1143 932 1170 hoc
951 1144 1023 1178 quod

237 1194 303 1220 dixit
321 1193 456 1219 Abraham
468 1191 490 1207 ⁸⁸
509 1200 516 1218 :
539 1200 549 1216 ι
570 1191 675 1217 Habent
691 1189 807 1224 Moysem
820 1193 847 1215 et
868 1188 1022 1224 prophetas,

237 1239 348 1266 audiant
361 1238 437 1269 illos;
459 1247 468 1263 ι
484 1245 537 1272 quo
553 1237 656 1263 scilicet
671 1236 727 1262 haec
742 1235 862 1269 legentes
871 1241 898 1262 et
911 1235 1024 1262 audien-

239 1290 288 1317 tes,
313 1285 339 1310 iu
368 1284 456 1311 locum
474 1284 548 1309 illum
567 1290 620 1308 non
637 1282 784 1309 deveniam
807 1281 1025 1308 tormentorum?

239 1331 301 1358 llaec
313 1335 402 1356 autent
416 1329 543 1361 diximus,
559 1328 711 1355 excitantes
729 1328 836 1355 animos
849 1327 1023 1359 audientium,

239 1381 269 1402 ιιι.
284 1375 438 1409 vigilantius
461 1374 494 1401 iis
509 1382 568 1408 qua:
592 1373 717 1407 leguntur
737 1373 779 1399 vel
798 1373 925 1399 dicuntur
944 1373 1026 1399 inten-

239 1421 316 1454 dant,
332 1426 361 1447 et
385 1421 409 1446 in
440 1418 522 1446 Mosei
544 1419 641 1445 litteris
656 1423 760 1446 remoto
781 1418 876 1445 littera:
893 1417 1025 1444 velamine

241 1469 276 1494 ita
292 1466 444 1501 intelligant
461 1473 523 1500 qua
539 1465 639 1499 scripta
657 1468 729 1497 sunt,
742 1469 771 1490 ut
782 1463 896 1498 singulis
914 1463 1026 1498 quibus—
1038 1478 1059 1507 ο

239 1520 292 1547 que
307 1520 338 1539 ea
366 1511 417 1538 dici
439 1510 589 1542 inveniant,
607 1517 666 1544 qua:
684 1509 707 1536 si
729 1509 911 1545 intelligantur
925 1514 953 1536 et
977 1509 1024 1536 ob-

239 1562 392 1590 Ierventur,
409 1557 513 1592 possint
536 1555 674 1583 auditores
702 1563 754 1582 non
779 1556 811 1582 ad
835 1555 911 1582 illum
936 1554 1024 1582 locum

241 1603 368 1631 tormenti
387 1603 494 1634 deduci,
512 1610 566 1637 quo
577 1601 715 1635 divcsille,
731 1602 775 1635 qui
791 1601 886 1628 audire
895 1601 952 1628 hinc
966 1607 1026 1635 quae

241 1652 267 1677 in
286 1654 392 1677 secreto
405 1653 467 1675 sunt
488 1648 601 1682 scripta,
625 1647 800 1682 contempsit,
815 1647 948 1675 abductus
959 1651 1001 1674 est
1018 1656 1025 1674 :

241 1697 288 1723 sed
311 1696 337 1722 in
352 1695 439 1722 sinum
456 1698 518 1720 eaut
540 1694 688 1726 Abraham,
715 1693 760 1720 ubi
782 1692 900 1719 Lazarus
919 1693 1027 1727 requie-

241 1741 303 1769 scit.
317 1740 432 1768 Oremus
443 1747 508 1774 ergo
524 1739 678 1770 Dominum,
699 1743 727 1764 ut
743 1737 881 1765 auferatur
904 1738 1027 1765 velamen

242 1797 256 1814 a
279 1787 408 1814 cordibus
423 1785 523 1813 nostris
546 1785 578 1812 de
596 1784 712 1811 lectione
728 1782 831 1810 Veteris
848 1782 1026 1814 Testamenti,

243 1838 314 1860 utea
329 1840 389 1867 qua:
401 1832 560 1859 abscondita
577 1834 640 1857 sunt
652 1836 679 1857 et
691 1829 797 1857 occulta
815 1830 840 1856 in
860 1829 941 1856 Mosei
954 1829 1028 1856 litte-

243 1879 291 1910 ris,
308 1878 400 1904 videre
420 1876 567 1910 possimus,
589 1875 738 1902 secundum
759 1873 894 1908 propheta:
910 1880 1029 1900 commo-

243 1923 372 1950 nitionem
388 1921 503 1948 dicentis
511 1921 548 1946 "z
561 1929 569 1945 ι
584 1920 617 1947 Et
630 1920 679 1947 nisi
699 1919 839 1946 audieritis
849 1918 1028 1955 occulte(57),

243 1968 360 2004 plorabit
383 1968 472 1994 anima
491 1971 590 1993 vestra.
611 1975 619 1992 ι
643 1966 676 1992 Et
687 1965 794 2000 quidem
808 1965 879 2000 quod
895 1964 952 1992 hate
969 1973 1027 1999 my-

243 2015 312 2042 stica
338 2014 393 2040 sint
414 2017 440 2039 et
457 2012 577 2038 divinum
591 2011 707 2046 aliquem
728 2018 837 2038 sensum
861 2011 1027 2043 contineant,

244 2065 309 2094 puto
322 2059 392 2093 quod
414 2066 448 2084 ex
466 2058 499 2084 iis
516 2065 576 2091 qua:
591 2057 715 2091 superius
730 2061 837 2083 asserta
851 2061 923 2092 sunt,
940 2056 1030 2083 nttllus

245 2105 330 2139 possit
342 2105 489 2137 ambigere,
501 2103 624 2137 quamvis
636 2102 671 2129 sit
683 2102 728 2129 ille
746 2101 864 2128 Iudaicis
878 2101 975 2128 fabulis
987 2102 1029 2128 in-

1069 187 1210 222 mysteria,
1238 194 1298 221 qua:
1322 186 1475 221 repromisit
1499 185 1674 221 diligentibus
1703 192 1731 212 se
1752 193 1759 211 :
1780 193 1790 209 ι
1822 184 1859 213 Ut

1068 233 1186 259 sciamus
1199 237 1225 259 et
1239 239 1299 264 nos,
1313 239 1373 266 qua:
1387 239 1402 258 a
1428 231 1484 258 Deo
1497 232 1595 259 donata
1617 234 1682 258 sunt
1697 229 1772 257 nobis
1784 229 1822 256 “¹.
1845 239 1854 255 ι

1069 279 1121 306 Sed
1136 283 1163 305 et
1179 278 1329 312 vosjuvate
1345 285 1394 304 uos
1408 277 1434 304 in
1450 277 1531 312 372
1546 276 1727 309 orationibus,
1750 280 1777 302 et
1792 275 1858 302 dili-

1068 330 1163 360 genter
1181 325 1322 356 intendite,
1347 331 1399 350 non
1424 327 1478 350 tant
1498 323 1574 351 nobis
1589 323 1751 353 dicentibus,
1772 329 1858 356 quam

1070 371 1182 398 Domino
1198 370 1359 398 illmniuanli
1373 378 1432 402 eos,
1449 376 1517 404 quos
1538 368 1733 395 illuminatione
1751 375 1800 394 sua
1818 368 1859 394 di-

1069 424 1136 452 gnos
1150 417 1293 444 invenerit.
1303 417 1422 450 Quorqu
1431 414 1661 449 contemplatione
1676 413 1758 440 etiatn
1775 413 1860 440 nobis

1069 462 1135 489 dare
1148 462 1272 496 dignetur
1288 462 1400 488 verbum
1414 460 1441 486 in
1461 459 1665 492 adapertionem
1684 456 1740 484 oris
1757 455 1858 483 nostri.

1070 508 1122 536 Sed
1150 516 1199 543 age
1213 509 1267 541 jam
1293 508 1314 535 si
1344 507 1424 534 corda
1449 505 1577 533 erexistis
1602 504 1635 530 ad
1659 502 1817 534 Dominum,
1832 506 1860 528 et

1071 556 1144 582 verbi
1171 554 1228 588 ejus
1247 554 1332 581 sancti
1362 552 1572 580 illustrationem
1603 549 1732 584 petiistis,
1745 551 1777 575 ad
1795 555 1860 582 per-

1070 601 1244 629 scrutandum
1270 607 1378 626 sensum
1399 605 1492 626 eorum
1521 603 1580 631 quae
1608 596 1734 623 videntur
1760 593 1859 625 latere,

1070 648 1219 675 veniamus.

1104 693 1131 718 4.
1141 691 1263 718 Exeuodi
1280 690 1314 718 de
1326 690 1442 724 [Egypto
1457 689 1570 724 ﬁgurato
1584 687 1689 714 duobus
1709 685 1796 712 modis
1810 691 1857 710 ac-

1070 739 1135 771 cipi,
1149 745 1163 764 a
1176 737 1310 772 prioribus
1323 736 1422 763 nostris
1441 739 1468 762 et
1483 742 1497 760 a
1513 734 1590 761 nobis
1603 740 1674 767 saepe
1684 732 1739 766 jam
1753 731 1858 757 dictum

1071 788 1120 810 est.
1135 782 1199 809 Nam
1214 788 1241 809 et
1255 790 1314 809 cum
1331 781 1390 814 quis
1404 780 1437 806 de
1455 787 1579 807 errorum
1594 777 1712 805 tenebris
1726 775 1759 802 ad
1776 775 1858 809 agni-

1073 828 1152 854 tionis
1167 827 1256 853 lumeu
1271 825 1424 856 adducitur,
1439 829 1466 851 et
1481 824 1512 850 de
1528 828 1635 850 terrena
1648 820 1860 848 conversatione

1072 873 1105 899 ad
1121 872 1270 906 spiritualia
1295 871 1414 897 instituta
1443 868 1622 899 convertitur,
1638 867 1670 893 de
1688 865 1805 901 [Egypto
1817 865 1858 891 vi-

1073 919 1151 946 detur
1174 919 1262 945 exisse
1287 923 1313 944 et
1331 917 1435 944 venisse
1458 916 1491 942 ad
1512 915 1708 942 solitudinem:
1726 913 1758 938 ad
1781 912 1858 938 illum

1075 965 1200 992 videlicet.
1215 965 1275 990 vita:
1290 968 1400 994 statum,
1417 962 1442 988 in
1460 969 1513 996 quo
1528 968 1575 995 per
1586 959 1725 987 silentium
1742 963 1769 985 et
1782 958 1859 992 quie-

1075 1015 1127 1036 tem
1143 1013 1304 1035 exerceatur
1318 1007 1417 1035 divinis
1433 1007 1544 1040 legibus,
1564 1010 1591 1031 et
1606 1004 1722 1037 eloquiis
1738 1003 1859 1030 eozicsti-

1075 1056 1125 1082 bus
1140 1054 1293 1081 imbuatur:
1311 1061 1358 1088 per
1376 1060 1436 1086 qum
1451 1051 1589 1078 institutus
1607 1055 1635 1076 et
1650 1049 1781 1079 directus,
1797 1056 1855 1074 cum

1073 1100 1219 1128 Iordanem
1235 1099 1386 1130 transierit,
1401 1101 1526 1132 properet
1541 1102 1626 1129 usque
1642 1094 1676 1120 ad
1696 1099 1797 1120 terram
1815 1100 1858 1120 re-

1075 1145 1274 1180 promissionis,
1303 1144 1329 1171 id
1353 1148 1395 1170 est
1411 1151 1459 1178 per
1476 1142 1590 1178 gratiam
1614 1140 1754 1176 baptismi,
1774 1147 1858 1174 usque

1074 1192 1107 1220 ad
1122 1191 1276 1226 evangelica
1294 1190 1415 1217 instituta
1430 1189 1581 1223 perveniat.
1597 1187 1650 1215 Sed
1665 1191 1692 1214 et
1706 1187 1780 1213 illaut
1795 1187 1859 1220 ﬁgu-

1076 1245 1133 1265 ram
1143 1245 1203 1265 esse
1218 1237 1335 1263 diximus
1348 1235 1463 1263 exeundi
1473 1236 1505 1263 de
1517 1234 1643 1270 Epypto,
1654 1241 1716 1260 cum
1734 1232 1860 1266 relinquit

1075 1285 1164 1311 anima
1183 1283 1274 1311 mundi
1299 1283 1379 1315 hujus
1396 1282 1530 1314 tenebras,
1551 1289 1581 1308 ac
1602 1285 1707 1308 natura:
1723 1287 1859 1314 corporeae

1076 1331 1235 1361 caecitatem,
1254 1333 1281 1356 et
1307 1327 1469 1355 transfertur
1483 1328 1516 1354 ad
1530 1327 1603 1354 aliud
1621 1326 1771 1353 saeculum:
1791 1325 1857 1359 quod
1901 1355 1902 1361 η

1076 1375 1117 1402 vel
1132 1375 1207 1402 sinus
1218 1374 1334 1401 Ahrahze
1355 1373 1422 1408 (58),
1438 1378 1467 1400 ut
1481 1374 1507 1400 in
1522 1372 1637 1404 Lazaro,
1651 1372 1692 1398 vel
1708 1371 1859 1406 paradisus.

1077 1425 1106 1447 ut
1119 1420 1146 1446 in
1162 1419 1266 1446 latrone
1283 1419 1328 1453 qui
1343 1419 1375 1445 de
1398 1426 1478 1445 cruce
1503 1418 1628 1449 credidit,
1651 1416 1859 1450 iudicatur;rcl

1076 1465 1158 1493 etiam
1186 1465 1208 1492 si
1231 1472 1284 1499 qua
1305 1464 1380 1492 novit
1400 1464 1470 1491 Deus
1495 1471 1554 1491 esse
1575 1463 1626 1490 alia
1645 1463 1714 1495 loca,
1731 1463 1778 1490 vel
1799 1462 1860 1489 alias

1076 1511 1242 1545 mansiones,
1270 1518 1318 1545 per
1330 1518 1390 1545 qua:
1405 1510 1538 1537 transiens
1558 1509 1648 1536 anima
1665 1509 1720 1536 Deo
1733 1509 1858 1539 credens,

1076 1562 1105 1585 ct
1124 1558 1285 1592 perveniens
1302 1564 1387 1592 usque
1403 1557 1436 1584 ad
1455 1556 1551 1583 ﬂumen
1571 1555 1634 1582 illud
1655 1555 1726 1590 quod
1743 1555 1858 1582 laniﬁca!

1076 1603 1211 1631 civitatem
1226 1604 1283 1636 Dei,
1295 1604 1366 1631 intra
1380 1603 1466 1638 ipsum
1481 1607 1579 1630 sortem
1590 1602 1732 1636 promissa:
1739 1601 1860 1636 patribus

1077 1649 1242 1677 hrcreditatis
1260 1649 1386 1684 accipiat.
1404 1649 1487 1683 Igitur
1501 1655 1561 1674 cum
1582 1647 1693 1682 duplici,
1711 1652 1740 1673 ut
1764 1654 1858 1674 meum-

1078 1696 1208 1728 ravimus,
1226 1696 1307 1723 modo
1321 1702 1446 1730 egressus
1464 1695 1619 1729 designetur
1643 1701 1676 1720 ex
1690 1692 1823 1728 Aigypto,
1836 1697 1861 1720 et

1079 1742 1209 1769 transitus
1232 1741 1265 1767 ad
1290 1741 1438 1771 desertum,
1472 1745 1554 1773 atque
1578 1738 1639 1765 inde
1666 1739 1810 1771 ingressus
1832 1739 1859 1765 a.l

1078 1791 1179 1814 sancta:
1204 1791 1282 1813 terrae
1304 1785 1501 1815 haereditatetn,
1532 1784 1672 1811 videamus
1700 1792 1779 1815 nunc
1807 1786 1862 1818 ιμιηι

1079 1832 1128 1859 sibi
1144 1831 1209 1858 velit
1223 1832 1316 1858 Ruben
1329 1837 1355 1859 et
1372 1832 1441 1864 Gad,
1456 1837 1482 1858 et
1497 1831 1608 1858 dimidia
1626 1831 1713 1857 tribus
1731 1830 1860 1857 Mauaw.

1079 1876 1227 1904 [hereditas
1244 1885 1303 1912 qum
1319 1885 1364 1912 per
1381 1878 1498 1913 Moysem
1522 1877 1648 1909 traditur,
1662 1881 1688 1903 et
1709 1882 1792 1904 extra
1807 1876 1861 1903 Iut-

1080 1924 1355 1955 danemdeceruitur,
1382 1923 1408 1950 in
1434 1923 1574 1951 duodecim
1599 1918 1722 1950 tribubus
1752 1923 1860 1949 ﬁliorum

1079 1968 1173 2001 Israel,
1198 1969 1312 1996 occultis
1338 1969 1497 2003 quibusdam
1515 1974 1542 1996 et
1567 1969 1689 2003 mysticis
1712 1968 1862 1995 rationibus

1082 2014 1163 2042 totius
1185 2014 1295 2042 humani
1318 2015 1425 2050 generis
1455 2015 1567 2050 liguram
1597 2014 1800 2047 complectitur.
1828 2011 1862 2038 vel
1897 2030 1900 2034 ι

1080 2061 1201 2087 omnium
1229 2066 1304 2088 certe
1340 2061 1479 2088 hominum
1500 2061 1546 2095 qui
1569 2061 1603 2088 ad
1632 2060 1801 2095 agnitionem
1820 2059 1860 2086 Dei

1081 2109 1225 2132 venerunt.
1245 2105 1345 2132 Horum
1360 2113 1424 2140 ergo
1439 2114 1501 2140 pars
1524 2105 1613 2139 aliqua
1628 2110 1705 2132 extra
1719 2105 1860 2132 Iordanem

244 2149 406 2177 satiahiliter
423 2148 528 2175 deditus
547 2157 553 2174 :
572 2154 662 2174 tamen
683 2147 753 2174 sicut
767 2147 818 2173 hoc
831 2147 964 2173 neminem
983 2154 1029 2174 ne-
1044 2148 1068 2177 D
1081 2149 1264 2177 hmrcditatem
1292 2150 1467 2184 consequitur
1491 2158 1537 2184 per
1564 2151 1691 2185 Moysem,
1714 2157 1781 2184 pars
1804 2155 1861 2175 vero

246 2203 310 2228 gare
323 2199 397 2228 puto,
408 2194 443 2220 ita
457 2200 516 2228 quae
542 2191 596 2219 sint
609 2192 651 2218 illa
666 2198 726 2226 qua:
745 2198 776 2217 ex
792 2191 850 2217 istis
864 2190 1028 2217 narrationi-

247 2243 296 2268 bus
312 2240 479 2270 indicentur,
494 2243 521 2265 et
541 2245 600 2272 qum
623 2244 711 2263 rerum
727 2236 812 2263 facies
827 2236 875 2262 sub
890 2235 941 2262 hoc
958 2235 1029 2261 vela-

247 2288 318 2313 mine
342 2289 510 2319 contegatur,
533 2283 566 2310 ad
592 2281 831 2317 liquidnmyscire,
855 2282 939 2315 ipsius
967 2285 1030 2315 puto

246 2340 306 2359 esse
321 2331 409 2358 sancti
425 2330 543 2364 Spiritus
559 2329 604 2363 qui
620 2329 677 2355 haec
695 2327 804 2354 inscribi
823 2326 964 2361 inspiravit
979 2335 985 2351 :
1004 2332 1032 2353 et

248 2378 350 2405 Domini
366 2377 448 2404 nostri
460 2375 525 2402 Iesu
541 2375 651 2405 Christi,
665 2374 710 2408 qui
722 2374 753 2400 de
767 2373 857 2408 Moyse
873 2372 978 2399 dicebat
988 2371 1010 2387 °'
1022 2379 1029 2397 :

248 2435 258 2452 ι
281 2426 317 2453 De
338 2432 380 2452 me
394 2424 466 2450 enim
480 2423 525 2449 ille
541 2421 648 2456 scripsit
663 2430 670 2453 ;
690 2430 700 2446 ι
716 2426 742 2447 et
762 2419 953 2453 omnipotentis
970 2419 1029 2451 Dei,

246 2473 321 2507 cujus
336 2469 478 2498 consilium
502 2468 641 2502 antiquum
662 2467 781 2494 humano
796 2465 889 2500 generi
903 2473 956 2491 non
980 2473 1030 2491 nu-

246 2518 320 2548 dum,
338 2516 383 2542 sed
399 2514 515 2541 velatum
529 2513 626 2539 litteris
642 2512 785 2538 indicatur.
800 2510 854 2538 Nos
866 2516 954 2538 autem
970 2519 1030 2538 orc-

248 2569 306 2588 mus
319 2568 352 2587 ex
364 2560 446 2586 corde
463 2559 578 2585 Verbum
598 2557 656 2588 Dei,
672 2556 717 2591 qui
733 2556 939 2591 estunigenitus
960 2557 1028 2590 ejus,

246 2613 271 2633 et
284 2607 329 2641 qui
345 2605 447 2633 revelat
457 2604 565 2631 Patrem
581 2603 680 2638 quibus
700 2603 766 2634 vult,
786 2607 814 2629 ut
833 2607 859 2630 et
872 2603 950 2630 nobis
971 2603 1029 2630 h:ee

281 2651 303 2666 ⁸⁸
317 2650 382 2679 Luc.
404 2650 518 2682 “1,29.
556 2649 579 2665 "
592 2649 692 2676 Ierem.
716 2656 776 2680 xui,
801 2649 845 2676 17.

282 2697 338 2767 ἓὸἹ)
349 2697 441 2725 Codex
457 2696 548 2724 Sancti
564 2696 737 2729 Theoderici,
757 2706 766 2722 ι
782 2696 898 2723 occulta.
917 2706 926 2721 ι
943 2729 947 2731 _

296 2733 341 2767 58)
355 2732 432 2764 Quod
450 2732 488 2759 uel
500 2733 574 2759 sinus
594 2731 718 2763 Abrahm,
733 2736 786 2767 etc.
802 2731 868 2758 Vide
891 2731 947 2765 Orig

296 2733 341 2767 58)
355 2732 432 2764 Quod
450 2732 488 2759 uel
500 2733 574 2759 sinus
594 2731 718 2763 Abrahm,
733 2736 786 2767 etc.
802 2731 868 2758 Vide
891 2731 1033 2767 Origenia-

251 2775 342 2794 norum
359 2767 405 2794 lib.
421 2775 452 2799 it,
468 2768 644 2802 quaestionem
656 2766 837 2798 undecimam,
852 2767 897 2794 ubi
912 2766 978 2800 quid
998 2767 1032 2794 de

883 2649 905 2664 “°
918 2649 999 2677 Ioan.
1011 2649 1086 2682 V,55.

1083 2199 1158 2222 trans
1183 2194 1345 2228 Iordanem;
1358 2200 1384 2222 et
1409 2196 1589 2223 hereditatem
1608 2195 1720 2229 suscipit
1744 2195 1771 2222 in
1798 2199 1859 2220 tem

1083 2241 1299 2275 repromissionis
1320 2248 1367 2275 per
1391 2240 1492 2268 Iesum.
1514 2240 1548 2268 Et
1567 2241 1603 2267 illi
1627 2240 1751 2274 quidem,
1774 2238 1860 2273 quibus

1083 2290 1158 2312 extra
1190 2285 1332 2313 Iordanem
1362 2286 1507 2313 hereditas
1536 2285 1710 2317 decernitur,
1739 2283 1858 2320 primitiri

1084 2337 1146 2359 sunt
1161 2339 1166 2357 :
1185 2331 1247 2358 licet
1268 2330 1356 2358 minus
1372 2331 1486 2363 nobiles,
1507 2331 1571 2358 licet
1585 2338 1638 2358 non
1656 2329 1797 2364 inculpati,
1812 2327 1858 2362 pri-

1085 2376 1169 2404 mitivi
1186 2381 1273 2404 tamen
1300 2381 1372 2403 sunt.
1395 2376 1490 2404 Ruben
1510 2377 1582 2404 enim
1608 2380 1650 2404 est
1673 2375 1858 2411 primogenitus

1082 2421 1165 2449 Iacob
1181 2430 1188 2448 :
1207 2421 1269 2448 licet
1286 2423 1511 2450 contaminaverit
1527 2422 1633 2449 thorum
1651 2422 1749 2456 patris,
1766 2421 1856 2455 primos

1084 2469 1190 2503 genitus
1207 2473 1295 2495 tamen
1311 2472 1362 2495 est.
1377 2467 1430 2495 Sed
1447 2472 1474 2494 et
1487 2468 1555 2500 Gad,
1576 2467 1639 2494 licet
1653 2475 1686 2494 ex
1701 2467 1808 2498 ancilla,
1823 2470 1857 2491 ta-

1083 2522 1144 2541 men
1160 2517 1187 2540 et
1198 2514 1254 2548 ipse
1275 2514 1470 2548 primogenitus
1482 2519 1532 2540 est.
1548 2513 1670 2540 Manasse
1687 2520 1803 2548 quoque,
1816 2517 1856 2537 cu-

1080 2559 1126 2593 jus
1141 2557 1252 2585 dimidia
1274 2559 1359 2586 tribus
1374 2563 1450 2586 extra
1465 2557 1608 2585 Iordanem
1636 2558 1818 2592 consequitur,
1834 2559 1857 2580 el

1083 2605 1140 2639 ipse
1164 2604 1227 2632 licet
1251 2604 1283 2631 de
1308 2603 1434 2639 {Egyptia
1455 2609 1546 2636 natus,
1564 2603 1764 2638 primogenitus
1779 2607 1856 2629 tamen

1124 2649 1144 2664 ⁶¹
1157 2648 1168 2676 1
1180 2649 1242 2676 Cor.
1257 2657 1286 2681 tt,
1300 2649 1343 2676 12.

1087 2697 1175 2732 poenis
1194 2701 1221 2724 et
1235 2697 1352 2732 praemiis
1366 2697 1492 2731 opinatus
1508 2697 1542 2725 sit
1557 2696 1701 2732 Origenes,
1715 2697 1793 2725 docte
1805 2702 1858 2730 ape.

1088 2731 1124 2759 rit
1135 2732 1300 2760 clarissimus
1316 2731 1439 2759 lluetius.
