  <div class='ocr_page' id='page_1' title='image "/cluster/home/n/w/nwhite01/storage/ocr_20150623/12/njp.32101077772422/416.png"; bbox 0 0 1903 3052; ppageno 0'>
   <div class='ocr_carea' id='block_1_1' title="bbox 69 147 117 174">
    <p class='ocr_par' dir='ltr' id='par_1_1' title="bbox 69 147 117 174">
     <span class='ocr_line' id='line_1_1' title="bbox 69 147 117 174; baseline 0 0"><span class='ocrx_word' id='word_1_1' title='bbox 69 147 117 174; x_wconf 83' lang='grc' dir='ltr'><strong>’Πτ</strong></span> 
     </span>
    </p>
   </div>
   <div class='ocr_carea' id='block_1_2' title="bbox 623 143 1112 182">
    <p class='ocr_par' dir='ltr' id='par_1_2' title="bbox 623 143 1112 182">
     <span class='ocr_line' id='line_1_2' title="bbox 623 143 1112 182; baseline 0.008 -10"><span class='ocrx_word' id='word_1_2' title='bbox 623 145 656 173; x_wconf 84' lang='grc' dir='ltr'><strong>ΙΝ</strong></span> <span class='ocrx_word' id='word_1_3' title='bbox 674 143 840 179; x_wconf 77' lang='lat' dir='ltr'><strong>NUMEROS</strong></span> <span class='ocrx_word' id='word_1_4' title='bbox 860 145 1002 182; x_wconf 68' lang='lat' dir='ltr'><strong>HOMILIA</strong></span> <span class='ocrx_word' id='word_1_5' title='bbox 1020 146 1112 176; x_wconf 80' lang='lat' dir='ltr'><strong>XXVI.</strong></span> 
     </span>
    </p>
   </div>
   <div class='ocr_carea' id='block_1_3' title="bbox 1633 154 1684 182">
    <p class='ocr_par' dir='ltr' id='par_1_3' title="bbox 1633 154 1684 182">
     <span class='ocr_line' id='line_1_3' title="bbox 1633 154 1684 182; baseline 0.039 -2"><span class='ocrx_word' id='word_1_6' title='bbox 1633 154 1684 182; x_wconf 81' lang='lat'><strong>778</strong></span> 
     </span>
    </p>
   </div>
   <div class='ocr_carea' id='block_1_4' title="bbox 69 203 1685 247">
    <p class='ocr_par' dir='ltr' id='par_1_4' title="bbox 69 203 1685 247">
     <span class='ocr_line' id='line_1_4' title="bbox 69 203 1685 247; baseline 0.004 -15"><span class='ocrx_word' id='word_1_7' title='bbox 69 212 115 235; x_wconf 82' lang='lat' dir='ltr'><strong>est.</strong></span> <span class='ocrx_word' id='word_1_8' title='bbox 132 205 229 236; x_wconf 80' lang='lat' dir='ltr'><strong>Omnes</strong></span> <span class='ocrx_word' id='word_1_9' title='bbox 243 211 309 240; x_wconf 74' lang='lat' dir='ltr'><strong>ergo</strong></span> <span class='ocrx_word' id='word_1_10' title='bbox 323 203 366 232; x_wconf 91' lang='lat' dir='ltr'><strong>isti</strong></span> <span class='ocrx_word' id='word_1_11' title='bbox 386 203 557 239; x_wconf 73' lang='lat' dir='ltr'><strong>primogeniti</strong></span> <span class='ocrx_word' id='word_1_12' title='bbox 569 209 642 239; x_wconf 88' lang='lat' dir='ltr'><strong>sunt,</strong></span> <span class='ocrx_word' id='word_1_13' title='bbox 659 209 687 232; x_wconf 85' lang='lat' dir='ltr'><strong>et</strong></span> <span class='ocrx_word' id='word_1_14' title='bbox 707 206 767 238; x_wconf 85' lang='lat' dir='ltr'><strong>ideo</strong></span> <span class='ocrx_word' id='word_1_15' title='bbox 777 205 850 241; x_wconf 90' lang='lat' dir='ltr'><strong>prio-</strong></span> <span class='ocrx_word' id='word_1_16' title='bbox 864 207 885 240; x_wconf 72' lang='grc' dir='ltr'><strong>Α</strong></span> <span class='ocrx_word' id='word_1_17' title='bbox 900 206 977 241; x_wconf 75' lang='lat' dir='ltr'><strong>sihile</strong></span> <span class='ocrx_word' id='word_1_18' title='bbox 1004 215 1054 234; x_wconf 93' lang='lat' dir='ltr'><strong>non</strong></span> <span class='ocrx_word' id='word_1_19' title='bbox 1085 208 1118 235; x_wconf 84' lang='lat' dir='ltr'><strong>ab</strong></span> <span class='ocrx_word' id='word_1_20' title='bbox 1139 207 1214 235; x_wconf 88' lang='lat' dir='ltr'><strong>initio</strong></span> <span class='ocrx_word' id='word_1_21' title='bbox 1239 208 1337 236; x_wconf 66' lang='lat' dir='ltr'><strong>coelum</strong></span> <span class='ocrx_word' id='word_1_22' title='bbox 1354 209 1455 237; x_wconf 87' lang='lat' dir='ltr'><strong>dictum</strong></span> <span class='ocrx_word' id='word_1_23' title='bbox 1473 214 1525 243; x_wconf 85' lang='lat' dir='ltr'><strong>est,</strong></span> <span class='ocrx_word' id='word_1_24' title='bbox 1543 212 1589 238; x_wconf 89' lang='lat' dir='ltr'><strong>scd</strong></span> <span class='ocrx_word' id='word_1_25' title='bbox 1608 213 1685 247; x_wconf 82' lang='lat' dir='ltr'><strong>prius</strong></span> 
     </span>
    </p>
   </div>
   <div class='ocr_carea' id='block_1_5' title="bbox 69 248 847 288">
    <p class='ocr_par' dir='ltr' id='par_1_5' title="bbox 69 248 847 288">
     <span class='ocr_line' id='line_1_5' title="bbox 69 248 847 288; baseline 0.005 -15"><span class='ocrx_word' id='word_1_26' title='bbox 69 257 121 278; x_wconf 67' lang='lat' dir='ltr'><strong>rem</strong></span> <span class='ocrx_word' id='word_1_27' title='bbox 134 248 258 284; x_wconf 78' lang='lat' dir='ltr'><strong>populum</strong></span> <span class='ocrx_word' id='word_1_28' title='bbox 282 248 435 285; x_wconf 74' lang='lat' dir='ltr'><strong>designant,</strong></span> <span class='ocrx_word' id='word_1_29' title='bbox 450 248 495 288; x_wconf 86' lang='lat' dir='ltr'><strong>qui</strong></span> <span class='ocrx_word' id='word_1_30' title='bbox 517 255 568 276; x_wconf 89' lang='lat' dir='ltr'><strong>non</strong></span> <span class='ocrx_word' id='word_1_31' title='bbox 589 256 637 283; x_wconf 87' lang='lat' dir='ltr'><strong>per</strong></span> <span class='ocrx_word' id='word_1_32' title='bbox 651 249 744 281; x_wconf 82' lang='lat' dir='ltr'><strong>Jesnm</strong></span> <span class='ocrx_word' id='word_1_33' title='bbox 757 250 847 278; x_wconf 90' lang='lat' dir='ltr'><strong>Domi-</strong></span> 
     </span>
    </p>
   </div>
   <div class='ocr_carea' id='block_1_6' title="bbox 70 293 848 331">
    <p class='ocr_par' dir='ltr' id='par_1_6' title="bbox 70 293 848 331">
     <span class='ocr_line' id='line_1_6' title="bbox 70 293 848 331; baseline 0 -9"><span class='ocrx_word' id='word_1_34' title='bbox 70 303 128 327; x_wconf 81' lang='lat' dir='ltr'><strong>num</strong></span> <span class='ocrx_word' id='word_1_35' title='bbox 145 298 277 331; x_wconf 81' lang='lat' dir='ltr'><strong>nostrum,</strong></span> <span class='ocrx_word' id='word_1_36' title='bbox 290 294 337 325; x_wconf 84' lang='lat' dir='ltr'><strong>sed</strong></span> <span class='ocrx_word' id='word_1_37' title='bbox 353 302 401 329; x_wconf 81' lang='lat' dir='ltr'><strong>per</strong></span> <span class='ocrx_word' id='word_1_38' title='bbox 411 293 521 330; x_wconf 70' lang='lat' dir='ltr'><strong>Moysen</strong></span> <span class='ocrx_word' id='word_1_39' title='bbox 537 298 612 329; x_wconf 82' lang='lat' dir='ltr'><strong>extra</strong></span> <span class='ocrx_word' id='word_1_40' title='bbox 629 294 773 329; x_wconf 84' lang='lat' dir='ltr'><strong>Jordanem</strong></span> <span class='ocrx_word' id='word_1_41' title='bbox 789 304 848 324; x_wconf 88' lang='lat' dir='ltr'><strong>sor-</strong></span> 
     </span>
    </p>
   </div>
   <div class='ocr_carea' id='block_1_7' title="bbox 70 339 848 376">
    <p class='ocr_par' dir='ltr' id='par_1_7' title="bbox 70 339 848 376">
     <span class='ocr_line' id='line_1_7' title="bbox 70 339 848 376; baseline 0 -10"><span class='ocrx_word' id='word_1_42' title='bbox 70 345 119 368; x_wconf 85' lang='lat' dir='ltr'><strong>tem</strong></span> <span class='ocrx_word' id='word_1_43' title='bbox 135 339 299 373; x_wconf 56' lang='lat' dir='ltr'><strong>hereditatis</strong></span> <span class='ocrx_word' id='word_1_44' title='bbox 307 339 452 373; x_wconf 71' lang='lat' dir='ltr'><strong>accipiunt.</strong></span> <span class='ocrx_word' id='word_1_45' title='bbox 468 339 616 367; x_wconf 81' lang='lat' dir='ltr'><strong>Considera</strong></span> <span class='ocrx_word' id='word_1_46' title='bbox 633 345 722 367; x_wconf 87' lang='lat' dir='ltr'><strong>autem</strong></span> <span class='ocrx_word' id='word_1_47' title='bbox 735 340 848 376; x_wconf 78' lang='lat' dir='ltr'><strong>diligen-</strong></span> 
     </span>
    </p>
   </div>
   <div class='ocr_carea' id='block_1_8' title="bbox 68 385 846 421">
    <p class='ocr_par' dir='ltr' id='par_1_8' title="bbox 68 385 846 421">
     <span class='ocr_line' id='line_1_8' title="bbox 68 385 846 421; baseline -0.001 -6"><span class='ocrx_word' id='word_1_48' title='bbox 68 388 118 416; x_wconf 84' lang='lat' dir='ltr'><strong>tius</strong></span> <span class='ocrx_word' id='word_1_49' title='bbox 135 387 215 419; x_wconf 75' lang='lat' dir='ltr'><strong>etiam</strong></span> <span class='ocrx_word' id='word_1_50' title='bbox 231 393 351 420; x_wconf 74' lang='lat' dir='ltr'><strong>causam,</strong></span> <span class='ocrx_word' id='word_1_51' title='bbox 368 393 421 421; x_wconf 76' lang='lat' dir='ltr'><strong>qua</strong></span> <span class='ocrx_word' id='word_1_52' title='bbox 433 385 537 421; x_wconf 72' lang='lat' dir='ltr'><strong>priores</strong></span> <span class='ocrx_word' id='word_1_53' title='bbox 557 390 583 414; x_wconf 83' lang='lat' dir='ltr'><strong>et</strong></span> <span class='ocrx_word' id='word_1_54' title='bbox 597 391 673 414; x_wconf 84' lang='lat' dir='ltr'><strong>extra</strong></span> <span class='ocrx_word' id='word_1_55' title='bbox 689 386 846 421; x_wconf 82' lang='lat' dir='ltr'><strong>.Iordanem,</strong></span> 
     </span>
    </p>
   </div>
   <div class='ocr_carea' id='block_1_9' title="bbox 69 431 846 470">
    <p class='ocr_par' dir='ltr' id='par_1_9' title="bbox 69 431 846 470">
     <span class='ocr_line' id='line_1_9' title="bbox 69 431 846 470; baseline 0 -11"><span class='ocrx_word' id='word_1_56' title='bbox 69 437 92 459; x_wconf 90' lang='lat' dir='ltr'><strong>et</strong></span> <span class='ocrx_word' id='word_1_57' title='bbox 105 432 263 467; x_wconf 70' lang='lat' dir='ltr'><strong>sequestrati</strong></span> <span class='ocrx_word' id='word_1_58' title='bbox 273 439 289 466; x_wconf 80' lang='lat' dir='ltr'><strong>a</strong></span> <span class='ocrx_word' id='word_1_59' title='bbox 301 431 418 470; x_wconf 63' lang='lat' dir='ltr'><strong>caeteris,</strong></span> <span class='ocrx_word' id='word_1_60' title='bbox 432 436 636 467; x_wconf 87' lang='lat' dir='ltr'><strong>consequuntur</strong></span> <span class='ocrx_word' id='word_1_61' title='bbox 651 432 846 464; x_wconf 63' lang='lat' dir='ltr'><strong>haereditatem.</strong></span> 
     </span>
    </p>
   </div>
   <div class='ocr_carea' id='block_1_10' title="bbox 72 476 844 514">
    <p class='ocr_par' dir='ltr' id='par_1_10' title="bbox 72 476 844 514">
     <span class='ocr_line' id='line_1_10' title="bbox 72 476 844 514; baseline 0.003 -11"><span class='ocrx_word' id='word_1_62' title='bbox 72 487 80 503; x_wconf 82' lang='grc' dir='ltr'>ι</span> <span class='ocrx_word' id='word_1_63' title='bbox 94 476 226 511; x_wconf 68' lang='lat' dir='ltr'><strong>Iumenta,</strong></span> <span class='ocrx_word' id='word_1_64' title='bbox 236 477 361 514; x_wconf 78' lang='lat' dir='ltr'><strong>inquiunt</strong></span> <span class='ocrx_word' id='word_1_65' title='bbox 373 477 406 510; x_wconf 80' lang='lat'><strong>“,</strong></span> <span class='ocrx_word' id='word_1_66' title='bbox 415 481 442 507; x_wconf 85' lang='lat' dir='ltr'><strong>et</strong></span> <span class='ocrx_word' id='word_1_67' title='bbox 456 483 553 512; x_wconf 83' lang='lat' dir='ltr'><strong>pecora</strong></span> <span class='ocrx_word' id='word_1_68' title='bbox 565 477 648 513; x_wconf 76' lang='lat' dir='ltr'><strong>multa</strong></span> <span class='ocrx_word' id='word_1_69' title='bbox 660 481 724 510; x_wconf 80' lang='lat' dir='ltr'><strong>sunt</strong></span> <span class='ocrx_word' id='word_1_70' title='bbox 738 478 823 512; x_wconf 80' lang='lat' dir='ltr'><strong>nobis.</strong></span> <span class='ocrx_word' id='word_1_71' title='bbox 835 488 844 512; x_wconf 61' lang='lat'>9</span> 
     </span>
    </p>
   </div>
   <div class='ocr_carea' id='block_1_11' title="bbox 69 523 847 560">
    <p class='ocr_par' dir='ltr' id='par_1_11' title="bbox 69 523 847 560">
     <span class='ocr_line' id='line_1_11' title="bbox 69 523 847 560; baseline 0 -10"><span class='ocrx_word' id='word_1_72' title='bbox 69 524 125 555; x_wconf 68' lang='lat' dir='ltr'><strong>llaec</strong></span> <span class='ocrx_word' id='word_1_73' title='bbox 136 530 201 558; x_wconf 75' lang='lat' dir='ltr'><strong>ergo</strong></span> <span class='ocrx_word' id='word_1_74' title='bbox 216 530 298 558; x_wconf 66' lang='lat' dir='ltr'><strong>causa</strong></span> <span class='ocrx_word' id='word_1_75' title='bbox 315 527 368 559; x_wconf 83' lang='lat' dir='ltr'><strong>est,</strong></span> <span class='ocrx_word' id='word_1_76' title='bbox 382 523 445 557; x_wconf 76' lang='lat' dir='ltr'><strong>quia</strong></span> <span class='ocrx_word' id='word_1_77' title='bbox 458 523 535 560; x_wconf 73' lang='lat' dir='ltr'><strong>prior</strong></span> <span class='ocrx_word' id='word_1_78' title='bbox 550 523 665 558; x_wconf 85' lang='lat' dir='ltr'><strong>populus</strong></span> <span class='ocrx_word' id='word_1_79' title='bbox 682 524 715 555; x_wconf 86' lang='lat' dir='ltr'><strong>ad</strong></span> <span class='ocrx_word' id='word_1_80' title='bbox 735 523 847 559; x_wconf 62' lang='lat' dir='ltr'><strong>haeredi-</strong></span> 
     </span>
    </p>
   </div>
   <div class='ocr_carea' id='block_1_12' title="bbox 69 570 848 609">
    <p class='ocr_par' dir='ltr' id='par_1_12' title="bbox 69 570 848 609">
     <span class='ocr_line' id='line_1_12' title="bbox 69 570 848 609; baseline 0.005 -6"><span class='ocrx_word' id='word_1_81' title='bbox 69 575 144 603; x_wconf 72' lang='lat' dir='ltr'><strong>tatem</strong></span> <span class='ocrx_word' id='word_1_82' title='bbox 154 570 226 605; x_wconf 78' lang='lat' dir='ltr'><strong>illius</strong></span> <span class='ocrx_word' id='word_1_83' title='bbox 241 575 328 603; x_wconf 60' lang='lat' dir='ltr'><strong>terra.</strong></span> <span class='ocrx_word' id='word_1_84' title='bbox 343 578 405 606; x_wconf 57' lang='lat' dir='ltr'><strong>qua</strong></span> <span class='ocrx_word' id='word_1_85' title='bbox 418 571 487 607; x_wconf 60' lang='lat' dir='ltr'><strong>lactt</strong></span> <span class='ocrx_word' id='word_1_86' title='bbox 498 571 567 607; x_wconf 55' lang='lat' dir='ltr'><strong>ﬂuit,</strong></span> <span class='ocrx_word' id='word_1_87' title='bbox 583 578 643 609; x_wconf 71' lang='lat' dir='ltr'><strong>quae</strong></span> <span class='ocrx_word' id='word_1_88' title='bbox 670 571 748 606; x_wconf 76' lang='lat' dir='ltr'><strong>melle</strong></span> <span class='ocrx_word' id='word_1_89' title='bbox 762 571 848 603; x_wconf 74' lang='lat' dir='ltr'><strong>abun-</strong></span> 
     </span>
    </p>
   </div>
   <div class='ocr_carea' id='block_1_13' title="bbox 70 615 847 655">
    <p class='ocr_par' dir='ltr' id='par_1_13' title="bbox 70 615 847 655">
     <span class='ocr_line' id='line_1_13' title="bbox 70 615 847 655; baseline -0.005 -8"><span class='ocrx_word' id='word_1_90' title='bbox 70 617 120 649; x_wconf 67' lang='grc' dir='ltr'><strong>ὕοι,</strong></span> <span class='ocrx_word' id='word_1_91' title='bbox 132 624 190 651; x_wconf 64' lang='lat' dir='ltr'><strong>quae</strong></span> <span class='ocrx_word' id='word_1_92' title='bbox 201 616 278 651; x_wconf 74' lang='lat' dir='ltr'><strong>favus</strong></span> <span class='ocrx_word' id='word_1_93' title='bbox 293 616 379 652; x_wconf 73' lang='lat' dir='ltr'><strong>mellis</strong></span> <span class='ocrx_word' id='word_1_94' title='bbox 391 620 434 653; x_wconf 69' lang='lat' dir='ltr'><strong>est</strong></span> <span class='ocrx_word' id='word_1_95' title='bbox 446 623 501 653; x_wconf 63' lang='grc' dir='ltr'><strong>ιηᾳξ</strong></span> <span class='ocrx_word' id='word_1_96' title='bbox 512 616 585 651; x_wconf 84' lang='lat' dir='ltr'><strong>omni</strong></span> <span class='ocrx_word' id='word_1_97' title='bbox 602 621 684 649; x_wconf 88' lang='lat' dir='ltr'><strong>terra,</strong></span> <span class='ocrx_word' id='word_1_98' title='bbox 697 624 750 652; x_wconf 88' lang='lat' dir='ltr'><strong>non</strong></span> <span class='ocrx_word' id='word_1_99' title='bbox 761 615 847 655; x_wconf 86' lang='lat' dir='ltr'><strong>potuit</strong></span> 
     </span>
    </p>
   </div>
   <div class='ocr_carea' id='block_1_14' title="bbox 69 658 847 700">
    <p class='ocr_par' dir='ltr' id='par_1_14' title="bbox 69 658 847 700">
     <span class='ocr_line' id='line_1_14' title="bbox 69 658 847 700; baseline 0 -10"><span class='ocrx_word' id='word_1_100' title='bbox 69 662 211 697; x_wconf 77' lang='lat' dir='ltr'><strong>pervenire,</strong></span> <span class='ocrx_word' id='word_1_101' title='bbox 227 670 278 697; x_wconf 68' lang='lat' dir='ltr'><strong>nec</strong></span> <span class='ocrx_word' id='word_1_102' title='bbox 291 662 408 697; x_wconf 71' lang='lat' dir='ltr'><strong>Verbum</strong></span> <span class='ocrx_word' id='word_1_103' title='bbox 423 670 531 700; x_wconf 73' lang='lat' dir='ltr'><strong>carnem</strong></span> <span class='ocrx_word' id='word_1_104' title='bbox 546 663 647 698; x_wconf 71' lang='lat' dir='ltr'><strong>factum</strong></span> <span class='ocrx_word' id='word_1_105' title='bbox 663 663 749 700; x_wconf 85' lang='lat' dir='ltr'><strong>potuit</strong></span> <span class='ocrx_word' id='word_1_106' title='bbox 763 658 847 699; x_wconf 80' lang='lat' dir='ltr'><strong>agno-</strong></span> 
     </span>
    </p>
   </div>
   <div class='ocr_carea' id='block_1_15' title="bbox 68 707 847 744">
    <p class='ocr_par' dir='ltr' id='par_1_15' title="bbox 68 707 847 744">
     <span class='ocr_line' id='line_1_15' title="bbox 68 707 847 744; baseline 0 -9"><span class='ocrx_word' id='word_1_107' title='bbox 68 715 148 742; x_wconf 81' lang='lat' dir='ltr'><strong>scere,</strong></span> <span class='ocrx_word' id='word_1_108' title='bbox 162 709 223 743; x_wconf 69' lang='lat' dir='ltr'><strong>quia</strong></span> <span class='ocrx_word' id='word_1_109' title='bbox 245 707 328 743; x_wconf 82' lang='lat' dir='ltr'><strong>multa</strong></span> <span class='ocrx_word' id='word_1_110' title='bbox 343 708 466 743; x_wconf 78' lang='lat' dir='ltr'><strong>iumenta</strong></span> <span class='ocrx_word' id='word_1_111' title='bbox 488 709 623 743; x_wconf 78' lang='lat' dir='ltr'><strong>habebant</strong></span> <span class='ocrx_word' id='word_1_112' title='bbox 646 713 675 736; x_wconf 86' lang='lat' dir='ltr'><strong>et</strong></span> <span class='ocrx_word' id='word_1_113' title='bbox 695 709 777 736; x_wconf 88' lang='lat' dir='ltr'><strong>multa</strong></span> <span class='ocrx_word' id='word_1_114' title='bbox 803 716 847 744; x_wconf 88' lang='lat' dir='ltr'><strong>pe-</strong></span> 
     </span>
    </p>
   </div>
   <div class='ocr_carea' id='block_1_16' title="bbox 68 754 846 793">
    <p class='ocr_par' dir='ltr' id='par_1_16' title="bbox 68 754 846 793">
     <span class='ocr_line' id='line_1_16' title="bbox 68 754 846 793; baseline 0.004 -13"><span class='ocrx_word' id='word_1_115' title='bbox 68 761 135 781; x_wconf 87' lang='lat' dir='ltr'><strong>cora.</strong></span> <span class='ocrx_word' id='word_1_116' title='bbox 151 754 283 781; x_wconf 82' lang='lat' dir='ltr'><strong>Animalis</strong></span> <span class='ocrx_word' id='word_1_117' title='bbox 295 761 360 788; x_wconf 81' lang='lat' dir='ltr'><strong>ergo</strong></span> <span class='ocrx_word' id='word_1_118' title='bbox 375 754 456 782; x_wconf 89' lang='lat' dir='ltr'><strong>homo</strong></span> <span class='ocrx_word' id='word_1_119' title='bbox 469 763 521 788; x_wconf 91' lang='lat' dir='ltr'><strong>non</strong></span> <span class='ocrx_word' id='word_1_120' title='bbox 538 756 627 793; x_wconf 84' lang='lat' dir='ltr'><strong>potuit</strong></span> <span class='ocrx_word' id='word_1_121' title='bbox 636 756 775 791; x_wconf 85' lang='lat' dir='ltr'><strong>percipere</strong></span> <span class='ocrx_word' id='word_1_122' title='bbox 786 764 846 791; x_wconf 65' lang='lat' dir='ltr'><strong>qua:</strong></span> 
     </span>
    </p>
   </div>
   <div class='ocr_carea' id='block_1_17' title="bbox 68 799 845 836">
    <p class='ocr_par' dir='ltr' id='par_1_17' title="bbox 68 799 845 836">
     <span class='ocr_line' id='line_1_17' title="bbox 68 799 845 836; baseline 0.004 -10"><span class='ocrx_word' id='word_1_123' title='bbox 68 804 126 827; x_wconf 85' lang='lat' dir='ltr'><strong>sunt</strong></span> <span class='ocrx_word' id='word_1_124' title='bbox 137 799 254 834; x_wconf 72' lang='lat' dir='ltr'><strong>Spiritus</strong></span> <span class='ocrx_word' id='word_1_125' title='bbox 267 800 313 827; x_wconf 86' lang='lat' dir='ltr'><strong>Dei</strong></span> <span class='ocrx_word' id='word_1_126' title='bbox 329 800 362 833; x_wconf 79' lang='lat'><strong>&quot;,</strong></span> <span class='ocrx_word' id='word_1_127' title='bbox 376 807 425 835; x_wconf 77' lang='lat' dir='ltr'><strong>pec</strong></span> <span class='ocrx_word' id='word_1_128' title='bbox 433 800 593 836; x_wconf 70' lang='lat' dir='ltr'><strong>spiritaliter</strong></span> <span class='ocrx_word' id='word_1_129' title='bbox 601 800 765 834; x_wconf 73' lang='lat' dir='ltr'><strong>diiudicare;</strong></span> <span class='ocrx_word' id='word_1_130' title='bbox 781 802 845 836; x_wconf 83' lang='lat' dir='ltr'><strong>quia</strong></span> 
     </span>
    </p>
   </div>
   <div class='ocr_carea' id='block_1_18' title="bbox 70 845 844 881">
    <p class='ocr_par' dir='ltr' id='par_1_18' title="bbox 70 845 844 881">
     <span class='ocr_line' id='line_1_18' title="bbox 70 845 844 881; baseline 0.005 -10"><span class='ocrx_word' id='word_1_131' title='bbox 70 854 79 870; x_wconf 72' lang='grc' dir='ltr'><strong>ε</strong></span> <span class='ocrx_word' id='word_1_132' title='bbox 100 845 176 872; x_wconf 91' lang='lat' dir='ltr'><strong>homo</strong></span> <span class='ocrx_word' id='word_1_133' title='bbox 202 845 230 878; x_wconf 87' lang='lat' dir='ltr'><strong>in</strong></span> <span class='ocrx_word' id='word_1_134' title='bbox 246 845 349 879; x_wconf 83' lang='lat' dir='ltr'><strong>honore</strong></span> <span class='ocrx_word' id='word_1_135' title='bbox 375 853 436 878; x_wconf 82' lang='lat' dir='ltr'><strong>eum</strong></span> <span class='ocrx_word' id='word_1_136' title='bbox 456 850 538 877; x_wconf 84' lang='lat' dir='ltr'><strong>esset,</strong></span> <span class='ocrx_word' id='word_1_137' title='bbox 557 853 608 878; x_wconf 88' lang='lat' dir='ltr'><strong>non</strong></span> <span class='ocrx_word' id='word_1_138' title='bbox 627 847 770 881; x_wconf 83' lang='lat' dir='ltr'><strong>intellexit,</strong></span> <span class='ocrx_word' id='word_1_139' title='bbox 797 848 844 875; x_wconf 88' lang='lat' dir='ltr'><strong>sed</strong></span> 
     </span>
    </p>
   </div>
   <div class='ocr_carea' id='block_1_19' title="bbox 67 891 844 926">
    <p class='ocr_par' dir='ltr' id='par_1_19' title="bbox 67 891 844 926">
     <span class='ocr_line' id='line_1_19' title="bbox 67 891 844 926; baseline 0.003 -8"><span class='ocrx_word' id='word_1_140' title='bbox 67 895 230 925; x_wconf 81' lang='lat' dir='ltr'><strong>comparatus</strong></span> <span class='ocrx_word' id='word_1_141' title='bbox 258 895 300 919; x_wconf 84' lang='lat' dir='ltr'><strong>est</strong></span> <span class='ocrx_word' id='word_1_142' title='bbox 326 891 456 926; x_wconf 82' lang='lat' dir='ltr'><strong>jumentis</strong></span> <span class='ocrx_word' id='word_1_143' title='bbox 480 891 680 925; x_wconf 72' lang='lat' dir='ltr'><strong>insipientibus,</strong></span> <span class='ocrx_word' id='word_1_144' title='bbox 704 897 731 920; x_wconf 91' lang='lat' dir='ltr'><strong>et</strong></span> <span class='ocrx_word' id='word_1_145' title='bbox 747 892 844 925; x_wconf 80' lang='lat' dir='ltr'><strong>similis</strong></span> 
     </span>
    </p>
   </div>
   <div class='ocr_carea' id='block_1_20' title="bbox 68 935 842 973">
    <p class='ocr_par' dir='ltr' id='par_1_20' title="bbox 68 935 842 973">
     <span class='ocr_line' id='line_1_20' title="bbox 68 935 842 973; baseline 0.004 -10"><span class='ocrx_word' id='word_1_146' title='bbox 68 935 148 968; x_wconf 80' lang='lat' dir='ltr'><strong>factus</strong></span> <span class='ocrx_word' id='word_1_147' title='bbox 170 941 211 969; x_wconf 83' lang='lat' dir='ltr'><strong>est</strong></span> <span class='ocrx_word' id='word_1_148' title='bbox 228 937 262 971; x_wconf 80' lang='lat' dir='ltr'><strong>iis</strong></span> <span class='ocrx_word' id='word_1_149' title='bbox 284 937 317 971; x_wconf 77' lang='lat'><strong>“,</strong></span> <span class='ocrx_word' id='word_1_150' title='bbox 344 946 353 963; x_wconf 76' lang='grc' dir='ltr'>ι</span> <span class='ocrx_word' id='word_1_151' title='bbox 372 945 421 973; x_wconf 85' lang='lat' dir='ltr'><strong>pro</strong></span> <span class='ocrx_word' id='word_1_152' title='bbox 443 937 540 972; x_wconf 78' lang='lat' dir='ltr'><strong>quibus</strong></span> <span class='ocrx_word' id='word_1_153' title='bbox 564 938 750 971; x_wconf 59' lang='lat' dir='ltr'><strong>hereditatem</strong></span> <span class='ocrx_word' id='word_1_154' title='bbox 767 946 842 966; x_wconf 88' lang='lat' dir='ltr'><strong>suam</strong></span> 
     </span>
    </p>
   </div>
   <div class='ocr_carea' id='block_1_21' title="bbox 68 982 842 1019">
    <p class='ocr_par' dir='ltr' id='par_1_21' title="bbox 68 982 842 1019">
     <span class='ocr_line' id='line_1_21' title="bbox 68 982 842 1019; baseline 0.006 -12"><span class='ocrx_word' id='word_1_155' title='bbox 68 986 137 1013; x_wconf 78' lang='lat' dir='ltr'><strong>extra</strong></span> <span class='ocrx_word' id='word_1_156' title='bbox 147 982 272 1015; x_wconf 69' lang='lat' dir='ltr'><strong>Iordanis</strong></span> <span class='ocrx_word' id='word_1_157' title='bbox 286 982 385 1016; x_wconf 80' lang='lat' dir='ltr'><strong>fluenta</strong></span> <span class='ocrx_word' id='word_1_158' title='bbox 398 983 529 1019; x_wconf 85' lang='lat' dir='ltr'><strong>percepit,</strong></span> <span class='ocrx_word' id='word_1_159' title='bbox 543 987 571 1011; x_wconf 92' lang='lat' dir='ltr'><strong>et</strong></span> <span class='ocrx_word' id='word_1_160' title='bbox 582 991 596 1010; x_wconf 83' lang='lat' dir='ltr'><strong>a</strong></span> <span class='ocrx_word' id='word_1_161' title='bbox 619 988 690 1017; x_wconf 85' lang='lat' dir='ltr'><strong>terra</strong></span> <span class='ocrx_word' id='word_1_162' title='bbox 707 991 736 1017; x_wconf 83' lang='lat' dir='ltr'><strong>se</strong></span> <span class='ocrx_word' id='word_1_163' title='bbox 749 989 842 1012; x_wconf 89' lang='lat' dir='ltr'><strong>sancta</strong></span> 
     </span>
    </p>
   </div>
   <div class='ocr_carea' id='block_1_22' title="bbox 68 1029 840 1065">
    <p class='ocr_par' dir='ltr' id='par_1_22' title="bbox 68 1029 840 1065">
     <span class='ocr_line' id='line_1_22' title="bbox 68 1029 840 1065; baseline 0.003 -10"><span class='ocrx_word' id='word_1_164' title='bbox 68 1029 124 1057; x_wconf 85' lang='lat' dir='ltr'><strong>fecit</strong></span> <span class='ocrx_word' id='word_1_165' title='bbox 133 1030 258 1058; x_wconf 87' lang='lat' dir='ltr'><strong>alienum.</strong></span> <span class='ocrx_word' id='word_1_166' title='bbox 271 1030 317 1058; x_wconf 90' lang='lat' dir='ltr'><strong>Ille</strong></span> <span class='ocrx_word' id='word_1_167' title='bbox 336 1038 401 1065; x_wconf 75' lang='lat' dir='ltr'><strong>ergo</strong></span> <span class='ocrx_word' id='word_1_168' title='bbox 414 1030 527 1065; x_wconf 87' lang='lat' dir='ltr'><strong>populus</strong></span> <span class='ocrx_word' id='word_1_169' title='bbox 536 1031 642 1065; x_wconf 89' lang='lat' dir='ltr'><strong>accepit</strong></span> <span class='ocrx_word' id='word_1_170' title='bbox 657 1031 840 1059; x_wconf 64' lang='lat' dir='ltr'><strong>haereditatem</strong></span> 
     </span>
    </p>
   </div>
   <div class='ocr_carea' id='block_1_23' title="bbox 69 1075 844 1112">
    <p class='ocr_par' dir='ltr' id='par_1_23' title="bbox 69 1075 844 1112">
     <span class='ocr_line' id='line_1_23' title="bbox 69 1075 844 1112; baseline -0.001 -8"><span class='ocrx_word' id='word_1_171' title='bbox 69 1082 111 1108; x_wconf 84' lang='lat' dir='ltr'><strong>per</strong></span> <span class='ocrx_word' id='word_1_172' title='bbox 126 1075 242 1112; x_wconf 73' lang='lat' dir='ltr'><strong>Moysen,</strong></span> <span class='ocrx_word' id='word_1_173' title='bbox 259 1077 362 1111; x_wconf 79' lang='lat' dir='ltr'><strong>accepit</strong></span> <span class='ocrx_word' id='word_1_174' title='bbox 375 1082 473 1104; x_wconf 82' lang='lat' dir='ltr'><strong>terram</strong></span> <span class='ocrx_word' id='word_1_175' title='bbox 487 1077 599 1104; x_wconf 90' lang='lat' dir='ltr'><strong>duorum</strong></span> <span class='ocrx_word' id='word_1_176' title='bbox 617 1084 709 1111; x_wconf 79' lang='lat' dir='ltr'><strong>regum</strong></span> <span class='ocrx_word' id='word_1_177' title='bbox 726 1081 844 1103; x_wconf 86' lang='lat' dir='ltr'><strong>tantum-</strong></span> 
     </span>
    </p>
   </div>
   <div class='ocr_carea' id='block_1_24' title="bbox 69 1121 844 1158">
    <p class='ocr_par' dir='ltr' id='par_1_24' title="bbox 69 1121 844 1158">
     <span class='ocr_line' id='line_1_24' title="bbox 69 1121 844 1158; baseline 0.003 -9"><span class='ocrx_word' id='word_1_178' title='bbox 69 1121 148 1149; x_wconf 82' lang='lat' dir='ltr'><strong>modo.</strong></span> <span class='ocrx_word' id='word_1_179' title='bbox 164 1121 221 1152; x_wconf 82' lang='lat' dir='ltr'><strong>Non</strong></span> <span class='ocrx_word' id='word_1_180' title='bbox 237 1123 309 1152; x_wconf 89' lang='lat' dir='ltr'><strong>enim</strong></span> <span class='ocrx_word' id='word_1_181' title='bbox 326 1123 440 1158; x_wconf 76' lang='lat' dir='ltr'><strong>amplius</strong></span> <span class='ocrx_word' id='word_1_182' title='bbox 461 1122 548 1157; x_wconf 85' lang='lat' dir='ltr'><strong>potuit</strong></span> <span class='ocrx_word' id='word_1_183' title='bbox 569 1121 675 1157; x_wconf 83' lang='lat' dir='ltr'><strong>Moyses</strong></span> <span class='ocrx_word' id='word_1_184' title='bbox 688 1122 844 1151; x_wconf 88' lang='lat' dir='ltr'><strong>interficere</strong></span> 
     </span>
    </p>
   </div>
   <div class='ocr_carea' id='block_1_25' title="bbox 69 1166 841 1207">
    <p class='ocr_par' dir='ltr' id='par_1_25' title="bbox 69 1166 841 1207">
     <span class='ocr_line' id='line_1_25' title="bbox 69 1166 841 1207; baseline 0.001 -13"><span class='ocrx_word' id='word_1_185' title='bbox 69 1166 113 1195; x_wconf 83' lang='lat' dir='ltr'><strong>nisi</strong></span> <span class='ocrx_word' id='word_1_186' title='bbox 135 1167 200 1197; x_wconf 78' lang='lat' dir='ltr'><strong>duos</strong></span> <span class='ocrx_word' id='word_1_187' title='bbox 213 1176 302 1203; x_wconf 74' lang='lat' dir='ltr'><strong>reges,</strong></span> <span class='ocrx_word' id='word_1_188' title='bbox 323 1176 437 1203; x_wconf 83' lang='lat' dir='ltr'><strong>quorum</strong></span> <span class='ocrx_word' id='word_1_189' title='bbox 456 1173 556 1196; x_wconf 86' lang='lat' dir='ltr'><strong>terram</strong></span> <span class='ocrx_word' id='word_1_190' title='bbox 578 1168 710 1196; x_wconf 88' lang='lat' dir='ltr'><strong>divideret</strong></span> <span class='ocrx_word' id='word_1_191' title='bbox 725 1168 841 1207; x_wconf 79' lang='lat' dir='ltr'><strong>populis,</strong></span> 
     </span>
    </p>
   </div>
   <div class='ocr_carea' id='block_1_26' title="bbox 69 1212 842 1248">
    <p class='ocr_par' dir='ltr' id='par_1_26' title="bbox 69 1212 842 1248">
     <span class='ocr_line' id='line_1_26' title="bbox 69 1212 842 1248; baseline 0.003 -9"><span class='ocrx_word' id='word_1_192' title='bbox 69 1212 142 1240; x_wconf 84' lang='lat' dir='ltr'><strong>multa</strong></span> <span class='ocrx_word' id='word_1_193' title='bbox 157 1214 284 1243; x_wconf 82' lang='lat' dir='ltr'><strong>animalia</strong></span> <span class='ocrx_word' id='word_1_194' title='bbox 312 1214 449 1248; x_wconf 87' lang='lat' dir='ltr'><strong>multaque</strong></span> <span class='ocrx_word' id='word_1_195' title='bbox 472 1221 569 1248; x_wconf 89' lang='lat' dir='ltr'><strong>pecora</strong></span> <span class='ocrx_word' id='word_1_196' title='bbox 590 1214 764 1242; x_wconf 87' lang='lat' dir='ltr'><strong>habentibus.</strong></span> <span class='ocrx_word' id='word_1_197' title='bbox 787 1213 842 1241; x_wconf 88' lang='lat' dir='ltr'><strong>illis</strong></span> 
     </span>
    </p>
   </div>
   <div class='ocr_carea' id='block_1_27' title="bbox 69 1258 841 1293">
    <p class='ocr_par' dir='ltr' id='par_1_27' title="bbox 69 1258 841 1293">
     <span class='ocr_line' id='line_1_27' title="bbox 69 1258 841 1293; baseline 0.001 -6"><span class='ocrx_word' id='word_1_198' title='bbox 69 1265 124 1287; x_wconf 79' lang='lat' dir='ltr'><strong>vero</strong></span> <span class='ocrx_word' id='word_1_199' title='bbox 135 1259 177 1293; x_wconf 72' lang='lat' dir='ltr'><strong>qui</strong></span> <span class='ocrx_word' id='word_1_200' title='bbox 193 1258 338 1291; x_wconf 65' lang='lat' dir='ltr'><strong>Iordanem</strong></span> <span class='ocrx_word' id='word_1_201' title='bbox 357 1263 508 1293; x_wconf 87' lang='lat' dir='ltr'><strong>transeunt,</strong></span> <span class='ocrx_word' id='word_1_202' title='bbox 522 1259 601 1287; x_wconf 75' lang='lat' dir='ltr'><strong>Iesus</strong></span> <span class='ocrx_word' id='word_1_203' title='bbox 616 1259 714 1286; x_wconf 83' lang='lat' dir='ltr'><strong>dividit</strong></span> <span class='ocrx_word' id='word_1_204' title='bbox 730 1264 841 1293; x_wconf 89' lang='lat' dir='ltr'><strong>terram,</strong></span> 
     </span>
    </p>
   </div>
   <div class='ocr_carea' id='block_1_28' title="bbox 69 1304 843 1342">
    <p class='ocr_par' dir='ltr' id='par_1_28' title="bbox 69 1304 843 1342">
     <span class='ocr_line' id='line_1_28' title="bbox 69 1304 843 1342; baseline 0.004 -12"><span class='ocrx_word' id='word_1_205' title='bbox 69 1304 180 1337; x_wconf 78' lang='lat' dir='ltr'><strong>quamvis</strong></span> <span class='ocrx_word' id='word_1_206' title='bbox 192 1305 309 1338; x_wconf 79' lang='lat' dir='ltr'><strong>habeant</strong></span> <span class='ocrx_word' id='word_1_207' title='bbox 321 1306 402 1337; x_wconf 87' lang='lat' dir='ltr'><strong>etiam</strong></span> <span class='ocrx_word' id='word_1_208' title='bbox 414 1305 464 1340; x_wconf 87' lang='lat' dir='ltr'><strong>ipsi</strong></span> <span class='ocrx_word' id='word_1_209' title='bbox 479 1305 616 1342; x_wconf 76' lang='lat' dir='ltr'><strong>animalia,</strong></span> <span class='ocrx_word' id='word_1_210' title='bbox 631 1305 748 1333; x_wconf 86' lang='lat' dir='ltr'><strong>habeant</strong></span> <span class='ocrx_word' id='word_1_211' title='bbox 763 1313 843 1340; x_wconf 80' lang='lat' dir='ltr'><strong>pecu--</strong></span> 
     </span>
    </p>
   </div>
   <div class='ocr_carea' id='block_1_29' title="bbox 71 1350 840 1385">
    <p class='ocr_par' dir='ltr' id='par_1_29' title="bbox 71 1350 840 1385">
     <span class='ocr_line' id='line_1_29' title="bbox 71 1350 840 1385; baseline 0.007 -11"><span class='ocrx_word' id='word_1_212' title='bbox 71 1356 105 1381; x_wconf 87' lang='lat' dir='ltr'><strong>ra,</strong></span> <span class='ocrx_word' id='word_1_213' title='bbox 118 1356 166 1379; x_wconf 84' lang='lat' dir='ltr'><strong>non</strong></span> <span class='ocrx_word' id='word_1_214' title='bbox 177 1354 266 1379; x_wconf 87' lang='lat' dir='ltr'><strong>lamen</strong></span> <span class='ocrx_word' id='word_1_215' title='bbox 287 1354 372 1384; x_wconf 75' lang='lat' dir='ltr'><strong>tanta,</strong></span> <span class='ocrx_word' id='word_1_216' title='bbox 385 1358 446 1385; x_wconf 67' lang='lat' dir='ltr'><strong>qum</strong></span> <span class='ocrx_word' id='word_1_217' title='bbox 463 1358 511 1378; x_wconf 88' lang='lat' dir='ltr'><strong>eos</strong></span> <span class='ocrx_word' id='word_1_218' title='bbox 524 1350 679 1383; x_wconf 82' lang='lat' dir='ltr'><strong>excludant,</strong></span> <span class='ocrx_word' id='word_1_219' title='bbox 696 1358 730 1378; x_wconf 89' lang='lat' dir='ltr'><strong>ne</strong></span> <span class='ocrx_word' id='word_1_220' title='bbox 743 1350 840 1382; x_wconf 82' lang='lat' dir='ltr'><strong>Jorda-</strong></span> 
     </span>
    </p>
   </div>
   <div class='ocr_carea' id='block_1_30' title="bbox 70 1396 840 1431">
    <p class='ocr_par' dir='ltr' id='par_1_30' title="bbox 70 1396 840 1431">
     <span class='ocr_line' id='line_1_30' title="bbox 70 1396 840 1431; baseline 0.006 -11"><span class='ocrx_word' id='word_1_221' title='bbox 70 1400 122 1423; x_wconf 84' lang='lat' dir='ltr'><strong>nem</strong></span> <span class='ocrx_word' id='word_1_222' title='bbox 134 1399 280 1430; x_wconf 82' lang='lat' dir='ltr'><strong>transeant,</strong></span> <span class='ocrx_word' id='word_1_223' title='bbox 294 1396 342 1431; x_wconf 69' lang='lat' dir='ltr'><strong>sed</strong></span> <span class='ocrx_word' id='word_1_224' title='bbox 359 1403 421 1423; x_wconf 93' lang='lat' dir='ltr'><strong>cum</strong></span> <span class='ocrx_word' id='word_1_225' title='bbox 439 1396 503 1430; x_wconf 85' lang='lat' dir='ltr'><strong>ipsis</strong></span> <span class='ocrx_word' id='word_1_226' title='bbox 514 1400 541 1424; x_wconf 90' lang='lat' dir='ltr'><strong>et</strong></span> <span class='ocrx_word' id='word_1_227' title='bbox 553 1396 721 1431; x_wconf 85' lang='lat' dir='ltr'><strong>mulieribus,</strong></span> <span class='ocrx_word' id='word_1_228' title='bbox 736 1402 764 1425; x_wconf 89' lang='lat' dir='ltr'><strong>et</strong></span> <span class='ocrx_word' id='word_1_229' title='bbox 780 1405 840 1425; x_wconf 95' lang='lat' dir='ltr'><strong>cum</strong></span> 
     </span>
    </p>
   </div>
   <div class='ocr_carea' id='block_1_31' title="bbox 70 1437 841 1477">
    <p class='ocr_par' dir='ltr' id='par_1_31' title="bbox 70 1437 841 1477">
     <span class='ocr_line' id='line_1_31' title="bbox 70 1437 841 1477; baseline 0.005 -11"><span class='ocrx_word' id='word_1_230' title='bbox 70 1437 204 1467; x_wconf 66' lang='lat' dir='ltr'><strong>balantibus</strong></span> <span class='ocrx_word' id='word_1_231' title='bbox 218 1441 276 1468; x_wconf 88' lang='lat' dir='ltr'><strong>suis</strong></span> <span class='ocrx_word' id='word_1_232' title='bbox 287 1441 452 1476; x_wconf 78' lang='lat' dir='ltr'><strong>contendunt</strong></span> <span class='ocrx_word' id='word_1_233' title='bbox 467 1441 582 1477; x_wconf 77' lang='lat' dir='ltr'><strong>transire</strong></span> <span class='ocrx_word' id='word_1_234' title='bbox 592 1441 748 1475; x_wconf 77' lang='lat' dir='ltr'><strong>Jordanem,</strong></span> <span class='ocrx_word' id='word_1_235' title='bbox 765 1447 792 1470; x_wconf 88' lang='lat' dir='ltr'><strong>et</strong></span> <span class='ocrx_word' id='word_1_236' title='bbox 807 1442 841 1477; x_wconf 81' lang='lat' dir='ltr'><strong>ad</strong></span> 
     </span>
    </p>
   </div>
   <div class='ocr_carea' id='block_1_32' title="bbox 71 1487 842 1524">
    <p class='ocr_par' dir='ltr' id='par_1_32' title="bbox 71 1487 842 1524">
     <span class='ocr_line' id='line_1_32' title="bbox 71 1487 842 1524; baseline 0.005 -13"><span class='ocrx_word' id='word_1_237' title='bbox 71 1489 166 1518; x_wconf 75' lang='lat' dir='ltr'><strong>patrum</strong></span> <span class='ocrx_word' id='word_1_238' title='bbox 185 1487 328 1520; x_wconf 77' lang='lat' dir='ltr'><strong>pervenire</strong></span> <span class='ocrx_word' id='word_1_239' title='bbox 353 1487 496 1522; x_wconf 84' lang='lat' dir='ltr'><strong>promissa.</strong></span> <span class='ocrx_word' id='word_1_240' title='bbox 512 1487 552 1514; x_wconf 83' lang='lat' dir='ltr'><strong>illi</strong></span> <span class='ocrx_word' id='word_1_241' title='bbox 567 1493 655 1520; x_wconf 83' lang='lat' dir='ltr'><strong>autem</strong></span> <span class='ocrx_word' id='word_1_242' title='bbox 670 1493 781 1523; x_wconf 84' lang='lat' dir='ltr'><strong>propter</strong></span> <span class='ocrx_word' id='word_1_243' title='bbox 798 1496 842 1524; x_wconf 88' lang='lat' dir='ltr'><strong>pe-</strong></span> 
     </span>
    </p>
   </div>
   <div class='ocr_carea' id='block_1_33' title="bbox 902 252 1685 292">
    <p class='ocr_par' dir='ltr' id='par_1_33' title="bbox 902 252 1685 292">
     <span class='ocr_line' id='line_1_33' title="bbox 902 252 1685 292; baseline 0.008 -14"><span class='ocrx_word' id='word_1_244' title='bbox 902 252 1112 287; x_wconf 79' lang='lat' dir='ltr'><strong>firmamentum,</strong></span> <span class='ocrx_word' id='word_1_245' title='bbox 1126 259 1186 287; x_wconf 88' lang='lat' dir='ltr'><strong>post</strong></span> <span class='ocrx_word' id='word_1_246' title='bbox 1194 255 1275 282; x_wconf 86' lang='lat' dir='ltr'><strong>etiam</strong></span> <span class='ocrx_word' id='word_1_247' title='bbox 1287 255 1350 282; x_wconf 75' lang='lat' dir='ltr'><strong>cteli</strong></span> <span class='ocrx_word' id='word_1_248' title='bbox 1360 257 1491 284; x_wconf 88' lang='lat' dir='ltr'><strong>vocabulo</strong></span> <span class='ocrx_word' id='word_1_249' title='bbox 1501 262 1685 292; x_wconf 83' lang='lat' dir='ltr'><strong>nuncupatum</strong></span> 
     </span>
    </p>
   </div>
   <div class='ocr_carea' id='block_1_34' title="bbox 900 296 1685 332">
    <p class='ocr_par' dir='ltr' id='par_1_34' title="bbox 900 296 1685 332">
     <span class='ocr_line' id='line_1_34' title="bbox 900 296 1685 332; baseline 0.004 -9"><span class='ocrx_word' id='word_1_250' title='bbox 900 302 949 324; x_wconf 85' lang='lat' dir='ltr'><strong>est.</strong></span> <span class='ocrx_word' id='word_1_251' title='bbox 965 296 992 323; x_wconf 92' lang='lat' dir='ltr'><strong>In</strong></span> <span class='ocrx_word' id='word_1_252' title='bbox 1012 297 1143 332; x_wconf 89' lang='lat' dir='ltr'><strong>principio</strong></span> <span class='ocrx_word' id='word_1_253' title='bbox 1164 302 1252 325; x_wconf 85' lang='lat' dir='ltr'><strong>tamen</strong></span> <span class='ocrx_word' id='word_1_254' title='bbox 1277 304 1410 327; x_wconf 72' lang='lat' dir='ltr'><strong>creatum</strong></span> <span class='ocrx_word' id='word_1_255' title='bbox 1426 300 1523 327; x_wconf 69' lang='lat' dir='ltr'><strong>cmlum</strong></span> <span class='ocrx_word' id='word_1_256' title='bbox 1543 305 1570 328; x_wconf 89' lang='lat' dir='ltr'><strong>et</strong></span> <span class='ocrx_word' id='word_1_257' title='bbox 1585 305 1685 328; x_wconf 86' lang='lat' dir='ltr'><strong>terram</strong></span> 
     </span>
    </p>
   </div>
   <div class='ocr_carea' id='block_1_35' title="bbox 900 336 1687 380">
    <p class='ocr_par' dir='ltr' id='par_1_35' title="bbox 900 336 1687 380">
     <span class='ocr_line' id='line_1_35' title="bbox 900 336 1687 380; baseline 0.006 -12"><span class='ocrx_word' id='word_1_258' title='bbox 900 342 996 369; x_wconf 81' lang='lat' dir='ltr'><strong>fecisse</strong></span> <span class='ocrx_word' id='word_1_259' title='bbox 1011 336 1109 369; x_wconf 80' lang='lat' dir='ltr'><strong>dicitur</strong></span> <span class='ocrx_word' id='word_1_260' title='bbox 1123 343 1204 375; x_wconf 81' lang='lat' dir='ltr'><strong>Deus,</strong></span> <span class='ocrx_word' id='word_1_261' title='bbox 1218 347 1243 370; x_wconf 91' lang='lat' dir='ltr'><strong>ct</strong></span> <span class='ocrx_word' id='word_1_262' title='bbox 1259 349 1350 377; x_wconf 91' lang='lat' dir='ltr'><strong>postea</strong></span> <span class='ocrx_word' id='word_1_263' title='bbox 1370 345 1520 379; x_wconf 87' lang='lat' dir='ltr'><strong>aridam,et</strong></span> <span class='ocrx_word' id='word_1_264' title='bbox 1529 350 1622 380; x_wconf 88' lang='lat' dir='ltr'><strong>postea</strong></span> <span class='ocrx_word' id='word_1_265' title='bbox 1639 346 1687 372; x_wconf 83' lang='lat' dir='ltr'><strong>flr-</strong></span> 
     </span>
    </p>
   </div>
   <div class='ocr_carea' id='block_1_36' title="bbox 899 388 1686 425">
    <p class='ocr_par' dir='ltr' id='par_1_36' title="bbox 899 388 1686 425">
     <span class='ocr_line' id='line_1_36' title="bbox 899 388 1686 425; baseline 0.006 -11"><span class='ocrx_word' id='word_1_266' title='bbox 899 393 1078 415; x_wconf 86' lang='lat' dir='ltr'><strong>mamentum.</strong></span> <span class='ocrx_word' id='word_1_267' title='bbox 1095 388 1140 415; x_wconf 92' lang='lat' dir='ltr'><strong>Vis</strong></span> <span class='ocrx_word' id='word_1_268' title='bbox 1156 394 1244 415; x_wconf 91' lang='lat' dir='ltr'><strong>autem</strong></span> <span class='ocrx_word' id='word_1_269' title='bbox 1260 390 1330 417; x_wconf 88' lang='lat' dir='ltr'><strong>scire</strong></span> <span class='ocrx_word' id='word_1_270' title='bbox 1352 390 1415 425; x_wconf 83' lang='lat' dir='ltr'><strong>quia</strong></span> <span class='ocrx_word' id='word_1_271' title='bbox 1433 391 1504 419; x_wconf 90' lang='lat' dir='ltr'><strong>aliud</strong></span> <span class='ocrx_word' id='word_1_272' title='bbox 1518 392 1554 418; x_wconf 85' lang='lat' dir='ltr'><strong>sit</strong></span> <span class='ocrx_word' id='word_1_273' title='bbox 1567 392 1594 418; x_wconf 93' lang='lat' dir='ltr'><strong>in</strong></span> <span class='ocrx_word' id='word_1_274' title='bbox 1610 392 1686 419; x_wconf 82' lang='lat' dir='ltr'><strong>Scri-</strong></span> 
     </span>
    </p>
   </div>
   <div class='ocr_carea' id='block_1_37' title="bbox 899 433 1684 472">
    <p class='ocr_par' dir='ltr' id='par_1_37' title="bbox 899 433 1684 472">
     <span class='ocr_line' id='line_1_37' title="bbox 899 433 1684 472; baseline 0.008 -14"><span class='ocrx_word' id='word_1_275' title='bbox 899 433 986 466; x_wconf 91' lang='lat' dir='ltr'><strong>pturis</strong></span> <span class='ocrx_word' id='word_1_276' title='bbox 1001 433 1089 466; x_wconf 81' lang='lat' dir='ltr'><strong>arida,</strong></span> <span class='ocrx_word' id='word_1_277' title='bbox 1102 433 1172 460; x_wconf 86' lang='lat' dir='ltr'><strong>aliud</strong></span> <span class='ocrx_word' id='word_1_278' title='bbox 1186 434 1278 461; x_wconf 81' lang='lat' dir='ltr'><strong>terra?</strong></span> <span class='ocrx_word' id='word_1_279' title='bbox 1294 435 1355 462; x_wconf 89' lang='lat' dir='ltr'><strong>audi</strong></span> <span class='ocrx_word' id='word_1_280' title='bbox 1376 437 1502 471; x_wconf 71' lang='lat' dir='ltr'><strong>Aggteum</strong></span> <span class='ocrx_word' id='word_1_281' title='bbox 1521 437 1684 472; x_wconf 84' lang='lat' dir='ltr'><strong>prophetam</strong></span> 
     </span>
    </p>
   </div>
   <div class='ocr_carea' id='block_1_38' title="bbox 900 473 1684 515">
    <p class='ocr_par' dir='ltr' id='par_1_38' title="bbox 900 473 1684 515">
     <span class='ocr_line' id='line_1_38' title="bbox 900 473 1684 515; baseline 0.006 -11"><span class='ocrx_word' id='word_1_282' title='bbox 900 473 1034 505; x_wconf 82' lang='lat' dir='ltr'><strong>dicentem</strong></span> <span class='ocrx_word' id='word_1_283' title='bbox 1046 479 1068 494; x_wconf 80' lang='lat'><strong>&quot;</strong></span> <span class='ocrx_word' id='word_1_284' title='bbox 1085 487 1091 504; x_wconf 92' lang='lat'>:</span> <span class='ocrx_word' id='word_1_285' title='bbox 1109 488 1118 503; x_wconf 73' lang='grc' dir='ltr'><strong>ε</strong></span> <span class='ocrx_word' id='word_1_286' title='bbox 1131 479 1226 506; x_wconf 76' lang='lat' dir='ltr'><strong>Adhuc</strong></span> <span class='ocrx_word' id='word_1_287' title='bbox 1239 480 1363 511; x_wconf 89' lang='lat' dir='ltr'><strong>semel,et</strong></span> <span class='ocrx_word' id='word_1_288' title='bbox 1377 488 1428 515; x_wconf 78' lang='lat' dir='ltr'><strong>ego</strong></span> <span class='ocrx_word' id='word_1_289' title='bbox 1445 482 1558 510; x_wconf 84' lang='lat' dir='ltr'><strong>movebo</strong></span> <span class='ocrx_word' id='word_1_290' title='bbox 1583 484 1684 512; x_wconf 75' lang='lat' dir='ltr'><strong>cmlum</strong></span> 
     </span>
    </p>
   </div>
   <div class='ocr_carea' id='block_1_39' title="bbox 899 526 1685 564">
    <p class='ocr_par' dir='ltr' id='par_1_39' title="bbox 899 526 1685 564">
     <span class='ocr_line' id='line_1_39' title="bbox 899 526 1685 564; baseline 0.01 -15"><span class='ocrx_word' id='word_1_291' title='bbox 899 527 926 550; x_wconf 90' lang='lat' dir='ltr'><strong>et</strong></span> <span class='ocrx_word' id='word_1_292' title='bbox 946 528 1059 556; x_wconf 90' lang='lat' dir='ltr'><strong>terram,</strong></span> <span class='ocrx_word' id='word_1_293' title='bbox 1085 528 1113 551; x_wconf 91' lang='lat' dir='ltr'><strong>et</strong></span> <span class='ocrx_word' id='word_1_294' title='bbox 1139 531 1223 557; x_wconf 84' lang='lat' dir='ltr'><strong>mare,</strong></span> <span class='ocrx_word' id='word_1_295' title='bbox 1252 530 1279 552; x_wconf 89' lang='lat' dir='ltr'><strong>et</strong></span> <span class='ocrx_word' id='word_1_296' title='bbox 1296 526 1432 554; x_wconf 68' lang='lat' dir='ltr'><strong>aridam.»</strong></span> <span class='ocrx_word' id='word_1_297' title='bbox 1448 527 1530 556; x_wconf 85' lang='lat' dir='ltr'><strong>Vides</strong></span> <span class='ocrx_word' id='word_1_298' title='bbox 1546 530 1685 564; x_wconf 89' lang='lat' dir='ltr'><strong>quomodo</strong></span> 
     </span>
    </p>
   </div>
   <div class='ocr_carea' id='block_1_40' title="bbox 898 569 1684 604">
    <p class='ocr_par' dir='ltr' id='par_1_40' title="bbox 898 569 1684 604">
     <span class='ocr_line' id='line_1_40' title="bbox 898 569 1684 604; baseline 0.008 -9"><span class='ocrx_word' id='word_1_299' title='bbox 898 569 1030 603; x_wconf 86' lang='lat' dir='ltr'><strong>propheta</strong></span> <span class='ocrx_word' id='word_1_300' title='bbox 1053 569 1124 596; x_wconf 87' lang='lat' dir='ltr'><strong>aliud</strong></span> <span class='ocrx_word' id='word_1_301' title='bbox 1143 569 1221 604; x_wconf 89' lang='lat' dir='ltr'><strong>ponit</strong></span> <span class='ocrx_word' id='word_1_302' title='bbox 1242 575 1342 598; x_wconf 89' lang='lat' dir='ltr'><strong>terram</strong></span> <span class='ocrx_word' id='word_1_303' title='bbox 1361 575 1389 598; x_wconf 88' lang='lat' dir='ltr'><strong>et</strong></span> <span class='ocrx_word' id='word_1_304' title='bbox 1405 571 1479 599; x_wconf 87' lang='lat' dir='ltr'><strong>aliud</strong></span> <span class='ocrx_word' id='word_1_305' title='bbox 1497 573 1611 601; x_wconf 82' lang='lat' dir='ltr'><strong>aridam.</strong></span> <span class='ocrx_word' id='word_1_306' title='bbox 1630 574 1684 601; x_wconf 88' lang='lat' dir='ltr'><strong>Sed</strong></span> 
     </span>
    </p>
   </div>
   <div class='ocr_carea' id='block_1_41' title="bbox 897 613 1683 654">
    <p class='ocr_par' dir='ltr' id='par_1_41' title="bbox 897 613 1683 654">
     <span class='ocr_line' id='line_1_41' title="bbox 897 613 1683 654; baseline 0.008 -14"><span class='ocrx_word' id='word_1_307' title='bbox 897 617 924 641; x_wconf 90' lang='lat' dir='ltr'><strong>et</strong></span> <span class='ocrx_word' id='word_1_308' title='bbox 942 614 968 640; x_wconf 93' lang='lat' dir='ltr'><strong>in</strong></span> <span class='ocrx_word' id='word_1_309' title='bbox 988 613 1080 642; x_wconf 90' lang='lat' dir='ltr'><strong>multis</strong></span> <span class='ocrx_word' id='word_1_310' title='bbox 1095 614 1243 649; x_wconf 74' lang='lat' dir='ltr'><strong>Scriptura:</strong></span> <span class='ocrx_word' id='word_1_311' title='bbox 1259 615 1325 643; x_wconf 89' lang='lat' dir='ltr'><strong>locis</strong></span> <span class='ocrx_word' id='word_1_312' title='bbox 1339 615 1492 654; x_wconf 83' lang='lat' dir='ltr'><strong>invenimus</strong></span> <span class='ocrx_word' id='word_1_313' title='bbox 1507 622 1606 645; x_wconf 92' lang='lat' dir='ltr'><strong>terram</strong></span> <span class='ocrx_word' id='word_1_314' title='bbox 1623 618 1683 646; x_wconf 82' lang='lat' dir='ltr'><strong>luu-</strong></span> 
     </span>
    </p>
   </div>
   <div class='ocr_carea' id='block_1_42' title="bbox 898 657 1685 698">
    <p class='ocr_par' dir='ltr' id='par_1_42' title="bbox 898 657 1685 698">
     <span class='ocr_line' id='line_1_42' title="bbox 898 657 1685 698; baseline 0.008 -13"><span class='ocrx_word' id='word_1_315' title='bbox 898 657 1014 691; x_wconf 82' lang='lat' dir='ltr'><strong>dabilem</strong></span> <span class='ocrx_word' id='word_1_316' title='bbox 1030 659 1184 692; x_wconf 87' lang='lat' dir='ltr'><strong>nominari;</strong></span> <span class='ocrx_word' id='word_1_317' title='bbox 1201 660 1306 687; x_wconf 88' lang='lat' dir='ltr'><strong>aridam</strong></span> <span class='ocrx_word' id='word_1_318' title='bbox 1324 668 1389 688; x_wconf 87' lang='lat' dir='ltr'><strong>vero</strong></span> <span class='ocrx_word' id='word_1_319' title='bbox 1404 669 1456 688; x_wconf 92' lang='lat' dir='ltr'><strong>non</strong></span> <span class='ocrx_word' id='word_1_320' title='bbox 1470 661 1554 690; x_wconf 89' lang='lat' dir='ltr'><strong>facile</strong></span> <span class='ocrx_word' id='word_1_321' title='bbox 1571 663 1685 698; x_wconf 74' lang='lat' dir='ltr'><strong>legimus</strong></span> 
     </span>
    </p>
   </div>
   <div class='ocr_carea' id='block_1_43' title="bbox 897 703 1683 739">
    <p class='ocr_par' dir='ltr' id='par_1_43' title="bbox 897 703 1683 739">
     <span class='ocr_line' id='line_1_43' title="bbox 897 703 1683 739; baseline 0.009 -9"><span class='ocrx_word' id='word_1_322' title='bbox 897 703 1061 731; x_wconf 88' lang='lat' dir='ltr'><strong>laudabilem</strong></span> <span class='ocrx_word' id='word_1_323' title='bbox 1087 705 1161 739; x_wconf 90' lang='lat' dir='ltr'><strong>poni.</strong></span> <span class='ocrx_word' id='word_1_324' title='bbox 1183 705 1250 733; x_wconf 86' lang='lat' dir='ltr'><strong>Nam</strong></span> <span class='ocrx_word' id='word_1_325' title='bbox 1279 711 1305 733; x_wconf 87' lang='lat' dir='ltr'><strong>et</strong></span> <span class='ocrx_word' id='word_1_326' title='bbox 1329 707 1414 734; x_wconf 85' lang='lat' dir='ltr'><strong>Adam</strong></span> <span class='ocrx_word' id='word_1_327' title='bbox 1442 709 1468 735; x_wconf 92' lang='lat' dir='ltr'><strong>in</strong></span> <span class='ocrx_word' id='word_1_328' title='bbox 1493 709 1566 736; x_wconf 92' lang='lat' dir='ltr'><strong>hunc</strong></span> <span class='ocrx_word' id='word_1_329' title='bbox 1595 709 1683 737; x_wconf 87' lang='lat' dir='ltr'><strong>locum</strong></span> 
     </span>
    </p>
   </div>
   <div class='ocr_carea' id='block_1_44' title="bbox 896 749 1682 788">
    <p class='ocr_par' dir='ltr' id='par_1_44' title="bbox 896 749 1682 788">
     <span class='ocr_line' id='line_1_44' title="bbox 896 749 1682 788; baseline 0.009 -14"><span class='ocrx_word' id='word_1_330' title='bbox 896 749 973 783; x_wconf 88' lang='lat' dir='ltr'><strong>quasi</strong></span> <span class='ocrx_word' id='word_1_331' title='bbox 989 749 1132 786; x_wconf 83' lang='lat' dir='ltr'><strong>eulpabilis</strong></span> <span class='ocrx_word' id='word_1_332' title='bbox 1152 755 1212 784; x_wconf 89' lang='lat' dir='ltr'><strong>post</strong></span> <span class='ocrx_word' id='word_1_333' title='bbox 1227 757 1369 786; x_wconf 82' lang='lat' dir='ltr'><strong>peccatum</strong></span> <span class='ocrx_word' id='word_1_334' title='bbox 1387 753 1552 786; x_wconf 82' lang='lat' dir='ltr'><strong>detruditur,</strong></span> <span class='ocrx_word' id='word_1_335' title='bbox 1568 755 1614 788; x_wconf 89' lang='lat' dir='ltr'><strong>qui</strong></span> <span class='ocrx_word' id='word_1_336' title='bbox 1627 755 1682 781; x_wconf 61' lang='lat' dir='ltr'><strong>ario</strong></span> 
     </span>
    </p>
   </div>
   <div class='ocr_carea' id='block_1_45' title="bbox 897 795 1682 833">
    <p class='ocr_par' dir='ltr' id='par_1_45' title="bbox 897 795 1682 833">
     <span class='ocr_line' id='line_1_45' title="bbox 897 795 1682 833; baseline 0.008 -12"><span class='ocrx_word' id='word_1_337' title='bbox 897 795 929 821; x_wconf 84' lang='lat' dir='ltr'><strong>da</strong></span> <span class='ocrx_word' id='word_1_338' title='bbox 957 795 1112 823; x_wconf 84' lang='lat' dir='ltr'><strong>nominatus</strong></span> <span class='ocrx_word' id='word_1_339' title='bbox 1139 801 1190 823; x_wconf 90' lang='lat' dir='ltr'><strong>est.</strong></span> <span class='ocrx_word' id='word_1_340' title='bbox 1210 797 1297 824; x_wconf 80' lang='lat' dir='ltr'><strong>Antea</strong></span> <span class='ocrx_word' id='word_1_341' title='bbox 1320 798 1391 824; x_wconf 88' lang='lat' dir='ltr'><strong>enim</strong></span> <span class='ocrx_word' id='word_1_342' title='bbox 1410 806 1463 826; x_wconf 93' lang='lat' dir='ltr'><strong>non</strong></span> <span class='ocrx_word' id='word_1_343' title='bbox 1486 799 1536 826; x_wconf 80' lang='lat' dir='ltr'><strong>fuit</strong></span> <span class='ocrx_word' id='word_1_344' title='bbox 1550 800 1576 827; x_wconf 95' lang='lat' dir='ltr'><strong>in</strong></span> <span class='ocrx_word' id='word_1_345' title='bbox 1593 800 1682 833; x_wconf 81' lang='lat' dir='ltr'><strong>arida,</strong></span> 
     </span>
    </p>
   </div>
   <div class='ocr_carea' id='block_1_46' title="bbox 897 839 1682 878">
    <p class='ocr_par' dir='ltr' id='par_1_46' title="bbox 897 839 1682 878">
     <span class='ocr_line' id='line_1_46' title="bbox 897 839 1682 878; baseline 0.008 -12"><span class='ocrx_word' id='word_1_346' title='bbox 897 839 943 870; x_wconf 89' lang='lat' dir='ltr'><strong>sed</strong></span> <span class='ocrx_word' id='word_1_347' title='bbox 966 840 991 867; x_wconf 95' lang='lat' dir='ltr'><strong>in</strong></span> <span class='ocrx_word' id='word_1_348' title='bbox 1010 845 1090 868; x_wconf 88' lang='lat' dir='ltr'><strong>terra.</strong></span> <span class='ocrx_word' id='word_1_349' title='bbox 1111 841 1255 870; x_wconf 85' lang='lat' dir='ltr'><strong>Paradisus</strong></span> <span class='ocrx_word' id='word_1_350' title='bbox 1278 850 1395 877; x_wconf 87' lang='lat' dir='ltr'><strong>namque</strong></span> <span class='ocrx_word' id='word_1_351' title='bbox 1413 852 1465 871; x_wconf 90' lang='lat' dir='ltr'><strong>non</strong></span> <span class='ocrx_word' id='word_1_352' title='bbox 1489 849 1531 872; x_wconf 91' lang='lat' dir='ltr'><strong>est</strong></span> <span class='ocrx_word' id='word_1_353' title='bbox 1550 844 1576 872; x_wconf 88' lang='lat' dir='ltr'><strong>in</strong></span> <span class='ocrx_word' id='word_1_354' title='bbox 1595 845 1682 878; x_wconf 84' lang='lat' dir='ltr'><strong>arida,</strong></span> 
     </span>
    </p>
   </div>
   <div class='ocr_carea' id='block_1_47' title="bbox 895 885 1682 924">
    <p class='ocr_par' dir='ltr' id='par_1_47' title="bbox 895 885 1682 924">
     <span class='ocr_line' id='line_1_47' title="bbox 895 885 1682 924; baseline 0.008 -12"><span class='ocrx_word' id='word_1_355' title='bbox 895 885 940 912; x_wconf 90' lang='lat' dir='ltr'><strong>sed</strong></span> <span class='ocrx_word' id='word_1_356' title='bbox 954 886 979 912; x_wconf 92' lang='lat' dir='ltr'><strong>in</strong></span> <span class='ocrx_word' id='word_1_357' title='bbox 993 891 1075 914; x_wconf 90' lang='lat' dir='ltr'><strong>terra.</strong></span> <span class='ocrx_word' id='word_1_358' title='bbox 1091 885 1143 914; x_wconf 90' lang='lat' dir='ltr'><strong>Sed</strong></span> <span class='ocrx_word' id='word_1_359' title='bbox 1158 891 1185 914; x_wconf 94' lang='lat' dir='ltr'><strong>et</strong></span> <span class='ocrx_word' id='word_1_360' title='bbox 1197 888 1346 915; x_wconf 82' lang='lat' dir='ltr'><strong>mansuetis</strong></span> <span class='ocrx_word' id='word_1_361' title='bbox 1363 891 1433 923; x_wconf 92' lang='lat' dir='ltr'><strong>quod</strong></span> <span class='ocrx_word' id='word_1_362' title='bbox 1449 891 1615 924; x_wconf 89' lang='lat' dir='ltr'><strong>repromittit</strong></span> <span class='ocrx_word' id='word_1_363' title='bbox 1628 891 1682 919; x_wconf 86' lang='lat' dir='ltr'><strong>Do-</strong></span> 
     </span>
    </p>
   </div>
   <div class='ocr_carea' id='block_1_48' title="bbox 897 931 1680 970">
    <p class='ocr_par' dir='ltr' id='par_1_48' title="bbox 897 931 1680 970">
     <span class='ocr_line' id='line_1_48' title="bbox 897 931 1680 970; baseline 0.01 -13"><span class='ocrx_word' id='word_1_364' title='bbox 897 931 986 958; x_wconf 85' lang='lat' dir='ltr'><strong>minus</strong></span> <span class='ocrx_word' id='word_1_365' title='bbox 1015 932 1041 959; x_wconf 95' lang='lat' dir='ltr'><strong>in</strong></span> <span class='ocrx_word' id='word_1_366' title='bbox 1072 932 1227 967; x_wconf 67' lang='lat' dir='ltr'><strong>Evangelia,</strong></span> <span class='ocrx_word' id='word_1_367' title='bbox 1259 941 1312 961; x_wconf 94' lang='lat' dir='ltr'><strong>non</strong></span> <span class='ocrx_word' id='word_1_368' title='bbox 1345 939 1387 961; x_wconf 88' lang='lat' dir='ltr'><strong>est</strong></span> <span class='ocrx_word' id='word_1_369' title='bbox 1416 936 1504 970; x_wconf 89' lang='lat' dir='ltr'><strong>arida,</strong></span> <span class='ocrx_word' id='word_1_370' title='bbox 1523 936 1571 964; x_wconf 87' lang='lat' dir='ltr'><strong>sed</strong></span> <span class='ocrx_word' id='word_1_371' title='bbox 1597 941 1680 964; x_wconf 87' lang='lat' dir='ltr'><strong>terra.</strong></span> 
     </span>
    </p>
   </div>
   <div class='ocr_carea' id='block_1_49' title="bbox 899 977 1682 1017">
    <p class='ocr_par' dir='ltr' id='par_1_49' title="bbox 899 977 1682 1017">
     <span class='ocr_line' id='line_1_49' title="bbox 899 977 1682 1017; baseline 0.009 -14"><span class='ocrx_word' id='word_1_372' title='bbox 899 977 994 1004; x_wconf 73' lang='lat' dir='ltr'><strong>«Beati</strong></span> <span class='ocrx_word' id='word_1_373' title='bbox 1018 977 1102 1010; x_wconf 90' lang='lat' dir='ltr'><strong>enim,</strong></span> <span class='ocrx_word' id='word_1_374' title='bbox 1131 978 1264 1013; x_wconf 78' lang='lat' dir='ltr'><strong>inquit”,</strong></span> <span class='ocrx_word' id='word_1_375' title='bbox 1292 982 1447 1015; x_wconf 83' lang='lat' dir='ltr'><strong>mansueti,</strong></span> <span class='ocrx_word' id='word_1_376' title='bbox 1477 982 1606 1017; x_wconf 88' lang='lat' dir='ltr'><strong>quoniam</strong></span> <span class='ocrx_word' id='word_1_377' title='bbox 1630 983 1682 1017; x_wconf 86' lang='lat' dir='ltr'><strong>ipsi</strong></span> 
     </span>
    </p>
   </div>
   <div class='ocr_carea' id='block_1_50' title="bbox 895 1023 1679 1063">
    <p class='ocr_par' dir='ltr' id='par_1_50' title="bbox 895 1023 1679 1063">
     <span class='ocr_line' id='line_1_50' title="bbox 895 1023 1679 1063; baseline 0.006 -14"><span class='ocrx_word' id='word_1_378' title='bbox 895 1023 1092 1050; x_wconf 59' lang='lat' dir='ltr'><strong>haereditabunt</strong></span> <span class='ocrx_word' id='word_1_379' title='bbox 1114 1027 1225 1052; x_wconf 86' lang='lat' dir='ltr'><strong>terram.</strong></span> <span class='ocrx_word' id='word_1_380' title='bbox 1240 1033 1249 1050; x_wconf 72' lang='grc' dir='ltr'><strong><em>ι</em></strong></span> <span class='ocrx_word' id='word_1_381' title='bbox 1267 1024 1301 1052; x_wconf 87' lang='lat' dir='ltr'><strong>Et</strong></span> <span class='ocrx_word' id='word_1_382' title='bbox 1321 1025 1420 1052; x_wconf 89' lang='lat' dir='ltr'><strong>iterum</strong></span> <span class='ocrx_word' id='word_1_383' title='bbox 1437 1026 1463 1053; x_wconf 90' lang='lat' dir='ltr'><strong>in</strong></span> <span class='ocrx_word' id='word_1_384' title='bbox 1482 1026 1630 1063; x_wconf 77' lang='lat' dir='ltr'><strong>Evangelia</strong></span> <span class='ocrx_word' id='word_1_385' title='bbox 1643 1027 1679 1059; x_wconf 77' lang='grc' dir='ltr'><strong>⁷ο.</strong></span> 
     </span>
    </p>
   </div>
   <div class='ocr_carea' id='block_1_51' title="bbox 894 1069 1680 1108">
    <p class='ocr_par' dir='ltr' id='par_1_51' title="bbox 894 1069 1680 1108">
     <span class='ocr_line' id='line_1_51' title="bbox 894 1069 1680 1108; baseline 0.006 -13"><span class='ocrx_word' id='word_1_386' title='bbox 894 1076 986 1096; x_wconf 89' lang='lat' dir='ltr'><strong>semen</strong></span> <span class='ocrx_word' id='word_1_387' title='bbox 999 1070 1070 1104; x_wconf 91' lang='lat' dir='ltr'><strong>quod</strong></span> <span class='ocrx_word' id='word_1_388' title='bbox 1082 1070 1126 1096; x_wconf 85' lang='lat' dir='ltr'><strong>dat</strong></span> <span class='ocrx_word' id='word_1_389' title='bbox 1140 1069 1256 1096; x_wconf 80' lang='lat' dir='ltr'><strong>fructum</strong></span> <span class='ocrx_word' id='word_1_390' title='bbox 1275 1071 1456 1100; x_wconf 88' lang='lat' dir='ltr'><strong>centesimum</strong></span> <span class='ocrx_word' id='word_1_391' title='bbox 1479 1074 1680 1108; x_wconf 77' lang='lat' dir='ltr'><strong>sexagesimum</strong></span> 
     </span>
    </p>
   </div>
   <div class='ocr_carea' id='block_1_52' title="bbox 894 1115 1680 1150">
    <p class='ocr_par' dir='ltr' id='par_1_52' title="bbox 894 1115 1680 1150">
     <span class='ocr_line' id='line_1_52' title="bbox 894 1115 1680 1150; baseline 0.008 -9"><span class='ocrx_word' id='word_1_392' title='bbox 894 1119 922 1142; x_wconf 85' lang='lat' dir='ltr'><strong>et</strong></span> <span class='ocrx_word' id='word_1_393' title='bbox 941 1115 1119 1147; x_wconf 90' lang='lat' dir='ltr'><strong>tricesimum,</strong></span> <span class='ocrx_word' id='word_1_394' title='bbox 1142 1119 1216 1142; x_wconf 84' lang='lat' dir='ltr'><strong>terra</strong></span> <span class='ocrx_word' id='word_1_395' title='bbox 1240 1116 1344 1143; x_wconf 87' lang='lat' dir='ltr'><strong>dicitur</strong></span> <span class='ocrx_word' id='word_1_396' title='bbox 1362 1124 1432 1150; x_wconf 85' lang='lat' dir='ltr'><strong>esse,</strong></span> <span class='ocrx_word' id='word_1_397' title='bbox 1452 1125 1505 1146; x_wconf 91' lang='lat' dir='ltr'><strong>non</strong></span> <span class='ocrx_word' id='word_1_398' title='bbox 1533 1120 1620 1147; x_wconf 85' lang='lat' dir='ltr'><strong>arida.</strong></span> <span class='ocrx_word' id='word_1_399' title='bbox 1646 1120 1680 1147; x_wconf 83' lang='lat' dir='ltr'><strong>Et</strong></span> 
     </span>
    </p>
   </div>
   <div class='ocr_carea' id='block_1_53' title="bbox 894 1160 1677 1200">
    <p class='ocr_par' dir='ltr' id='par_1_53' title="bbox 894 1160 1677 1200">
     <span class='ocr_line' id='line_1_53' title="bbox 894 1160 1677 1200; baseline 0.009 -14"><span class='ocrx_word' id='word_1_400' title='bbox 894 1166 958 1195; x_wconf 82' lang='lat' dir='ltr'><strong>puto</strong></span> <span class='ocrx_word' id='word_1_401' title='bbox 972 1161 1035 1195; x_wconf 85' lang='lat' dir='ltr'><strong>quia</strong></span> <span class='ocrx_word' id='word_1_402' title='bbox 1056 1160 1192 1200; x_wconf 82' lang='lat' dir='ltr'><strong>profectus</strong></span> <span class='ocrx_word' id='word_1_403' title='bbox 1206 1162 1317 1195; x_wconf 91' lang='lat' dir='ltr'><strong>quidam</strong></span> <span class='ocrx_word' id='word_1_404' title='bbox 1331 1163 1365 1190; x_wconf 86' lang='lat' dir='ltr'><strong>sit</strong></span> <span class='ocrx_word' id='word_1_405' title='bbox 1377 1163 1410 1190; x_wconf 85' lang='lat' dir='ltr'><strong>al)</strong></span> <span class='ocrx_word' id='word_1_406' title='bbox 1433 1163 1508 1191; x_wconf 87' lang='lat' dir='ltr'><strong>arida</strong></span> <span class='ocrx_word' id='word_1_407' title='bbox 1528 1165 1561 1192; x_wconf 91' lang='lat' dir='ltr'><strong>ad</strong></span> <span class='ocrx_word' id='word_1_408' title='bbox 1578 1169 1677 1193; x_wconf 87' lang='lat' dir='ltr'><strong>terram</strong></span> 
     </span>
    </p>
   </div>
   <div class='ocr_carea' id='block_1_54' title="bbox 894 1206 1678 1242">
    <p class='ocr_par' dir='ltr' id='par_1_54' title="bbox 894 1206 1678 1242">
     <span class='ocr_line' id='line_1_54' title="bbox 894 1206 1678 1242; baseline 0.008 -10"><span class='ocrx_word' id='word_1_409' title='bbox 894 1206 1029 1238; x_wconf 87' lang='lat' dir='ltr'><strong>veniendi,</strong></span> <span class='ocrx_word' id='word_1_410' title='bbox 1052 1206 1122 1233; x_wconf 88' lang='lat' dir='ltr'><strong>sicut</strong></span> <span class='ocrx_word' id='word_1_411' title='bbox 1139 1210 1167 1233; x_wconf 89' lang='lat' dir='ltr'><strong>et</strong></span> <span class='ocrx_word' id='word_1_412' title='bbox 1188 1206 1326 1240; x_wconf 85' lang='lat' dir='ltr'><strong>profectus</strong></span> <span class='ocrx_word' id='word_1_413' title='bbox 1352 1209 1460 1242; x_wconf 78' lang='lat' dir='ltr'><strong>quidam</strong></span> <span class='ocrx_word' id='word_1_414' title='bbox 1489 1209 1550 1242; x_wconf 88' lang='lat' dir='ltr'><strong>fuit,</strong></span> <span class='ocrx_word' id='word_1_415' title='bbox 1566 1215 1595 1238; x_wconf 92' lang='lat' dir='ltr'><strong>ut</strong></span> <span class='ocrx_word' id='word_1_416' title='bbox 1619 1211 1678 1238; x_wconf 62' lang='lat' dir='ltr'><strong>haec</strong></span> 
     </span>
    </p>
   </div>
   <div class='ocr_carea' id='block_1_55' title="bbox 893 1251 1676 1287">
    <p class='ocr_par' dir='ltr' id='par_1_55' title="bbox 893 1251 1676 1287">
     <span class='ocr_line' id='line_1_55' title="bbox 893 1251 1676 1287; baseline 0.008 -9"><span class='ocrx_word' id='word_1_417' title='bbox 893 1251 970 1285; x_wconf 84' lang='lat' dir='ltr'><strong>arida</strong></span> <span class='ocrx_word' id='word_1_418' title='bbox 993 1256 1066 1279; x_wconf 90' lang='lat' dir='ltr'><strong>terra</strong></span> <span class='ocrx_word' id='word_1_419' title='bbox 1081 1256 1237 1280; x_wconf 85' lang='lat' dir='ltr'><strong>vocaretur.</strong></span> <span class='ocrx_word' id='word_1_420' title='bbox 1251 1252 1352 1280; x_wconf 89' lang='lat' dir='ltr'><strong>Omnes</strong></span> <span class='ocrx_word' id='word_1_421' title='bbox 1367 1254 1440 1281; x_wconf 89' lang='lat' dir='ltr'><strong>enim</strong></span> <span class='ocrx_word' id='word_1_422' title='bbox 1454 1262 1515 1287; x_wconf 85' lang='lat' dir='ltr'><strong>nos,</strong></span> <span class='ocrx_word' id='word_1_423' title='bbox 1531 1256 1617 1284; x_wconf 84' lang='lat' dir='ltr'><strong>donec</strong></span> <span class='ocrx_word' id='word_1_424' title='bbox 1634 1257 1676 1283; x_wconf 93' lang='lat' dir='ltr'><strong>in-</strong></span> 
     </span>
    </p>
   </div>
   <div class='ocr_carea' id='block_1_56' title="bbox 893 1297 1678 1335">
    <p class='ocr_par' dir='ltr' id='par_1_56' title="bbox 893 1297 1678 1335">
     <span class='ocr_line' id='line_1_56' title="bbox 893 1297 1678 1335; baseline 0.005 -11"><span class='ocrx_word' id='word_1_425' title='bbox 893 1297 1026 1325; x_wconf 86' lang='lat' dir='ltr'><strong>fructuosi</strong></span> <span class='ocrx_word' id='word_1_426' title='bbox 1043 1305 1146 1331; x_wconf 91' lang='lat' dir='ltr'><strong>sumus,</strong></span> <span class='ocrx_word' id='word_1_427' title='bbox 1166 1302 1194 1326; x_wconf 86' lang='lat' dir='ltr'><strong>et</strong></span> <span class='ocrx_word' id='word_1_428' title='bbox 1211 1298 1313 1326; x_wconf 89' lang='lat' dir='ltr'><strong>nullum</strong></span> <span class='ocrx_word' id='word_1_429' title='bbox 1335 1298 1449 1333; x_wconf 68' lang='lat' dir='ltr'><strong>iustitiae</strong></span> <span class='ocrx_word' id='word_1_430' title='bbox 1474 1300 1603 1335; x_wconf 87' lang='lat' dir='ltr'><strong>fructum,</strong></span> <span class='ocrx_word' id='word_1_431' title='bbox 1618 1301 1678 1328; x_wconf 74' lang='lat' dir='ltr'><strong>nul-</strong></span> 
     </span>
    </p>
   </div>
   <div class='ocr_carea' id='block_1_57' title="bbox 892 1343 1676 1383">
    <p class='ocr_par' dir='ltr' id='par_1_57' title="bbox 892 1343 1676 1383">
     <span class='ocr_line' id='line_1_57' title="bbox 892 1343 1676 1383; baseline 0.005 -13"><span class='ocrx_word' id='word_1_432' title='bbox 892 1344 946 1370; x_wconf 80' lang='lat' dir='ltr'><strong>luin</strong></span> <span class='ocrx_word' id='word_1_433' title='bbox 975 1343 1122 1383; x_wconf 77' lang='lat' dir='ltr'><strong>pudicitiae,</strong></span> <span class='ocrx_word' id='word_1_434' title='bbox 1149 1344 1248 1371; x_wconf 90' lang='lat' dir='ltr'><strong>nullum</strong></span> <span class='ocrx_word' id='word_1_435' title='bbox 1272 1344 1380 1378; x_wconf 89' lang='lat' dir='ltr'><strong>pietatis</strong></span> <span class='ocrx_word' id='word_1_436' title='bbox 1410 1346 1568 1379; x_wconf 85' lang='lat' dir='ltr'><strong>afl‘erimus,</strong></span> <span class='ocrx_word' id='word_1_437' title='bbox 1598 1348 1676 1374; x_wconf 79' lang='lat' dir='ltr'><strong>arida</strong></span> 
     </span>
    </p>
   </div>
   <div class='ocr_carea' id='block_1_58' title="bbox 893 1388 1676 1427">
    <p class='ocr_par' dir='ltr' id='par_1_58' title="bbox 893 1388 1676 1427">
     <span class='ocr_line' id='line_1_58' title="bbox 893 1388 1676 1427; baseline 0.009 -13"><span class='ocrx_word' id='word_1_438' title='bbox 893 1396 998 1416; x_wconf 82' lang='lat' dir='ltr'><strong>sumus.</strong></span> <span class='ocrx_word' id='word_1_439' title='bbox 1012 1388 1041 1417; x_wconf 88' lang='lat' dir='ltr'><strong>Si</strong></span> <span class='ocrx_word' id='word_1_440' title='bbox 1056 1394 1146 1417; x_wconf 91' lang='lat' dir='ltr'><strong>autem</strong></span> <span class='ocrx_word' id='word_1_441' title='bbox 1167 1389 1346 1424; x_wconf 84' lang='lat' dir='ltr'><strong>nosmetipsos</strong></span> <span class='ocrx_word' id='word_1_442' title='bbox 1363 1393 1526 1427; x_wconf 83' lang='lat' dir='ltr'><strong>coeperimus</strong></span> <span class='ocrx_word' id='word_1_443' title='bbox 1541 1393 1676 1425; x_wconf 72' lang='lat' dir='ltr'><strong>excolere.</strong></span> 
     </span>
    </p>
   </div>
   <div class='ocr_carea' id='block_1_59' title="bbox 891 1434 1675 1471">
    <p class='ocr_par' dir='ltr' id='par_1_59' title="bbox 891 1434 1675 1471">
     <span class='ocr_line' id='line_1_59' title="bbox 891 1434 1675 1471; baseline 0.006 -10"><span class='ocrx_word' id='word_1_444' title='bbox 891 1438 918 1462; x_wconf 90' lang='lat' dir='ltr'><strong>et</strong></span> <span class='ocrx_word' id='word_1_445' title='bbox 930 1434 963 1461; x_wconf 86' lang='lat' dir='ltr'><strong>ad</strong></span> <span class='ocrx_word' id='word_1_446' title='bbox 985 1435 1116 1462; x_wconf 89' lang='lat' dir='ltr'><strong>virtutum</strong></span> <span class='ocrx_word' id='word_1_447' title='bbox 1143 1435 1254 1470; x_wconf 77' lang='lat' dir='ltr'><strong>frugem</strong></span> <span class='ocrx_word' id='word_1_448' title='bbox 1275 1437 1381 1464; x_wconf 86' lang='lat' dir='ltr'><strong>desides</strong></span> <span class='ocrx_word' id='word_1_449' title='bbox 1406 1438 1510 1465; x_wconf 88' lang='lat' dir='ltr'><strong>animos</strong></span> <span class='ocrx_word' id='word_1_450' title='bbox 1533 1439 1675 1471; x_wconf 73' lang='lat' dir='ltr'><strong>suscitare,</strong></span> 
     </span>
    </p>
   </div>
   <div class='ocr_carea' id='block_1_60' title="bbox 893 1479 1677 1519">
    <p class='ocr_par' dir='ltr' id='par_1_60' title="bbox 893 1479 1677 1519">
     <span class='ocr_line' id='line_1_60' title="bbox 893 1479 1677 1519; baseline 0.008 -13"><span class='ocrx_word' id='word_1_451' title='bbox 893 1484 963 1506; x_wconf 81' lang='lat' dir='ltr'><strong>terra</strong></span> <span class='ocrx_word' id='word_1_452' title='bbox 991 1479 1122 1508; x_wconf 84' lang='lat' dir='ltr'><strong>efficimur</strong></span> <span class='ocrx_word' id='word_1_453' title='bbox 1144 1490 1178 1509; x_wconf 90' lang='lat' dir='ltr'><strong>cx</strong></span> <span class='ocrx_word' id='word_1_454' title='bbox 1199 1483 1286 1516; x_wconf 84' lang='lat' dir='ltr'><strong>arida,</strong></span> <span class='ocrx_word' id='word_1_455' title='bbox 1306 1491 1366 1518; x_wconf 65' lang='lat' dir='ltr'><strong>qua:</strong></span> <span class='ocrx_word' id='word_1_456' title='bbox 1380 1485 1453 1512; x_wconf 87' lang='lat' dir='ltr'><strong>verbi</strong></span> <span class='ocrx_word' id='word_1_457' title='bbox 1480 1485 1527 1512; x_wconf 85' lang='lat' dir='ltr'><strong>Dei</strong></span> <span class='ocrx_word' id='word_1_458' title='bbox 1551 1489 1677 1519; x_wconf 81' lang='lat' dir='ltr'><strong>suscepto</strong></span> 
     </span>
    </p>
   </div>
   <div class='ocr_carea' id='block_1_61' title="bbox 71 1525 839 1569">
    <p class='ocr_par' dir='ltr' id='par_1_61' title="bbox 71 1531 839 1569">
     <span class='ocr_line' id='line_1_61' title="bbox 71 1531 839 1569; baseline 0.004 -11"><span class='ocrx_word' id='word_1_459' title='bbox 71 1536 125 1559; x_wconf 75' lang='lat' dir='ltr'><strong>cera</strong></span> <span class='ocrx_word' id='word_1_460' title='bbox 137 1535 162 1561; x_wconf 89' lang='lat' dir='ltr'><strong>et</strong></span> <span class='ocrx_word' id='word_1_461' title='bbox 174 1531 306 1569; x_wconf 72' lang='lat' dir='ltr'><strong>iumenta,</strong></span> <span class='ocrx_word' id='word_1_462' title='bbox 321 1536 349 1560; x_wconf 90' lang='lat' dir='ltr'><strong>et</strong></span> <span class='ocrx_word' id='word_1_463' title='bbox 366 1532 493 1569; x_wconf 73' lang='lat' dir='ltr'><strong>mulieres</strong></span> <span class='ocrx_word' id='word_1_464' title='bbox 508 1540 581 1565; x_wconf 80' lang='lat' dir='ltr'><strong>suas.</strong></span> <span class='ocrx_word' id='word_1_465' title='bbox 596 1537 623 1560; x_wconf 93' lang='lat' dir='ltr'><strong>et</strong></span> <span class='ocrx_word' id='word_1_466' title='bbox 643 1534 773 1567; x_wconf 82' lang='lat' dir='ltr'><strong>infantes,</strong></span> <span class='ocrx_word' id='word_1_467' title='bbox 788 1542 839 1561; x_wconf 94' lang='lat' dir='ltr'><strong>non</strong></span> 
     </span>
    </p>
   </div>
   <div class='ocr_carea' id='block_1_62' title="bbox 893 1525 1676 1569">
    <p class='ocr_par' dir='ltr' id='par_1_62' title="bbox 893 1525 1676 1565">
     <span class='ocr_line' id='line_1_62' title="bbox 893 1525 1676 1565; baseline 0.008 -13"><span class='ocrx_word' id='word_1_468' title='bbox 893 1525 998 1552; x_wconf 82' lang='lat' dir='ltr'><strong>Semine</strong></span> <span class='ocrx_word' id='word_1_469' title='bbox 1020 1525 1078 1552; x_wconf 70' lang='lat' dir='ltr'><strong>laeta</strong></span> <span class='ocrx_word' id='word_1_470' title='bbox 1104 1526 1184 1562; x_wconf 74' lang='lat' dir='ltr'><strong>fruge</strong></span> <span class='ocrx_word' id='word_1_471' title='bbox 1210 1529 1379 1563; x_wconf 88' lang='lat' dir='ltr'><strong>multiplicet.</strong></span> <span class='ocrx_word' id='word_1_472' title='bbox 1397 1530 1444 1557; x_wconf 77' lang='lat' dir='ltr'><strong>Est</strong></span> <span class='ocrx_word' id='word_1_473' title='bbox 1465 1537 1529 1565; x_wconf 76' lang='lat' dir='ltr'><strong>ergo</strong></span> <span class='ocrx_word' id='word_1_474' title='bbox 1553 1531 1676 1565; x_wconf 70' lang='lat' dir='ltr'><strong>quaedam</strong></span> 
     </span>
    </p>
   </div>
   <div class='ocr_carea' id='block_1_63' title="bbox 70 1575 838 1613">
    <p class='ocr_par' dir='ltr' id='par_1_63' title="bbox 70 1575 838 1613">
     <span class='ocr_line' id='line_1_63' title="bbox 70 1575 838 1613; baseline 0.01 -14"><span class='ocrx_word' id='word_1_475' title='bbox 70 1578 200 1605; x_wconf 83' lang='lat' dir='ltr'><strong>potuerunt</strong></span> <span class='ocrx_word' id='word_1_476' title='bbox 215 1576 332 1610; x_wconf 69' lang='lat' dir='ltr'><strong>transire</strong></span> <span class='ocrx_word' id='word_1_477' title='bbox 345 1575 501 1612; x_wconf 47' lang='lat' dir='ltr'><strong>Iordanem,</strong></span> <span class='ocrx_word' id='word_1_478' title='bbox 517 1585 567 1604; x_wconf 89' lang='lat' dir='ltr'><strong>nec</strong></span> <span class='ocrx_word' id='word_1_479' title='bbox 579 1578 612 1604; x_wconf 91' lang='lat' dir='ltr'><strong>ad</strong></span> <span class='ocrx_word' id='word_1_480' title='bbox 626 1578 705 1606; x_wconf 89' lang='lat' dir='ltr'><strong>fidem</strong></span> <span class='ocrx_word' id='word_1_481' title='bbox 727 1579 838 1613; x_wconf 82' lang='lat' dir='ltr'><strong>Christi,</strong></span> 
     </span>
    </p>
   </div>
   <div class='ocr_carea' id='block_1_64' title="bbox 69 1622 626 1657">
    <p class='ocr_par' dir='ltr' id='par_1_64' title="bbox 69 1622 626 1657">
     <span class='ocr_line' id='line_1_64' title="bbox 69 1622 626 1657; baseline 0.013 -13"><span class='ocrx_word' id='word_1_482' title='bbox 69 1625 120 1651; x_wconf 69' lang='lat' dir='ltr'><strong>qua:</strong></span> <span class='ocrx_word' id='word_1_483' title='bbox 130 1623 168 1647; x_wconf 87' lang='lat' dir='ltr'><strong>est</strong></span> <span class='ocrx_word' id='word_1_484' title='bbox 184 1624 255 1647; x_wconf 85' lang='lat' dir='ltr'><strong>terra</strong></span> <span class='ocrx_word' id='word_1_485' title='bbox 274 1622 501 1657; x_wconf 84' lang='lat' dir='ltr'><strong>repromissionis,</strong></span> <span class='ocrx_word' id='word_1_486' title='bbox 513 1623 626 1652; x_wconf 82' lang='lat' dir='ltr'><strong>intrare.</strong></span> 
     </span>
    </p>
   </div>
   <div class='ocr_carea' id='block_1_65' title="bbox 99 1663 838 1705">
    <p class='ocr_par' dir='ltr' id='par_1_65' title="bbox 99 1663 838 1705">
     <span class='ocr_line' id='line_1_65' title="bbox 99 1663 838 1705; baseline 0.009 -15"><span class='ocrx_word' id='word_1_487' title='bbox 99 1663 122 1690; x_wconf 82' lang='grc'><strong>5.</strong></span> <span class='ocrx_word' id='word_1_488' title='bbox 133 1664 253 1700; x_wconf 78' lang='lat' dir='ltr'><strong>increpat</strong></span> <span class='ocrx_word' id='word_1_489' title='bbox 269 1669 358 1700; x_wconf 80' lang='lat' dir='ltr'><strong>tamen</strong></span> <span class='ocrx_word' id='word_1_490' title='bbox 372 1666 487 1702; x_wconf 80' lang='lat' dir='ltr'><strong>Moyses,</strong></span> <span class='ocrx_word' id='word_1_491' title='bbox 499 1673 526 1695; x_wconf 92' lang='lat' dir='ltr'><strong>et</strong></span> <span class='ocrx_word' id='word_1_492' title='bbox 539 1668 604 1705; x_wconf 84' lang='lat' dir='ltr'><strong>dicit</strong></span> <span class='ocrx_word' id='word_1_493' title='bbox 615 1670 649 1703; x_wconf 88' lang='lat' dir='ltr'><strong>ad</strong></span> <span class='ocrx_word' id='word_1_494' title='bbox 666 1670 735 1697; x_wconf 85' lang='lat' dir='ltr'><strong>filios</strong></span> <span class='ocrx_word' id='word_1_495' title='bbox 744 1670 838 1699; x_wconf 86' lang='lat' dir='ltr'><strong>Ruben</strong></span> 
     </span>
    </p>
   </div>
   <div class='ocr_carea' id='block_1_66' title="bbox 70 1710 838 1749">
    <p class='ocr_par' dir='ltr' id='par_1_66' title="bbox 70 1710 838 1749">
     <span class='ocr_line' id='line_1_66' title="bbox 70 1710 838 1749; baseline 0.01 -14"><span class='ocrx_word' id='word_1_496' title='bbox 70 1713 93 1735; x_wconf 92' lang='lat' dir='ltr'><strong>et</strong></span> <span class='ocrx_word' id='word_1_497' title='bbox 106 1710 135 1743; x_wconf 65' lang='lat' dir='ltr'><strong>ad</strong></span> <span class='ocrx_word' id='word_1_498' title='bbox 157 1710 224 1748; x_wconf 68' lang='lat' dir='ltr'><strong>filios</strong></span> <span class='ocrx_word' id='word_1_499' title='bbox 246 1711 306 1742; x_wconf 82' lang='lat' dir='ltr'><strong>Gad</strong></span> <span class='ocrx_word' id='word_1_500' title='bbox 324 1711 369 1739; x_wconf 84' lang='lat'><strong>&quot;:</strong></span> <span class='ocrx_word' id='word_1_501' title='bbox 396 1721 405 1738; x_wconf 73' lang='grc' dir='ltr'><strong>ε</strong></span> <span class='ocrx_word' id='word_1_502' title='bbox 424 1712 535 1748; x_wconf 73' lang='lat' dir='ltr'><strong>Fratres</strong></span> <span class='ocrx_word' id='word_1_503' title='bbox 560 1714 641 1742; x_wconf 85' lang='lat' dir='ltr'><strong>vestri</strong></span> <span class='ocrx_word' id='word_1_504' title='bbox 669 1720 782 1749; x_wconf 73' lang='lat' dir='ltr'><strong>pergent</strong></span> <span class='ocrx_word' id='word_1_505' title='bbox 805 1717 838 1743; x_wconf 88' lang='lat' dir='ltr'><strong>ad</strong></span> 
     </span>
    </p>
   </div>
   <div class='ocr_carea' id='block_1_67' title="bbox 70 1754 839 1795">
    <p class='ocr_par' dir='ltr' id='par_1_67' title="bbox 70 1754 839 1795">
     <span class='ocr_line' id='line_1_67' title="bbox 70 1754 839 1795; baseline 0.012 -15"><span class='ocrx_word' id='word_1_506' title='bbox 70 1754 187 1787; x_wconf 59' lang='lat' dir='ltr'><strong>praelium,</strong></span> <span class='ocrx_word' id='word_1_507' title='bbox 203 1761 231 1783; x_wconf 89' lang='lat' dir='ltr'><strong>et</strong></span> <span class='ocrx_word' id='word_1_508' title='bbox 248 1763 299 1783; x_wconf 85' lang='lat' dir='ltr'><strong>vos</strong></span> <span class='ocrx_word' id='word_1_509' title='bbox 310 1757 441 1789; x_wconf 85' lang='lat' dir='ltr'><strong>sedebitis</strong></span> <span class='ocrx_word' id='word_1_510' title='bbox 459 1758 522 1786; x_wconf 79' lang='lat' dir='ltr'><strong>hic?</strong></span> <span class='ocrx_word' id='word_1_511' title='bbox 536 1759 568 1785; x_wconf 88' lang='lat' dir='ltr'><strong>Et</strong></span> <span class='ocrx_word' id='word_1_512' title='bbox 585 1767 669 1793; x_wconf 86' lang='lat' dir='ltr'><strong>quare</strong></span> <span class='ocrx_word' id='word_1_513' title='bbox 685 1761 839 1795; x_wconf 88' lang='lat' dir='ltr'><strong>pervertitis</strong></span> 
     </span>
    </p>
   </div>
   <div class='ocr_carea' id='block_1_68' title="bbox 71 1800 837 1834">
    <p class='ocr_par' dir='ltr' id='par_1_68' title="bbox 71 1800 837 1834">
     <span class='ocr_line' id='line_1_68' title="bbox 71 1800 837 1834; baseline 0.009 -8"><span class='ocrx_word' id='word_1_514' title='bbox 71 1801 142 1832; x_wconf 78' lang='lat' dir='ltr'><strong>corda</strong></span> <span class='ocrx_word' id='word_1_515' title='bbox 157 1800 270 1832; x_wconf 86' lang='lat' dir='ltr'><strong>filiorum</strong></span> <span class='ocrx_word' id='word_1_516' title='bbox 290 1802 384 1834; x_wconf 83' lang='lat' dir='ltr'><strong>israel,</strong></span> <span class='ocrx_word' id='word_1_517' title='bbox 405 1807 435 1830; x_wconf 94' lang='lat' dir='ltr'><strong>ut</strong></span> <span class='ocrx_word' id='word_1_518' title='bbox 455 1811 510 1831; x_wconf 87' lang='lat' dir='ltr'><strong>non</strong></span> <span class='ocrx_word' id='word_1_519' title='bbox 531 1801 670 1832; x_wconf 79' lang='lat' dir='ltr'><strong>transeant</strong></span> <span class='ocrx_word' id='word_1_520' title='bbox 691 1806 718 1832; x_wconf 91' lang='lat' dir='ltr'><strong>in</strong></span> <span class='ocrx_word' id='word_1_521' title='bbox 740 1811 837 1833; x_wconf 82' lang='lat' dir='ltr'><strong>terram</strong></span> 
     </span>
    </p>
   </div>
   <div class='ocr_carea' id='block_1_69' title="bbox 71 1845 839 1886">
    <p class='ocr_par' dir='ltr' id='par_1_69' title="bbox 71 1845 839 1886">
     <span class='ocr_line' id='line_1_69' title="bbox 71 1845 839 1886; baseline 0.01 -15"><span class='ocrx_word' id='word_1_522' title='bbox 71 1850 141 1878; x_wconf 76' lang='lat' dir='ltr'><strong>quam</strong></span> <span class='ocrx_word' id='word_1_523' title='bbox 159 1845 287 1881; x_wconf 85' lang='lat' dir='ltr'><strong>Dominus</strong></span> <span class='ocrx_word' id='word_1_524' title='bbox 306 1848 352 1882; x_wconf 82' lang='lat' dir='ltr'><strong>dat</strong></span> <span class='ocrx_word' id='word_1_525' title='bbox 366 1847 424 1875; x_wconf 81' lang='lat' dir='ltr'><strong>eis?</strong></span> <span class='ocrx_word' id='word_1_526' title='bbox 441 1858 451 1875; x_wconf 73' lang='grc' dir='ltr'><strong><em>ο</em></strong></span> <span class='ocrx_word' id='word_1_527' title='bbox 468 1848 573 1876; x_wconf 82' lang='lat' dir='ltr'><strong>Etcum</strong></span> <span class='ocrx_word' id='word_1_528' title='bbox 591 1850 771 1885; x_wconf 82' lang='lat' dir='ltr'><strong>increpuisset</strong></span> <span class='ocrx_word' id='word_1_529' title='bbox 792 1859 839 1886; x_wconf 85' lang='lat' dir='ltr'><strong>eos</strong></span> 
     </span>
    </p>
   </div>
   <div class='ocr_carea' id='block_1_70' title="bbox 72 1887 837 1933">
    <p class='ocr_par' dir='ltr' id='par_1_70' title="bbox 72 1887 837 1933">
     <span class='ocr_line' id='line_1_70' title="bbox 72 1887 837 1933; baseline 0.012 -18"><span class='ocrx_word' id='word_1_530' title='bbox 72 1887 208 1924; x_wconf 86' lang='lat' dir='ltr'><strong>hujusmodi</strong></span> <span class='ocrx_word' id='word_1_531' title='bbox 220 1892 322 1927; x_wconf 81' lang='lat' dir='ltr'><strong>verbis,</strong></span> <span class='ocrx_word' id='word_1_532' title='bbox 343 1902 353 1918; x_wconf 72' lang='grc' dir='ltr'>ί</span> <span class='ocrx_word' id='word_1_533' title='bbox 369 1898 550 1927; x_wconf 77' lang='lat' dir='ltr'><strong>accesserunt,</strong></span> <span class='ocrx_word' id='word_1_534' title='bbox 572 1894 660 1933; x_wconf 83' lang='lat' dir='ltr'><strong>inquit</strong></span> <span class='ocrx_word' id='word_1_535' title='bbox 671 1895 703 1927; x_wconf 83' lang='lat'><strong>“,</strong></span> <span class='ocrx_word' id='word_1_536' title='bbox 720 1896 753 1922; x_wconf 87' lang='lat' dir='ltr'><strong>ad</strong></span> <span class='ocrx_word' id='word_1_537' title='bbox 775 1903 837 1924; x_wconf 88' lang='lat' dir='ltr'><strong>eum</strong></span> 
     </span>
    </p>
   </div>
   <div class='ocr_carea' id='block_1_71' title="bbox 72 1933 837 1971">
    <p class='ocr_par' dir='ltr' id='par_1_71' title="bbox 72 1933 837 1971">
     <span class='ocr_line' id='line_1_71' title="bbox 72 1933 837 1971; baseline 0.01 -11"><span class='ocrx_word' id='word_1_538' title='bbox 72 1933 210 1970; x_wconf 73' lang='lat' dir='ltr'><strong>filiiBubep</strong></span> <span class='ocrx_word' id='word_1_539' title='bbox 233 1942 261 1968; x_wconf 75' lang='lat' dir='ltr'><strong>et</strong></span> <span class='ocrx_word' id='word_1_540' title='bbox 281 1937 328 1971; x_wconf 69' lang='lat' dir='ltr'><strong>[iiii</strong></span> <span class='ocrx_word' id='word_1_541' title='bbox 351 1937 419 1970; x_wconf 86' lang='lat' dir='ltr'><strong>Gad,</strong></span> <span class='ocrx_word' id='word_1_542' title='bbox 437 1944 464 1966; x_wconf 90' lang='lat' dir='ltr'><strong>et</strong></span> <span class='ocrx_word' id='word_1_543' title='bbox 479 1938 604 1967; x_wconf 84' lang='lat' dir='ltr'><strong>dicebant</strong></span> <span class='ocrx_word' id='word_1_544' title='bbox 618 1939 721 1968; x_wconf 87' lang='lat' dir='ltr'><strong>:Ovilia</strong></span> <span class='ocrx_word' id='word_1_545' title='bbox 743 1941 837 1969; x_wconf 77' lang='lat' dir='ltr'><strong>ovibus</strong></span> 
     </span>
    </p>
   </div>
   <div class='ocr_carea' id='block_1_72' title="bbox 73 1977 838 2021">
    <p class='ocr_par' dir='ltr' id='par_1_72' title="bbox 73 1977 838 2021">
     <span class='ocr_line' id='line_1_72' title="bbox 73 1977 838 2021; baseline 0.009 -16"><span class='ocrx_word' id='word_1_546' title='bbox 73 1977 247 2015; x_wconf 72' lang='lat' dir='ltr'><strong>fabricabimus</strong></span> <span class='ocrx_word' id='word_1_547' title='bbox 264 1983 320 2016; x_wconf 72' lang='lat' dir='ltr'><strong>hic,</strong></span> <span class='ocrx_word' id='word_1_548' title='bbox 338 1987 365 2010; x_wconf 76' lang='lat' dir='ltr'><strong>et</strong></span> <span class='ocrx_word' id='word_1_549' title='bbox 381 1984 534 2018; x_wconf 83' lang='lat' dir='ltr'><strong>pecoribus,</strong></span> <span class='ocrx_word' id='word_1_550' title='bbox 562 1989 589 2012; x_wconf 91' lang='lat' dir='ltr'><strong>et</strong></span> <span class='ocrx_word' id='word_1_551' title='bbox 611 1986 736 2014; x_wconf 87' lang='lat' dir='ltr'><strong>civitates</strong></span> <span class='ocrx_word' id='word_1_552' title='bbox 753 1987 838 2021; x_wconf 84' lang='lat' dir='ltr'><strong>impe-</strong></span> 
     </span>
    </p>
   </div>
   <div class='ocr_carea' id='block_1_73' title="bbox 71 2024 838 2068">
    <p class='ocr_par' dir='ltr' id='par_1_73' title="bbox 71 2024 838 2068">
     <span class='ocr_line' id='line_1_73' title="bbox 71 2024 838 2068; baseline 0.016 -17"><span class='ocrx_word' id='word_1_553' title='bbox 71 2024 182 2053; x_wconf 88' lang='lat' dir='ltr'><strong>dimeniis</strong></span> <span class='ocrx_word' id='word_1_554' title='bbox 195 2028 306 2059; x_wconf 86' lang='lat' dir='ltr'><strong>nostris,</strong></span> <span class='ocrx_word' id='word_1_555' title='bbox 318 2033 345 2054; x_wconf 88' lang='lat' dir='ltr'><strong>et</strong></span> <span class='ocrx_word' id='word_1_556' title='bbox 360 2036 408 2056; x_wconf 89' lang='lat' dir='ltr'><strong>nos</strong></span> <span class='ocrx_word' id='word_1_557' title='bbox 418 2030 515 2064; x_wconf 81' lang='lat' dir='ltr'><strong>armati</strong></span> <span class='ocrx_word' id='word_1_558' title='bbox 530 2031 616 2065; x_wconf 81' lang='lat' dir='ltr'><strong>prima</strong></span> <span class='ocrx_word' id='word_1_559' title='bbox 630 2036 717 2066; x_wconf 81' lang='lat' dir='ltr'><strong>turma</strong></span> <span class='ocrx_word' id='word_1_560' title='bbox 730 2035 838 2068; x_wconf 82' lang='lat' dir='ltr'><strong>incede-</strong></span> 
     </span>
    </p>
   </div>
   <div class='ocr_carea' id='block_1_74' title="bbox 71 2073 836 2114">
    <p class='ocr_par' dir='ltr' id='par_1_74' title="bbox 71 2073 836 2114">
     <span class='ocr_line' id='line_1_74' title="bbox 71 2073 836 2114; baseline 0.013 -17"><span class='ocrx_word' id='word_1_561' title='bbox 71 2076 120 2101; x_wconf 77' lang='lat' dir='ltr'><strong>mus</strong></span> <span class='ocrx_word' id='word_1_562' title='bbox 133 2076 191 2105; x_wconf 70' lang='lat' dir='ltr'><strong>ante</strong></span> <span class='ocrx_word' id='word_1_563' title='bbox 205 2073 274 2101; x_wconf 80' lang='lat' dir='ltr'><strong>filios</strong></span> <span class='ocrx_word' id='word_1_564' title='bbox 290 2073 384 2110; x_wconf 61' lang='lat' dir='ltr'><strong>israel,</strong></span> <span class='ocrx_word' id='word_1_565' title='bbox 399 2082 537 2110; x_wconf 78' lang='lat' dir='ltr'><strong>usquequo</strong></span> <span class='ocrx_word' id='word_1_566' title='bbox 551 2077 731 2112; x_wconf 78' lang='lat' dir='ltr'><strong>perducamus</strong></span> <span class='ocrx_word' id='word_1_567' title='bbox 749 2087 797 2114; x_wconf 77' lang='lat' dir='ltr'><strong>eos</strong></span> <span class='ocrx_word' id='word_1_568' title='bbox 810 2081 836 2108; x_wconf 94' lang='lat' dir='ltr'><strong>in</strong></span> 
     </span>
    </p>
   </div>
   <div class='ocr_carea' id='block_1_75' title="bbox 71 2113 835 2164">
    <p class='ocr_par' dir='ltr' id='par_1_75' title="bbox 71 2113 835 2164">
     <span class='ocr_line' id='line_1_75' title="bbox 71 2113 835 2164; baseline 0.016 -23"><span class='ocrx_word' id='word_1_569' title='bbox 71 2122 136 2147; x_wconf 81' lang='lat' dir='ltr'><strong>suum</strong></span> <span class='ocrx_word' id='word_1_570' title='bbox 157 2117 252 2146; x_wconf 90' lang='lat' dir='ltr'><strong>locum.</strong></span> <span class='ocrx_word' id='word_1_571' title='bbox 272 2128 283 2144; x_wconf 78' lang='grc' dir='ltr'><strong><em>ι</em></strong></span> <span class='ocrx_word' id='word_1_572' title='bbox 300 2118 332 2145; x_wconf 85' lang='lat' dir='ltr'><strong>Et</strong></span> <span class='ocrx_word' id='word_1_573' title='bbox 352 2120 410 2147; x_wconf 64' lang='lat' dir='ltr'><strong>haec</strong></span> <span class='ocrx_word' id='word_1_574' title='bbox 430 2113 628 2161; x_wconf 71' lang='lat' dir='ltr'><strong>promittentes,</strong></span> <span class='ocrx_word' id='word_1_575' title='bbox 646 2123 835 2164; x_wconf 68' lang='lat' dir='ltr'><strong>mitigaverunt</strong></span> 
     </span>
    </p>
   </div>
   <div class='ocr_carea' id='block_1_76' title="bbox 71 2159 835 2205">
    <p class='ocr_par' dir='ltr' id='par_1_76' title="bbox 71 2159 835 2205">
     <span class='ocr_line' id='line_1_76' title="bbox 71 2159 835 2205; baseline 0.01 -15"><span class='ocrx_word' id='word_1_576' title='bbox 71 2159 174 2194; x_wconf 61' lang='lat' dir='ltr'><strong>libysen,</strong></span> <span class='ocrx_word' id='word_1_577' title='bbox 194 2164 229 2192; x_wconf 91' lang='lat' dir='ltr'><strong>ita</strong></span> <span class='ocrx_word' id='word_1_578' title='bbox 243 2169 273 2192; x_wconf 90' lang='lat' dir='ltr'><strong>ut</strong></span> <span class='ocrx_word' id='word_1_579' title='bbox 288 2165 345 2200; x_wconf 88' lang='lat' dir='ltr'><strong>ipsc</strong></span> <span class='ocrx_word' id='word_1_580' title='bbox 360 2173 406 2198; x_wconf 77' lang='lat' dir='ltr'><strong>eos</strong></span> <span class='ocrx_word' id='word_1_581' title='bbox 422 2159 624 2201; x_wconf 75' lang='lat' dir='ltr'><strong>commendaret</strong></span> <span class='ocrx_word' id='word_1_582' title='bbox 638 2159 744 2203; x_wconf 34' lang='lat' dir='ltr'><strong>.‘lesuret</strong></span> <span class='ocrx_word' id='word_1_583' title='bbox 758 2172 835 2205; x_wconf 75' lang='lat' dir='ltr'><strong>Elea-</strong></span> 
     </span>
    </p>
   </div>
   <div class='ocr_carea' id='block_1_77' title="bbox 71 2209 834 2248">
    <p class='ocr_par' dir='ltr' id='par_1_77' title="bbox 71 2209 834 2248">
     <span class='ocr_line' id='line_1_77' title="bbox 71 2209 834 2248; baseline 0.016 -16"><span class='ocrx_word' id='word_1_584' title='bbox 71 2214 133 2235; x_wconf 72' lang='lat' dir='ltr'><strong>zaro.</strong></span> <span class='ocrx_word' id='word_1_585' title='bbox 154 2209 190 2236; x_wconf 82' lang='lat' dir='ltr'><strong>ita</strong></span> <span class='ocrx_word' id='word_1_586' title='bbox 208 2211 281 2237; x_wconf 88' lang='lat' dir='ltr'><strong>enim</strong></span> <span class='ocrx_word' id='word_1_587' title='bbox 296 2212 425 2245; x_wconf 78' lang='lat' dir='ltr'><strong>scriptum</strong></span> <span class='ocrx_word' id='word_1_588' title='bbox 443 2217 483 2241; x_wconf 86' lang='lat' dir='ltr'><strong>est</strong></span> <span class='ocrx_word' id='word_1_589' title='bbox 495 2213 518 2229; x_wconf 82' lang='grc'><strong><em>⁴⁷</em></strong></span> <span class='ocrx_word' id='word_1_590' title='bbox 533 2222 540 2240; x_wconf 91' lang='lat'>:</span> <span class='ocrx_word' id='word_1_591' title='bbox 555 2222 564 2239; x_wconf 74' lang='grc' dir='ltr'><strong>ε</strong></span> <span class='ocrx_word' id='word_1_592' title='bbox 584 2214 617 2248; x_wconf 76' lang='lat' dir='ltr'><strong>Et</strong></span> <span class='ocrx_word' id='word_1_593' title='bbox 637 2215 761 2246; x_wconf 86' lang='lat' dir='ltr'><strong>adhibuit</strong></span> <span class='ocrx_word' id='word_1_594' title='bbox 774 2217 834 2248; x_wconf 88' lang='lat' dir='ltr'><strong>illos</strong></span> 
     </span>
    </p>
   </div>
   <div class='ocr_carea' id='block_1_78' title="bbox 73 2251 833 2297">
    <p class='ocr_par' dir='ltr' id='par_1_78' title="bbox 73 2251 833 2297">
     <span class='ocr_line' id='line_1_78' title="bbox 73 2251 833 2297; baseline 0.009 -16"><span class='ocrx_word' id='word_1_595' title='bbox 73 2251 163 2297; x_wconf 42' lang='grc' dir='ltr'><strong>ξομες</strong></span> <span class='ocrx_word' id='word_1_596' title='bbox 178 2256 211 2284; x_wconf 90' lang='lat' dir='ltr'><strong>ad</strong></span> <span class='ocrx_word' id='word_1_597' title='bbox 230 2256 389 2293; x_wconf 55' lang='lat' dir='ltr'><strong>Eleazarum</strong></span> <span class='ocrx_word' id='word_1_598' title='bbox 411 2259 587 2293; x_wconf 75' lang='lat' dir='ltr'><strong>sacerdotem,</strong></span> <span class='ocrx_word' id='word_1_599' title='bbox 602 2264 629 2293; x_wconf 76' lang='lat' dir='ltr'><strong>et</strong></span> <span class='ocrx_word' id='word_1_600' title='bbox 643 2260 733 2294; x_wconf 79' lang='lat' dir='ltr'><strong>Jesum</strong></span> <span class='ocrx_word' id='word_1_601' title='bbox 750 2261 833 2297; x_wconf 86' lang='lat' dir='ltr'><strong>filium</strong></span> 
     </span>
    </p>
   </div>
   <div class='ocr_carea' id='block_1_79' title="bbox 71 2295 835 2337">
    <p class='ocr_par' dir='ltr' id='par_1_79' title="bbox 71 2295 835 2337">
     <span class='ocr_line' id='line_1_79' title="bbox 71 2295 835 2337; baseline 0.014 -13"><span class='ocrx_word' id='word_1_602' title='bbox 71 2295 141 2331; x_wconf 80' lang='lat' dir='ltr'><strong>Nave,</strong></span> <span class='ocrx_word' id='word_1_603' title='bbox 159 2305 184 2328; x_wconf 88' lang='lat' dir='ltr'><strong>et</strong></span> <span class='ocrx_word' id='word_1_604' title='bbox 205 2303 343 2337; x_wconf 86' lang='lat' dir='ltr'><strong>principes</strong></span> <span class='ocrx_word' id='word_1_605' title='bbox 366 2303 531 2336; x_wconf 77' lang='lat' dir='ltr'><strong>familiarum</strong></span> <span class='ocrx_word' id='word_1_606' title='bbox 557 2305 672 2332; x_wconf 90' lang='lat' dir='ltr'><strong>tribuum</strong></span> <span class='ocrx_word' id='word_1_607' title='bbox 694 2307 787 2335; x_wconf 89' lang='lat' dir='ltr'><strong>Israel.</strong></span> <span class='ocrx_word' id='word_1_608' title='bbox 801 2295 835 2336; x_wconf 81' lang='lat' dir='ltr'><strong>Et</strong></span> 
     </span>
    </p>
   </div>
   <div class='ocr_carea' id='block_1_80' title="bbox 71 2342 832 2388">
    <p class='ocr_par' dir='ltr' id='par_1_80' title="bbox 71 2342 832 2388">
     <span class='ocr_line' id='line_1_80' title="bbox 71 2342 832 2388; baseline 0.014 -18"><span class='ocrx_word' id='word_1_609' title='bbox 71 2342 102 2388; x_wconf 67' lang='lat' dir='ltr'><strong>ait</strong></span> <span class='ocrx_word' id='word_1_610' title='bbox 113 2345 142 2372; x_wconf 87' lang='lat' dir='ltr'><strong>ad</strong></span> <span class='ocrx_word' id='word_1_611' title='bbox 157 2353 200 2376; x_wconf 80' lang='lat' dir='ltr'><strong>eos</strong></span> <span class='ocrx_word' id='word_1_612' title='bbox 215 2346 340 2382; x_wconf 82' lang='lat' dir='ltr'><strong>Moyses:</strong></span> <span class='ocrx_word' id='word_1_613' title='bbox 358 2348 386 2376; x_wconf 78' lang='lat' dir='ltr'><strong>Si</strong></span> <span class='ocrx_word' id='word_1_614' title='bbox 404 2350 561 2382; x_wconf 84' lang='lat' dir='ltr'><strong>transierint</strong></span> <span class='ocrx_word' id='word_1_615' title='bbox 575 2351 621 2378; x_wconf 92' lang='lat' dir='ltr'><strong>filii</strong></span> <span class='ocrx_word' id='word_1_616' title='bbox 634 2351 730 2388; x_wconf 73' lang='lat' dir='ltr'><strong>Ruben</strong></span> <span class='ocrx_word' id='word_1_617' title='bbox 742 2358 768 2380; x_wconf 87' lang='lat' dir='ltr'><strong>et</strong></span> <span class='ocrx_word' id='word_1_618' title='bbox 786 2353 832 2381; x_wconf 83' lang='lat' dir='ltr'><strong>ﬁlii</strong></span> 
     </span>
    </p>
   </div>
   <div class='ocr_carea' id='block_1_81' title="bbox 70 2386 832 2439">
    <p class='ocr_par' dir='ltr' id='par_1_81' title="bbox 70 2386 832 2439">
     <span class='ocr_line' id='line_1_81' title="bbox 70 2386 832 2439; baseline 0.012 -22"><span class='ocrx_word' id='word_1_619' title='bbox 70 2386 117 2418; x_wconf 74' lang='lat' dir='ltr'><strong>Gad</strong></span> <span class='ocrx_word' id='word_1_620' title='bbox 129 2391 261 2421; x_wconf 82' lang='lat' dir='ltr'><strong>vobiscum</strong></span> <span class='ocrx_word' id='word_1_621' title='bbox 277 2392 423 2433; x_wconf 58' lang='lat' dir='ltr'><strong>)ordanem</strong></span> <span class='ocrx_word' id='word_1_622' title='bbox 437 2396 527 2431; x_wconf 79' lang='lat' dir='ltr'><strong>omnis</strong></span> <span class='ocrx_word' id='word_1_623' title='bbox 535 2402 655 2433; x_wconf 80' lang='lat' dir='ltr'><strong>armatus</strong></span> <span class='ocrx_word' id='word_1_624' title='bbox 666 2386 699 2433; x_wconf 75' lang='lat' dir='ltr'><strong>ad</strong></span> <span class='ocrx_word' id='word_1_625' title='bbox 712 2399 832 2439; x_wconf 60' lang='lat' dir='ltr'><strong>praelium</strong></span> 
     </span>
    </p>
   </div>
   <div class='ocr_carea' id='block_1_82' title="bbox 70 2435 833 2479">
    <p class='ocr_par' dir='ltr' id='par_1_82' title="bbox 70 2435 833 2479">
     <span class='ocr_line' id='line_1_82' title="bbox 70 2435 833 2479; baseline 0.016 -20"><span class='ocrx_word' id='word_1_626' title='bbox 70 2438 146 2461; x_wconf 84' lang='lat' dir='ltr'><strong>coram</strong></span> <span class='ocrx_word' id='word_1_627' title='bbox 159 2435 279 2470; x_wconf 80' lang='lat' dir='ltr'><strong>Domino,</strong></span> <span class='ocrx_word' id='word_1_628' title='bbox 297 2442 324 2472; x_wconf 78' lang='lat' dir='ltr'><strong>ct</strong></span> <span class='ocrx_word' id='word_1_629' title='bbox 339 2437 509 2472; x_wconf 71' lang='lat' dir='ltr'><strong>obtinueritis</strong></span> <span class='ocrx_word' id='word_1_630' title='bbox 528 2445 627 2474; x_wconf 87' lang='lat' dir='ltr'><strong>terram</strong></span> <span class='ocrx_word' id='word_1_631' title='bbox 643 2442 671 2477; x_wconf 90' lang='lat' dir='ltr'><strong>in</strong></span> <span class='ocrx_word' id='word_1_632' title='bbox 687 2435 833 2479; x_wconf 77' lang='lat' dir='ltr'><strong>conspectu</strong></span> 
     </span>
    </p>
   </div>
   <div class='ocr_carea' id='block_1_83' title="bbox 70 2481 831 2529">
    <p class='ocr_par' dir='ltr' id='par_1_83' title="bbox 70 2481 831 2529">
     <span class='ocr_line' id='line_1_83' title="bbox 70 2481 831 2529; baseline 0.012 -23"><span class='ocrx_word' id='word_1_633' title='bbox 70 2483 155 2529; x_wconf 52' lang='lat' dir='ltr'><strong>:estrp.</strong></span> <span class='ocrx_word' id='word_1_634' title='bbox 170 2481 268 2518; x_wconf 68' lang='lat' dir='ltr'><strong>dabitis</strong></span> <span class='ocrx_word' id='word_1_635' title='bbox 279 2483 552 2529; x_wconf 55' lang='lat' dir='ltr'><strong>eis—terraeralaad</strong></span> <span class='ocrx_word' id='word_1_636' title='bbox 568 2486 592 2513; x_wconf 92' lang='lat' dir='ltr'><strong>in</strong></span> <span class='ocrx_word' id='word_1_637' title='bbox 604 2488 812 2529; x_wconf 78' lang='lat' dir='ltr'><strong>possessionem.</strong></span> <span class='ocrx_word' id='word_1_638' title='bbox 822 2498 831 2514; x_wconf 72' lang='grc' dir='ltr'>ι</span> 
     </span>
    </p>
   </div>
   <div class='ocr_carea' id='block_1_84' title="bbox 69 2518 832 2563">
    <p class='ocr_par' dir='ltr' id='par_1_84' title="bbox 69 2518 832 2563">
     <span class='ocr_line' id='line_1_84' title="bbox 69 2518 832 2563; baseline 0.009 -11"><span class='ocrx_word' id='word_1_639' title='bbox 69 2518 147 2556; x_wconf 62' lang='lat' dir='ltr'><strong>Terra</strong></span> <span class='ocrx_word' id='word_1_640' title='bbox 160 2533 255 2561; x_wconf 57' lang='lat' dir='ltr'><strong>nomen</strong></span> <span class='ocrx_word' id='word_1_641' title='bbox 272 2527 299 2563; x_wconf 78' lang='lat' dir='ltr'><strong>ip</strong></span> <span class='ocrx_word' id='word_1_642' title='bbox 314 2526 461 2562; x_wconf 85' lang='lat' dir='ltr'><strong>Scripturis</strong></span> <span class='ocrx_word' id='word_1_643' title='bbox 476 2518 575 2562; x_wconf 71' lang='lat' dir='ltr'><strong>divinis</strong></span> <span class='ocrx_word' id='word_1_644' title='bbox 589 2518 704 2563; x_wconf 49' lang='lat' dir='ltr'><strong>prositum</strong></span> <span class='ocrx_word' id='word_1_645' title='bbox 718 2531 832 2559; x_wconf 83' lang='lat' dir='ltr'><strong>diversis</strong></span> 
     </span>
    </p>
   </div>
   <div class='ocr_carea' id='block_1_85' title="bbox 69 2565 831 2611">
    <p class='ocr_par' dir='ltr' id='par_1_85' title="bbox 69 2565 831 2611">
     <span class='ocr_line' id='line_1_85' title="bbox 69 2565 831 2611; baseline 0.01 -15"><span class='ocrx_word' id='word_1_646' title='bbox 69 2565 293 2609; x_wconf 49' lang='lat' dir='ltr'><strong>iisnﬂicatiouibus</strong></span> <span class='ocrx_word' id='word_1_647' title='bbox 305 2572 472 2607; x_wconf 76' lang='lat' dir='ltr'><strong>invenimus;</strong></span> <span class='ocrx_word' id='word_1_648' title='bbox 493 2577 519 2600; x_wconf 89' lang='lat' dir='ltr'><strong>et</strong></span> <span class='ocrx_word' id='word_1_649' title='bbox 537 2574 624 2609; x_wconf 88' lang='lat' dir='ltr'><strong>primo</strong></span> <span class='ocrx_word' id='word_1_650' title='bbox 637 2576 747 2611; x_wconf 84' lang='lat' dir='ltr'><strong>quidem</strong></span> <span class='ocrx_word' id='word_1_651' title='bbox 761 2581 831 2604; x_wconf 88' lang='lat' dir='ltr'><strong>terra</strong></span> 
     </span>
    </p>
   </div>
   <div class='ocr_carea' id='block_1_86' title="bbox 69 2610 831 2658">
    <p class='ocr_par' dir='ltr' id='par_1_86' title="bbox 69 2610 831 2658">
     <span class='ocr_line' id='line_1_86' title="bbox 69 2610 831 2658; baseline 0.005 -14"><span class='ocrx_word' id='word_1_652' title='bbox 69 2610 117 2644; x_wconf 56' lang='lat'><strong>“93¢</strong></span> <span class='ocrx_word' id='word_1_653' title='bbox 124 2613 147 2641; x_wconf 88' lang='lat' dir='ltr'><strong>in</strong></span> <span class='ocrx_word' id='word_1_654' title='bbox 155 2622 204 2650; x_wconf 70' lang='lat' dir='ltr'><strong>qua</strong></span> <span class='ocrx_word' id='word_1_655' title='bbox 211 2616 375 2653; x_wconf 69' lang='lat' dir='ltr'><strong>habitamus,</strong></span> <span class='ocrx_word' id='word_1_656' title='bbox 386 2625 437 2645; x_wconf 94' lang='lat' dir='ltr'><strong>non</strong></span> <span class='ocrx_word' id='word_1_657' title='bbox 447 2611 479 2653; x_wconf 67' lang='lat' dir='ltr'><strong>ex</strong></span> <span class='ocrx_word' id='word_1_658' title='bbox 493 2618 569 2646; x_wconf 86' lang='lat' dir='ltr'><strong>initio</strong></span> <span class='ocrx_word' id='word_1_659' title='bbox 576 2625 646 2653; x_wconf 79' lang='lat' dir='ltr'><strong>terra</strong></span> <span class='ocrx_word' id='word_1_660' title='bbox 656 2620 771 2658; x_wconf 78' lang='lat' dir='ltr'><strong>vocitata</strong></span> <span class='ocrx_word' id='word_1_661' title='bbox 779 2625 831 2654; x_wconf 89' lang='lat' dir='ltr'><strong>est,</strong></span> 
     </span>
    </p>
   </div>
   <div class='ocr_carea' id='block_1_87' title="bbox 69 2657 831 2705">
    <p class='ocr_par' dir='ltr' id='par_1_87' title="bbox 69 2657 831 2705">
     <span class='ocr_line' id='line_1_87' title="bbox 69 2657 831 2705; baseline 0.008 -18"><span class='ocrx_word' id='word_1_662' title='bbox 69 2657 202 2705; x_wconf 41' lang='lat' dir='ltr'><strong>trifida:</strong></span> <span class='ocrx_word' id='word_1_663' title='bbox 219 2666 246 2688; x_wconf 81' lang='lat' dir='ltr'><strong>et</strong></span> <span class='ocrx_word' id='word_1_664' title='bbox 262 2668 324 2701; x_wconf 81' lang='lat' dir='ltr'><strong>post</strong></span> <span class='ocrx_word' id='word_1_665' title='bbox 336 2663 393 2690; x_wconf 62' lang='lat' dir='ltr'><strong>haec</strong></span> <span class='ocrx_word' id='word_1_666' title='bbox 404 2671 464 2705; x_wconf 73' lang='lat' dir='ltr'><strong>qua:</strong></span> <span class='ocrx_word' id='word_1_667' title='bbox 476 2665 551 2699; x_wconf 85' lang='lat' dir='ltr'><strong>prius</strong></span> <span class='ocrx_word' id='word_1_668' title='bbox 561 2665 632 2700; x_wconf 78' lang='lat' dir='ltr'><strong>dicta</strong></span> <span class='ocrx_word' id='word_1_669' title='bbox 646 2665 734 2699; x_wconf 87' lang='lat' dir='ltr'><strong>fuerat</strong></span> <span class='ocrx_word' id='word_1_670' title='bbox 745 2667 831 2700; x_wconf 86' lang='lat' dir='ltr'><strong>arida,</strong></span> 
     </span>
    </p>
   </div>
   <div class='ocr_carea' id='block_1_88' title="bbox 69 2699 832 2744">
    <p class='ocr_par' dir='ltr' id='par_1_88' title="bbox 69 2699 832 2744">
     <span class='ocr_line' id='line_1_88' title="bbox 69 2699 832 2744; baseline 0.005 -9"><span class='ocrx_word' id='word_1_671' title='bbox 69 2699 218 2740; x_wconf 64' lang='lat' dir='ltr'><strong>373lﬁl‘t‘ae</strong></span> <span class='ocrx_word' id='word_1_672' title='bbox 226 2699 325 2737; x_wconf 79' lang='lat' dir='ltr'><strong>nomen</strong></span> <span class='ocrx_word' id='word_1_673' title='bbox 338 2699 458 2744; x_wconf 81' lang='lat' dir='ltr'><strong>accepit;</strong></span> <span class='ocrx_word' id='word_1_674' title='bbox 470 2709 541 2737; x_wconf 87' lang='lat' dir='ltr'><strong>sicut</strong></span> <span class='ocrx_word' id='word_1_675' title='bbox 553 2714 579 2737; x_wconf 89' lang='lat' dir='ltr'><strong>et</strong></span> <span class='ocrx_word' id='word_1_676' title='bbox 595 2699 694 2738; x_wconf 63' lang='lat' dir='ltr'><strong>coelum</strong></span> <span class='ocrx_word' id='word_1_677' title='bbox 706 2711 776 2739; x_wconf 83' lang='lat' dir='ltr'><strong>istud</strong></span> <span class='ocrx_word' id='word_1_678' title='bbox 791 2712 832 2739; x_wconf 91' lang='lat' dir='ltr'><strong>vi-</strong></span> 
     </span>
    </p>
   </div>
   <div class='ocr_carea' id='block_1_89' title="bbox 892 1569 1677 1608">
    <p class='ocr_par' dir='ltr' id='par_1_89' title="bbox 892 1569 1677 1608">
     <span class='ocr_line' id='line_1_89' title="bbox 892 1569 1677 1608; baseline 0.009 -13"><span class='ocrx_word' id='word_1_679' title='bbox 892 1569 972 1596; x_wconf 89' lang='lat' dir='ltr'><strong>etiam</strong></span> <span class='ocrx_word' id='word_1_680' title='bbox 998 1569 1024 1596; x_wconf 94' lang='lat' dir='ltr'><strong>in</strong></span> <span class='ocrx_word' id='word_1_681' title='bbox 1053 1577 1135 1605; x_wconf 74' lang='lat' dir='ltr'><strong>regno</strong></span> <span class='ocrx_word' id='word_1_682' title='bbox 1159 1571 1207 1599; x_wconf 87' lang='lat' dir='ltr'><strong>Dei</strong></span> <span class='ocrx_word' id='word_1_683' title='bbox 1231 1577 1316 1607; x_wconf 86' lang='lat' dir='ltr'><strong>terra,</strong></span> <span class='ocrx_word' id='word_1_684' title='bbox 1331 1581 1390 1608; x_wconf 79' lang='lat' dir='ltr'><strong>qua:</strong></span> <span class='ocrx_word' id='word_1_685' title='bbox 1413 1574 1562 1601; x_wconf 84' lang='lat' dir='ltr'><strong>mansuetis</strong></span> <span class='ocrx_word' id='word_1_686' title='bbox 1586 1581 1677 1608; x_wconf 90' lang='lat' dir='ltr'><strong>repro-</strong></span> 
     </span>
    </p>
   </div>
   <div class='ocr_carea' id='block_1_90' title="bbox 892 1615 1676 1653">
    <p class='ocr_par' dir='ltr' id='par_1_90' title="bbox 892 1615 1676 1653">
     <span class='ocr_line' id='line_1_90' title="bbox 892 1615 1676 1653; baseline 0.009 -13"><span class='ocrx_word' id='word_1_687' title='bbox 892 1615 1019 1647; x_wconf 90' lang='lat' dir='ltr'><strong>mittitur,</strong></span> <span class='ocrx_word' id='word_1_688' title='bbox 1044 1620 1073 1643; x_wconf 92' lang='lat' dir='ltr'><strong>et</strong></span> <span class='ocrx_word' id='word_1_689' title='bbox 1101 1621 1174 1644; x_wconf 92' lang='lat' dir='ltr'><strong>terra</strong></span> <span class='ocrx_word' id='word_1_690' title='bbox 1195 1625 1257 1653; x_wconf 53' lang='lat' dir='ltr'><strong>quae.</strong></span> <span class='ocrx_word' id='word_1_691' title='bbox 1283 1619 1432 1647; x_wconf 90' lang='lat' dir='ltr'><strong>viventium</strong></span> <span class='ocrx_word' id='word_1_692' title='bbox 1463 1620 1629 1653; x_wconf 88' lang='lat' dir='ltr'><strong>nominatur,</strong></span> <span class='ocrx_word' id='word_1_693' title='bbox 1648 1625 1676 1648; x_wconf 81' lang='lat' dir='ltr'><strong>et</strong></span> 
     </span>
    </p>
   </div>
   <div class='ocr_carea' id='block_1_91' title="bbox 892 1660 1675 1700">
    <p class='ocr_par' dir='ltr' id='par_1_91' title="bbox 892 1660 1675 1700">
     <span class='ocr_line' id='line_1_91' title="bbox 892 1660 1675 1700; baseline 0.009 -14"><span class='ocrx_word' id='word_1_694' title='bbox 892 1664 964 1694; x_wconf 81' lang='lat' dir='ltr'><strong>terra</strong></span> <span class='ocrx_word' id='word_1_695' title='bbox 976 1660 1001 1687; x_wconf 92' lang='lat' dir='ltr'><strong>in</strong></span> <span class='ocrx_word' id='word_1_696' title='bbox 1017 1662 1133 1689; x_wconf 80' lang='lat' dir='ltr'><strong>excelsis</strong></span> <span class='ocrx_word' id='word_1_697' title='bbox 1145 1664 1243 1697; x_wconf 88' lang='lat' dir='ltr'><strong>posita,</strong></span> <span class='ocrx_word' id='word_1_698' title='bbox 1258 1665 1291 1691; x_wconf 87' lang='lat' dir='ltr'><strong>de</strong></span> <span class='ocrx_word' id='word_1_699' title='bbox 1303 1672 1355 1699; x_wconf 88' lang='lat' dir='ltr'><strong>qua</strong></span> <span class='ocrx_word' id='word_1_700' title='bbox 1369 1666 1402 1693; x_wconf 92' lang='lat' dir='ltr'><strong>ad</strong></span> <span class='ocrx_word' id='word_1_701' title='bbox 1413 1665 1516 1700; x_wconf 87' lang='lat' dir='ltr'><strong>justum</strong></span> <span class='ocrx_word' id='word_1_702' title='bbox 1527 1666 1592 1693; x_wconf 90' lang='lat' dir='ltr'><strong>dicit</strong></span> <span class='ocrx_word' id='word_1_703' title='bbox 1606 1665 1675 1693; x_wconf 85' lang='lat' dir='ltr'><strong>Pro-</strong></span> 
     </span>
    </p>
   </div>
   <div class='ocr_carea' id='block_1_92' title="bbox 892 1707 1672 1741">
    <p class='ocr_par' dir='ltr' id='par_1_92' title="bbox 892 1707 1672 1741">
     <span class='ocr_line' id='line_1_92' title="bbox 892 1707 1672 1741; baseline 0.006 -8"><span class='ocrx_word' id='word_1_704' title='bbox 892 1707 970 1741; x_wconf 83' lang='lat' dir='ltr'><strong>pheta</strong></span> <span class='ocrx_word' id='word_1_705' title='bbox 981 1707 1003 1723; x_wconf 87' lang='lat'><strong><em>&quot;</em></strong></span> <span class='ocrx_word' id='word_1_706' title='bbox 1020 1717 1026 1735; x_wconf 90' lang='lat'><strong>:</strong></span> <span class='ocrx_word' id='word_1_707' title='bbox 1045 1717 1054 1733; x_wconf 77' lang='grc' dir='ltr'>ι</span> <span class='ocrx_word' id='word_1_708' title='bbox 1070 1708 1102 1735; x_wconf 87' lang='lat' dir='ltr'><strong>Et</strong></span> <span class='ocrx_word' id='word_1_709' title='bbox 1123 1709 1255 1737; x_wconf 84' lang='lat' dir='ltr'><strong>exaltabit</strong></span> <span class='ocrx_word' id='word_1_710' title='bbox 1281 1715 1307 1738; x_wconf 89' lang='lat' dir='ltr'><strong>te</strong></span> <span class='ocrx_word' id='word_1_711' title='bbox 1327 1715 1357 1738; x_wconf 92' lang='lat' dir='ltr'><strong>ut</strong></span> <span class='ocrx_word' id='word_1_712' title='bbox 1379 1711 1523 1740; x_wconf 63' lang='lat' dir='ltr'><strong>haeredites</strong></span> <span class='ocrx_word' id='word_1_713' title='bbox 1540 1717 1649 1740; x_wconf 91' lang='lat' dir='ltr'><strong>terram.</strong></span> <span class='ocrx_word' id='word_1_714' title='bbox 1662 1722 1672 1738; x_wconf 75' lang='grc' dir='ltr'>ι</span> 
     </span>
    </p>
   </div>
   <div class='ocr_carea' id='block_1_93' title="bbox 891 1751 1675 1792">
    <p class='ocr_par' dir='ltr' id='par_1_93' title="bbox 891 1751 1675 1792">
     <span class='ocr_line' id='line_1_93' title="bbox 891 1751 1675 1792; baseline 0.01 -14"><span class='ocrx_word' id='word_1_715' title='bbox 891 1751 969 1779; x_wconf 91' lang='lat' dir='ltr'><strong>Istius</strong></span> <span class='ocrx_word' id='word_1_716' title='bbox 983 1760 1047 1787; x_wconf 78' lang='lat' dir='ltr'><strong>ergo</strong></span> <span class='ocrx_word' id='word_1_717' title='bbox 1063 1758 1143 1788; x_wconf 74' lang='lat' dir='ltr'><strong>terrae</strong></span> <span class='ocrx_word' id='word_1_718' title='bbox 1156 1754 1535 1792; x_wconf 82' lang='lat' dir='ltr'><strong>h:eredita‘lem,posteaquam</strong></span> <span class='ocrx_word' id='word_1_719' title='bbox 1551 1759 1583 1785; x_wconf 91' lang='lat' dir='ltr'><strong>de</strong></span> <span class='ocrx_word' id='word_1_720' title='bbox 1595 1766 1675 1785; x_wconf 92' lang='lat' dir='ltr'><strong>mun-</strong></span> 
     </span>
    </p>
   </div>
   <div class='ocr_carea' id='block_1_94' title="bbox 890 1797 1673 1833">
    <p class='ocr_par' dir='ltr' id='par_1_94' title="bbox 890 1797 1673 1833">
     <span class='ocr_line' id='line_1_94' title="bbox 890 1797 1673 1833; baseline 0.01 -10"><span class='ocrx_word' id='word_1_721' title='bbox 890 1797 916 1824; x_wconf 94' lang='lat' dir='ltr'><strong>di</strong></span> <span class='ocrx_word' id='word_1_722' title='bbox 929 1797 1008 1831; x_wconf 90' lang='lat' dir='ltr'><strong>hujus</strong></span> <span class='ocrx_word' id='word_1_723' title='bbox 1021 1797 1141 1833; x_wconf 56' lang='lat' dir='ltr'><strong>(Egypto</strong></span> <span class='ocrx_word' id='word_1_724' title='bbox 1153 1799 1261 1833; x_wconf 87' lang='lat' dir='ltr'><strong>exierit,</strong></span> <span class='ocrx_word' id='word_1_725' title='bbox 1276 1800 1329 1828; x_wconf 89' lang='lat' dir='ltr'><strong>Deo</strong></span> <span class='ocrx_word' id='word_1_726' title='bbox 1346 1802 1460 1829; x_wconf 87' lang='lat' dir='ltr'><strong>credens</strong></span> <span class='ocrx_word' id='word_1_727' title='bbox 1473 1803 1562 1830; x_wconf 83' lang='lat' dir='ltr'><strong>anima</strong></span> <span class='ocrx_word' id='word_1_728' title='bbox 1575 1811 1673 1832; x_wconf 75' lang='lat' dir='ltr'><strong>consc-</strong></span> 
     </span>
    </p>
   </div>
   <div class='ocr_carea' id='block_1_95' title="bbox 889 1842 1672 1882">
    <p class='ocr_par' dir='ltr' id='par_1_95' title="bbox 889 1842 1672 1882">
     <span class='ocr_line' id='line_1_95' title="bbox 889 1842 1672 1882; baseline 0.01 -15"><span class='ocrx_word' id='word_1_729' title='bbox 889 1842 1040 1876; x_wconf 82' lang='lat' dir='ltr'><strong>qniturzet</strong></span> <span class='ocrx_word' id='word_1_730' title='bbox 1061 1843 1125 1870; x_wconf 89' lang='lat' dir='ltr'><strong>alibi</strong></span> <span class='ocrx_word' id='word_1_731' title='bbox 1144 1844 1252 1878; x_wconf 85' lang='lat' dir='ltr'><strong>quidem</strong></span> <span class='ocrx_word' id='word_1_732' title='bbox 1272 1845 1304 1879; x_wconf 91' lang='lat' dir='ltr'><strong>ii,</strong></span> <span class='ocrx_word' id='word_1_733' title='bbox 1321 1846 1367 1880; x_wconf 91' lang='lat' dir='ltr'><strong>qui</strong></span> <span class='ocrx_word' id='word_1_734' title='bbox 1387 1847 1438 1874; x_wconf 90' lang='lat' dir='ltr'><strong>sub</strong></span> <span class='ocrx_word' id='word_1_735' title='bbox 1461 1846 1520 1882; x_wconf 74' lang='lat' dir='ltr'><strong>lege</strong></span> <span class='ocrx_word' id='word_1_736' title='bbox 1535 1848 1672 1879; x_wconf 87' lang='lat' dir='ltr'><strong>vixerunt.</strong></span> 
     </span>
    </p>
   </div>
   <div class='ocr_carea' id='block_1_96' title="bbox 889 1889 1671 1929">
    <p class='ocr_par' dir='ltr' id='par_1_96' title="bbox 889 1889 1671 1929">
     <span class='ocr_line' id='line_1_96' title="bbox 889 1889 1671 1929; baseline 0.009 -14"><span class='ocrx_word' id='word_1_737' title='bbox 889 1889 953 1916; x_wconf 89' lang='lat' dir='ltr'><strong>alibi</strong></span> <span class='ocrx_word' id='word_1_738' title='bbox 976 1895 1065 1917; x_wconf 90' lang='lat' dir='ltr'><strong>autem</strong></span> <span class='ocrx_word' id='word_1_739' title='bbox 1090 1890 1135 1924; x_wconf 88' lang='lat' dir='ltr'><strong>qui</strong></span> <span class='ocrx_word' id='word_1_740' title='bbox 1154 1898 1203 1925; x_wconf 89' lang='lat' dir='ltr'><strong>per</strong></span> <span class='ocrx_word' id='word_1_741' title='bbox 1223 1891 1286 1920; x_wconf 81' lang='lat' dir='ltr'><strong>Jesu</strong></span> <span class='ocrx_word' id='word_1_742' title='bbox 1297 1892 1400 1921; x_wconf 84' lang='lat' dir='ltr'><strong>Christi</strong></span> <span class='ocrx_word' id='word_1_743' title='bbox 1414 1893 1494 1922; x_wconf 84' lang='lat' dir='ltr'><strong>fidem</strong></span> <span class='ocrx_word' id='word_1_744' title='bbox 1510 1899 1538 1921; x_wconf 89' lang='lat' dir='ltr'><strong>et</strong></span> <span class='ocrx_word' id='word_1_745' title='bbox 1554 1895 1671 1929; x_wconf 74' lang='lat' dir='ltr'><strong>gratiam</strong></span> 
     </span>
    </p>
   </div>
   <div class='ocr_carea' id='block_1_97' title="bbox 889 1935 1670 1975">
    <p class='ocr_par' dir='ltr' id='par_1_97' title="bbox 889 1935 1670 1975">
     <span class='ocr_line' id='line_1_97' title="bbox 889 1935 1670 1975; baseline 0.009 -14"><span class='ocrx_word' id='word_1_746' title='bbox 889 1935 1039 1970; x_wconf 84' lang='lat' dir='ltr'><strong>dispensati</strong></span> <span class='ocrx_word' id='word_1_747' title='bbox 1051 1941 1123 1964; x_wconf 89' lang='lat' dir='ltr'><strong>sunt.</strong></span> <span class='ocrx_word' id='word_1_748' title='bbox 1138 1937 1333 1966; x_wconf 88' lang='lat' dir='ltr'><strong>Verumtatnen</strong></span> <span class='ocrx_word' id='word_1_749' title='bbox 1348 1940 1366 1966; x_wconf 93' lang='lat' dir='ltr'><strong>ii</strong></span> <span class='ocrx_word' id='word_1_750' title='bbox 1379 1941 1425 1975; x_wconf 91' lang='lat' dir='ltr'><strong>qui</strong></span> <span class='ocrx_word' id='word_1_751' title='bbox 1442 1940 1569 1968; x_wconf 90' lang='lat' dir='ltr'><strong>videntur</strong></span> <span class='ocrx_word' id='word_1_752' title='bbox 1580 1942 1670 1975; x_wconf 89' lang='lat' dir='ltr'><strong>primi,</strong></span> 
     </span>
    </p>
   </div>
   <div class='ocr_carea' id='block_1_98' title="bbox 888 1981 1671 2021">
    <p class='ocr_par' dir='ltr' id='par_1_98' title="bbox 888 1981 1671 2021">
     <span class='ocr_line' id='line_1_98' title="bbox 888 1981 1671 2021; baseline 0.005 -14"><span class='ocrx_word' id='word_1_753' title='bbox 888 1985 915 2007; x_wconf 91' lang='lat' dir='ltr'><strong>et</strong></span> <span class='ocrx_word' id='word_1_754' title='bbox 938 1988 985 2013; x_wconf 85' lang='lat' dir='ltr'><strong>per</strong></span> <span class='ocrx_word' id='word_1_755' title='bbox 1010 1981 1101 2014; x_wconf 80' lang='lat' dir='ltr'><strong>Mosen</strong></span> <span class='ocrx_word' id='word_1_756' title='bbox 1127 1982 1287 2017; x_wconf 86' lang='lat' dir='ltr'><strong>dispensati,</strong></span> <span class='ocrx_word' id='word_1_757' title='bbox 1301 1991 1356 2012; x_wconf 91' lang='lat' dir='ltr'><strong>non</strong></span> <span class='ocrx_word' id='word_1_758' title='bbox 1372 1986 1448 2020; x_wconf 90' lang='lat' dir='ltr'><strong>prius</strong></span> <span class='ocrx_word' id='word_1_759' title='bbox 1469 1990 1671 2021; x_wconf 81' lang='lat' dir='ltr'><strong>consequentur</strong></span> 
     </span>
    </p>
   </div>
   <div class='ocr_carea' id='block_1_99' title="bbox 889 2026 1670 2064">
    <p class='ocr_par' dir='ltr' id='par_1_99' title="bbox 889 2026 1670 2064">
     <span class='ocr_line' id='line_1_99' title="bbox 889 2026 1670 2064; baseline 0.008 -12"><span class='ocrx_word' id='word_1_760' title='bbox 889 2026 1073 2054; x_wconf 71' lang='lat' dir='ltr'><strong>hmreditatem</strong></span> <span class='ocrx_word' id='word_1_761' title='bbox 1091 2027 1142 2055; x_wconf 86' lang='lat' dir='ltr'><strong>sibi</strong></span> <span class='ocrx_word' id='word_1_762' title='bbox 1161 2028 1309 2062; x_wconf 86' lang='lat' dir='ltr'><strong>decretam,</strong></span> <span class='ocrx_word' id='word_1_763' title='bbox 1326 2037 1407 2064; x_wconf 89' lang='lat' dir='ltr'><strong>quam</strong></span> <span class='ocrx_word' id='word_1_764' title='bbox 1436 2030 1509 2058; x_wconf 88' lang='lat' dir='ltr'><strong>Mose</strong></span> <span class='ocrx_word' id='word_1_765' title='bbox 1529 2031 1598 2057; x_wconf 82' lang='lat' dir='ltr'><strong>duce</strong></span> <span class='ocrx_word' id='word_1_766' title='bbox 1613 2038 1670 2058; x_wconf 89' lang='lat' dir='ltr'><strong>me-</strong></span> 
     </span>
    </p>
   </div>
   <div class='ocr_carea' id='block_1_100' title="bbox 887 2072 1671 2110">
    <p class='ocr_par' dir='ltr' id='par_1_100' title="bbox 887 2072 1671 2110">
     <span class='ocr_line' id='line_1_100' title="bbox 887 2072 1671 2110; baseline 0.005 -11"><span class='ocrx_word' id='word_1_767' title='bbox 887 2077 1012 2106; x_wconf 90' lang='lat' dir='ltr'><strong>ruerunt,</strong></span> <span class='ocrx_word' id='word_1_768' title='bbox 1035 2072 1085 2101; x_wconf 85' lang='lat' dir='ltr'><strong>nisi</strong></span> <span class='ocrx_word' id='word_1_769' title='bbox 1100 2077 1126 2099; x_wconf 89' lang='lat' dir='ltr'><strong>et</strong></span> <span class='ocrx_word' id='word_1_770' title='bbox 1148 2073 1198 2108; x_wconf 91' lang='lat' dir='ltr'><strong>ipsi</strong></span> <span class='ocrx_word' id='word_1_771' title='bbox 1221 2078 1360 2101; x_wconf 89' lang='lat' dir='ltr'><strong>transeant</strong></span> <span class='ocrx_word' id='word_1_772' title='bbox 1374 2082 1435 2102; x_wconf 96' lang='lat' dir='ltr'><strong>cum</strong></span> <span class='ocrx_word' id='word_1_773' title='bbox 1455 2075 1488 2102; x_wconf 88' lang='lat' dir='ltr'><strong>iis</strong></span> <span class='ocrx_word' id='word_1_774' title='bbox 1505 2083 1575 2110; x_wconf 91' lang='lat' dir='ltr'><strong>quos</strong></span> <span class='ocrx_word' id='word_1_775' title='bbox 1592 2074 1671 2103; x_wconf 74' lang='lat' dir='ltr'><strong>Iesus</strong></span> 
     </span>
    </p>
   </div>
   <div class='ocr_carea' id='block_1_101' title="bbox 887 2117 1672 2155">
    <p class='ocr_par' dir='ltr' id='par_1_101' title="bbox 887 2117 1672 2155">
     <span class='ocr_line' id='line_1_101' title="bbox 887 2117 1672 2155; baseline 0.009 -12"><span class='ocrx_word' id='word_1_776' title='bbox 887 2117 1033 2153; x_wconf 83' lang='lat' dir='ltr'><strong>dispensat,</strong></span> <span class='ocrx_word' id='word_1_777' title='bbox 1051 2124 1078 2146; x_wconf 90' lang='lat' dir='ltr'><strong>et</strong></span> <span class='ocrx_word' id='word_1_778' title='bbox 1093 2125 1214 2155; x_wconf 80' lang='lat' dir='ltr'><strong>pugnent</strong></span> <span class='ocrx_word' id='word_1_779' title='bbox 1238 2127 1300 2147; x_wconf 88' lang='lat' dir='ltr'><strong>cum</strong></span> <span class='ocrx_word' id='word_1_780' title='bbox 1317 2121 1357 2148; x_wconf 87' lang='lat' dir='ltr'><strong>eis</strong></span> <span class='ocrx_word' id='word_1_781' title='bbox 1379 2127 1471 2149; x_wconf 86' lang='lat' dir='ltr'><strong>contra</strong></span> <span class='ocrx_word' id='word_1_782' title='bbox 1490 2122 1625 2155; x_wconf 84' lang='lat' dir='ltr'><strong>inimicos,</strong></span> <span class='ocrx_word' id='word_1_783' title='bbox 1644 2128 1672 2150; x_wconf 90' lang='lat' dir='ltr'><strong>et</strong></span> 
     </span>
    </p>
   </div>
   <div class='ocr_carea' id='block_1_102' title="bbox 887 2163 1671 2203">
    <p class='ocr_par' dir='ltr' id='par_1_102' title="bbox 887 2163 1671 2203">
     <span class='ocr_line' id='line_1_102' title="bbox 887 2163 1671 2203; baseline 0.008 -13"><span class='ocrx_word' id='word_1_784' title='bbox 887 2163 1019 2196; x_wconf 81' lang='lat' dir='ltr'><strong>collocent</strong></span> <span class='ocrx_word' id='word_1_785' title='bbox 1031 2171 1077 2203; x_wconf 83' lang='lat' dir='ltr'><strong>eos</strong></span> <span class='ocrx_word' id='word_1_786' title='bbox 1089 2165 1115 2191; x_wconf 92' lang='lat' dir='ltr'><strong>in</strong></span> <span class='ocrx_word' id='word_1_787' title='bbox 1130 2165 1241 2192; x_wconf 90' lang='lat' dir='ltr'><strong>sedibus</strong></span> <span class='ocrx_word' id='word_1_788' title='bbox 1259 2166 1326 2200; x_wconf 87' lang='lat' dir='ltr'><strong>suis,</strong></span> <span class='ocrx_word' id='word_1_789' title='bbox 1340 2170 1367 2193; x_wconf 92' lang='lat' dir='ltr'><strong>et</strong></span> <span class='ocrx_word' id='word_1_790' title='bbox 1383 2167 1420 2194; x_wconf 90' lang='lat' dir='ltr'><strong>ita</strong></span> <span class='ocrx_word' id='word_1_791' title='bbox 1435 2167 1486 2202; x_wconf 89' lang='lat' dir='ltr'><strong>ipsi</strong></span> <span class='ocrx_word' id='word_1_792' title='bbox 1505 2175 1671 2203; x_wconf 84' lang='lat' dir='ltr'><strong>consequen—</strong></span> 
     </span>
    </p>
   </div>
   <div class='ocr_carea' id='block_1_103' title="bbox 889 2209 1598 2246">
    <p class='ocr_par' dir='ltr' id='par_1_103' title="bbox 889 2209 1598 2246">
     <span class='ocr_line' id='line_1_103' title="bbox 889 2209 1598 2246; baseline 0.007 -11"><span class='ocrx_word' id='word_1_793' title='bbox 889 2213 932 2235; x_wconf 93' lang='lat' dir='ltr'><strong>tur</strong></span> <span class='ocrx_word' id='word_1_794' title='bbox 946 2209 1131 2236; x_wconf 78' lang='lat' dir='ltr'><strong>htereditatetn</strong></span> <span class='ocrx_word' id='word_1_795' title='bbox 1147 2217 1227 2244; x_wconf 91' lang='lat' dir='ltr'><strong>quam</strong></span> <span class='ocrx_word' id='word_1_796' title='bbox 1244 2210 1335 2246; x_wconf 85' lang='lat' dir='ltr'><strong>Moyse</strong></span> <span class='ocrx_word' id='word_1_797' title='bbox 1347 2212 1415 2239; x_wconf 87' lang='lat' dir='ltr'><strong>duce</strong></span> <span class='ocrx_word' id='word_1_798' title='bbox 1430 2218 1598 2241; x_wconf 83' lang='lat' dir='ltr'><strong>meruerunt.</strong></span> 
     </span>
    </p>
   </div>
   <div class='ocr_carea' id='block_1_104' title="bbox 923 2253 1668 2294">
    <p class='ocr_par' dir='ltr' id='par_1_104' title="bbox 923 2253 1668 2294">
     <span class='ocr_line' id='line_1_104' title="bbox 923 2253 1668 2294; baseline 0.012 -15"><span class='ocrx_word' id='word_1_799' title='bbox 923 2253 949 2280; x_wconf 84' lang='grc'><strong>6.</strong></span> <span class='ocrx_word' id='word_1_800' title='bbox 972 2253 1024 2280; x_wconf 90' lang='lat' dir='ltr'><strong>Sed</strong></span> <span class='ocrx_word' id='word_1_801' title='bbox 1042 2254 1098 2281; x_wconf 60' lang='lat' dir='ltr'><strong>hate</strong></span> <span class='ocrx_word' id='word_1_802' title='bbox 1118 2254 1171 2281; x_wconf 89' lang='lat' dir='ltr'><strong>nisi</strong></span> <span class='ocrx_word' id='word_1_803' title='bbox 1191 2262 1223 2282; x_wconf 86' lang='lat' dir='ltr'><strong>ex</strong></span> <span class='ocrx_word' id='word_1_804' title='bbox 1240 2255 1390 2290; x_wconf 89' lang='lat' dir='ltr'><strong>Scripturis</strong></span> <span class='ocrx_word' id='word_1_805' title='bbox 1405 2257 1504 2286; x_wconf 89' lang='lat' dir='ltr'><strong>divinis</strong></span> <span class='ocrx_word' id='word_1_806' title='bbox 1520 2259 1668 2294; x_wconf 90' lang='lat' dir='ltr'><strong>approben-</strong></span> 
     </span>
    </p>
   </div>
   <div class='ocr_carea' id='block_1_105' title="bbox 889 2297 1669 2339">
    <p class='ocr_par' dir='ltr' id='par_1_105' title="bbox 889 2297 1669 2339">
     <span class='ocr_line' id='line_1_105' title="bbox 889 2297 1669 2339; baseline 0.012 -16"><span class='ocrx_word' id='word_1_807' title='bbox 889 2301 942 2334; x_wconf 85' lang='lat' dir='ltr'><strong>tur,</strong></span> <span class='ocrx_word' id='word_1_808' title='bbox 969 2297 1065 2325; x_wconf 75' lang='lat' dir='ltr'><strong>fabulae</strong></span> <span class='ocrx_word' id='word_1_809' title='bbox 1085 2298 1259 2328; x_wconf 81' lang='lat' dir='ltr'><strong>videbuntur.</strong></span> <span class='ocrx_word' id='word_1_810' title='bbox 1284 2300 1382 2329; x_wconf 82' lang='lat' dir='ltr'><strong>Paulus</strong></span> <span class='ocrx_word' id='word_1_811' title='bbox 1399 2309 1465 2337; x_wconf 79' lang='lat' dir='ltr'><strong>ergo</strong></span> <span class='ocrx_word' id='word_1_812' title='bbox 1485 2303 1581 2331; x_wconf 87' lang='lat' dir='ltr'><strong>horum</strong></span> <span class='ocrx_word' id='word_1_813' title='bbox 1604 2312 1669 2339; x_wconf 86' lang='lat' dir='ltr'><strong>pro-</strong></span> 
     </span>
    </p>
   </div>
   <div class='ocr_carea' id='block_1_106' title="bbox 888 2342 1669 2383">
    <p class='ocr_par' dir='ltr' id='par_1_106' title="bbox 888 2342 1669 2383">
     <span class='ocr_line' id='line_1_106' title="bbox 888 2342 1669 2383; baseline 0.012 -14"><span class='ocrx_word' id='word_1_814' title='bbox 888 2342 1003 2369; x_wconf 88' lang='lat' dir='ltr'><strong>ducatur</strong></span> <span class='ocrx_word' id='word_1_815' title='bbox 1024 2342 1050 2369; x_wconf 93' lang='lat' dir='ltr'><strong>in</strong></span> <span class='ocrx_word' id='word_1_816' title='bbox 1074 2344 1191 2381; x_wconf 76' lang='lat' dir='ltr'><strong>medium</strong></span> <span class='ocrx_word' id='word_1_817' title='bbox 1210 2345 1323 2373; x_wconf 88' lang='lat' dir='ltr'><strong>idoneus</strong></span> <span class='ocrx_word' id='word_1_818' title='bbox 1348 2347 1435 2379; x_wconf 88' lang='lat' dir='ltr'><strong>testis,</strong></span> <span class='ocrx_word' id='word_1_819' title='bbox 1449 2348 1494 2382; x_wconf 92' lang='lat' dir='ltr'><strong>qui</strong></span> <span class='ocrx_word' id='word_1_820' title='bbox 1511 2349 1537 2376; x_wconf 94' lang='lat' dir='ltr'><strong>in</strong></span> <span class='ocrx_word' id='word_1_821' title='bbox 1551 2349 1669 2383; x_wconf 84' lang='lat' dir='ltr'><strong>Epistola</strong></span> 
     </span>
    </p>
   </div>
   <div class='ocr_carea' id='block_1_107' title="bbox 890 2386 1669 2429">
    <p class='ocr_par' dir='ltr' id='par_1_107' title="bbox 890 2386 1669 2429">
     <span class='ocr_line' id='line_1_107' title="bbox 890 2386 1669 2429; baseline 0.014 -17"><span class='ocrx_word' id='word_1_822' title='bbox 890 2387 922 2423; x_wconf 84' lang='lat' dir='ltr'><strong>ad</strong></span> <span class='ocrx_word' id='word_1_823' title='bbox 943 2386 1080 2421; x_wconf 61' lang='lat' dir='ltr'><strong>Hebraeos,</strong></span> <span class='ocrx_word' id='word_1_824' title='bbox 1102 2389 1147 2416; x_wconf 89' lang='lat' dir='ltr'><strong>ubi</strong></span> <span class='ocrx_word' id='word_1_825' title='bbox 1170 2390 1302 2427; x_wconf 83' lang='lat' dir='ltr'><strong>describit</strong></span> <span class='ocrx_word' id='word_1_826' title='bbox 1323 2399 1416 2420; x_wconf 89' lang='lat' dir='ltr'><strong>omnes</strong></span> <span class='ocrx_word' id='word_1_827' title='bbox 1442 2393 1501 2421; x_wconf 89' lang='lat' dir='ltr'><strong>illos</strong></span> <span class='ocrx_word' id='word_1_828' title='bbox 1522 2398 1624 2429; x_wconf 87' lang='lat' dir='ltr'><strong>patres,</strong></span> <span class='ocrx_word' id='word_1_829' title='bbox 1641 2401 1669 2423; x_wconf 88' lang='lat' dir='ltr'><strong>et</strong></span> 
     </span>
    </p>
   </div>
   <div class='ocr_carea' id='block_1_108' title="bbox 889 2428 1668 2473">
    <p class='ocr_par' dir='ltr' id='par_1_108' title="bbox 889 2428 1668 2473">
     <span class='ocr_line' id='line_1_108' title="bbox 889 2428 1668 2473; baseline 0.012 -15"><span class='ocrx_word' id='word_1_830' title='bbox 889 2428 1075 2466; x_wconf 59' lang='lat' dir='ltr'><strong>patriarchas,</strong></span> <span class='ocrx_word' id='word_1_831' title='bbox 1094 2442 1125 2461; x_wconf 88' lang='lat' dir='ltr'><strong>ac</strong></span> <span class='ocrx_word' id='word_1_832' title='bbox 1147 2436 1304 2470; x_wconf 85' lang='lat' dir='ltr'><strong>prophetas,</strong></span> <span class='ocrx_word' id='word_1_833' title='bbox 1324 2438 1368 2472; x_wconf 90' lang='lat' dir='ltr'><strong>qui</strong></span> <span class='ocrx_word' id='word_1_834' title='bbox 1387 2445 1436 2472; x_wconf 86' lang='lat' dir='ltr'><strong>per</strong></span> <span class='ocrx_word' id='word_1_835' title='bbox 1453 2428 1532 2466; x_wconf 82' lang='lat' dir='ltr'><strong>fidem</strong></span> <span class='ocrx_word' id='word_1_836' title='bbox 1557 2439 1668 2473; x_wconf 85' lang='lat' dir='ltr'><strong>placue-</strong></span> 
     </span>
    </p>
   </div>
   <div class='ocr_carea' id='block_1_109' title="bbox 888 2476 1667 2516">
    <p class='ocr_par' dir='ltr' id='par_1_109' title="bbox 888 2476 1667 2516">
     <span class='ocr_line' id='line_1_109' title="bbox 888 2476 1667 2516; baseline 0.01 -12"><span class='ocrx_word' id='word_1_837' title='bbox 888 2483 952 2505; x_wconf 90' lang='lat' dir='ltr'><strong>runt</strong></span> <span class='ocrx_word' id='word_1_838' title='bbox 978 2479 1042 2511; x_wconf 88' lang='lat' dir='ltr'><strong>Deo,</strong></span> <span class='ocrx_word' id='word_1_839' title='bbox 1059 2485 1120 2515; x_wconf 90' lang='lat' dir='ltr'><strong>post</strong></span> <span class='ocrx_word' id='word_1_840' title='bbox 1134 2476 1366 2511; x_wconf 82' lang='lat' dir='ltr'><strong>enumerationem</strong></span> <span class='ocrx_word' id='word_1_841' title='bbox 1382 2488 1551 2516; x_wconf 88' lang='lat' dir='ltr'><strong>cunctorum,</strong></span> <span class='ocrx_word' id='word_1_842' title='bbox 1563 2485 1589 2511; x_wconf 93' lang='lat' dir='ltr'><strong>in</strong></span> <span class='ocrx_word' id='word_1_843' title='bbox 1604 2485 1667 2512; x_wconf 92' lang='lat' dir='ltr'><strong>ulti-</strong></span> 
     </span>
    </p>
   </div>
   <div class='ocr_carea' id='block_1_110' title="bbox 888 2525 1666 2558">
    <p class='ocr_par' dir='ltr' id='par_1_110' title="bbox 888 2525 1666 2558">
     <span class='ocr_line' id='line_1_110' title="bbox 888 2525 1666 2558; baseline 0.008 -7"><span class='ocrx_word' id='word_1_844' title='bbox 888 2533 929 2552; x_wconf 89' lang='lat' dir='ltr'><strong>ma</strong></span> <span class='ocrx_word' id='word_1_845' title='bbox 953 2525 1125 2554; x_wconf 87' lang='lat' dir='ltr'><strong>conclusione</strong></span> <span class='ocrx_word' id='word_1_846' title='bbox 1148 2528 1188 2555; x_wconf 87' lang='lat' dir='ltr'><strong>sic</strong></span> <span class='ocrx_word' id='word_1_847' title='bbox 1207 2528 1274 2555; x_wconf 89' lang='lat' dir='ltr'><strong>dicit</strong></span> <span class='ocrx_word' id='word_1_848' title='bbox 1294 2529 1327 2556; x_wconf 92' lang='lat' dir='ltr'><strong>de</strong></span> <span class='ocrx_word' id='word_1_849' title='bbox 1347 2529 1386 2556; x_wconf 88' lang='lat' dir='ltr'><strong>eis</strong></span> <span class='ocrx_word' id='word_1_850' title='bbox 1395 2529 1438 2556; x_wconf 75' lang='grc' dir='ltr'><strong>ἠε</strong></span> <span class='ocrx_word' id='word_1_851' title='bbox 1457 2538 1467 2555; x_wconf 83' lang='grc' dir='ltr'>ι</span> <span class='ocrx_word' id='word_1_852' title='bbox 1483 2530 1517 2557; x_wconf 83' lang='lat' dir='ltr'><strong>Et;</strong></span> <span class='ocrx_word' id='word_1_853' title='bbox 1537 2530 1555 2557; x_wconf 91' lang='lat' dir='ltr'><strong>ii</strong></span> <span class='ocrx_word' id='word_1_854' title='bbox 1571 2537 1666 2558; x_wconf 88' lang='lat' dir='ltr'><strong>omnes</strong></span> 
     </span>
    </p>
   </div>
   <div class='ocr_carea' id='block_1_111' title="bbox 888 2571 1667 2610">
    <p class='ocr_par' dir='ltr' id='par_1_111' title="bbox 888 2571 1667 2610">
     <span class='ocr_line' id='line_1_111' title="bbox 888 2571 1667 2610; baseline 0.006 -13"><span class='ocrx_word' id='word_1_855' title='bbox 888 2571 1041 2608; x_wconf 78' lang='lat' dir='ltr'><strong>testimonio</strong></span> <span class='ocrx_word' id='word_1_856' title='bbox 1054 2571 1114 2600; x_wconf 85' lang='lat' dir='ltr'><strong>ﬁdei</strong></span> <span class='ocrx_word' id='word_1_857' title='bbox 1131 2577 1241 2608; x_wconf 90' lang='lat' dir='ltr'><strong>accepto</strong></span> <span class='ocrx_word' id='word_1_858' title='bbox 1265 2581 1318 2601; x_wconf 93' lang='lat' dir='ltr'><strong>non</strong></span> <span class='ocrx_word' id='word_1_859' title='bbox 1333 2579 1509 2610; x_wconf 77' lang='lat' dir='ltr'><strong>perceperunt</strong></span> <span class='ocrx_word' id='word_1_860' title='bbox 1521 2575 1667 2609; x_wconf 89' lang='lat' dir='ltr'><strong>repromis-</strong></span> 
     </span>
    </p>
   </div>
   <div class='ocr_carea' id='block_1_112' title="bbox 885 2618 1664 2656">
    <p class='ocr_par' dir='ltr' id='par_1_112' title="bbox 885 2618 1664 2656">
     <span class='ocr_line' id='line_1_112' title="bbox 885 2618 1664 2656; baseline 0.005 -12"><span class='ocrx_word' id='word_1_861' title='bbox 885 2619 985 2654; x_wconf 24' lang='lat' dir='ltr'><strong>sion&#39;es,</strong></span> <span class='ocrx_word' id='word_1_862' title='bbox 1004 2618 1060 2646; x_wconf 88' lang='lat' dir='ltr'><strong>Deo</strong></span> <span class='ocrx_word' id='word_1_863' title='bbox 1083 2625 1133 2653; x_wconf 87' lang='lat' dir='ltr'><strong>pro</strong></span> <span class='ocrx_word' id='word_1_864' title='bbox 1158 2620 1236 2647; x_wconf 89' lang='lat' dir='ltr'><strong>nobis</strong></span> <span class='ocrx_word' id='word_1_865' title='bbox 1258 2620 1355 2648; x_wconf 83' lang='lat' dir='ltr'><strong>melius</strong></span> <span class='ocrx_word' id='word_1_866' title='bbox 1375 2620 1477 2655; x_wconf 91' lang='lat' dir='ltr'><strong>aliquid</strong></span> <span class='ocrx_word' id='word_1_867' title='bbox 1494 2621 1664 2656; x_wconf 83' lang='lat' dir='ltr'><strong>providente,</strong></span> 
     </span>
    </p>
   </div>
   <div class='ocr_carea' id='block_1_113' title="bbox 885 2664 1664 2700">
    <p class='ocr_par' dir='ltr' id='par_1_113' title="bbox 885 2664 1664 2700">
     <span class='ocr_line' id='line_1_113' title="bbox 885 2664 1664 2700; baseline 0.005 -10"><span class='ocrx_word' id='word_1_868' title='bbox 885 2664 923 2690; x_wconf 93' lang='lat' dir='ltr'><strong>uti</strong></span> <span class='ocrx_word' id='word_1_869' title='bbox 941 2671 975 2691; x_wconf 88' lang='lat' dir='ltr'><strong>ne</strong></span> <span class='ocrx_word' id='word_1_870' title='bbox 991 2664 1050 2691; x_wconf 88' lang='lat' dir='ltr'><strong>sine</strong></span> <span class='ocrx_word' id='word_1_871' title='bbox 1065 2664 1144 2691; x_wconf 90' lang='lat' dir='ltr'><strong>nobis</strong></span> <span class='ocrx_word' id='word_1_872' title='bbox 1169 2669 1432 2693; x_wconf 89' lang='lat' dir='ltr'><strong>consummarentur.</strong></span> <span class='ocrx_word' id='word_1_873' title='bbox 1446 2675 1456 2692; x_wconf 76' lang='grc' dir='ltr'><strong><em>ι</em></strong></span> <span class='ocrx_word' id='word_1_874' title='bbox 1477 2665 1560 2700; x_wconf 84' lang='lat' dir='ltr'><strong>Quasi</strong></span> <span class='ocrx_word' id='word_1_875' title='bbox 1587 2667 1664 2695; x_wconf 86' lang='lat' dir='ltr'><strong>dice-</strong></span> 
     </span>
    </p>
   </div>
   <div class='ocr_carea' id='block_1_114' title="bbox 886 2710 1662 2749">
    <p class='ocr_par' dir='ltr' id='par_1_114' title="bbox 886 2710 1662 2749">
     <span class='ocr_line' id='line_1_114' title="bbox 886 2710 1662 2749; baseline 0.005 -13"><span class='ocrx_word' id='word_1_876' title='bbox 886 2713 946 2737; x_wconf 88' lang='lat' dir='ltr'><strong>rent</strong></span> <span class='ocrx_word' id='word_1_877' title='bbox 965 2710 1025 2737; x_wconf 64' lang='lat' dir='ltr'><strong>ista:</strong></span> <span class='ocrx_word' id='word_1_878' title='bbox 1040 2716 1135 2737; x_wconf 89' lang='lat' dir='ltr'><strong>novem</strong></span> <span class='ocrx_word' id='word_1_879' title='bbox 1150 2714 1176 2736; x_wconf 90' lang='lat' dir='ltr'><strong>et</strong></span> <span class='ocrx_word' id='word_1_880' title='bbox 1192 2710 1274 2738; x_wconf 87' lang='lat' dir='ltr'><strong>semis</strong></span> <span class='ocrx_word' id='word_1_881' title='bbox 1291 2711 1378 2739; x_wconf 88' lang='lat' dir='ltr'><strong>tribus</strong></span> <span class='ocrx_word' id='word_1_882' title='bbox 1398 2712 1432 2740; x_wconf 86' lang='lat' dir='ltr'><strong>de</strong></span> <span class='ocrx_word' id='word_1_883' title='bbox 1450 2712 1502 2749; x_wconf 71' lang='lat' dir='ltr'><strong>illis</strong></span> <span class='ocrx_word' id='word_1_884' title='bbox 1515 2712 1620 2748; x_wconf 79' lang='lat' dir='ltr'><strong>duabus</strong></span> <span class='ocrx_word' id='word_1_885' title='bbox 1636 2716 1662 2740; x_wconf 88' lang='lat' dir='ltr'><strong>et</strong></span> 
     </span>
    </p>
   </div>
   <div class='ocr_carea' id='block_1_115' title="bbox 98 2790 839 2833">
    <p class='ocr_par' dir='ltr' id='par_1_115' title="bbox 98 2790 839 2833">
     <span class='ocr_line' id='line_1_115' title="bbox 98 2790 839 2833; baseline 0.009 -13"><span class='ocrx_word' id='word_1_886' title='bbox 98 2790 214 2833; x_wconf 46' lang='lat' dir='ltr'><strong>&quot;hilum:</strong></span> <span class='ocrx_word' id='word_1_887' title='bbox 225 2804 308 2833; x_wconf 78' lang='lat' dir='ltr'><strong>xxxn,</strong></span> <span class='ocrx_word' id='word_1_888' title='bbox 327 2798 363 2833; x_wconf 21' lang='lat'><strong>4.7</strong></span> <span class='ocrx_word' id='word_1_889' title='bbox 393 2797 416 2814; x_wconf 83' lang='lat'><strong>&quot;</strong></span> <span class='ocrx_word' id='word_1_890' title='bbox 431 2798 439 2824; x_wconf 99' lang='grc'><strong>1</strong></span> <span class='ocrx_word' id='word_1_891' title='bbox 454 2798 517 2825; x_wconf 90' lang='lat' dir='ltr'><strong>Cor.</strong></span> <span class='ocrx_word' id='word_1_892' title='bbox 534 2807 564 2831; x_wconf 91' lang='lat' dir='ltr'><strong>n,</strong></span> <span class='ocrx_word' id='word_1_893' title='bbox 582 2799 625 2826; x_wconf 75' lang='grc'><strong>14.</strong></span> <span class='ocrx_word' id='word_1_894' title='bbox 662 2800 685 2816; x_wconf 71' lang='grc'><strong>⁸⁵</strong></span> <span class='ocrx_word' id='word_1_895' title='bbox 700 2799 771 2832; x_wconf 84' lang='lat' dir='ltr'><strong>Psal.</strong></span> <span class='ocrx_word' id='word_1_896' title='bbox 790 2807 839 2833; x_wconf 69' lang='lat' dir='ltr'><strong>ut:</strong></span> 
     </span>
    </p>
   </div>
   <div class='ocr_carea' id='block_1_116' title="bbox 893 2790 1659 2833">
    <p class='ocr_par' dir='ltr' id='par_1_116' title="bbox 896 2796 1659 2833">
     <span class='ocr_line' id='line_1_116' title="bbox 896 2796 1659 2833; baseline 0 -7"><span class='ocrx_word' id='word_1_897' title='bbox 896 2798 922 2826; x_wconf 78' lang='lat'><strong>5.</strong></span> <span class='ocrx_word' id='word_1_898' title='bbox 959 2799 981 2833; x_wconf 56' lang='lat' dir='ltr'><strong>‘f</strong></span> <span class='ocrx_word' id='word_1_899' title='bbox 997 2798 1076 2826; x_wconf 80' lang='lat' dir='ltr'><strong>Num.</strong></span> <span class='ocrx_word' id='word_1_900' title='bbox 1089 2805 1177 2829; x_wconf 76' lang='lat' dir='ltr'><strong>xxx&quot;.</strong></span> <span class='ocrx_word' id='word_1_901' title='bbox 1189 2798 1216 2831; x_wconf 85' lang='lat'><strong>6,</strong></span> <span class='ocrx_word' id='word_1_902' title='bbox 1231 2798 1257 2826; x_wconf 93' lang='grc'><strong>7.</strong></span> <span class='ocrx_word' id='word_1_903' title='bbox 1297 2799 1318 2815; x_wconf 78' lang='grc'><strong>⁸⁸</strong></span> <span class='ocrx_word' id='word_1_904' title='bbox 1332 2799 1396 2827; x_wconf 91' lang='lat' dir='ltr'><strong>ibid.</strong></span> <span class='ocrx_word' id='word_1_905' title='bbox 1414 2800 1458 2832; x_wconf 81' lang='lat' dir='ltr'><strong>l6,</strong></span> <span class='ocrx_word' id='word_1_906' title='bbox 1476 2800 1521 2828; x_wconf 81' lang='grc' dir='ltr'><strong>Π.</strong></span> <span class='ocrx_word' id='word_1_907' title='bbox 1559 2801 1581 2818; x_wconf 79' lang='grc'><strong>⁸⁷</strong></span> <span class='ocrx_word' id='word_1_908' title='bbox 1595 2796 1659 2826; x_wconf 85' lang='lat' dir='ltr'><strong>ibid.</strong></span> 
     </span>
    </p>
   </div>
   <div class='ocr_carea' id='block_1_117' title="bbox 71 2821 634 2868">
    <p class='ocr_par' dir='ltr' id='par_1_117' title="bbox 71 2821 634 2868">
     <span class='ocr_line' id='line_1_117' title="bbox 71 2821 634 2868; baseline 0.02 -18"><span class='ocrx_word' id='word_1_909' title='bbox 71 2821 157 2857; x_wconf 73' lang='lat'><strong>28,29.</strong></span> <span class='ocrx_word' id='word_1_910' title='bbox 193 2830 215 2845; x_wconf 73' lang='grc' dir='ltr'><strong>υ·</strong></span> <span class='ocrx_word' id='word_1_911' title='bbox 226 2821 381 2866; x_wconf 43' lang='lat' dir='ltr'><strong>signa.</strong></span> <span class='ocrx_word' id='word_1_912' title='bbox 420 2821 441 2848; x_wconf 58' lang='grc' dir='ltr'><strong>εὖ</strong></span> <span class='ocrx_word' id='word_1_913' title='bbox 456 2821 634 2868; x_wconf 60' lang='grc' dir='ltr'><strong>ᾗῖιίὶιὶῗνζϊ.</strong></span> 
     </span>
    </p>
   </div>
   <div class='ocr_carea' id='block_1_118' title="bbox 248 2877 558 2910">
    <p class='ocr_par' dir='ltr' id='par_1_118' title="bbox 248 2877 558 2910">
     <span class='ocr_line' id='line_1_118' title="bbox 248 2877 558 2910; baseline 0.013 -4"><span class='ocrx_word' id='word_1_914' title='bbox 248 2877 382 2908; x_wconf 66' lang='grc' dir='ltr'><strong>Ριτκοι.</strong></span> <span class='ocrx_word' id='word_1_915' title='bbox 406 2878 462 2909; x_wconf 72' lang='grc' dir='ltr'>Οιι.</span> <span class='ocrx_word' id='word_1_916' title='bbox 487 2879 558 2910; x_wconf 83' lang='lat' dir='ltr'><strong>Xll.</strong></span> 
     </span>
    </p>
   </div>
   <div class='ocr_carea' id='block_1_119' title="bbox 684 2832 1521 2868">
    <p class='ocr_par' dir='ltr' id='par_1_119' title="bbox 684 2832 1521 2868">
     <span class='ocr_line' id='line_1_119' title="bbox 684 2832 1521 2868; baseline 0 -6"><span class='ocrx_word' id='word_1_917' title='bbox 684 2835 707 2850; x_wconf 88' lang='grc'><strong>⁷⁰</strong></span> <span class='ocrx_word' id='word_1_918' title='bbox 721 2834 815 2866; x_wconf 77' lang='lat' dir='ltr'><strong>Matth.</strong></span> <span class='ocrx_word' id='word_1_919' title='bbox 834 2841 894 2861; x_wconf 83' lang='lat' dir='ltr'><strong>xui.</strong></span> <span class='ocrx_word' id='word_1_920' title='bbox 932 2834 953 2850; x_wconf 90' lang='lat'>&#39;”</span> <span class='ocrx_word' id='word_1_921' title='bbox 966 2832 1037 2860; x_wconf 82' lang='lat' dir='ltr'><strong>Psal.</strong></span> <span class='ocrx_word' id='word_1_922' title='bbox 1050 2840 1154 2867; x_wconf 81' lang='lat' dir='ltr'><strong>xxxv&quot;,</strong></span> <span class='ocrx_word' id='word_1_923' title='bbox 1168 2833 1212 2860; x_wconf 74' lang='grc'><strong>54.</strong></span> <span class='ocrx_word' id='word_1_924' title='bbox 1253 2834 1276 2850; x_wconf 86' lang='grc'><strong>⁷¹</strong></span> <span class='ocrx_word' id='word_1_925' title='bbox 1288 2833 1356 2862; x_wconf 85' lang='lat' dir='ltr'><strong>lleb.</strong></span> <span class='ocrx_word' id='word_1_926' title='bbox 1367 2842 1406 2868; x_wconf 85' lang='lat' dir='ltr'><strong>xt,</strong></span> <span class='ocrx_word' id='word_1_927' title='bbox 1417 2834 1462 2866; x_wconf 83' lang='grc'><strong>59.</strong></span> <span class='ocrx_word' id='word_1_928' title='bbox 1476 2835 1521 2862; x_wconf 76' lang='grc'><strong>40.</strong></span> 
     </span>
    </p>
   </div>
   <div class='ocr_carea' id='block_1_120' title="bbox 1447 2880 1683 2910">
    <p class='ocr_par' dir='ltr' id='par_1_120' title="bbox 1447 2880 1683 2910">
     <span class='ocr_line' id='line_1_120' title="bbox 1447 2880 1683 2910; baseline 0.008 -12"><span class='ocrx_word' id='word_1_929' title='bbox 1447 2880 1487 2910; x_wconf 69' lang='lat'><strong>25</strong></span> <span class='ocrx_word' id='word_1_930' title='bbox 1676 2887 1683 2900; x_wconf 85' lang='lat' dir='ltr'><strong><em>I</em></strong></span> 
     </span>
    </p>
   </div>
  </div>
