1903 3052
226 167 278 193 ’170

960 161 1120 191 ORIGENIS

1799 164 1862 191 τεο

227 226 310 254 semis
328 225 460 257 tribubus,
479 225 540 258 quia
559 228 700 259 propterea
723 231 777 250 non
803 227 930 259 ceperunt
944 231 1008 258 pro-
1025 225 1049 253 Α
1064 223 1099 250 ibi
1125 223 1215 250 Jestun
1250 223 1395 250 Dominum
1417 227 1538 251 nostrum
1559 231 1687 259 sequens,
1702 224 1861 251 interficic:

227 273 375 300 missiones
394 277 471 299 terra-
487 272 568 303 illius,
585 279 643 305 qum
658 271 698 298 eis
713 276 789 298 extra
802 270 947 299 .lordancm
965 278 1012 305 per

228 318 339 353 Moysen
366 318 473 344 decreta
490 322 542 349 est,
563 317 616 344 Dco
635 324 682 351 pro
698 317 777 344 nobis
797 316 897 352 aliquid
915 317 1012 344 melius

227 365 398 398 providente,
424 363 462 390 uti
486 371 518 390 ne
547 362 605 390 sine
635 363 713 389 nobis
741 368 1010 389 consummarentur.

227 409 372 444 Propterea
388 416 452 443 ergo
467 412 609 435 transeunt
625 408 766 435 nobiscttm
781 409 879 434 armati
892 409 925 435 ad
942 416 1011 443 pra:-

224 455 302 486 iium,
317 460 343 480 et
353 454 448 487 juvant
464 461 512 480 nos
525 455 559 480 ad
572 453 793 488 belligerandum,
805 454 838 480 ad
851 461 1010 488 expugnan-

225 501 273 528 dos
299 500 434 527 inimicos.
464 498 518 525 Sed
536 498 574 525 illi
600 499 802 533 transeuntqui
821 499 920 526 armati
937 504 1009 532 sunt,

223 546 269 580 qui
283 545 332 572 viri
354 545 438 572 fortes
453 548 518 571 sunt
534 548 562 571 et
577 549 718 579 potentes;
736 544 826 572 caeteri
841 552 917 575 vero,
935 545 1011 579 igna-

223 598 256 616 va
276 597 371 616 manus
393 593 422 616 et
439 589 567 622 imbellis,
581 595 722 617 remanent
746 594 824 617 extra
851 589 1009 617 Jordauem.

224 637 252 664 Si
270 638 315 672 qui
329 641 421 664 autent
445 637 470 663 in
498 637 564 671 ipsis
575 637 628 664 viri
647 636 732 663 fortes
747 640 820 668 sunt,
836 637 939 664 relictis
951 637 1009 663 ani-

224 683 339 710 malibus
365 688 393 710 et
420 682 565 717 pecoribus
593 688 619 710 et
641 683 768 709 omnibus
795 682 1008 716 impedimentis,

224 733 344 762 pugnant
354 728 498 755 adversum
512 729 616 756 hostem
632 728 775 754 nobiscuut
794 735 934 762 usquequo
949 728 1009 755 vin-

223 779 321 799 cantur
336 773 436 800 inimici
455 773 555 806 nostri,
574 779 717 807 usquequo
728 772 916 799 luereditatctn
932 779 1010 800 terra:

222 819 313 849 bomr,
330 823 409 844 terra:
425 817 516 844 mellis
539 817 675 851 lactisque
691 817 842 850 capiamus.
861 817 927 850 Quis
937 817 1009 844 enim

223 863 331 890 dubitat
345 864 417 897 quod
440 863 526 890 sancti
543 863 645 897 quique
664 867 783 896 patrum,
798 867 826 888 et
843 863 1010 890 orationibus

224 916 274 936 nos
288 909 393 942 juvent,
413 913 440 935 et
457 913 597 943 gestorum
613 915 724 934 suorum
745 908 910 935 coufirtnent
927 913 1009 943 atque

223 955 369 982 hortentur
394 953 535 988 exemplis,
553 953 600 980 sed
618 957 645 980 et
670 953 852 981 voluminibus
873 954 941 987 suis,
962 961 1010 988 per

222 1008 255 1027 ea
280 1007 340 1034 quae
369 999 448 1026 nobis
476 999 508 1026 ad
534 999 692 1026 memoriam
720 999 819 1033 scripta
839 999 1010 1033 reliquerunt

222 1046 353 1072 docentes
381 1053 440 1077 nos,
461 1049 487 1072 et
511 1045 678 1071 instruentes
704 1045 840 1078 quomodo
865 1045 1008 1072 adversum

223 1091 346 1118 inimicas
364 1094 512 1124 potestates
530 1090 714 1117 dimicandutn
742 1090 787 1122 sit,
814 1095 842 1117 et
872 1092 1007 1125 quomodo

222 1144 339 1172 agonum
357 1136 495 1163 toleranda
508 1135 679 1162 certamina?
693 1135 814 1170 Pugnant
826 1143 889 1171 ergo
900 1144 949 1170 pro
958 1143 1008 1164 no-

222 1185 264 1212 bis
278 1189 305 1211 et
321 1184 383 1218 ipsi,
405 1184 534 1210 incedunt
556 1183 635 1217 primi
654 1187 718 1209 ante
734 1189 782 1209 nos
808 1183 917 1210 armati.
933 1182 1010 1218 lpsos

222 1230 295 1257 enim
315 1237 364 1257 nos
384 1229 517 1256 habentes
540 1229 572 1254 ad
594 1227 758 1262 exemplum,
775 1233 800 1255 et
827 1228 949 1256 videntes
964 1236 1011 1256 eo-

223 1283 283 1302 rum
297 1282 346 1309 per
358 1274 482 1309 spiritum
500 1272 580 1299 fortia
595 1272 675 1305 facta,
686 1280 825 1299 armantur
839 1274 872 1300 ad
887 1273 1007 1307 przelium

225 1318 358 1354 spiritale,
381 1324 408 1346 et
437 1318 568 1345 adversus
596 1317 727 1351 spiritalia
749 1319 875 1351 nequitis:
901 1319 928 1345 in
955 1326 1010 1346 cte-

224 1364 339 1392 lestibus
368 1365 540 1391 dimicamus.
571 1363 616 1390 Sic
647 1364 764 1398 denique
790 1364 835 1398 qui
855 1363 918 1392 Jesu
942 1365 1010 1392 duce

223 1410 348 1441 militant.
366 1410 476 1444 triginta
489 1414 561 1436 eteo
577 1407 695 1442 amplius
711 1416 790 1442 reges
816 1410 965 1443 perimunt,
982 1416 1010 1438 et

225 1461 313 1483 terras
335 1462 431 1483 eorutn
445 1460 518 1482 sorte
533 1453 700 1481 baereditatis
714 1454 862 1488 accipiunt.
886 1455 1010 1490 Depulsis

222 1509 339 1536 namque
363 1501 531 1536 spiritalibus
548 1499 676 1534 nequitiis
688 1500 720 1526 de
739 1499 908 1534 coelestibus,
923 1501 1005 1529 barre-

1069 270 1180 302 Iriginta
1197 275 1223 297 et
1237 278 1269 297 eo
1283 270 1398 305 amplius
1412 278 1500 305 reges,
1513 270 1573 298 iilos
1589 270 1715 298 fortassis
1735 271 1768 298 de
1787 271 1861 305 qui-

1066 314 1114 341 bus
1133 316 1268 349 dicitur”,
1282 317 1345 351 quia
1362 325 1371 342 ‹
1384 317 1526 344 astiterunt
1541 324 1617 352 reges
1633 322 1725 350 terra),
1739 322 1765 344 et
1777 317 1859 352 prin~

1063 360 1135 395 cipes
1152 362 1306 396 congregati
1321 366 1385 388 sunt
1401 361 1427 388 in
1441 369 1535 395 unum,
1549 362 1681 389 adversus
1692 363 1858 393 Dominum,

1066 410 1091 432 et
1116 406 1246 434 adversus
1267 407 1404 434 Christum
1427 407 1500 441 eius;
1515 416 1524 434 ι
1540 407 1711 442 depulsisque
1729 408 1762 434 iis
1780 408 1859 441 regi-

1065 451 1115 480 bus
1136 457 1162 480 et
1186 453 1340 488 prostratis,
1371 458 1500 488 agnoscet
1528 453 1678 480 secretiora
1709 453 1858 488 mysteria.

1066 504 1206 532 usquequo
1226 499 1317 525 veniat
1335 498 1367 525 ad
1390 498 1463 525 illum
1483 498 1573 526 locum
1588 498 1632 525 ubi
1653 498 1732 526 sedes
1746 499 1791 525 Dei
1808 503 1857 525 est

1062 547 1088 570 et
1110 542 1261 572 Jerusalem
1287 545 1383 572 civitas
1408 545 1457 572 Dei
1483 544 1608 575 viventis,
1626 550 1679 570 non
1705 544 1756 571 ista
1784 551 1853 577 qua:

1063 588 1146 615 servit
1166 596 1227 616 cum
1254 589 1317 617 filiis
1336 589 1393 617 suis
1418 590 1444 616 in
1465 590 1556 622 terris,
1579 589 1626 616 sed
1649 589 1695 615 illa
1718 590 1858 622 cmlestis,

1061 647 1121 674 qua:
1134 639 1219 666 libera
1238 643 1291 669 est.
1311 642 1338 664 et
1357 641 1444 664 mater
1459 636 1580 664 omnium
1597 641 1720 665 nostrum
1735 638 1788 664 :ad
1803 645 1859 664 cu-

1059 685 1103 718 jus
1115 692 1163 712 nos
1179 683 1365 711 ltzereditatem
1381 682 1528 716 perducere
1545 681 1673 717 dignetur
1689 682 1743 708 dux
1758 686 1784 708 et
1798 681 1860 708 Do-

1062 734 1152 761 minus
1171 737 1264 758 uoster
1288 730 1365 757 Jesus
1383 728 1518 761 Christus,
1536 728 1632 755 cuiest
1646 728 1734 763 glaria
1753 733 1780 755 et
1798 728 1860 755 im-

1061 778 1166 814 perium
1181 777 1207 803 in
1224 775 1321 803 saicula
1337 773 1507 801 Steculorum.
1522 774 1618 801 Azucn.

1321 819 1459 847 llOMlLlA
1479 817 1587 845 XXVII.

1215 868 1252 894 De
1264 866 1445 893 nmnsionibus
1460 865 1578 898 ﬁliarum
1594 865 1688 891 Israel.

1098 916 1124 942 Ι.
1144 915 1212 942 Cum
1246 912 1378 940 conderet
1407 911 1476 938 Deus
1503 911 1657 942 mundum,
1692 911 1860 937 innumeras

1061 961 1165 987 creavit
1180 961 1302 987 ciborum
1319 956 1498 988 differentias,
1512 963 1560 990 pro
1574 957 1782 984 diversitatibus
1799 958 1863 985 sci-

1062 1004 1124 1032 licet
1145 1004 1186 1032 vel
1210 1002 1321 1030 hmnani
1343 1000 1480 1033 desiderii,
1496 1001 1537 1027 vel
1558 1005 1663 1028 natura:
1677 1002 1860 1029 animalium.

1062 1050 1138 1078 Unde
1157 1057 1208 1076 non
1233 1048 1321 1075 solum
1342 1047 1423 1074 honto
1446 1053 1506 1072 eum
1523 1046 1621 1073 viderit
1634 1047 1795 1074 animalium
1811 1047 1859 1074 ti-

1062 1098 1134 1130 bunt,
1156 1096 1205 1124 scit
1231 1102 1293 1122 eum
1325 1101 1378 1121 non
1407 1101 1456 1128 pro
1480 1101 1520 1124 se,
1532 1093 1579 1120 sed
1608 1100 1657 1127 pro
1683 1093 1860 1121 animalibus

1061 1148 1196 1174 creatum,
1213 1141 1260 1168 sed
1285 1145 1311 1167 et
1339 1139 1395 1173 ipsa
1410 1138 1537 1165 animalia
1554 1144 1706 1173 agnoscunt
1720 1139 1859 1173 proprios

1061 1189 1137 1216 cibos
1150 1196 1157 1215 :
1170 1192 1197 1215 et
1212 1187 1272 1214 aliis
1285 1186 1409 1220 quidem,
1424 1186 1500 1212 verbi
1514 1193 1607 1217 causa,
1619 1185 1706 1212 tttitur
1722 1185 1776 1216 leo,
1791 1185 1859 1211 aliis

1061 1242 1171 1266 cetwus,
1203 1233 1264 1260 aliis
1288 1233 1348 1265 bos,
1374 1232 1434 1259 aliis
1464 1239 1528 1258 vero
1557 1239 1631 1258 aves.
1654 1231 1708 1259 Sed
1727 1236 1756 1258 et
1779 1231 1860 1258 inter

1062 1281 1185 1307 homines
1219 1283 1282 1305 sunt
1317 1279 1441 1312 qumdam
1469 1276 1628 1303 differentiae
1660 1277 1687 1303 in
1717 1281 1858 1311 appeten-

1061 1326 1102 1352 dis
1122 1326 1191 1352 cibis
1205 1333 1213 1351 :
1226 1329 1252 1352 et
1268 1324 1336 1351 alius
1363 1325 1471 1358 quidem
1500 1323 1545 1356 qui
1575 1323 1643 1349 bene
1666 1329 1749 1349 sanus
1763 1326 1809 1348 est
1827 1325 1857 1348 et

1062 1371 1220 1397 habitudine
1236 1369 1360 1404 corporis
1380 1369 1485 1400 valens,
1502 1367 1599 1394 fortem
1613 1367 1703 1394 cibutn
1719 1366 1855 1401 requirit.

1061 1421 1088 1442 et
1103 1415 1190 1442 credit
1212 1414 1377 1448 conliditque
1393 1413 1474 1440 edere
1495 1412 1596 1443 omnia,
1612 1411 1683 1438 velut
1712 1412 1854 1439 robustis-

1061 1462 1121 1489 simi
1137 1461 1237 1495 quiquc
1260 1460 1437 1486 athletarum.
1451 1458 1480 1486 Si
1497 1458 1559 1492 quis
1584 1465 1650 1484 vero
1668 1457 1854 1485 infirmiorem

1061 1515 1089 1534 sc
1105 1507 1187 1534 sentit
1206 1513 1233 1534 et
1251 1505 1411 1536 invalidum,
1431 1505 1582 1532 delectatur
1602 1503 1734 1535 oleribus,
1750 1508 1779 1530 et
1795 1503 1854 1531 for-

222 1547 333 1574 ditatetn
351 1546 426 1582 regni
440 1545 558 1573 emlestis
572 1552 586 1571 ιι
604 1543 667 1571 Jcsu
683 1544 795 1570 Domino
811 1549 905 1572 nostro
918 1545 1007 1579 perci-

1067 1559 1114 1580 tcm
1132 1552 1221 1579 cibum
1232 1559 1282 1586 pro
1301 1551 1341 1578 sui
1357 1550 1514 1578 infirmitate
1532 1549 1654 1584 corporis
1666 1549 1723 1583 (59)
1736 1557 1792 1576 non
1806 1556 1853 1576 re—

223 1594 312 1628 piunt.

263 1637 289 1664 7.
309 1637 404 1665 Potest
427 1643 454 1664 et
482 1638 576 1665 tertius
604 1637 692 1665 adhuc
720 1635 897 1671 expositionis
923 1634 1010 1662 videri

192 1687 196 1694 '
226 1685 335 1718 modus,
354 1690 382 1712 ut
396 1685 422 1712 in
439 1685 501 1711 filiis
515 1685 606 1717 lsracl,
621 1685 645 1712 id
660 1688 701 1712 est
717 1684 743 1711 in
760 1684 857 1718 populo
871 1683 1009 1715 Ecclesiae,

225 1731 412 1766 intelligantur
431 1731 541 1765 quidam
564 1737 624 1758 esse
649 1729 797 1765 spiritales,
819 1733 847 1756 et
859 1729 930 1756 intra
946 1727 1009 1755 Jor-

222 1778 319 1804 danem
344 1777 485 1811 percipere
505 1776 690 1803 [nereditatem
708 1779 786 1801 terra:
802 1773 913 1801 ﬂuentis
930 1773 971 1800 lae
983 1779 1010 1800 et

221 1823 274 1849 mel
288 1832 294 1849 :
308 1823 448 1858 sapientiae
463 1822 568 1849 scilicet
582 1827 608 1849 et
622 1822 741 1848 scientia:
759 1820 899 1855 capientes
915 1819 1009 1846 dulce-

222 1867 324 1900 dinem,
341 1875 459 1902 quorum
482 1872 553 1893 terra
579 1865 688 1892 flumine
708 1865 767 1897 Dei,
784 1865 856 1899 quod
877 1864 1008 1899 repletum

221 1917 264 1940 est
284 1914 363 1947 aquis
382 1912 481 1940 divina:
506 1911 702 1946 intelligentiae,
727 1911 912 1938 circumdatur
930 1916 957 1937 et
973 1910 1010 1936 ri-

221 1963 312 1993 gatur.
339 1958 394 1985 Alii
419 1964 510 1984 autem
530 1962 593 1984 sunt
612 1957 746 1988 carnales,
771 1957 815 1990 qui
836 1956 967 1991 iumentis
983 1960 1011 1983 et

222 2003 381 2036 pecudibus,
400 2003 426 2030 id
443 2008 486 2030 est
502 2002 602 2030 crassis
624 2007 650 2029 et
667 2001 773 2029 stolidis
785 2002 910 2028 sensibus
924 2002 1009 2028 abun-

223 2048 392 2075 dantzsieut
415 2053 494 2074 erant
518 2047 555 2073 illi
583 2047 616 2074 de
640 2047 740 2081 quibus
763 2047 870 2074 dicebat
892 2047 1010 2082 Aposto-

223 2094 296 2121 lus"
309 2103 316 2120 :
329 2094 388 2120 tlta
409 2093 541 2121 insensati
566 2093 642 2124 estis,
660 2097 688 2119 ut
704 2100 766 2119 cum
785 2093 880 2127 spiritu
895 2092 1010 2128 emperi-

225 2139 272 2172 tis,
286 2147 359 2166 nunc
378 2146 459 2166 carne
477 2139 656 2174 perficiamini
668 2139 680 2165 ?
692 2148 700 2164 ι
714 2138 773 2165 et"
794 2147 801 2165 :
820 2148 829 2164 ι
843 2138 864 2166 0
881 2139 1010 2166 insensati

223 2184 336 2218 Galatte,
350 2185 410 2219 quis
429 2192 476 2212 vos
493 2184 640 2212 fascinavit
655 2184 763 2211 veritati
780 2192 834 2212 non
855 2185 985 2213 obedire?
997 2195 1007 2212 ι

1063 1599 1138 1633 cipit.
1158 1598 1186 1624 Si
1204 1605 1267 1624 vero
1285 1598 1319 1624 sit
1333 1597 1431 1632 aliquis
1445 1594 1582 1630 parvulus,
1596 1595 1702 1622 etiamsi
1726 1601 1796 1622 voce
1815 1595 1856 1621 iu-

1062 1643 1153 1670 dicare
1176 1651 1227 1669 non
1255 1642 1349 1676 possit,
1375 1649 1403 1668 re
1431 1646 1521 1667 tatnen
1549 1640 1608 1674 ipsa
1634 1639 1736 1666 rutilam
1763 1639 1849 1666 aliain

1061 1694 1142 1722 quam
1163 1687 1243 1714 lactis
1263 1686 1378 1720 requirit
1396 1685 1561 1712 alimoniam.
1583 1685 1616 1711 Et
1634 1683 1671 1710 ita
1699 1685 1855 1719 unusquis-

1062 1741 1115 1768 que
1131 1733 1172 1759 vel
1185 1741 1233 1767 pro
1252 1737 1330 1758 relate
1345 1731 1387 1758 vel
1407 1739 1456 1766 pro
1470 1730 1583 1762 viribus,
1601 1730 1643 1757 vel
1660 1737 1711 1764 pro
1725 1732 1855 1765 corporis

1061 1779 1228 1811 valetudine,
1242 1782 1333 1812 aptmn
1352 1778 1402 1804 sibi
1420 1782 1446 1804 et
1462 1781 1659 1810 eompetcntem
1674 1776 1783 1803 viribus
1793 1777 1855 1804 suis

1061 1819 1285 1859 cxpetit’cibnin.
1303 1824 1332 1850 Si
1355 1822 1522 1850 sufficienter
1543 1831 1633 1850 rerum
1663 1822 1853 1856 corporalium

1060 1869 1259 1896 considerastis
1275 1868 1443 1902 exemplum,
1462 1875 1532 1895 nunc
1547 1868 1581 1894 ab
1597 1868 1628 1895 iis
1641 1868 1674 1894 ad
1700 1867 1855 1902 intelligen-

1062 1915 1125 1942 tiatn
1142 1914 1302 1949 spiritalium
1320 1914 1471 1940 veniamus.
1487 1913 1583 1940 Omnis
1601 1917 1698 1940 natura
1727 1914 1855 1940 rationa—

1060 1959 1121 1986 bilis
1139 1959 1255 1994 propriis
1275 1963 1302 1985 et
1317 1958 1368 1984 sibi
1389 1957 1608 1992 competentibus
1629 1957 1727 1984 nutriri
1749 1957 1854 1992 indiget

1061 2005 1140 2032 cibis.
1160 2005 1244 2031 Cibus
1262 2009 1350 2030 autem
1364 2011 1444 2030 verus
1458 2007 1561 2029 natura:
1578 2002 1749 2029 rationabilis
1761 2009 1854 2029 sermo

1060 2051 1107 2078 Dei
1123 2055 1174 2079 est.
1193 2051 1248 2078 Sed
1265 2050 1336 2077 sieut
1361 2050 1387 2076 in
1417 2049 1592 2076 nutritnentis
1607 2048 1733 2083 corporis
1753 2048 1854 2074 multas

1060 2098 1141 2132 paulo
1165 2102 1227 2125 ante
1242 2097 1366 2124 dedimus
1385 2095 1561 2129 differentias,
1582 2096 1622 2122 ita
1643 2101 1670 2123 et
1691 2100 1790 2122 natura
1813 2102 1854 2121 ra-

1062 2144 1183 2176 tionalis,
1209 2151 1269 2178 qua:
1290 2143 1397 2169 ratione
1418 2146 1446 2168 et
1470 2141 1554 2168 verbo
1581 2141 1638 2172 Dei,
1661 2145 1692 2167 ut
1716 2141 1852 2171 diximus,

1059 2190 1192 2224 paScitur,
1210 2196 1262 2216 non
1277 2188 1365 2216 outnis
1378 2194 1431 2213 uno
1454 2191 1535 2221 atque
1552 2186 1646 2213 eodem
1661 2186 1745 2213 verbo
1765 2186 1852 2212 nutri—

224 2229 279 2259 Sed
294 2236 320 2258 et
335 2230 522 2265 unusquisque
542 2235 676 2264 nostrum,
693 2231 743 2258 nisi
759 2238 789 2258 se
802 2232 957 2264 armaverit,
972 2237 1010 2265 et,
1028 2229 1049 2257 Ι)
1063 2240 1117 2263 tur.
1133 2235 1211 2263 Unde
1228 2235 1260 2261 ad
1283 2232 1489 2261 similitudinem
1506 2231 1657 2266 corporalis
1676 2230 1796 2265 exempli
1812 2237 1853 2257 est

223 2275 337 2311 abiectis
362 2276 450 2304 brutis
471 2280 498 2304 et
509 2275 638 2303 belluinis
653 2277 788 2310 sensibus,
805 2278 838 2305 ad
856 2279 1006 2312 spiritalem

224 2321 430 2355 intelligentiam
452 2322 650 2357 properaverit,
674 2322 825 2350 remanebit
841 2329 918 2351 extra
946 2324 1008 2352 Jor-

224 2367 334 2399 dauem,
349 2375 398 2394 nec
421 2368 521 2402 poterit
534 2375 584 2403 per
601 2368 739 2403 sapientiae
754 2368 853 2396 ﬂumen
868 2369 1006 2404 incedere,

223 2413 294 2447 quod
320 2412 439 2440 laetificat
460 2413 599 2440 civitatem
629 2413 690 2448 Dei,
711 2414 739 2441 id
762 2419 804 2442 est
825 2416 942 2442 animam
961 2415 1008 2442 Dei

223 2465 351 2492 capacem
366 2466 373 2484 :
387 2466 439 2485 non
462 2463 625 2493 assequetur
656 2457 825 2494 eloquiorum
845 2461 951 2488 Domini
969 2461 1010 2487 in-

221 2507 334 2540 teriora,
359 2515 420 2542 quat
439 2512 501 2535 sunt
524 2508 646 2536 dulciora
672 2515 754 2543 super
773 2507 824 2534 mel
848 2512 876 2534 et
905 2508 1008 2540 favum,

218 2552 269 2579 sed
286 2552 357 2580 illam
371 2555 558 2583 tantummodo
577 2559 759 2589 consequetur
778 2559 893 2586 terram,
910 2554 936 2581 in
955 2561 1008 2588 qua

216 2595 276 2623 .duo
298 2605 376 2632 reges
399 2599 482 2626 Occisi
506 2604 580 2632 sunt,
603 2600 649 2626 ubi
669 2599 776 2626 dicatur
803 2599 861 2627 ei"
882 2607 889 2625 :
912 2608 921 2625 ι
937 2599 1008 2627 Nihil

219 2642 296 2669 aliud
310 2644 427 2677 judicavi
445 2653 487 2672 me
504 2646 592 2680 ipsum
614 2646 686 2673 scire
701 2646 772 2672 inter
788 2653 835 2672 vos
851 2645 902 2672 nisi
915 2645 1007 2672 Jesum

220 2686 371 2723 Christum,
387 2696 414 2717 et
428 2691 498 2718 hunc
507 2691 678 2718 crucifixum.
694 2699 703 2716 ι
717 2690 767 2724 Qui
785 2695 874 2717 autem
889 2692 1009 2724 potuerit

226 2737 343 2764 transire
355 2737 511 2772 Jordancm,
521 2743 547 2765 et
563 2740 596 2765 ad
614 2738 743 2765 interiora
759 2742 914 2772 penetrare,
926 2737 1008 2773 374

259 2803 283 2818 ⁴¹³
297 2803 357 2832 Gal.
372 2812 411 2836 Ill,
422 2805 448 2831 5.
486 2805 509 2820 "‘
526 2805 605 2836 ibid.,
620 2805 645 2831 l.
682 2804 725 2830 "l
743 2803 804 2831 Cor.
819 2803 852 2836 ll,
867 2804 895 2831 2.

261 2858 318 2894 (59)
335 2860 466 2893 corporis.
480 2860 556 2887 Deest
568 2859 593 2885 in
604 2859 693 2892 editis,
703 2859 750 2886 sed
766 2859 928 2894 suppleture
936 2868 999 2887 mss.

1062 2281 1198 2316 aliquibus
1221 2281 1303 2307 etiam
1331 2278 1387 2314 (60)
1411 2279 1438 2305 in
1469 2277 1554 2304 verbo
1573 2276 1619 2303 Dei
1648 2276 1726 2303 cibus
1747 2276 1851 2302 lactis:

1062 2328 1184 2362 apertior
1204 2327 1307 2354 scilicet
1326 2324 1529 2358 simpliciorque
1545 2322 1679 2352 doctrina,
1697 2326 1726 2348 tit
1741 2321 1775 2348 de
1793 2329 1853 2348 mo-

1062 2373 1163 2400 ralibus
1180 2380 1240 2400 esse.
1265 2372 1344 2402 solet.
1361 2377 1422 2405 quae
1447 2369 1560 2404 prteberi
1577 2368 1720 2395 consuevit
1734 2364 1783 2400 iis,
1800 2367 1847 2401 qui

1064 2417 1141 2444 initia
1153 2417 1254 2443 habent
1270 2416 1296 2442 in
1312 2415 1414 2442 divinis
1425 2414 1533 2446 studiis,
1545 2418 1571 2440 et
1584 2413 1671 2447 prima
1686 2412 1851 2439 eruditionis

1064 2462 1233 2490 rationabilis
1250 2462 1384 2488 elementa
1406 2459 1569 2494 suscipiunt.
1584 2458 1633 2485 His
1650 2465 1717 2492 ergo
1731 2465 1794 2483 cum
1810 2465 1852 2483 re-

1063 2511 1163 2537 citatur
1176 2508 1237 2535 talis
1260 2507 1349 2542 aliqua
1367 2506 1518 2533 divinorttm
1531 2504 1701 2531 voluminum
1716 2503 1849 2543 lectio,.iu

1068 2562 1120 2590 qua
1135 2562 1186 2581 non
1210 2553 1337 2579 videatur
1355 2551 1458 2585 aliquid
1471 2551 1627 2582 obscurum,
1644 2549 1762 2576 libenter
1775 2548 1849 2574 acci-

1063 2603 1138 2636 piunt
1153 2609 1161 2628 :
1175 2600 1252 2626 verbi
1273 2606 1364 2630 causa,
1381 2604 1409 2625 ut
1424 2604 1464 2625 est
1493 2596 1596 2624 libellus
1614 2595 1724 2626 Esther,
1737 2598 1784 2620 aut
1803 2593 1849 2619 Ju-

1062 2647 1129 2677 dith,
1152 2645 1192 2672 vel
1211 2645 1293 2672 etiam
1309 2643 1410 2675 Tobiae,
1432 2647 1477 2669 aut
1494 2642 1621 2669 mandata
1641 2639 1798 2675 Sapientize.
1820 2638 1846 2664 Si

1063 2700 1126 2719 vero
1142 2691 1245 2725 legatur
1265 2690 1288 2717 ci
1317 2690 1386 2717 liber
1406 2689 1531 2721 Levitici,
1549 2687 1699 2714 offenditur
1721 2685 1847 2712 continuo

1063 2737 1180 2770 animus,
1200 2741 1228 2764 et
1251 2736 1328 2770 quasi
1356 2742 1408 2763 non
1435 2741 1512 2761 suum
1544 2733 1644 2768 refugit
1669 2732 1773 2759 cibum.
1795 2730 1844 2763 Qui

933 2805 956 2821 "‘
969 2805 1038 2833 Psal.
1053 2814 1083 2838 ιι,
1099 2805 1127 2833 2.

1089 2859 1145 2895 (60)
1156 2859 1245 2886 Codex
1262 2858 1291 2887 S.
1310 2856 1479 2889 Theodorici,
1496 2860 1550 2883 «cst
1564 2854 1663 2889 aliquis
1673 2855 1781 2886 etiam,»
1793 2862 1844 2883 etc.
