1902 3052
159 193 210 224 Ὶει

725 196 757 225 1N
777 198 944 226 NUMEROS
955 197 1097 226 IIOMILIA
1111 198 1217 228 XXVII.

1727 207 1776 233 7-72

1682 242 1696 251 ο

158 255 233 282 enim
259 253 334 281 venit
360 257 389 281 ut
411 254 528 281 disceret
547 253 628 281 Deum
647 255 750 287 colere,
778 255 890 289 iustitia:
915 263 947 282 ac
963 255 1027 283 Ain
1053 257 1210 290 praefatione
1232 259 1424 293 prmmisimus,
1442 267 1470 288 ιιι
1495 263 1657 291 suscitemus
1674 265 1781 292 animos

157 301 269 335 pietatis
286 301 345 335 ejus
358 304 494 335 pra-cepta
512 300 663 334 suscipere,
679 301 753 327 audit
774 301 898 328 mandata
913 302 945 328 de

158 347 303 375 sacriﬁciis
314 347 385 379 dari,
399 351 425 374 ct
439 346 655 374 immolationum
673 347 741 374 ritus
759 348 862 380 doceri,
879 355 944 381 quo-

158 392 240 419 modo
259 400 312 420 non
332 393 463 420 continuo
492 392 590 419 avertit
611 392 742 423 auditum,
762 397 789 419 et
816 398 944 425 tanquam

156 443 212 462 non
226 436 278 463 sibi
292 441 383 471 aptum
411 437 502 465 cibum
524 437 653 464 recusat?
671 436 724 464 Sed
746 440 775 464 ct
793 437 862 464 alius
880 446 943 465 cum

156 482 286 517 leguntur
300 482 455 518 Evangelia.
473 483 516 511 vel
537 484 694 517 Apostolus,
709 488 755 510 aut
773 483 884 515 Psalmi,
898 484 943 511 lm-

157 533 202 556 tus
220 530 343 564 suscipit,
366 529 484 556 libenter
506 528 690 564 amplectitur,
710 533 738 556 et
758 530 830 556 velut
855 537 941 557 reme-

155 575 201 602 dia
219 575 343 609 quaedam
359 575 527 602 inﬁrmitatis
543 582 599 602 sua:
613 575 676 603 inde
686 575 817 609 colligens
831 576 940 611 gaudet.

155 618 225 647 Huic
241 620 263 646 si
286 620 392 654 legatur
407 620 588 648 Numerorum
610 621 689 655 liber,
703 626 731 649 et
748 623 799 650 ista
823 623 941 650 maxime

155 664 215 691 loca
230 672 290 698 qua:
307 673 378 693 nunc
394 666 527 694 habemus
542 667 567 693 in
585 667 721 700 manibus,
743 667 812 695 nihil
832 669 889 696 haec
905 668 940 696 ad

155 709 315 741 utilitatem,
331 710 400 737 nihil
411 711 444 738 ad
459 711 628 739 infirmitatis
639 720 695 740 sua:
709 714 874 746 remedium,
891 718 940 741 aut

153 755 253 781 animae
275 755 389 782 salutem
412 757 540 791 prodesse
561 758 709 793 iudicabit;
734 760 780 787 sed
810 760 939 787 continuo

154 800 294 833 refutabit,
320 806 346 829 et
372 809 483 838 respuet
508 809 636 839 tanquam
655 813 751 840 graves
763 810 792 832 el
806 813 938 834 onerosos

152 848 241 879 cibos,
253 853 280 876 et
295 849 338 883 qui
371 857 448 884 aegra:
470 854 550 884 atque
572 849 699 877 invalidae
716 857 768 877 non
782 855 939 885 competant

153 896 261 923 animm.
284 896 337 923 Sed
356 896 436 927 sicut,
455 895 530 923 verbi
549 896 635 929 gratia
650 895 693 930 (ut
711 896 810 922 iterum
829 903 861 923 ex
875 904 937 924 cor-

151 944 291 978 poralibus
304 949 458 978 repetamus
477 942 623 976 exempla),
635 941 704 968 leoni
724 942 747 968 si
761 942 841 969 detur
856 943 937 970 intel-

151 990 249 1019 lectus,
268 997 321 1017 non
346 988 474 1017 continuo
489 987 608 1022 culpabit
627 986 821 1014 abundantiam
837 987 936 1014 herba-

152 1042 212 1061 rum
228 1039 357 1065 creatam,
376 1033 438 1067 quia
455 1033 514 1066 ipse
536 1032 628 1059 crudis
650 1031 777 1058 carnibus
804 1033 933 1064 vescitur,

150 1088 203 1108 nec
227 1081 299 1107 dicet
327 1080 386 1106 illas
411 1078 547 1114 superﬂue
568 1085 583 1104 ιι
605 1077 754 1105 Conditore
777 1077 932 1112 productas,

150 1127 214 1161 quia
228 1127 285 1161 ipse
297 1133 389 1153 carum
407 1125 467 1152 cibo
482 1131 536 1150 non
549 1124 631 1151 utitur
645 1132 651 1149 :
665 1131 713 1150 nec
730 1122 828 1149 iterum
841 1123 932 1166 homo,

150 1173 214 1206 quia
233 1179 303 1205 pane
318 1172 434 1206 aliisque
451 1171 521 1205 aptis
542 1170 593 1197 sibi
613 1170 700 1196 utitur
713 1169 860 1202 alimoniis,
875 1169 935 1195 cul-

150 1225 215 1252 pare
235 1217 314 1245 debet
331 1225 379 1245 cur
394 1217 488 1244 fecerit
506 1216 576 1244 Deus
591 1220 739 1249 serpentes,
758 1222 826 1249 quos
842 1215 931 1242 cibum

147 1264 242 1291 videat
257 1264 377 1298 przebere
392 1263 496 1294 cervis;
518 1268 604 1296 neque
616 1262 684 1293 ovis,
694 1266 739 1288 aut
750 1262 799 1289 bos
810 1261 930 1296 culpare,

147 1309 225 1336 verbi
243 1316 337 1340 causa,
353 1308 424 1342 quod
437 1307 506 1339 aliis
530 1307 693 1334 animalibus
712 1307 840 1334 carnibus
857 1309 931 1335 vesci

147 1355 242 1381 «latum
263 1359 315 1385 est,
340 1361 400 1380 cum
422 1353 488 1387 ipsis
513 1353 547 1379 ad
567 1353 699 1379 edendum
726 1353 848 1387 gramina
874 1354 931 1382 sola

145 1399 292 1426 suﬁieiant.
308 1399 346 1425 Ita
367 1405 433 1432 ergo
450 1402 476 1424 et
495 1399 521 1425 in
540 1397 608 1425 cibis
625 1398 813 1430 rationalibus,
826 1399 930 1427 divino-

145 1453 206 1471 rum
231 1445 292 1471 dico
313 1443 490 1475 voluminum,
504 1451 558 1470 non
579 1443 707 1471 continuo
730 1449 777 1472 aut
796 1445 928 1480 culpanda

144 1494 194 1516 aut
208 1490 352 1516 refutanda
367 1493 407 1516 est
425 1488 578 1524 Scriptura,
591 1495 650 1523 qua:
665 1488 798 1517 difficilior
819 1496 865 1518 aut
881 1492 929 1519 ob-

144 1537 253 1564 scurior
271 1537 304 1563 ad
322 1536 524 1571 intelligendum
538 1535 654 1566 videtur.
670 1536 713 1563 vel
725 1544 756 1563 ea
774 1538 926 1570 continere,

998 306 1113 334 vestros,
1138 304 1264 337 quoniam
1290 306 1399 339 quidem
1423 307 1574 341 Intjusmodi
1600 309 1680 337 lectio
1697 311 1781 339 habe-

998 350 1042 372 tur
1059 348 1086 373 in
1103 348 1235 381 manibus,
1250 356 1310 383 quae
1324 351 1440 379 difficilis
1465 354 1497 380 ad
1523 353 1738 389 intelligendum,
1753 362 1780 383 et

996 392 1129 426 superﬂua
1140 394 1264 421 videatur
1283 396 1314 422 ad
1330 396 1484 431 legendum.
1500 399 1553 427 Sed
1568 409 1621 428 non
1637 409 1780 437 possumus

996 437 1047 464 hoc
1063 438 1154 466 dicere
1168 440 1201 467 de
1215 441 1302 468 sancti
1319 442 1438 476 Spiritus
1455 444 1627 481 litteris(62),
1641 448 1713 482 quod
1726 448 1779 475 ali-

995 483 1059 516 quid
1084 483 1110 509 in
1133 484 1174 511 eis
1196 486 1311 513 otiosum
1333 488 1369 514 sit
1392 493 1437 515 aut
1466 491 1642 526 superﬂuum,
1669 495 1778 522 etiamsi

995 528 1131 563 aliquibus
1149 530 1290 559 videantur
1307 533 1433 561 obseura.
1450 536 1503 564 Sed
1519 538 1570 565 hoc
1585 540 1673 572 potius
1689 541 1778 569 facere

995 572 1134 607 debemus,
1153 579 1181 602 ut
1195 576 1288 604 oculos
1303 579 1402 606 mentis
1420 586 1520 609 nostra:
1537 590 1728 613 convertamus
1743 588 1777 613 ad

993 624 1065 650 eum,
1081 619 1125 652 qui
1141 620 1199 647 btet:
1213 622 1294 649 scribi
1305 622 1398 657 jussit,
1415 629 1443 652 et
1459 627 1493 653 ab
1509 627 1567 662 ipso
1584 630 1679 657 horum
1697 632 1777 660 intel-

992 662 1131 698 ligenliam
1145 666 1311 699 postulemus
1324 675 1332 695 τ
1346 674 1375 697 ut
1388 671 1445 698 sive
1460 672 1603 702 infirmitas
1617 681 1657 703 est
1675 676 1700 703 iu
1718 678 1779 706 ani-

992 715 1033 735 ma
1052 714 1155 741 nostra.
1172 717 1251 739 sanet
1268 720 1316 740 nos
1332 714 1387 748 ille,
1400 717 1444 751 qui
1460 723 1539 746 sanat
1553 727 1647 749 omnes
1661 722 1777 758 languo-

991 761 1034 782 res
1046 754 1107 789 eius
1122 765 1129 783 :
1143 756 1200 784 sive
1215 760 1292 792 parvi
1315 767 1411 789 sensus
1426 770 1532 797 sumus,
1547 766 1619 793 adsit
1634 769 1712 796 nobis
1729 778 1776 797 cu-

990 801 1111 829 stodiens
1127 804 1255 836 parvulos
1281 805 1421 839 Dominus,
1441 813 1469 836 et
1482 812 1600 839 enutriat
1617 821 1677 847 nos,
1694 820 1776 850 atque

990 846 1017 873 in
1040 855 1195 875 mensuram
1212 851 1300 878 aetatis
1325 853 1452 883 adducat.
1479 855 1631 893 Utrumque
1649 846 1773 889 enim-in

990 892 1068 920 nobis
1082 899 1134 926 est,
1151 899 1180 922 ut
1194 903 1228 922 ex
1249 896 1364 925 infirmis
1388 900 1421 927 ad
1444 892 1600 937 sanitatem,
1620 910 1646 932 ct
1659 914 1692 934 ex
1708 915 1773 942 par-

990 938 1058 965 vulis
1083 940 1116 966 ad
1139 945 1247 968 :etatem
1272 943 1379 970 virilem
1405 948 1548 980 pervenire
1573 938 1718 984 possimus:
1744 954 1771 981 lu

987 983 1065 1009 nobis
1081 991 1145 1019 ergo
1162 991 1212 1019 cst,
1231 987 1289 1015 ha'c
1310 996 1325 1015 a
1342 989 1395 1017 Deo
1411 999 1530 1026 poscere.
1551 983 1597 1023 Dei
1615 1002 1703 1026 autent
1720 1006 1771 1031 est.

987 1029 1140 1060 petentibus
1165 1031 1231 1059 dare
1253 1038 1280 1060 et
1305 1034 1474 1069 puis-intibus
1493 1041 1609 1074 aperire.
1629 1043 1681 1072 Sed
1704 1029 1771 1075 satis

986 1073 1022 1099 sit
1038 1073 1088 1100 ista
1104 1075 1237 1108 praafatio.

1020 1119 1046 1146 ‘2.
1063 1120 1139 1148 Nunc
1150 1121 1206 1156 jam
1231 1125 1265 1151 ad
1278 1125 1402 1157 lectionis
1426 1129 1509 1164 ipsius
1525 1140 1585 1167 qum
1600 1137 1714 1165 recitata
1728 1145 1770 1166 est

985 1165 1124 1193 veniamus
1147 1170 1297 1202 exordium,
1322 1177 1362 1204 ut,
1377 1173 1490 1206 juvante
1513 1178 1635 1214 Domino,
1659 1190 1767 1211 sensum

984 1217 1092 1246 quoqtte
1110 1219 1213 1246 eorum,
1230 1216 1337 1244 etiamsi
1359 1227 1411 1246 non
1428 1222 1460 1248 ad
1484 1222 1627 1259 liquidum,
1649 1236 1769 1257 summa-

985 1255 1031 1282 tim
1057 1260 1146 1284 tamen
1174 1258 1301 1293 colligere
1331 1266 1359 1289 et
1387 1255 1524 1298 explicare
1551 1255 1695 1303 possimus.
1720 1273 1768 1300 Ait

982 1307 1047 1335 ergo
1055 1302 1077 1317 '”
1088 1311 1095 1328 :
1106 1311 1116 1328 «
1127 1303 1173 1330 lite
1188 1310 1251 1332 sunt
1266 1308 1418 1337 mansiones
1431 1302 1696 1348 ﬁliorumrlsrael,cx
1711 1327 1767 1353 quo

982 1346 1108 1374 exierunt
1122 1348 1155 1376 de
1171 1354 1241 1377 terra
1254 1351 1363 1387 AigypIi
1377 1362 1438 1382 cum
1453 1358 1553 1386 virtute
1568 1369 1627 1393 sua,
1641 1346 1667 1389 in
1684 1346 1764 1390 manu

982 1391 1064 1427 Moysi
1090 1398 1117 1420 et
1139 1394 1240 1425 Aaron.
1264 1398 1296 1424 Et
1320 1400 1431 1435 scripsit
1454 1403 1558 1439 Moyses
1583 1391 1765 1441 profectiones

980 1446 1086 1471 eorum,
1103 1445 1131 1467 et
1150 1444 1304 1471 mansiones
1318 1454 1367 1480 per
1384 1449 1494 1476 verbum
1516 1452 1632 1485 Domini,
1646 1464 1655 1480 ι
1673 1459 1700 1482 et
1712 1464 1764 1484 cm-

983 1489 1048 1511 tcra.
1064 1485 1183 1514 Audistis
1203 1488 1260 1525 (65)
1284 1492 1347 1525 quia
1369 1494 1480 1529 scripsit
1500 1497 1556 1525 hare
1583 1499 1688 1534 Moyses
1713 1509 1763 1536 per

979 1533 1090 1560 verbum
1108 1535 1224 1563 Domini.
1239 1537 1272 1563 Et
1296 1539 1359 1572 quid
1377 1541 1461 1569 voluit
1476 1543 1607 1573 Dominus
1621 1533 1678 1575 hcce
1691 1533 1761 1576 scri-

142 1583 244 1617 quibus
275 1582 332 1609 sive
353 1582 496 1615 incipiens,
513 1586 540 1608 et
564 1581 703 1615 parvulus,
719 1582 775 1609 sive
793 1583 926 1611 infirmior
939 1577 961 1606 ο
973 1578 1023 1624 Pri?
1040 1577 1074 1606 Ui
1087 1580 1228 1614 Ρτοάεεεθῑ
1242 1583 1320 1611 “oms
1334 1585 1433 1620 οιίιιιιίιι
1459 1590 1593 1624 scriptum
1612 1593 1670 1620 hinc
1685 1602 1762 1622 mall‘

142 1634 171 1656 et
185 1629 273 1656 minus
288 1629 320 1655 ad
334 1628 508 1663 intelligenda
523 1628 614 1654 omnia
629 1627 733 1655 validus
749 1629 787 1655 uti
807 1637 860 1655 non
875 1637 923 1664 po--

141 1679 207 1704 test.
226 1681 275 1701 nec
290 1673 405 1701 conferri
421 1674 473 1700 sibi
489 1680 522 1700 ex
539 1673 572 1700 iis
592 1673 718 1700 utilitatis
741 1673 843 1709 aliquid
865 1675 924 1702 exi-

141 1720 235 1746 stimat
250 1724 295 1745 aut
314 1718 428 1745 salutis:
441 1718 490 1745 sed
501 1718 673 1746 considerare
690 1717 770 1746 debes
782 1719 848 1754 (6|),
862 1721 924 1754 quia

140 1766 214 1793 sicut
231 1771 344 1799 serpens
359 1769 385 1791 ct
401 1764 471 1796 evis,
489 1769 517 1791 et
538 1764 586 1791 bos
606 1768 634 1790 et
661 1765 753 1797 homo,
775 1773 807 1792 ac
831 1765 922 1793 fenum

141 1811 189 1837 Dei
207 1814 331 1838 creatura
347 1813 410 1837 sunt
423 1809 527 1840 omnia,
540 1812 568 1835 et
584 1809 729 1837 diversitas
747 1810 797 1837 ista
812 1812 846 1838 ad
863 1811 920 1839 lau-

137 1856 202 1883 dent
217 1859 322 1890 spectat
337 1860 364 1882 et
378 1855 490 1890 gloriam
513 1855 660 1888 Creatoris,
674 1855 745 1890 quod
768 1862 922 1891 competen-

137 1905 197 1928 tem
223 1905 247 1927 et
274 1901 300 1926 in
325 1905 446 1934 tempore
470 1900 618 1934 unicuique
644 1908 739 1927 eorum
758 1909 807 1935 pro
823 1902 922 1936 quibus

136 1951 230 1975 creata
247 1951 318 1980 sunt,
331 1947 373 1973 vel
387 1947 534 1982 praebeant,
559 1946 600 1973 vel
625 1947 733 1980 capiant
753 1948 841 1974 cibum
857 1957 864 1975 :
884 1950 921 1976 ita

136 1999 166 2022 et
188 1993 248 2021 haec
264 1993 354 2020 omnia
381 2000 440 2027 qum
461 1993 543 2019 verba
569 1992 617 2020 Dei
648 1999 721 2026 sunt,
735 1998 760 2021 et
779 1994 805 2021 in
823 1995 921 2030 quibus

136 2040 260 2067 diversus
276 2046 324 2073 pro
338 2045 418 2073 captu
438 2039 589 2066 animarum
612 2040 689 2067 cibus
708 2046 760 2073 est,
776 2042 920 2076 unusquis-

135 2092 190 2119 que
209 2089 287 2118 prout
309 2092 405 2111 sanum
424 2091 454 2111 se
482 2089 508 2111 et
532 2085 649 2112 validum
676 2087 770 2121 sentit,
785 2093 916 2115 assumat.

134 2130 266 2163 Quamvis
291 2134 318 2157 et
339 2130 360 2157 si
382 2130 536 2164 diligentius
558 2131 738 2165 requiramus,
753 2132 829 2160 verbi
855 2141 918 2160 catt-

134 2182 186 2205 sa,
214 2175 240 2201 in
280 2174 415 2209 Evangelii
447 2175 577 2206 lectione,
607 2176 648 2202 vel
687 2177 833 2210 apostolica
869 2177 917 2204 do-

131 2220 234 2250 ctrina,
263 2220 289 2246 in
320 2221 416 2254 quibus
442 2220 570 2247 delectari
599 2221 719 2252 videris,
748 2225 774 2248 et
801 2222 826 2248 iu
852 2223 914 2256 qui-
931 2236 953 2263 Β

133 2265 184 2292 bus
213 2265 260 2291 tibi
286 2266 453 2299 aptissimttm
484 2270 510 2293 et
537 2267 728 2294 suavissimum
745 2268 857 2302 deputas
874 2269 913 2296 ci-

132 2311 208 2342 bum,
233 2315 332 2345 quanta
371 2316 433 2338 sunt
459 2319 520 2345 qua:
545 2317 571 2338 te
602 2311 699 2346 latent,
729 2312 753 2339 si
782 2313 913 2341 discutias

130 2361 158 2382 et
191 2356 371 2390 perscruteris
409 2358 534 2383 mandata
571 2357 698 2384 Domini?
723 2358 798 2391 Quod
818 2359 840 2386 si
868 2366 909 2391 eo,

129 2408 193 2435 quae
230 2401 343 2428 obscura
378 2402 505 2429 videntur
535 2407 563 2430 et
592 2403 728 2436 diﬁicilia,
754 2404 909 2439 refugienda

130 2449 194 2471 sunt
219 2446 343 2479 protinus
366 2451 393 2473 et
419 2447 542 2478 vitanda,
571 2447 692 2475 invenies
709 2450 792 2476 etiam
804 2449 831 2476 in
845 2449 909 2482 illis,

127 2489 210 2525 375
226 2490 252 2516 in
270 2491 366 2524 quibus
382 2491 459 2518 valde
476 2492 599 2524 confidis,
624 2498 678 2520 tam
697 2494 779 2521 multa
794 2495 909 2522 obscura

127 2539 156 2561 et
176 2534 305 2566 diﬁicilia,
322 2540 351 2565 ut
370 2537 393 2563 si
415 2537 485 2564 hanc
507 2539 670 2565 sententiam
687 2543 791 2572 teneas,
811 2541 847 2567 sit
862 2542 909 2568 tibi

128 2580 211 2606 etiam
233 2581 294 2608 inde
316 2582 505 2610 recedendum.
535 2583 606 2610 Sunt
630 2589 719 2612 tamen
741 2585 855 2620 plurima
881 2588 908 2614 in

127 2626 190 2657 illis,
212 2633 271 2660 qua:
293 2628 412 2661 apertius
433 2633 461 2655 ct
486 2629 636 2663 simplicius
651 2631 721 2658 dicta
738 2637 812 2664 sunt,
826 2641 906 2668 quam

124 2675 156 2697 ut
179 2672 253 2704 parvi
279 2680 375 2700 sensus
399 2675 530 2702 :edilicent
549 2676 710 2703 auditorem.
737 2677 799 2706 Haec
815 2684 904 2708 autem

161 2728 183 2745 ’⁷
196 2728 274 2757 Num.
288 2738 386 2763 xxttn,
408 2732 433 2758 1.
448 2732 475 2759 2.
511 2733 534 2749 ⁷⁸
544 2732 623 2760 Joan.
646 2742 702 2768 xw,
718 2735 745 2762 2.

162 2775 218 2810 (61)
232 2775 307 2809 Mss.,
326 2778 438 2805 «debes.
454 2788 464 2804 ι
482 2778 560 2806 Libb.
590 2781 666 2812 editi,
695 2782 823 2810 «debet.»
842 2785 904 2813 Mox

123 2811 207 2847 iidem
221 2818 298 2841 mss..
317 2820 327 2836 «
339 2817 364 2839 et
377 2814 436 2840 ovis
451 2815 547 2847 ethos,
561 2819 587 2841 et
598 2811 686 2843 homo.
701 2826 710 2842 ι
724 2817 751 2844 In
766 2817 830 2845 libb.
846 2811 903 2847 edi:

123 2845 159 2871 tis
171 2846 256 2877 deest,
273 2855 282 2872 «
294 2852 321 2873 et
336 2847 393 2874 bos.
406 2857 414 2873 I

161 2879 216 2914 {09.)
231 2881 322 2908 (Iodex
345 2882 436 2910 Sancti
451 2883 609 2912 Theoderici
628 2885 714 2912 solum
734 2887 824 2917 habet.
852 2898 860 2914 «
873 2890 904 2917 de

973 1621 1083 1650 ‘sionum
1099 1632 1166 1659 quas
1180 1626 1303 1655 fecerunt
1323 1630 1369 1657 ﬁlii
1385 1631 1482 1665 Israel,
1498 1621 1545 1662 aut
1561 1637 1628 1664 nihil
1650 1640 1761 1672 prodes-

977 1669 1037 1695 set?
1052 1669 1085 1696 Et
1100 1671 1161 1704 quis
1182 1673 1280 1700 audeat
1298 1674 1398 1708 dicere,
1415 1680 1485 1712 quod
1501 1687 1533 1707 ea
1558 1689 1618 1716 qua:
1633 1669 1680 1717 per
1697 1692 1759 1712 ver-

977 1714 1038 1741 bum
1051 1715 1155 1743 Domini
1165 1718 1332 1752 scribuntur,
1348 1722 1415 1749 nihil
1431 1725 1555 1754 utilitatis
1566 1714 1693 1762 habe-ant,
1707 1739 1758 1759 nec

976 1761 1070 1789 salutis
1078 1762 1178 1797 aliquid
1186 1764 1387 1800 cenferant,sed
1396 1769 1480 1797 solam
1498 1778 1554 1799 rem
1568 1779 1670 1808 gestam
1687 1761 1755 1803 nar-

976 1811 1045 1838 rent,
1054 1814 1113 1841 qua:
1123 1813 1185 1836 tunc
1193 1810 1301 1844 quidem
1313 1813 1486 1846 praeterierit,
1501 1823 1573 1843 nunc
1586 1823 1675 1846 autent
1688 1820 1757 1848 nihil

975 1851 1006 1877 ad
1019 1859 1070 1879 nos
1076 1860 1108 1880 cx
1117 1854 1175 1888 ejus
1184 1854 1313 1883 relatione
1322 1859 1458 1891 perveniat
1466 1859 1565 1895 ilmpia
1572 1862 1628 1890 haec
1634 1864 1753 1892 etaliena

974 1904 987 1922 a
998 1897 1133 1925 catholica
1146 1899 1197 1926 fide
1211 1903 1344 1928 sententia
1356 1908 1406 1935 est,
1418 1910 1445 1931 et
1463 1913 1555 1933 eorum
1569 1911 1755 1937 tantummodo

973 1943 1019 1976 qui
1037 1943 1102 1977 legis
1118 1949 1144 1971 et
1159 1945 1364 1981 Evangeliorum
1389 1955 1488 1984 negant
1503 1959 1585 1979 ttuunt
1605 1954 1692 1982 solum
1708 1964 1752 1983 sa-

972 1988 1089 2021 pientem
1114 1996 1177 2016 esse
1203 1990 1286 2018 Deum
1312 1992 1421 2021 Patrem
1449 1996 1555 2023 Domini
1579 2000 1664 2027 nostri
1687 2000 1751 2028 Jesu

971 2032 1083 2060 Christi.
1098 2034 1166 2067 Quid
1181 2042 1247 2070 ergo
1262 2037 1294 2064 de
1305 2037 1339 2065 iis
1354 2039 1538 2069 mansionibus
1551 2042 1637 2071 ﬁdelis
1650 2046 1752 2075 sentire

970 2079 1067 2106 debeat
1080 2080 1244 2114 intellectus,
1255 2084 1420 2117 summatim,
1431 2091 1509 2120 prout
1524 2093 1628 2124 tempus
1639 2092 1750 2125 patitur,

970 2130 1139 2159 pertractare
1166 2132 1311 2156 tentemus.
1341 2130 1475 2166 Superior
1501 2134 1659 2169 disputatio,
1686 2145 1749 2165 cum

969 2174 1047 2200 nobis
1068 2175 1242 2202 occasionem
1267 2176 1372 2204 dicendi
1399 2178 1433 2205 de
1447 2179 1615 2213 profectione
1630 2182 1747 2211 ﬁliorum

970 2219 1049 2245 Israel
1069 2226 1102 2246 ex
1128 2219 1245 2255 Egypto
1269 2222 1440 2256 praebuisset,
1464 2225 1608 2259 dupliciter
1629 2227 1748 2255 diximus

968 2264 1051 2291 videri
1082 2273 1160 2300 posse
1182 2266 1340 2301 spiritaliter
1362 2269 1437 2297 exire
1466 2278 1685 2306 unumquemque
1713 2274 1747 2301 de

965 2309 1085 2346 Egypto
1100 2320 1107 2338 :
1123 2311 1163 2338 vel
1179 2319 1240 2339 cum
1256 2312 1441 2348 relinquentes
1464 2318 1590 2351 gentilem
1612 2320 1693 2347 vitam
1712 2321 1745 2347 ad

966 2359 1132 2393 agnitionem
1146 2359 1244 2386 divina:
1261 2360 1326 2395 legis
1344 2363 1507 2396 accedimus,
1520 2365 1562 2391 vel
1579 2373 1639 2392 cum
1653 2366 1742 2393 anima

964 2404 997 2430 de
1010 2404 1133 2438 corporis
1154 2405 1233 2439 hujus
1256 2406 1424 2435 habitatione
1439 2409 1563 2437 discedit.
1578 2411 1618 2437 Ad
1636 2415 1742 2437 utrum—

963 2455 1016 2482 que
1029 2455 1095 2484 ergo
1120 2450 1177 2477 ista:
1202 2451 1366 2484 mansiones,
1387 2460 1454 2486 quas
1476 2461 1546 2481 nunc
1568 2462 1615 2489 per
1632 2455 1742 2483 verbum

964 2494 1070 2522 Domini
1093 2495 1198 2531 Moyses
1222 2497 1363 2530 describit,
1386 2499 1531 2533 aspiciunt.
1549 2499 1615 2527 Nam
1634 2502 1666 2527 de
1690 2502 1743 2528 illis

963 2542 1070 2576 quidem
1087 2543 1280 2575 mansionibus,
1301 2551 1370 2578 quas
1394 2545 1490 2571 animae
1513 2551 1627 2579 corpore
1642 2551 1740 2579 exulta,

964 2589 1018 2616 imo
1031 2597 1144 2623 corpore
1157 2597 1206 2617 suo
1218 2597 1312 2616 rursus
1336 2590 1437 2617 induta:
1452 2590 1583 2617 habiturae
1597 2595 1658 2618 sunt
1671 2591 1740 2627 (64),

962 2635 1090 2663 Dominus
1099 2635 1283 2670 pronuntiavit
1292 2634 1317 2660 in
1325 2634 1479 2669 Evangelio,
1487 2634 1621 2662 dicens":
1632 2636 1736 2664 «Multa:

961 2683 1116 2710 mansiones
1132 2685 1195 2709 sunt
1210 2681 1280 2721 apud
1304 2680 1410 2708 Patrem
1436 2689 1535 2709 meum.
1551 2682 1678 2718 Alioquin
1694 2684 1740 2711 di-

959 2787 1059 2814 sanctis
1074 2785 1180 2813 litteris.
1201 2795 1210 2811 ι

1005 2821 1050 2855 67))
1067 2821 1130 2847 Mss.
1150 2830 1159 2846 «
1170 2818 1292 2846 audistis.
1305 2828 1313 2844 ι
1331 2819 1408 2847 Libb.
1424 2820 1500 2852 editi,
1516 2821 1645 2849 «audisti.
1656 2830 1665 2847 ι

994 2823 1050 2888 itii)
1066 2855 1155 2883 Codex
1178 2855 1270 2883 Sancti
1292 2855 1472 2887 Theoderici;
1494 2857 1602 2888 «anima
1623 2863 1665 2883 σοι

1006 2856 1050 2889 64)
1066 2855 1155 2883 Codex
1178 2855 1270 2883 Sancti
1292 2855 1472 2887 Theoderici;
1494 2857 1602 2891 «anima
1623 2862 1737 2891 corpore

958 2897 1048 2920 exuta.
1062 2891 1114 2916 imo
1124 2897 1238 2922 corpore
1251 2896 1300 2917 suo
1314 2897 1406 2917 rursus
1423 2891 1515 2916 induta
1528 2890 1652 2917 habitura
1664 2896 1733 2918 est.»
