1903 3052
165 175 216 201 735

883 169 1042 198 ORIGENIS

1738 176 1785 204 786

164 236 255 255 cerem
273 228 358 261 vobis,
372 227 443 256 Vade
462 232 489 255 ct
503 234 624 262 praepara
642 227 719 254 vobis
738 227 919 255 mansionem.
935 238 944 254 ι
962 234 986 262 Α
1000 227 1187 258 mansionibus
1203 229 1366 262 perveniunt
1389 229 1435 256 ﬁlii
1459 228 1542 257 Israel
1561 238 1648 266 usque
1668 233 1702 262 ad
1716 241 1784 268 pnn-

166 275 237 302 Sunt
260 282 325 309 ergo
349 274 438 301 multa:
462 273 514 300 illa‘
541 273 696 301 mansiones
713 281 773 308 quae
791 273 824 300 ad
841 273 947 301 Patrem

165 322 278 351 ducunt,
302 321 328 346 in
344 319 442 353 quibus
459 318 573 353 singulis
595 318 660 353 quid
675 326 775 352 cauare,
796 319 861 354 quid
877 319 950 346 utili-

164 367 230 393 tatis
245 366 343 392 animm
362 364 657 400 commoratio,quidve
673 365 835 392 eruditionis
852 370 898 391 attt
915 364 948 391 il-

164 411 349 438 tnminationis
367 410 495 444 accipiat,
521 410 574 437 scil
595 409 641 437 ille
660 409 734 436 solus
752 410 835 437 futuri
855 409 947 437 saculi

162 458 253 488 Pater,
263 457 307 490 qui
320 456 357 482 ait
367 456 401 482 de
409 455 557 490 semetipso
563 455 597 487 ⁷³,
610 455 673 489 quia
683 464 693 481 ε
703 463 753 490 ego
764 463 823 482 sum
834 456 947 483 ostium.

163 502 247 530 Nemo
265 502 338 529 venit
354 502 387 528 ad
401 501 521 533 Patrem,
539 501 589 528 nisi
604 508 652 536 per
666 508 718 527 me.
730 510 740 526 ο
757 501 808 534 Qui
823 501 947 529 fortassis

162 550 188 576 in
206 549 247 576 his
256 548 370 583 singulis
379 548 570 575 mansionibus
582 547 730 582 unicuique
739 548 836 575 animae
846 548 945 575 ostium

160 594 288 629 “14035),
304 599 334 620 ut
352 601 400 628 per
416 594 503 628 ipsum
529 594 622 626 intret,
641 599 669 620 et
683 601 731 628 per
747 594 835 625 ipsum
855 599 946 627 exeat,

159 647 187 666 et
208 641 326 667 inveniat
346 647 457 674 pascua,
480 645 507 666 et
529 640 627 667 iterum
653 639 737 667 intret
758 641 790 667 ad
807 640 898 673 atiam,
919 645 947 668 et

160 688 222 714 inde
240 687 273 713 ad
288 686 368 712 aliam
381 685 564 717 mansionem,
579 693 720 720 usquean
736 687 769 713 ad
785 687 871 721 ipsum
884 694 946 721 per-

158 734 250 759 veniat
263 732 381 759 Patrem.
399 731 451 758 Sed
467 739 526 762 nos.
538 739 607 765 pene
623 731 796 759 immemores
810 731 946 765 palatio-

159 778 200 804 riis
217 782 327 808 nostrae,
343 777 432 804 subito
449 777 570 802 auditum
586 782 707 803 vestrum
727 777 761 803 ad
777 777 831 804 alta
850 782 878 804 et
894 785 945 804 el-

157 825 227 851 celsa
243 823 423 851 surreximus.
447 823 503 850 Imo
526 830 592 850 vero
615 823 758 850 redeamus
779 823 812 850 ad
826 830 869 854 ea,
885 830 945 858 quae

158 869 230 896 inter
253 876 303 896 nos
317 874 344 895 et
366 868 393 894 in
422 868 500 895 nobis
523 873 665 902 geruntur.
690 867 717 894 In
733 867 849 903 [Egypto
864 872 943 895 erant

1000 273 1101 307 cipiunt
1118 273 1258 307 capienda:
1272 273 1450 303 hereditatis.
1471 275 1637 311 Principium
1659 285 1725 306 vero
1742 286 1784 306 ea-

1000 318 1104 353 piendte
1116 319 1284 347 haereditatis
1298 319 1360 352 fuit,
1375 320 1419 347 ubi
1434 321 1529 350 Ruben
1545 327 1572 350 et
1584 321 1653 355 Gad,
1665 328 1694 351 et
1705 324 1783 352 dimi-

999 364 1042 390 dia
1060 363 1145 392 tribus
1157 363 1294 396 Manasse,
1314 366 1453 400 accipiunt
1469 371 1571 394 terram
1586 367 1702 398 Galaad.
1717 369 1785 399 Con-

999 413 1054 436 stat
1065 409 1157 443 itaque
1172 417 1305 438 nantems
1322 411 1509 439 dcseensionis
1524 412 1638 446 Christi,
1654 421 1703 448 per
1719 422 1784 449 qua-

998 453 1123 489 draginta
1148 459 1176 482 et
1190 454 1261 482 duos
1275 460 1368 490 patres
1391 456 1540 485 secundum
1564 465 1691 491 carnem,
1715 458 1784 487 velut

997 505 1046 532 per
1057 498 1239 533 quadraginta
1257 499 1324 527 duas
1336 500 1493 530 mansiones
1510 501 1679 531 descendens
1702 510 1786 539 usque

996 543 1030 569 ad
1046 550 1106 577 nos,
1121 547 1150 570 et
1161 551 1211 580 per
1230 544 1342 573 totidem
1356 543 1512 576 mansiones
1524 555 1654 576 ascensus
1667 547 1786 577 ﬁliorum

998 588 1092 622 Israel,
1106 597 1192 625 usque
1203 590 1238 617 ad
1257 590 1427 620 baercditatis
1446 593 1587 628 promissae
1609 594 1786 631 principium.

1002 634 1077 668 Quod
1091 635 1113 662 si
1137 635 1293 663 intellexisti
1312 641 1446 669 quantum
1470 639 1635 667 sacramenti
1654 647 1786 669 numerus

1000 683 1052 709 iste
1076 683 1262 710 descensionis
1290 684 1516 719 astmnsionisqne
1544 686 1698 719 contineat,
1725 688 1784 714 veni

995 727 1092 764 jam,et
1108 728 1271 763 incipiamus
1290 737 1337 763 per
1356 737 1398 762 ca,
1423 737 1483 765 qua:
1499 731 1640 759 descendit
1656 732 1786 762 Christus

996 774 1157 806 ascendere,
1182 778 1211 801 et
1234 775 1349 809 primam
1379 777 1546 803 mansionem
1570 777 1783 813 istam‘facere.

995 827 1076 854 quam
1096 819 1142 847 ille
1165 820 1344 848 novissimam
1363 821 1438 854 fecit,
1462 822 1578 856 scilicet,
1595 823 1640 858 qui
1657 829 1738 851 natus
1750 832 1784 852 ex

997 866 1109 900 Virgine
1121 870 1163 893 est
1182 877 1187 893 :
1209 870 1234 893 ct
1258 866 1317 894 haec
1338 867 1374 893 sit
1394 867 1480 902 prima
1509 868 1587 896 nobis
1614 870 1723 898 mansio
1751 871 1785 898 de

158 913 204 941 tilii
221 913 314 946 Israel,
330 914 356 940 in
372 914 499 948 operibus
515 901 668 940 Diraraonis
688 913 762 948 regis
772 901 841 940 Iluto
856 921 888 940 ac
907 914 944 940 ιθ-
960 901 981 928 Β
995 911 1114 946 Egypto
1128 911 1204 938 exire
1221 910 1387 944 volentibus,
1410 912 1436 940 in
1452 920 1516 947 qua,
1533 913 1627 943 relicto
1649 914 1783 942 idolorum

156 964 214 987 tere
230 959 428 994 adﬁgebantur,
444 961 530 986 donec
553 959 776 994 ingemiscentes,
791 958 944 986 clamarent

156 1008 189 1034 ad
205 1007 360 1039 Dominum,
376 1011 403 1034 et
420 1006 571 1033 exaudiens
591 1007 720 1041 gemitum
735 1013 831 1032 eorum
850 1006 944 1032 mitte-

157 1057 198 1080 ret
213 1053 252 1079 eis
267 1052 378 1078 verbum
393 1059 470 1078 suum
496 1059 544 1086 per
565 1051 694 1086 Moysem,
709 1055 738 1077 et
753 1051 882 1077 educeret
893 1057 944 1077 eos

155 1100 190 1126 de
203 1097 330 1133 Egypto.
347 1098 378 1124 Et
399 1105 448 1125 nos
461 1104 528 1132 ergo
543 1104 605 1123 cum
628 1103 752 1123 essemus
769 1096 794 1122 in
811 1095 942 1131 Egypto,

155 1145 247 1171 mundi
260 1144 321 1171 dico
337 1143 416 1178 hujus
430 1142 572 1170 erroribus
584 1146 613 1169 et
631 1142 794 1176 ignorantim
810 1142 940 1174 tenebris,

154 1194 298 1224 ureranles
312 1196 394 1223 opera
408 1187 518 1219 diaboli,
533 1191 560 1214 et
573 1186 600 1212 in
613 1187 841 1220 concupiscentiis
854 1190 882 1213 et
897 1193 943 1213 vo-

154 1235 304 1269 luptatibus
317 1233 421 1264 carnis,
443 1233 592 1260 miseratus
608 1237 651 1258 est
670 1231 801 1258 Dominus
815 1230 942 1258 emittic-

154 1287 216 1308 ncm
231 1284 369 1311 nostram;
388 1283 416 1305 et
431 1278 505 1305 misit
532 1278 650 1305 Verbum
675 1283 754 1303 suum
770 1276 941 1310 unigenitum

155 1325 265 1357 Filium,
280 1325 325 1359 qui
348 1332 398 1352 nos
419 1325 453 1352 de
478 1322 630 1358 ignorantia
652 1321 755 1349 erroris
779 1326 887 1356 ereptos
909 1322 943 1349 ad

155 1372 241 1399 lucem
254 1371 351 1398 divina:
367 1370 434 1405 legis
446 1370 606 1398 adduceret.

189 1419 217 1445 3.
230 1418 283 1445 Sed
296 1417 383 1452 primo
397 1416 518 1443 omnium
539 1416 644 1442 intuere
654 1414 776 1449 mysterii
789 1415 940 1442 rationem:

152 1471 236 1499 quam
251 1463 297 1498 qui
313 1462 458 1497 diligenter
471 1461 670 1493 observaverit,
683 1460 712 1487 in
734 1460 883 1495 Scripturis
898 1461 942 1487 in-

153 1509 245 1536 veniet
267 1509 296 1535 vin
314 1507 473 1542 egressione
500 1506 618 1533 ﬁliorum
646 1506 730 1533 Israel
756 1506 790 1533 de
810 1505 940 1541 Egypto,

994 957 1079 988 catur,
1100 960 1127 982 et
1148 956 1354 988 daemoniorum,
1369 964 1422 985 non
1445 958 1571 991 deorum,
1595 961 1785 991 veneratione.

993 1001 1130 1028 credimus
1140 1001 1277 1028 Christum
1292 1006 1386 1030 natum
1399 1010 1433 1030 ex
1451 1002 1575 1038 Virgine,
1588 1009 1615 1032 et
1629 1005 1662 1033 de
1679 1005 1784 1040 Spiritu

994 1051 1100 1078 sanus),
1116 1051 1142 1074 et
1158 1046 1276 1074 Verbum
1291 1054 1404 1074 carnem
1424 1048 1526 1076 factum
1544 1051 1650 1078 venisse
1665 1051 1692 1078 in
1709 1051 1784 1079 hunc

994 1093 1134 1120 mundum.
1154 1092 1220 1121 Post
1232 1092 1289 1119 haec
1300 1092 1357 1128 jam
1376 1094 1520 1128 proﬁcere,
1537 1099 1564 1123 et
1579 1096 1732 1124 ascendere
1749 1097 1784 1123 ad

992 1137 1115 1172 singulos
1129 1145 1251 1172 quosque
1267 1138 1329 1165 lidci
1345 1143 1371 1165 et
1389 1139 1520 1167 virtutum
1537 1141 1636 1174 gradus
1650 1141 1782 1168 nitamur.

993 1183 1095 1216 Quibus
1107 1183 1130 1210 si
1145 1183 1238 1210 tandiu
1263 1184 1451 1217 immorentur,
1475 1185 1563 1214 donec
1578 1186 1610 1214 ad
1625 1186 1780 1221 perfectum

993 1229 1144 1260 veniamus,
1161 1228 1187 1255 in
1200 1228 1313 1263 singulis
1325 1229 1455 1257 virtutum
1470 1231 1598 1266 gradibus
1614 1233 1782 1260 mansionem

993 1274 1092 1302 fecisse
1109 1275 1240 1306 dicemur,
1259 1282 1400 1310 usquequo
1415 1276 1448 1303 ad
1465 1283 1600 1305 summum
1616 1279 1781 1312 pervenien-

994 1320 1065 1348 libus
1080 1321 1160 1348 nobis
1182 1321 1384 1348 institutionum
1400 1320 1624 1358 prol'éctuumque
1638 1324 1780 1359 fastigium

988 1365 1126 1400 promissa
1142 1365 1312 1400 compleatur
1325 1366 1481 1394 hereditas.

1028 1410 1056 1437 4.
1073 1410 1126 1437 Sed
1142 1414 1170 1437 ct
1181 1410 1271 1437 anima
1284 1417 1345 1441 cum
1365 1411 1397 1438 de
1413 1410 1531 1446 Egypto
1545 1413 1607 1440 vita:
1619 1413 1700 1447 hujus
1716 1421 1780 1448 pro-

991 1456 1135 1490 ﬁciscitur,
1149 1460 1178 1483 ut
1193 1457 1286 1484 tendat
1301 1458 1335 1484 ad
1352 1463 1453 1486 terram
1470 1460 1700 1494 repromissionis,
1715 1468 1780 1497 per-

990 1502 1032 1537 git
1052 1503 1206 1530 necessario
1234 1503 1267 1530 ad
1283 1503 1343 1531 illas
1356 1503 1424 1539 (67),
1443 1513 1503 1540 qua:
1521 1505 1592 1540 apud
1612 1505 1722 1534 Patrem
1747 1508 1782 1537 ab

152 1555 333 1591 quadraginta
344 1558 372 1581 et
386 1554 452 1581 duas
466 1553 575 1581 habitas
587 1559 648 1580 csse
662 1552 816 1579 INIIISIOCIOS
827 1559 834 1577 :
846 1557 942 1578 etrnr-
952 1568 976 1597 ο
993 1548 1073 1575 initio
1094 1552 1256 1582 prmpnratze
1279 1553 1343 1576 sunt.
1365 1550 1533 1578 mansiones.
1557 1551 1678 1584 Quarum
1697 1554 1782 1580 credo

152 1607 213 1627 sum
231 1600 364 1626 adventus
380 1598 487 1625 Domini
502 1601 531 1625 et
546 1595 699 1623 Salvatoris
714 1596 802 1623 nostri
818 1595 845 1622 in
867 1596 939 1622 hunc

153 1645 295 1676 mundum,
309 1651 361 1677 per
375 1642 555 1677 quadraginta
570 1645 598 1668 et
610 1641 677 1668 duas
686 1641 878 1675 generationes
890 1641 938 1667 ad-

153 1689 271 1716 ducitur.
292 1688 339 1715 Sic
362 1688 435 1715 enim
461 1687 604 1714 Ilatthzeus
634 1685 800 1720 evangelista
820 1692 939 1713 nem-

154 1738 251 1764 rnorat,
275 1733 369 1760 dicens
379 1732 402 1749 ⁸⁵
419 1740 428 1760 :
446 1739 455 1757 (
469 1731 512 1758 Ab
527 1730 665 1757 Abraham
688 1737 774 1764 usque
797 1730 830 1757 ad
854 1729 938 1757 David

152 1785 254 1812 regem,
262 1774 724 1812 generationes‘quatuordecim.Et
732 1782 747 1801 a
759 1775 842 1802 David
854 1782 939 1809 usque

152 1824 185 1850 ad
199 1822 469 1858 transmigrationetn
486 1821 642 1856 Babylonis,
665 1821 856 1855 generationes
864 1828 938 1855 qua-

153 1869 311 1896 toordecim.
339 1868 372 1895 Et
393 1874 411 1894 a
432 1866 675 1900 transmigratione
691 1865 835 1900 Babylonis
852 1873 938 1900 usque

149 1914 185 1941 ad
205 1913 355 1945 Christum,
383 1912 576 1947 generationes
601 1910 843 1945 qmtuordecim.»
869 1909 938 1937 Istas

151 1966 219 1994 ergo
235 1957 415 1993 quadraginta
429 1963 456 1985 et
474 1957 546 1985 duas
561 1956 764 1992 generationes,
781 1963 849 1990 quas
863 1955 937 1982 velut

153 2003 439 2031 mansionesChrislus
447 2001 509 2029 fecit
517 2001 685 2029 descendens
693 2001 718 2028 in
725 1999 871 2035 (Egyptian
880 1999 937 2035 (66)

151 2048 243 2076 mundi
270 2048 361 2081 hujus,
388 2048 447 2081 ipso
473 2053 586 2074 munero
613 2047 793 2080 quadraginta
816 2050 843 2073 et
865 2046 937 2073 duas

149 2094 305 2121 mansiones
321 2092 434 2124 faciunt,
449 2091 494 2126 qui
507 2091 590 2126 316
601 2091 753 2118 ascendunt
763 2091 797 2120 de
804 2090 935 2126 Egypto.

149 2140 184 2167 Et
209 2140 281 2167 bene
306 2139 485 2166 observante!
511 2138 600 2171 posuit
632 2137 736 2172 Moyses
767 2138 859 2165 dicens
882 2138 904 2153 “
928 2146 935 2164 :

151 2195 163 2211 ι
175 2185 364 2213 Ascenderunt
381 2185 426 2212 liiii
443 2183 526 2214 Israel
538 2191 599 2212 eum
612 2184 711 2211 virtute
721 2191 781 2212 sua.
793 2194 802 2210 ι
814 2183 879 2217 Qum
895 2189 936 2212 est

150 2231 238 2257 virtus
253 2238 359 2262 eorum,
370 2230 421 2257 nisi
438 2230 495 2265 ipse
503 2229 645 2261 (leietus,
658 2229 705 2263 qui
721 2234 761 2258 est
774 2229 934 2257 virtus-Dei?
951 2241 974 2268 ι)

150 2277 200 2310 Qui
216 2283 282 2311 ergo
298 2276 428 2308 ascendit,
445 2283 505 2303 eum
530 2275 588 2310 ipso
606 2274 737 2307 ascendit,
763 2275 808 2309 qui
826 2275 861 2303 ad
884 2283 934 2302 nos

150 2322 214 2351 inde
231 2322 379 2352 descendit.
406 2326 435 2348 ut
460 2321 524 2348 illnc
548 2321 700 2355 perveniat,
723 2321 794 2349 unde
815 2321 859 2349 ille
882 2329 934 2348 non

148 2367 325 2399 necessitate,
338 2367 386 2394 sed
402 2366 561 2401 dignatione
571 2366 725 2399 descendit,
747 2370 776 2394 ot
789 2373 882 2393 verum
901 2366 937 2393 sit

146 2414 215 2441 illud
234 2414 309 2448 quod
327 2413 428 2440 dictum
446 2416 489 2439 est
502 2412 536 2444 ε’,
550 2412 614 2446 quia
631 2413 696 2447 «qui
716 2412 865 2444 descendit,
879 2412 937 2446 ipse

149 2463 192 2486 est
208 2463 234 2485 ot
248 2458 293 2493 qui
311 2458 444 2492 ascendit.
460 2467 469 2485 ι
487 2458 572 2493 Igitur
589 2458 615 2485 in
633 2457 812 2492 quadraginta
834 2457 938 2485 duabus

993 1601 1098 1621 memor
1125 1593 1260 1628 Propheta
1274 1614 1281 1626 ,
1309 1595 1472 1622 dicebat”:
1493 1605 1501 1621 ι
1515 1595 1577 1623 Ιιωε
1611 1604 1782 1625 memoratus

992 1646 1065 1673 smn,
1079 1644 1107 1666 et
1127 1638 1208 1666 eil'udi
1230 1646 1311 1674 stuter
1332 1647 1376 1666 me
1396 1640 1514 1667 anitnam
1537 1649 1634 1673 meatu,
1650 1642 1781 1677 quoniam

993 1684 1131 1720 ingrediar
1146 1684 1173 1711 in
1188 1684 1278 1712 iocum
1295 1685 1465 1713 tabernaculi
1491 1686 1670 1720 admirabilis,
1695 1695 1781 1722 usque

993 1731 1026 1758 ad
1042 1731 1152 1757 domum
1164 1730 1223 1758 Dei.
1233 1739 1243 1756 ο
1263 1730 1323 1758 Isne
1338 1736 1401 1759 sunt
1414 1732 1577 1766 mansiones,
1587 1738 1613 1759 et
1627 1724 1677 1761 ista
1690 1734 1781 1761 taber-

993 1776 1100 1808 nacula,
1111 1777 1144 1804 de
1158 1776 1257 1810 quibus
1271 1776 1299 1803 in
1313 1777 1369 1805 alio
1385 1776 1446 1804 loco
1457 1777 1572 1805 dicit“:
1587 1786 1596 1802 ι
1607 1777 1692 1812 Quam
1704 1787 1781 1807 ama-

991 1821 1057 1848 bilia
1072 1825 1135 1848 sunt
1151 1821 1326 1849 tabernacula
1343 1826 1399 1855 tua,
1419 1821 1531 1850 Domine
1546 1823 1695 1851 virtutum!
1711 1831 1777 1851 con-

991 1866 1110 1901 cupiscit
1131 1869 1160 1893 et
1182 1865 1272 1894 deﬁcit
1296 1867 1386 1894 anima
1412 1875 1470 1894 mea
1495 1868 1522 1897 in
1542 1869 1610 1897 atria
1636 1869 1751 1896 Domini.
1767 1880 1777 1895 ι

992 1911 1096 1939 Idcirco
1111 1915 1138 1938 ct
1153 1912 1179 1938 in
1193 1911 1246 1938 alio
1258 1911 1317 1939 loco
1332 1912 1403 1939 idem
1415 1911 1550 1948 Propheta
1561 1914 1627 1941 dicit
1637 1914 1659 1929 ⁸⁸
1671 1923 1677 1940 :
1688 1923 1697 1940 ι
1707 1915 1779 1941 Mut-

992 1961 1049 1984 turn
1064 1957 1238 1992 peregrinata
1253 1961 1295 1984 est
1309 1957 1400 1984 anima
1420 1965 1488 1985 mea.
1502 1967 1511 1984 I
1528 1957 1647 1993 Intellige
1662 1966 1737 1993 ergo,
1752 1959 1777 1986 si

990 2008 1078 2038 potes,
1091 2011 1151 2038 qua:
1165 2003 1220 2031 sint
1235 2003 1293 2031 ista:
1306 2004 1541 2038 peregrinationes
1554 2005 1661 2037 animae,
1675 2005 1701 2032 in
1715 2005 1777 2040 qui-

990 2049 1042 2076 bus
1056 2057 1115 2076 cum
1131 2048 1247 2083 quodam
1264 2049 1367 2083 gemitu
1389 2057 1420 2076 ac
1439 2049 1532 2077 dolore
1554 2050 1723 2085 peregrinari
1745 2057 1777 2077 se

992 2094 1091 2122 diutius
1113 2094 1201 2122 deﬂet.
1227 2093 1279 2121 Sed
1304 2094 1426 2122 Itebescit
1448 2095 1545 2122 harum
1570 2095 1725 2122 intellectus
1746 2100 1777 2123 et

991 2139 1162 2172 obscuratur,
1179 2141 1264 2167 donec
1276 2141 1364 2168 adhuc
1376 2141 1568 2175 peregrinatur
1582 2149 1589 2168 :
1603 2145 1668 2168 tunc
1678 2146 1770 2168 autent

964 2179 1082 2212 lverius
1105 2185 1274 2217 edocebitnr,
1295 2190 1322 2212 et
1340 2186 1429 2213 verius
1452 2185 1584 2220 intelliget
1606 2193 1666 2220 quae
1691 2186 1776 2213 fuerit

992 2228 1062 2255 ratio
1076 2229 1303 2263 peregrinationis
1320 2238 1386 2263 sum,
1405 2237 1467 2257 cum
1489 2238 1613 2265 regressa
1632 2230 1717 2258 fuerit
1739 2232 1773 2258 ad

988 2275 1111 2309 requiem
1127 2283 1216 2309 suam,
1232 2276 1258 2303 id
1271 2280 1312 2302 est
1329 2276 1363 2303 ad
1377 2276 1491 2310 patriam
1506 2283 1583 2304 suam
1596 2276 1772 2312 paradisum:

987 2321 1058 2356 quod
1082 2321 1131 2348 sub
1156 2321 1289 2357 mysterio
1310 2322 1420 2350 intuens
1444 2321 1580 2356 Propheta
1604 2322 1713 2350 dicebat
1728 2323 1774 2348 ":

990 2374 999 2392 ι
1011 2365 1281 2398 Converterc,anima
1290 2375 1359 2398 mea,
1370 2367 1395 2396 in
1411 2367 1530 2401 requiem
1548 2372 1633 2400 tuam,
1647 2368 1708 2402 quia
1722 2367 1775 2394 Do-

988 2411 1077 2439 minus
1091 2411 1226 2440 beneﬁce“.
1236 2412 1296 2440 tibi.
1309 2421 1319 2438 ι
1339 2412 1392 2439 Sed
1414 2412 1523 2440 inierint
1541 2413 1731 2448 peregrinatur
1745 2418 1775 2440 ct

988 2457 1105 2493 agiliter
1116 2462 1143 2484 et
1156 2457 1265 2484 coniicit
1286 2458 1452 2489 mansiones,
1464 2457 1593 2487 utilitatis
1607 2458 1667 2485 sine
1689 2458 1772 2486 dubio

203 2530 225 2546 τ’
239 2533 317 2556 Jnan.
337 2538 363 2563 ιι,
384 2530 410 2561 9,
432 2535 459 2557 ct
477 2537 532 2560 xtv.
555 2529 581 2556 6.
621 2529 644 2544 ⁸⁸
666 2528 763 2555 Matth.
786 2535 806 2560 ι,
830 2528 872 2554 I7.
907 2527 932 2543 ³¹
950 2527 1029 2554 Num.
1053 2535 1151 2559 xxxtn,
1172 2527 1198 2554 1.
1234 2527 1369 2562 "Ephes.
1393 2535 1428 2559 tv,
1443 2527 1488 2554 40.
1529 2527 1636 2554 "Psal.
1656 2535 1727 2560 nrt,
1742 2528 1771 2555 5.

149 2565 174 2581 “
185 2564 256 2592 Psal.
273 2562 383 2597 Lxxxtv,
399 2566 426 2597 2,
446 2565 475 2592 ὅ.
512 2563 619 2591 “'I’sal.
634 2570 690 2595 tux,
707 2563 733 2589 5.
771 2563 794 2579 “
805 2562 878 2589 Psal.
894 2569 956 2593 cxv.
972 2563 997 2589 7.

185 2633 241 2668 (65)
256 2632 323 2660 Sunt
341 2641 402 2668 ergo
421 2633 509 2660 multa:
523 2633 578 2659 illa!
594 2631 752 2663 mansiones,
766 2635 831 2668 etc.,
848 2637 932 2668 usque

150 2666 249 2694 ad‘ist'a
266 2669 359 2701 verba,
370 2666 425 2694 sed
439 2676 485 2694 nos
507 2675 570 2700 pene
593 2667 767 2694 immemores.
789 2666 888 2692 desunt
905 2666 930 2691 in

151 2702 229 2736 libris
246 2706 322 2736 antea
337 2702 426 2734 editis,
441 2707 469 2728 et
481 2703 662 2728 restituuntur
676 2709 708 2727 ex
721 2700 846 2736 omnibus
862 2707 927 2736 mss.

150 2735 223 2762 Libri
238 2734 301 2763 editi
319 2740 423 2763 tantum
440 2736 560 2763 habent:
578 2745 586 2760 ι
601 2740 661 2761 sunt
684 2743 751 2770 ergo
767 2735 821 2761 illic
837 2734 928 2761 multa:

151 2771 316 2802 mansiones,
332 2771 358 2798 in
371 2770 469 2805 quibus
491 2776 550 2804 post
565 2770 654 2797 steculi
672 2769 758 2803 'ltnjus
779 2777 926 2805 aerumnas,

149 2809 176 2840 et
189 2804 342 2840 Egyptiam
357 2804 514 2832 servitutem
532 2804 622 2831 ﬁdeles
636 2805 732 2831 aninne
743 2804 927 2838 requiescant.

149 2839 204 2866 Sed
217 2839 265 2865 nos
279 2846 345 2872 pene
361 2839 540 2872 irmnexnores,
555 2848 563 2862 ι
585 2845 638 2866 etc.

182 2874 240 2908 (uti)
253 2872 437 2900 Ceneralioncs
457 2881 522 2907 quas
547 2873 615 2899 velut
635 2874 781 2900 mansiones
806 2873 926 2900 Christus

987 2629 1047 2665 fecit
1060 2629 1216 2658 descendens
1226 2629 1261 2665 in
1282 2627 1438 2665 ﬁgyplugn.
1460 2628 1505 2655 Sic
1527 2628 1608 2665 habet
1620 2627 1706 2665 codex
1720 2627 1769 2654 ab-

985 2661 1065 2692 batiae
1097 2664 1189 2690 Sancti
1225 2661 1367 2690 Tcodorici
1399 2663 1571 2691 Ithemensis.
1595 2661 1671 2688 Libri
1706 2669 1772 2688 vero

983 2704 1062 2725 antea
1073 2698 1149 2730 editi,
1162 2708 1171 2723 ι
1183 2698 1390 2732 generationum
1403 2698 1557 2726 mansiones
1568 2704 1636 2731 quas
1646 2696 1773 2723 Christus

984 2734 1049 2761 fecit
1061 2733 1211 2760 ascendens
1227 2732 1253 2759 in
1267 2732 1424 2767 Egyptum.
1441 2742 1451 2758 ι

1017 2741 1049 2760 :tt
1061 2741 1211 2760 asccnuens
1227 2741 1253 2759 m
1267 2741 1301 2759 an
1321 2741 1424 2767 yptum.
1441 2742 1451 2758 ι

1017 2767 1075 2803 (67)
1089 2768 1177 2805 codex
1194 2767 1287 2805 Sancti
1304 2741 1463 2794 i‘lteodorici
1474 2776 1480 2793 :
1493 2775 1501 2791 ι
1514 2766 1601 2801 pergit
1615 2764 1772 2805 necessario

981 2801 1030 2837 per
1044 2801 1174 2837 quasdam
1189 2803 1257 2834 vias,
1283 2806 1310 2828 et
1336 2806 1427 2829 certas
1448 2808 1579 2836 qnssque,
1594 2805 1624 2826 ut
1638 2801 1772 2837 diximus.

982 2834 1134 2870 conspicict
1155 2837 1320 2864 mansiones.
1335 2834 1567 2869 Quarum—credo,
1583 2844 1592 2860 ι
1608 2839 1661 2862 etc.
1678 2834 1772 2861 (ἰούδα

983 2869 1156 2900 Ebroicensis
1166 2879 1216 2906 pro
1231 2880 1241 2897 ι
1254 2871 1417 2906 conspiciet,
1431 2880 1440 2897 ι
1458 2871 1552 2905 habet,
1568 2879 1577 2896 ι
1590 2869 1712 2898 coniicit.
1724 2879 1735 2895 ι
