1902 3052
162 90 216 122 788

728 93 761 121 IN
779 91 944 120 NUMEROS
962 92 1102 120 llOMlLlA
1121 93 1228 122 XXVII.

1740 96 1794 124 786

163 154 283 189 alicuius
297 161 381 182 causa
403 161 451 189 per
470 155 527 182 haec
542 155 588 183 Dei
604 155 830 190 promissionibns
846 155 952 189 dispen-
967 157 991 186 Α
1007 154 1125 190 Moysen,
1138 160 1165 182 et
1177 155 1234 189 ipse
1246 155 1318 182 enim
1330 154 1446 190 quoiret
1459 154 1616 189 ignorabat;
1629 156 1676 182 sed
1689 156 1795 184 colum-

162 206 235 234 alta,
247 200 321 228 sicut
345 204 372 228 et
397 200 512 235 quodam
530 201 589 228 loco
609 201 704 228 dicit"
721 210 727 229 :
745 211 754 227 ‹
770 200 860 228 Αιιιικι
878 206 913 231 te.
928 205 956 227 et

163 247 254 274 cibavi
271 250 299 274 te
312 253 414 274 manna
430 247 456 273 in
473 247 590 280 deserto,
609 246 679 282 quod
695 248 850 275 nescierunt
863 251 955 281 patres

163 292 216 325 tui,
232 295 265 319 ut
280 292 488 327 dignosceretur
504 292 569 327 quid
593 297 635 321 est
662 292 688 320 in
706 294 787 320 corde
803 298 858 320 tuo.
870 302 879 318 ι
895 291 956 320 istae

162 345 234 374 ergo
245 338 402 366 mansiones
415 343 490 373 sunt,
506 340 604 374 quibus
618 341 670 368 iter
686 347 701 368 e
723 342 804 368 terris
820 339 909 375 agitur
922 340 954 367 ad

163 382 318 412 rationm
328 385 389 418 quis
408 385 444 412 ita
461 384 601 413 invenitur
616 385 741 418 idoneus,
758 390 785 413 et
799 385 954 413 divinorum

164 429 291 457 conscius
317 434 498 463 secretorum,
524 431 570 466 qui
588 432 675 466 possit
701 431 807 459 itineris
827 431 905 459 istius
927 435 954 457 et

163 474 333 504 ascensionis
350 476 448 503 animae
463 477 618 505 describere
637 477 799 509 mansiones,
815 482 842 505 et
859 479 952 505 unius-

162 523 297 559 cujusque
322 523 375 551 loci
403 523 446 551 vel
468 523 576 551 labores
601 525 739 559 explicare
761 525 803 552 vel
828 525 953 559 requies?

162 570 306 604 Quomodo
319 570 390 597 enim
405 574 517 597 enarret
531 570 601 604 quod
619 575 679 605 post
689 570 803 605 primam
816 575 841 597 et
853 577 952 598 secun-

161 617 225 643 dam
244 621 272 643 et
290 616 396 644 tertiani
415 617 583 644 mansionem
603 617 659 652 (68)
681 618 842 652 insequatur
864 618 953 646 adhuc

161 660 281 696 Pharao,
306 663 487 698 insequantur
512 663 645 699 Egyptii,
666 668 693 690 ct
720 663 784 691 licet
804 671 857 691 non
876 671 952 692 com-

163 708 349 743 prehendant,
376 713 466 738 tamen
491 710 668 743 insectentur,
685 715 712 738 et
730 711 793 738 licet
816 711 951 739 submersi

162 755 230 787 sint,
253 760 342 783 tamen
359 756 474 783 insecuti
491 756 565 785 sint?
588 756 730 790 Quomodo
745 757 868 785 enuntiet
880 758 951 792 quod

162 801 256 829 salvus
272 800 386 829 cﬂectus
398 800 446 830 Dei
462 802 588 838 populus,
604 807 664 838 post
680 802 781 839 aliquot
796 804 950 831 mansiones

161 847 279 881 primum
305 848 458 875 cantavcrit
477 848 612 876 canticum
635 849 792 876 dicens":t
805 848 951 877 Cantemus

164 893 289 925 Domino,
307 893 424 929 gloriose
434 893 506 921 enim
521 894 783 928 honoriﬁcatus(69l
791 900 843 927 est,
852 903 951 930 equum

163 944 191 964 ct
217 945 392 966 ascensorem
419 937 533 974 projecit
559 939 585 966 in
613 940 725 967 mare?)
750 939 802 968 Sed
833 941 899 975 inec,
925 945 953 968 ut

163 984 232 1016 dixi,
249 983 294 1019 qui
309 991 357 1018 per
374 984 493 1020 singulas
509 986 664 1013 mansiones
679 986 778 1013 audeat
794 986 911 1020 aperire,
925 991 952 1014 et

163 1036 213 1062 pro
238 1028 469 1065 contemplatione
499 1031 639 1058 nominum
669 1030 815 1066 qualitates
845 1039 952 1066 quoque

161 1072 302 1109 conjicere
319 1074 502 1108 mansionum,
517 1076 610 1104 nescio
625 1076 648 1103 si
663 1080 709 1103 aut
725 1085 820 1105 sensus
836 1077 956 1105 dicentis

163 1118 197 1146 ad
213 1119 402 1155 mysteriorum
418 1121 524 1156 pondus
538 1120 665 1155 sulIiciat,
679 1126 725 1148 aut
739 1123 847 1150 auditus
862 1124 953 1159 capiat

164 1165 347 1192 audientium.
363 1166 504 1199 Quomodo
517 1167 589 1194 enim
607 1167 649 1195 vel
667 1175 797 1196 occursus
816 1168 879 1196 belli
903 1177 952 1197 ex-

163 1210 281 1245 plicetur
300 1211 524 1244 Amalecilarnm,
543 1213 583 1240 vel
603 1213 717 1242 diversae
733 1214 906 1247 tentationes,
925 1220 952 1243 et

163 1256 203 1283 illi
221 1258 356 1291 quomodo
379 1264 554 1290 enarrentnr,
571 1266 685 1293 quorum
704 1264 779 1287 artus
794 1260 953 1288 ceciderunt

165 1300 192 1327 in
207 1301 326 1334 deserto,
344 1305 370 1329 et
384 1302 455 1337 quod
468 1303 581 1331 omnino
597 1311 650 1331 non
669 1303 715 1331 lilii
735 1304 825 1338 lsrael,
842 1306 888 1332 sed
905 1305 951 1332 ﬁlii

164 1346 280 1374 ﬁliorum
293 1346 387 1380 lsrael,
401 1347 435 1375 ad
450 1353 549 1376 terram
566 1353 688 1377 sanctam
704 1351 845 1385 pervenire
859 1356 952 1385 potue-

162 1395 238 1423 runt,
255 1396 282 1419 et
303 1393 393 1420 omnis
412 1392 455 1421 ille
481 1398 559 1420 vetus
582 1394 695 1429 populus
719 1395 828 1426 cecidit,
854 1396 952 1430 quibus

162 1438 335 1464 conversatio
361 1442 388 1465 et
406 1438 539 1466 habitatio
553 1439 643 1466 fuerat
664 1447 725 1467 eum
743 1439 890 1476 Aﬁgyptiis,
905 1449 951 1468 so-

162 1481 205 1508 lus
221 1487 313 1510 autem
330 1490 416 1510 novus
432 1484 556 1518 pervenit
572 1484 606 1511 ad
624 1492 734 1519 regnum
748 1486 792 1520 qui
808 1486 950 1520 ignorabat
964 1497 986 1528 ρ

165 1526 318 1563 Επριίοε,
334 1529 455 1564 exceptis
468 1529 656 1558 sacerdotibus
670 1534 696 1557 et
711 1530 834 1558 Levitis?
849 1531 877 1558 Si
891 1531 955 1566 quis

163 1574 237 1600 enim
257 1574 378 1608 poluerit
400 1582 431 1602 se
449 1575 475 1602 in
494 1576 667 1602 sacerdotum
688 1580 714 1602 et
734 1575 887 1603 Levitarum
904 1585 950 1605 or-

165 1618 229 1645 dine
244 1618 389 1651 collocare,
407 1618 430 1645 si
448 1619 510 1653 quis
526 1620 644 1653 patuerit
661 1627 714 1646 non
731 1620 833 1647 habere
846 1622 951 1655 portio-

163 1672 226 1691 nem
241 1664 268 1692 in
286 1664 366 1692 terris
383 1665 475 1697 ullam,
493 1666 545 1692 nisi
562 1666 648 1693 solum
666 1666 818 1699 Dominum,
836 1669 885 1694 iste
898 1676 957 1695 non-

163 1710 244 1738 eadet
262 1709 290 1736 itt
310 1709 428 1742 deserto,
446 1710 498 1738 sed
518 1710 657 1744 perveniet
679 1712 711 1738 ad
737 1715 838 1738 terram
859 1721 953 1748 repro-

165 1756 315 1784 missionis.
336 1754 413 1783 Unde
428 1759 456 1784 et
472 1756 534 1783 tusi
551 1756 590 1783 vis
604 1764 655 1783 non
672 1758 771 1784 cadere
786 1757 812 1784 in
830 1758 950 1792 deserto,

163 1801 212 1829 sed
238 1801 383 1836 pervenire
407 1801 440 1828 ad
467 1806 566 1828 terram
590 1802 808 1836 repromissionis
831 1808 951 1838 patrum,

163 1852 266 1874 sortem
286 1852 358 1874 lnam
377 1854 430 1874 non
446 1847 546 1875 habeas
562 1848 588 1874 in
608 1852 680 1874 terra
704 1848 771 1883 (70),
789 1857 838 1876 nec
851 1850 887 1876 sit
904 1850 950 1878 tibi

163 1892 267 1927 aliquid
282 1899 427 1918 commune
449 1899 512 1919 eum
536 1898 620 1919 terra.
636 1892 728 1920 Portio
744 1899 788 1920 tua
808 1895 844 1922 sit
861 1895 951 1922 Domi-

163 1945 217 1965 nus
233 1937 318 1969 solus,
332 1942 359 1964 et
374 1945 510 1972 nunquam
526 1938 618 1966 cades.
639 1938 735 1973 Agitur
748 1947 811 1974 ergo
827 1942 951 1969 ascensio

162 1985 197 2011 de
212 1982 331 2019 [Egypto
345 1983 377 2010 ad
394 1987 492 2010 terram
508 1984 738 2018 repromissionis,
754 1992 802 2019 per
813 1994 904 2020 quam,
922 1992 952 2015 ιιι

163 2028 232 2062 dixi,
257 2028 379 2065 mysticis
396 2028 624 2064 descriptionibus
642 2030 789 2058 edocemur
806 2039 951 2059 ascensum

163 2077 261 2104 anima:
273 2077 306 2103 ad
320 2075 419 2102 caelum
432 2079 459 2103 et
468 2075 678 2103 resurrectionis
688 2083 720 2103 ex
734 2078 850 2105 mortuis
859 2085 953 2106 sacra-

163 2127 283 2150 mentum
301 2120 369 2158 (7i).

1007 209 1069 227 nam
1083 201 1152 235 ignis
1174 205 1201 227 et
1216 201 1314 228 nubem
1327 208 1334 233 ;
1358 200 1456 227 Filium
1470 200 1576 227 scilicet
1592 200 1649 232 Dei,
1665 206 1692 227 et
1707 201 1794 235 Spiri-

1008 251 1062 272 tum
1075 251 1210 278 sanetum,
1224 247 1293 274 sicut
1306 251 1334 273 et
1346 247 1372 274 in
1385 246 1438 274 alio
1451 246 1512 273 loco
1524 246 1657 280 Propheta
1670 247 1736 274 dicit
1747 247 1771 264 "
1783 256 1792 276 :

1009 300 1018 316 ‹
1032 291 1089 325 Ipse
1106 292 1236 319 Dominus
1258 292 1374 320 ducebat
1393 300 1469 319 eos.)
1492 290 1564 318 Talis
1581 299 1646 326 ergo
1669 293 1714 320 liet
1729 293 1794 320 bea-

1007 342 1040 364 ta:
1061 338 1158 364 animae
1180 344 1322 371 ascensus,
1345 345 1406 365 cum
1426 338 1560 366 submersi
1582 338 1681 365 fuerint
1698 345 1796 366 omnes

1006 384 1125 419 Egyptii
1138 389 1165 412 et
1176 385 1343 418 Amaieeitm,
1367 389 1447 420 atque
1458 385 1579 412 universi
1592 385 1638 420 qui
1652 385 1793 420 impugna-

1005 435 1100 457 veraot
1125 438 1183 457 eam
1209 439 1216 458 :
1236 436 1264 459 et
1286 438 1336 465 per
1355 431 1477 466 singulas
1501 438 1624 466 quasque
1638 432 1793 466 digrediens

1006 477 1171 509 mansiones,
1196 475 1255 503 illas
1274 475 1378 503 scilicet
1401 476 1499 504 multas
1521 483 1581 511 qua:
1593 476 1720 504 dicuntur
1733 484 1794 505 esse

1004 521 1074 558 apud
1095 521 1213 554 Patrem,
1229 521 1396 548 illuminatur
1416 521 1532 556 amplius
1551 522 1605 557 ('72)
1629 529 1662 549 ex
1685 529 1739 550 una
1759 523 1792 550 ad

1004 567 1084 594 aliam
1099 567 1220 600 veniens,
1246 566 1349 600 majora
1372 574 1480 601 semper
1500 567 1704 595 illuminationis
1725 575 1793 603 aug~

1003 619 1094 641 menta
1115 614 1263 648 conquirit,
1289 620 1428 648 usquequo
1452 619 1558 640 assueta
1583 613 1617 640 sit
1630 613 1715 648 ipsius
1734 613 1791 640 veri

1003 660 1114 687 lumlnls
1124 660 1197 695 quod
1220 659 1356 687 illuminat
1379 666 1485 687 onmem
1502 659 1650 691 hominem,
1666 660 1792 686 intuitum

1002 706 1067 741 pati,
1089 711 1117 733 et
1130 706 1205 733 mira:
1218 706 1370 740 maiestatis
1390 705 1463 734 ferre
1479 706 1620 741 fulgorem.
1643 706 1670 733 Si
1684 714 1747 734 vero
1759 707 1792 734 ad

1002 752 1160 784 secundam,
1183 752 1216 779 de
1236 759 1287 786 qua
1310 753 1436 787 superius
1449 753 1669 785 memoravimus,
1682 753 1791 786 exposi-

1002 799 1101 826 tionem
1113 798 1263 830 redeamus,
1273 803 1300 825 et
1310 798 1405 825 animae
1416 798 1443 825 in
1452 799 1503 826 hac
1511 799 1564 825 vita
1577 798 1669 833 posine
1678 806 1726 832 per
1735 799 1792 826 haec

1002 843 1093 871 doceri
1110 843 1292 877 intelligamus
1305 843 1454 878 profectus,
1469 851 1528 878 quae
1539 851 1668 871 conversa
1682 844 1714 870 de
1725 851 1791 877 gen-

1004 889 1044 916 tili
1059 889 1123 922 vita,
1138 896 1189 916 non
1211 893 1265 916 tam
1278 888 1387 923 Moysen
1404 897 1485 924 quam
1504 889 1590 924 legem
1604 891 1663 923 Dei,
1678 898 1727 917 nec
1738 891 1792 916 Aa-

1004 941 1063 967 ron,
1087 934 1133 960 sed
1156 934 1324 961 sacerdotem
1350 934 1425 960 illum
1448 933 1495 968 qui
1519 939 1659 968 permanet
1672 934 1697 961 in
1712 939 1792 961 teter—

1003 987 1067 1008 oum
1089 980 1230 1014 sequitur;
1251 985 1397 1015 antequam
1420 981 1453 1007 ad
1477 981 1626 1014 perfectum
1645 981 1744 1012 veniat,
1764 981 1791 1008 in

1002 1033 1093 1054 eremo
1107 1026 1227 1058 habitat;
1250 1027 1294 1054 ubi
1308 1026 1411 1054 scilicet
1435 1030 1597 1053 exerceatur
1611 1027 1636 1053 in
1650 1027 1792 1061 praeceptis

1004 1069 1121 1102 Domini,
1143 1074 1171 1095 et
1185 1069 1228 1096 ubi
1243 1069 1309 1096 ﬁdes
1330 1069 1389 1103 ejus
1413 1077 1461 1103 per
1476 1069 1638 1096 tcnlationes
1651 1070 1789 1104 probetur.

1004 1115 1053 1143 Ubi
1068 1122 1129 1142 cum
1142 1115 1239 1142 vicerit
1260 1123 1340 1141 unam
1361 1114 1547 1146 tentatiouem,
1570 1120 1597 1141 et
1611 1115 1677 1142 ﬁdes
1688 1115 1746 1149 ejus
1763 1117 1789 1143 in

1001 1168 1032 1188 ea
1055 1160 1135 1187 fuerit
1150 1161 1275 1194 probata,
1291 1161 1352 1187 inde
1377 1159 1450 1186 venit
1464 1161 1496 1186 ad
1510 1159 1603 1192 aliam,
1627 1165 1653 1187 et
1667 1161 1742 1194 quasi
1756 1161 1791 1188 de

1003 1215 1054 1233 una
1071 1205 1212 1234 mansione
1235 1206 1268 1232 ad
1292 1206 1404 1233 alteram
1421 1205 1527 1237 transit,
1554 1210 1581 1233 et
1599 1205 1634 1233 ibi
1647 1205 1790 1233 eumobti-

1002 1253 1092 1279 nucrit
1105 1248 1165 1286 qua:
1188 1252 1347 1284 acciderint,
1369 1257 1394 1278 et
1408 1251 1524 1278 ﬁdeliter
1538 1251 1642 1285 tulerit,
1655 1252 1743 1286 pergit
1757 1251 1790 1278 ad

1002 1298 1101 1331 aliam;
1120 1303 1146 1325 et
1172 1299 1209 1326 ita
1231 1306 1281 1334 per
1296 1298 1401 1333 singula
1415 1304 1530 1332 quaeque
1551 1302 1715 1325 tentanienta
1729 1297 1790 1323 vitae

1001 1353 1033 1373 ac
1059 1345 1120 1373 ﬁdei
1149 1349 1302 1379 prosecuta,
1321 1343 1475 1371 mansiones
1497 1343 1598 1371 habere
1624 1344 1723 1371 dicitur
1740 1353 1747 1371 :
1763 1345 1789 1371 in

1001 1392 1099 1427 quibus
1115 1399 1163 1426 per
1179 1391 1283 1426 singula
1300 1391 1429 1417 virtutum
1445 1395 1604 1424 quaeruntur
1618 1393 1761 1424 augmenta
1781 1398 1790 1416 :

1001 1443 1029 1465 et
1042 1437 1169 1472 impletur
1182 1437 1209 1464 in
1224 1438 1257 1464 iis
1271 1437 1334 1463 illud
1350 1436 1422 1471 quod
1435 1436 1565 1470 scriptum
1579 1440 1621 1463 cst
1631 1436 1654 1452 '°
1669 1444 1675 1462 :
1690 1445 1699 1462 ι
1713 1436 1791 1462 ibunt

1003 1484 1034 1511 de
1050 1484 1153 1510 virtute
1178 1483 1204 1509 in
1222 1483 1360 1515 virtutem,
1376 1491 1385 1507 I
1403 1489 1544 1516 usquequo
1568 1482 1742 1516 perveniatur
1756 1482 1790 1508 ad

1003 1529 1136 1560 ultimum,
1162 1528 1216 1555 imo
1238 1528 1270 1554 ad
1300 1535 1435 1555 summum
1460 1527 1572 1561 gradum
1596 1527 1736 1559 virtutum,
1763 1531 1791 1553 et

1004 1579 1157 1601 transeatur
1168 1573 1267 1600 ﬂumen
1287 1573 1343 1605 Dei,
1363 1580 1394 1599 ac
1409 1572 1541 1607 promissa
1560 1572 1721 1606 suscipiatur
1735 1572 1789 1598 lite-

1005 1620 1116 1647 reditas.

1037 1664 1065 1691 6.
1089 1663 1193 1698 Duplici
1227 1663 1310 1698 igitur
1342 1663 1511 1697 expositione
1534 1667 1652 1696 utentes,
1681 1671 1788 1691 omnem

1002 1711 1075 1738 hunc
1097 1710 1143 1743 qui
1167 1708 1299 1736 recitatus
1314 1713 1356 1735 est
1378 1708 1550 1735 considerare
1569 1709 1697 1736 debemus
1714 1709 1788 1736 ordi-

1003 1763 1065 1783 nem
1091 1756 1275 1785 mansionum.
1301 1760 1330 1782 ut
1352 1762 1383 1782 ex
1399 1759 1513 1789 utroque
1526 1756 1561 1782 sit
1574 1756 1670 1783 anima:
1690 1760 1789 1783 nostra!

1003 1801 1152 1835 profectus,
1168 1800 1374 1835 agnoscentibus
1385 1807 1420 1827 ex
1434 1800 1467 1827 iis
1478 1800 1519 1827 vel
1531 1801 1588 1827 haec
1601 1801 1667 1833 vita,
1681 1809 1741 1835 quae
1756 1809 1787 1828 ex

1002 1847 1182 1874 conversione
1206 1845 1309 1873 erroris
1333 1846 1418 1879 legem
1441 1845 1489 1872 Dei
1514 1846 1648 1879 sequitur,
1672 1846 1790 1879 qualiter

1002 1892 1045 1927 agi
1071 1891 1179 1924 debeat,
1204 1891 1245 1918 vel
1271 1890 1368 1917 futurae
1391 1889 1446 1924 spei
1471 1897 1531 1923 qua:
1542 1897 1574 1915 ex
1591 1890 1790 1917 resurrectione

1002 1938 1181 1973 promittitur,
1201 1941 1301 1971 quanta
1324 1935 1359 1962 sit
1378 1935 1556 1968 exspectatio.
1576 1934 1621 1962 Sic
1636 1934 1708 1961 enim
1725 1940 1790 1969 puto

1002 1985 1073 2019 quod
1088 1984 1121 2010 iis
1132 1991 1192 2017 qua:
1206 1982 1342 2017 leguntur,
1360 1981 1439 2015 digna
1453 1981 1539 2007 sancti
1550 1979 1669 2015 Spiritus
1685 1980 1790 2015 legibus

1003 2029 1179 2064 intelligentia
1195 2029 1334 2055 doceatur.
1357 2026 1424 2053 Nam
1438 2027 1509 2053 seire
1522 2025 1549 2052 in
1564 2026 1672 2053 deserto
1685 2025 1730 2053 illo
1742 2027 1788 2062 qui

1002 2078 1091 2104 dictus
1106 2076 1141 2103 sit
1157 2075 1231 2103 locus
1250 2075 1306 2107 ille,
1323 2074 1379 2106 ubi,
1399 2074 1474 2101 verbi
1488 2073 1586 2108 gratia,
1601 2073 1789 2108 applicuerunt

1004 2129 1068 2148 tunc
1085 2126 1262 2148 transeuntes
1275 2120 1322 2147 ﬁlii
1338 2119 1430 2151 Israel,
1448 2119 1512 2154 quid
1533 2118 1598 2146 mihi
1611 2118 1735 2148 utilitatis
1750 2117 1791 2144 ab

199 2168 279 2203 377
293 2167 320 2195 5.
333 2166 476 2194 Ponuntur
488 2171 578 2194 autem
592 2172 618 2194 et
632 2168 740 2195 nomina
756 2169 951 2198 mansionibus.
969 2163 990 2190 ι)
1007 2167 1068 2200 fert,
1083 2172 1128 2194 aut
1141 2167 1204 2201 quid
1219 2165 1372 2200 legentibus
1387 2173 1420 2192 ex
1437 2165 1488 2191 hoe
1501 2164 1648 2198 prolectus,
1663 2168 1690 2191 et
1702 2163 1787 2198 legem

163 2214 257 2247 Neque
272 2212 344 2241 enim
366 2212 531 2240 conveniens
544 2212 697 2245 videbatur,
721 2218 750 2239 ut
772 2214 862 2241 oumis
875 2215 952 2242 locus

161 2260 210 2294 qui
225 2259 275 2286 sub
287 2258 367 2292 caelo,
381 2258 438 2285 sive
450 2258 593 2292 moutiunt,
608 2258 666 2286 sive
677 2258 799 2293 collium,
813 2259 869 2287 sive
881 2268 953 2288 cam-

163 2313 260 2340 porum
284 2304 439 2332 nominibus
454 2309 575 2331 uteretur
591 2312 597 2332 :
623 2303 668 2331 illa
681 2311 747 2331 vero
760 2305 883 2333 ascensio
898 2313 951 2340 qua

163 2353 254 2380 anima
268 2351 393 2379 ascendit
405 2351 438 2378 ad
453 2358 565 2385 regnum
580 2350 639 2384 Dei,
655 2350 825 2378 mansionum
839 2359 950 2378 suarum

162 2398 274 2424 nomina
287 2405 340 2424 non
356 2396 478 2424 haberet.
491 2395 575 2423 liabet
587 2395 698 2423 nomina
711 2395 880 2423 mansionum
894 2404 952 2432 my-

162 2444 240 2472 sticis
252 2447 344 2478 aptata
357 2442 506 2475 vocabulis,
522 2441 603 2468 habet
615 2446 643 2469 et
661 2441 838 2469 deducentem
853 2450 882 2469 se
897 2450 950 2469 non

198 2515 221 2531 ⁸⁷
239 2514 316 2542 Deut.
335 2522 394 2547 uti,
406 2514 434 2541 2.
451 2514 480 2541 ὅ.
515 2513 540 2530 ⁸⁸
554 2513 641 2540 Exod.
654 2521 700 2547 xv,
715 2514 740 2541 Ι.

201 2583 258 2616 (68)
278 2582 369 2610 Codex
392 2581 581 2613 Ebroicensis,
611 2592 619 2607 ι
632 2582 736 2617 prima,
758 2586 786 2609 et
809 2584 925 2610 secunda
938 2602 946 2614 ,

163 2624 192 2645 et
219 2618 298 2644 tertia
326 2617 477 2646 mansione.
491 2626 500 2643 ν
534 2617 635 2644 Codex'
649 2617 740 2645 Sancti
763 2617 946 2650 Theoderici,

167 2656 249 2686 «post
271 2653 400 2686 primam,
420 2657 449 2679 et
471 2653 629 2685 secundum,
653 2657 680 2679 et
702 2652 810 2679 tertiam
830 2652 949 2679 mansio-

165 2695 262 2715 "etii-0
285 2688 312 2713 in
339 2687 414 2714 libris
441 2693 518 2715 antea
541 2687 623 2714 editis
647 2687 816 2714 desideratur
834 2697 842 2712 ι
857 2692 948 2719 post.)

202 2722 260 2757 (69)
283 2722 347 2749 Mss.
370 2723 615 2750 tMIlOI‘lllCOlUSJ
632 2721 711 2750 Libb.
730 2721 806 2755 editi,
829 2731 838 2747 ι
851 2722 951 2757 gloriﬁ-

165 2763 255 2785 catus.
270 2766 278 2782 I

202 2792 260 2826 (70)
274 2791 364 2820 Codex
386 2792 414 2820 S.
439 2791 600 2819 Theudorici
623 2791 708 2819 solum
733 2791 823 2825 habet,
842 2801 850 2816 ι
865 2791 890 2818 in
907 2792 952 2819 de-

779 2513 802 2529 ⁸⁹
811 2513 882 2542 Psal.
893 2519 998 2547 eum,
1012 2511 1057 2539 M.

1008 2212 1052 2239 Dei
1075 2212 1117 2239 die
1137 2219 1169 2238 ac
1184 2216 1264 2238 nocte
1277 2210 1469 2238 meditantibus
1483 2208 1658 2237 conferatur?
1672 2208 1788 2235 maxime

1005 2265 1066 2284 cutn
1080 2257 1219 2284 videmnus
1238 2261 1339 2283 tantam
1358 2255 1440 2283 fuisse
1454 2262 1547 2281 curam
1561 2254 1673 2282 Domino
1685 2255 1717 2282 de
1729 2254 1788 2281 istis

1005 2301 1192 2329 mansionibus
1205 2301 1414 2336 perscribendis,
1438 2306 1467 2327 ut
1478 2300 1624 2334 descriptio
1637 2307 1730 2328 carum
1744 2308 1787 2327 se-

1005 2348 1093 2376 eumlo
1111 2347 1166 2382 jam
1191 2348 1250 2375 loco
1264 2348 1361 2374 divinis
1378 2347 1483 2382 legibus
1500 2347 1647 2373 inderetur.
1665 2346 1788 2374 Comme-

1004 2398 1109 2422 morata
1133 2398 1195 2420 sunt
1215 2394 1287 2420 enim
1312 2393 1419 2420 nomina
1445 2392 1506 2423 ista,
1529 2391 1591 2418 licet
1612 2392 1638 2419 in
1651 2390 1787 2418 nonnullis

1005 2441 1156 2474 immutata,
1180 2441 1234 2476 jam
1250 2446 1313 2468 tunc
1333 2448 1394 2468 cttm
1412 2447 1460 2474 per
1472 2439 1530 2466 loca
1544 2439 1650 2474 singula
1666 2439 1788 2466 elevasse

1095 2511 1118 2527 νο
1129 2511 1199 2538 Psal.
1211 2518 1323 2542 untv,
1337 2510 1364 2537 7.

1006 2585 1090 2607 scrto.
1106 2580 1134 2607 Si
1153 2579 1294 2613 pervenire
1315 2579 1355 2605 vis
1374 2579 1407 2604 ad
1431 2577 1656 2612 repromissiones
1668 2580 1786 2612 patrum,

1003 2620 1105 2643 sortem
1117 2620 1189 2641 luant
1205 2622 1257 2640 non
1272 2614 1372 2640 habeas
1388 2613 1414 2639 in
1434 2617 1516 2638 terra.
1530 2621 1539 2636 θ

1039 2650 1095 2683 (7i)
1116 2648 1150 2675 Et
1173 2648 1373 2683 resurrectionis
1394 2656 1427 2674 ea;
1441 2648 1554 2683 mortuis
1580 2651 1784 2683 sacramentum.

1003 2681 1049 2712 Sic
1061 2684 1142 2711 habet
1153 2683 1238 2710 codex
1256 2682 1466 2710 S.Tlteodoriri.
1485 2681 1556 2708 Libri
1581 2681 1657 2715 editi,
1676 2691 1685 2707 ι
1698 2689 1730 2709 ex
1745 2689 1787 2708 re-

1004 2719 1180 2747 surrectionis
1193 2727 1225 2745 ex
1241 2718 1354 2745 mortuis
1369 2723 1549 2744 sacramento.
1563 2727 1572 2742 ι

1040 2754 1096 2788 (ἹΞ)
1116 2754 1205 2780 Codex
1220 2753 1249 2780 S.
1263 2752 1435 2786 Theoderici,
1458 2762 1466 2778 ι
1480 2757 1507 2780 ιιι
1527 2761 1575 2788 per
1593 2751 1713 2787 singulas
1727 2769 1750 2778 ..
1760 2770 1767 2776 .
1779 2769 1785 2778 .

1005 2790 1171 2817 illuminctttr
1191 2788 1314 2823 amplius.
1328 2798 1337 2814 ι
