1903 3052
153 97 205 125 78τ

870 94 1034 123 ORIGENXS

1717 96 1767 126 738

151 153 280 182 dicuntur
293 154 339 180 lilii
354 154 435 182 Israel
455 155 489 182 de
504 155 549 183 illo
568 155 635 187 loco,
650 159 677 182 et
691 154 852 189 applicuisse
864 162 871 180 :
884 155 931 181 sed
946 157 970 184 Α
983 155 1017 181 ad
1041 158 1142 181 tactum
1163 159 1244 189 atque
1257 155 1397 182 odoratum
1414 159 1576 190 gustumque
1587 153 1708 187 veniunt,
1724 157 1769 183 de-

152 203 177 226 et
194 207 264 226 nunc
281 200 379 227 iterum
398 207 445 234 per
460 201 570 227 verbum
587 200 691 227 Domini
705 200 820 227 describi
834 200 932 233 juben-

153 250 197 271 tur
210 253 224 271 a
243 245 342 280 Moyse.
365 245 441 273 Unde
461 250 488 273 et
508 246 558 272 hoc
574 246 659 279 ipsum
673 246 743 280 quod
759 245 879 272 secundo
893 251 934 271 re-

152 292 253 325 petitur
274 291 323 318 ista
340 291 493 325 descriptio,
519 291 586 318 satis
607 298 726 326 corigrue
745 291 811 317 mihi
828 290 933 318 videtur

152 336 186 362 ad
214 339 369 370 mysterium
386 336 565 370 expositionis
591 335 669 370 hujus
692 343 773 370 quam
789 335 932 370 proposui-

150 389 212 409 mus
229 388 237 408 :
256 381 295 408 his
320 381 391 407 enim
410 385 578 415 repetuntur,
595 386 623 408 ut
648 381 714 408 duas
728 382 824 408 anima:
841 386 932 408 osten-

149 426 242 452 derent
267 425 342 457 vias;
360 433 439 452 unam
455 433 507 460 qua
524 426 550 452 in
564 434 647 454 carne
669 427 754 461 posita
774 434 821 460 per
846 426 931 460 legem

147 471 195 497 Dei
212 473 238 497 In
254 470 399 498 virtutibus
414 476 571 504 exercetur,
587 476 612 498 et
627 479 677 506 per
689 471 789 506 gradus
801 471 930 506 quosdam

148 513 315 548 profectuum
340 515 490 542 ascendens
518 516 615 550 pergit,
641 520 669 542 ut
684 516 812 548 diximus,
828 517 862 543 de
877 515 930 542 vir-

147 561 205 585 tute
224 558 250 585 in
267 559 406 592 virtutem,
423 563 451 586 et
466 559 531 593 ipsis
543 560 708 594 profectibus
720 560 796 594 quasi
813 559 931 586 mansio-

146 604 227 631 nibus
251 605 353 637 utitur;
379 603 459 631 aliam
476 613 540 632 vero
561 613 613 639 qua
630 610 690 639 post
705 605 929 633 resurrectionem

147 656 293 676 ascensura
321 649 354 676 ad
371 650 455 677 cmlos
469 658 521 677 non
538 651 628 677 subito
645 658 694 678 nec
720 651 872 686 importune
896 651 929 677 ad

145 701 251 720 summa
271 695 439 727 conscendit,
457 695 503 721 sed
522 703 569 730 per
583 695 678 722 multas
693 696 835 723 deducitur
851 704 930 723 man—

144 739 246 772 siones,
273 739 299 766 in
326 740 423 774 quibus
451 741 600 768 illnminata
625 749 673 776 per
688 741 808 777 singulas
822 747 850 769 et
863 749 929 777 aug-

145 789 237 811 mento
261 791 368 820 semper
395 785 546 820 splendoris
571 791 695 822 accepto,
718 787 744 814 in
769 795 931 822 unaquaque

146 831 287 858 mansione
299 831 434 859 illustrata
446 833 585 866 sapientia:
594 833 695 860 lumine
705 835 830 868 usquead
842 834 928 868 ipsum

145 876 285 909 perveniat
303 877 432 903 luminutn
458 876 576 905 Patrem.
599 887 608 903 (
630 879 761 905 Exierunt
787 886 861 914 ergo,
887 879 928 906 in-

143 921 202 954 quit
221 921 255 952 ",
277 921 322 948 filii
335 922 416 950 lsrael
431 930 491 950 eum
506 924 605 950 virtute
621 931 680 951 sua.
702 934 710 950 ι
726 924 790 951 Erat
804 933 863 951 cum
876 925 928 952 illis

143 967 231 994 virtus
249 967 293 994 illa
316 975 375 1002 qua:
400 968 506 996 dixerat
519 969 539 985 ⁸⁵
559 978 566 996 ;
589 969 709 998 t'l‘eeum
725 970 886 998 descendam
902 970 928 997 in

142 1011 310 1047 ASgyptum;
328 1022 336 1038 ι
352 1018 378 1039 et
395 1014 458 1048 quia
476 1019 534 1041 crat
548 1022 606 1041 cum
623 1015 674 1042 illis
688 1016 738 1043 ista
757 1016 852 1048 virtus,
867 1023 930 1050 pro—

143 1063 234 1091 pterea
252 1058 319 1085 dicit
332 1057 469 1093 Propheta
483 1059 505 1074 "
526 1071 532 1087 :
553 1068 562 1086 t
574 1060 606 1087 Et
622 1068 674 1088 non
692 1066 749 1088 erat
763 1061 788 1088 in
805 1061 928 1088 tribubus

141 1111 237 1130 eorum
255 1104 406 1132 infirmatis.
422 1115 432 1132 ι
455 1106 585 1133 Exierant
598 1112 685 1134 autem
703 1108 728 1134 in
745 1115 824 1134 manu
843 1107 926 1143 Moysi

141 1153 169 1175 et
181 1148 284 1176 Aaron.
305 1149 345 1176 Ad
359 1151 510 1177 exeundum
526 1152 558 1178 de
568 1151 683 1187 .Egypto
696 1160 748 1179 non
764 1151 861 1179 suﬂicit
875 1161 927 1180 una

143 1201 239 1222 manus
255 1194 353 1230 Moysi,
370 1196 502 1229 qureritur
525 1201 551 1223 et
573 1204 670 1223 manus
691 1196 792 1225 Aaron.
823 1197 927 1233 Moyses

141 1239 243 1266 indicat
267 1240 408 1268 scientiam
426 1241 503 1276 legis,
527 1242 617 1268 Aaron
630 1242 800 1270 sacrificandi
825 1243 880 1271 Deo
899 1248 926 1270 et

141 1286 298 1314 immolandi
324 1287 462 1322 peritiam.
492 1287 565 1322 Opus
582 1294 623 1315 est
647 1296 722 1324 ergo,
743 1294 772 1316 ut
797 1294 926 1316 exeuntes

141 1331 176 1358 de
194 1331 312 1367 Egyplo
326 1340 379 1359 non
405 1333 491 1360 solum
506 1334 646 1361 scientiam
661 1335 727 1369 legis
743 1340 769 1362 et
787 1335 859 1368 fidei,
879 1336 925 1362 sed

140 1383 253 1410 operum
267 1376 366 1410 quibus
381 1378 434 1404 Deo
446 1377 564 1411 placetur
577 1379 680 1406 fructus
691 1379 846 1407 habeamus.
864 1379 925 1407 ldeo

140 1422 213 1448 enim
237 1425 263 1448 et
279 1429 375 1449 manus
389 1428 618 1451 commemoratur
631 1424 713 1459 Moysi
738 1429 764 1451 et
778 1425 875 1458 Aaron,
895 1430 924 1452 ut

139 1474 221 1500 opera
250 1475 298 1502 per
323 1476 418 1496 manus
442 1469 583 1504 intelligas.
603 1470 708 1497 Etenim
734 1471 756 1498 si
774 1470 867 1498 exiens
889 1471 922 1498 de
937 1488 958 1516 ο

140 1511 269 1548 ᾹΞιζγιιιο,
295 1518 321 1540 et
347 1521 496 1542 conversus
519 1515 552 1542 ad
569 1515 650 1543 Deum
676 1515 800 1550 abjiciam
829 1523 922 1551 super-

140 1558 224 1591 biam,
255 1567 302 1594 per
319 1568 414 1587 manus
437 1561 527 1588 Aaron
558 1566 662 1588 laurunt
681 1562 735 1589 Deo
761 1561 922 1589 sacrificavi.

140 1603 169 1630 Si
186 1604 363 1637 petulantiam
383 1606 575 1640 lasciviamque
589 1615 740 1641 peremero,
756 1607 859 1634 hircum
873 1607 924 1633 Do-

141 1650 214 1677 mino
226 1650 364 1685 jugulasse
388 1659 431 1678 me
445 1652 535 1679 Aaron
552 1653 677 1680 tnattibus
700 1653 819 1681 credam.
841 1653 870 1681 Si
889 1653 923 1680 li-

140 1695 260 1723 bidinem
280 1696 382 1728 vicero,
408 1697 537 1730 vitulum;
556 1697 579 1724 si
598 1698 750 1731 stultitiam,
777 1706 853 1726 ovem
870 1699 924 1726 itu-

140 1741 258 1769 ntolasse
275 1741 393 1768 videbor.
427 1741 472 1768 Sic
496 1750 560 1777 ergo
586 1751 646 1770 cum
664 1743 760 1770 animae
781 1744 844 1771 vitia
858 1752 923 1779 pur-

139 1793 250 1822 gatttur,
271 1796 367 1816 tnanus
380 1788 470 1816 Aaron
484 1794 611 1824 operatur
625 1791 651 1817 in
672 1791 767 1824 nobis;
786 1796 813 1818 et
828 1800 923 1820 tnanus

140 1832 224 1868 Moysi
243 1833 383 1861 nobiscum
408 1839 459 1868 est,
474 1842 534 1860 cum
550 1835 584 1861 ad
606 1835 663 1862 haec
679 1835 735 1869 ipsa
750 1836 922 1871 intelligenda

139 1878 326 1906 illuminamur
337 1888 367 1906 ex
385 1879 450 1914 lege.
473 1879 505 1907 Et
521 1880 580 1908 ideo
593 1885 706 1915 utraque
722 1888 815 1908 manus
829 1889 922 1909 neces.

138 1925 209 1951 saria
226 1929 268 1952 est
293 1925 325 1952 de
338 1924 455 1960 Egypto
480 1925 648 1958 exeuntibus,
674 1930 703 1953 ut
723 1925 876 1953 inveniatur
894 1927 920 1954 in

139 1969 181 1996 eis
195 1978 247 1996 non
262 1970 347 1997 solum
362 1971 423 1997 fidei
440 1975 467 1997 ct
493 1970 622 2003 scientiae,
636 1970 682 1998 sed
696 1975 723 1997 et
739 1975 845 1997 actuum
857 1978 921 2006 ope-

139 2023 253 2050 rumque
276 2016 424 2050 perfectio;
439 2021 466 2042 et
489 2020 578 2042 tamen
594 2021 714 2050 utraeque
735 2016 775 2042 hae
791 2024 844 2043 non
859 2021 921 2044 sunt

138 2062 197 2088 dua:
213 2069 318 2094 tnauus,
339 2060 385 2088 sed
412 2068 475 2089 una.
496 2061 523 2087 In
539 2068 619 2088 manu
643 2061 713 2088 enim
734 2061 816 2096 Moysi
830 2066 858 2089 et
869 2062 921 2090 Aa-

140 2114 189 2133 ron
203 2105 298 2132 eduxit
320 2112 367 2132 eos
381 2104 520 2138 Dominus,
543 2109 570 2132 et
587 2113 638 2132 non
655 2106 680 2132 in
695 2106 819 2134 manibus
835 2106 919 2143 Moysi

945 819 967 846 Β

984 199 1124 232 lectamur,
1148 199 1276 227 labantur
1298 200 1365 232 dies,
1380 203 1484 234 tempus
1502 204 1656 234 praetereat,
1673 205 1702 227 et
1716 208 1767 227 non

983 249 1157 270 occurramus
1183 249 1263 269 omne
1279 241 1393 276 Spatium
1417 242 1585 269 imminentis
1603 242 1708 269 itineris
1722 250 1768 270 ex-

982 288 1095 322 plicare,
1111 293 1139 315 et
1149 289 1308 316 deficiamus
1320 288 1347 314 in
1361 287 1459 318 medio,
1473 291 1555 322 atque
1568 288 1675 315 accidat
1690 289 1768 316 nobis

984 333 1050 361 illud
1063 334 1135 368 quod
1146 334 1179 361 de
1189 333 1351 368 quibusdam
1365 331 1492 365 refertur,
1505 333 1550 367 qui
1561 334 1703 367 pervenire
1715 340 1767 360 non

982 384 1134 414 potuerunt,
1159 379 1206 406 sed
1222 383 1295 406 artns
1320 386 1413 406 eorum
1431 379 1588 405 ceciderunt
1603 377 1631 405 in
1646 379 1764 406 deserto.

982 424 1036 451 lter
1059 431 1124 459 ergo
1147 424 1264 459 agimus,
1289 429 1316 451 et
1333 424 1436 451 idcirco
1461 423 1618 450 devenimus
1642 424 1668 450 in
1695 423 1766 451 hunc

982 471 1122 502 mundum,
1149 474 1179 497 ut
1194 475 1361 496 transeamus
1386 469 1418 495 de
1433 468 1533 495 virtute
1555 468 1588 495 ad
1614 468 1764 495 virtutem:

982 523 1035 543 non
1051 519 1080 541 ut
1095 521 1301 549 permaneantus
1317 521 1364 548 pro
1383 514 1496 541 terrenis
1513 514 1538 541 in
1557 519 1638 546 terra,
1654 514 1726 541 sicut
1739 517 1766 540 et

983 561 1026 588 ille
1044 561 1089 596 qui
1105 561 1241 588 dicebat"
1258 570 1265 588 :
1285 570 1294 586 t
1305 561 1444 588 Destruam
1460 560 1556 587 horrea
1580 567 1649 592 mea,
1669 564 1698 586 et
1712 559 1763 586 alia

983 607 1082 642 majora
1092 607 1240 639 :ndifieabo,
1249 611 1275 633 et
1286 607 1371 633 dicam
1386 606 1482 632 anima:
1493 612 1559 632 mea:
1575 614 1582 632 :
1599 604 1763 637 Anima,ha-

981 652 1029 679 bes
1044 651 1126 678 tnulta
1143 651 1213 678 bona
1228 651 1346 686 reposita
1358 651 1385 677 in
1401 658 1487 678 annos
1499 650 1608 682 multos,
1621 650 1764 682 manduca,

980 701 1009 724 et
1022 697 1093 729 bibe,
1111 701 1139 724 et
1155 697 1258 729 ltetare,
1275 704 1309 723 ne
1321 696 1390 722 forte
1405 696 1476 723 dicat
1488 700 1515 722 et
1528 695 1606 722 nobis
1622 694 1765 727 Dominus,

981 743 1052 770 sicut
1069 743 1106 770 illi
1129 751 1136 769 ί
1152 743 1251 775 Stulte,
1279 742 1330 769 hac
1346 747 1425 769 nocte
1442 742 1581 768 auferetur
1604 749 1618 768 a
1635 746 1659 768 te
1673 742 1762 768 anima

982 794 1037 816 tua.
1054 798 1063 815 ι
1085 788 1144 816 Non
1159 789 1228 815 dixit
1253 788 1279 814 in
1296 789 1347 815 hac
1371 787 1424 819 die,
1441 788 1488 814 sed
1509 787 1535 814 in
1554 787 1604 813 hac
1622 791 1711 813 nocte.
1733 787 1762 813 ln

982 839 1059 860 nocte
1071 833 1296 868 enim-perimitur
1308 836 1335 858 et
1349 831 1402 864 hic,
1417 832 1484 858 sicut
1498 831 1673 866 primogenita
1682 830 1764 865 Egy-

981 879 1110 913 ptiorutn,
1127 883 1255 912 tanquam
1274 877 1319 912 qui
1345 877 1469 903 dilexerit
1485 876 1627 908 mundum,
1647 881 1674 902 et.
1688 881 1761 903 tene-

979 925 1044 952 bras
1059 924 1127 959 ejus.
1144 929 1171 951 et
1187 923 1322 958 particeps
1334 923 1417 949 fuerit
1431 926 1565 949 rectorunt
1580 922 1670 948 mundi
1686 922 1762 955 huius

980 970 1149 997 tenebrarum
1162 969 1257 996 harum
1270 969 1319 995 π’.
1334 967 1462 994 Τειιθιιιιιῖ
1475 972 1562 994 autem
1575 971 1603 994 et
1616 975 1668 994 nox
1684 974 1762 994 ιιιιιιι-

979 1015 1028 1042 dus
1045 1016 1096 1042 istc
1111 1015 1262 1050 appellatur
1278 1023 1326 1049 pro
1342 1014 1374 1041 iis
1389 1013 1437 1048 qui
1452 1013 1478 1040 in
1490 1013 1642 1047 ignorantia
1656 1013 1760 1044 vivunt,

979 1069 1028 1088 nec
1043 1061 1130 1088 lumen
1146 1061 1279 1095 recipiunt
1292 1061 1427 1088 veritatis.
1441 1060 1490 1093 Qui
1503 1064 1592 1086 autem
1607 1059 1673 1086 tales
1685 1063 1759 1092 sunt,

978 1107 1012 1135 de
1027 1107 1155 1134 Ramesse
1179 1115 1232 1134 non
1257 1107 1476 1142 proficiscuntur,
1499 1113 1549 1134 nec
1571 1109 1714 1132 transeunt
1727 1105 1759 1132 ad

978 1152 1109 1180 Soeholh.

1013 1199 1039 1226 8.
1059 1198 1200 1226 Videamus
1221 1203 1308 1226 tamen
1333 1198 1407 1233 prius
1429 1199 1537 1233 quando
1552 1198 1759 1232 proﬁciscuntur

977 1244 1024 1271 filii
1041 1244 1122 1271 lsrael
1140 1252 1173 1272 ex
1185 1244 1322 1272 Ramesse.
1347 1253 1357 1270 (
1378 1244 1480 1276 Mense,
1503 1244 1589 1278 inquit
1610 1243 1642 1275 ",
1661 1244 1758 1278 primo.

976 1290 1071 1324 quinta
1080 1290 1184 1317 decima
1199 1290 1242 1317 die
1258 1291 1368 1317 mensis.
1386 1299 1395 1315 ›
1417 1289 1467 1316 l‘er
1476 1293 1637 1324 prtl‘ceptutn
1653 1288 1757 1315 Domini

977 1336 1178 1370 quartadecima
1203 1336 1247 1363 die
1263 1336 1364 1362 mensis
1388 1339 1499 1370 egerant
1517 1334 1618 1361 Pascha
1635 1334 1661 1360 in
1676 1333 1758 1367 Egy-

975 1385 1032 1415 pto,
1047 1381 1202 1415 jugulanles
1226 1389 1324 1415 agnttm
1345 1381 1432 1414 pridie
1446 1387 1526 1414 quam
1551 1379 1756 1413 proficisceren-

977 1430 1031 1458 tur,
1050 1430 1077 1452 et
1095 1426 1201 1452 initiuttt
1219 1426 1417 1460 quodammodo
1442 1425 1600 1452 festivitatis
1624 1424 1712 1450 adhuc
1730 1424 1755 1450 in

976 1471 1094 1506 Aigypto
1118 1471 1196 1504 positi
1216 1475 1322 1506 gerunt.
1355 1471 1481 1505 Sequenti
1509 1477 1573 1504 ergo
1598 1469 1701 1504 die,qui
1717 1474 1758 1496 est

976 1516 1078 1551 primus
1095 1516 1154 1543 dies
1165 1517 1338 1552 Azymorum,
1355 1516 1447 1550 quinta
1466 1515 1572 1542 decima
1601 1515 1643 1542 die
1658 1515 1757 1541 mensis

975 1561 1053 1596 primi
1070 1561 1278 1596 proficiscuntur
1291 1562 1323 1589 de
1339 1562 1479 1593 Ramesse,
1494 1565 1521 1587 et
1537 1560 1649 1587 veniunt
1661 1561 1687 1587 in
1709 1560 1757 1588 So-

975 1608 1069 1640 choth,
1084 1613 1113 1634 ut
1128 1607 1163 1634 ibi
1188 1607 1290 1634 faciant
1314 1608 1468 1635 festivitatis
1484 1607 1646 1641 Azymorum
1673 1607 1753 1633 diem.

977 1664 986 1680 t
998 1654 1063 1688 Quis
1077 1654 1185 1688 sapiens
1198 1659 1223 1681 ct
1234 1654 1366 1688 intelliget
1383 1654 1459 1681 ham?
1475 1657 1600 1680 sensatus
1615 1656 1641 1679 et
1657 1659 1754 1687 cogno-

973 1704 1032 1727 scet
1048 1707 1078 1726 ea
1091 1699 1152 1725 ⁸⁷⁸2»
1175 1699 1229 1726 lmo
1244 1699 1304 1733 quis
1323 1704 1366 1726 est
1381 1699 1425 1734 qui
1443 1699 1500 1725 hate
1515 1698 1557 1725 vel
1571 1705 1603 1725 ex
1619 1701 1696 1731 parte
1709 1703 1754 1723 co-

974 1750 1096 1780 gnoscat,
1123 1745 1193 1772 sicut
1214 1744 1357 1779 Apostolus
1385 1743 1448 1771 dicit
1462 1743 1485 1759 "
1502 1753 1508 1770 :
1528 1743 1587 1770 «Ex
1605 1747 1683 1776 parte
1704 1741 1754 1768 sci-

974 1798 1044 1823 mus,
1070 1794 1098 1817 et
1121 1797 1153 1817 ex
1182 1794 1258 1824 parte
1283 1789 1518 1824 prophetamus?»
1549 1787 1616 1820 Quis
1631 1786 1755 1819 intelligit

973 1836 1108 1872 quomodo
1121 1843 1152 1864 ex
1169 1840 1246 1870 parte
1259 1835 1317 1862 dies
1332 1835 1415 1862 festos
1430 1834 1545 1869 agimus,
1568 1837 1596 1859 ut
1613 1839 1693 1860 nctno
1706 1839 1754 1858 nos

971 1882 1073 1916 iudicet
1088 1881 1114 1908 in
1133 1886 1209 1917 parte
1224 1881 1276 1908 diei
1292 1881 1364 1914 festi,
1381 1886 1427 1907 aut
1439 1879 1601 1912 Neomenim,
1619 1883 1666 1905 aut
1687 1878 1754 1905 Sab-

972 1927 1048 1955 bati?
1066 1927 1162 1954 Omnis
1185 1934 1301 1961 namque
1328 1927 1385 1954 dies
1409 1926 1492 1953 festus
1516 1925 1603 1960 quiin
1628 1923 1707 1951 terris
1720 1923 1753 1950 ab

973 1973 1128 2001 hominibus
1145 1974 1257 2008 geritur,
1272 1973 1298 2000 in
1312 1976 1397 2007 parte,
1414 1979 1467 1999 non
1485 1972 1511 1998 in
1527 1972 1641 2006 integro,
1667 1976 1753 2004 neque

972 2017 1093 2053 perfecto
1108 2017 1264 2046 festivitatis
1280 2017 1356 2044 titulo
1367 2017 1470 2052 geritur
1485 2027 1491 2044 :
1505 2015 1551 2043 sed
1578 2023 1639 2042 cttm
1655 2014 1752 2041 exieris

972 2064 1006 2091 de
1019 2063 1136 2100 Egypto
1153 2063 1216 2096 ista,
1242 2069 1306 2090 tunc
1329 2063 1382 2090 erit
1405 2063 1451 2090 tibi
1472 2061 1591 2097 perfecta
1608 2060 1750 2089 festivitas.

973 2115 1037 2137 ttmc
1064 2117 1157 2145 azyma
1181 2109 1347 2137 sinceritatis
1363 2113 1390 2136 et
1415 2107 1538 2135 veritatis
1554 2107 1586 2134 ad
1605 2105 1750 2141 perfectum

139 2157 165 2177 et
179 2151 280 2183 Aaron,
297 2158 377 2177 unutn
402 2150 474 2177 enim
495 2158 562 2185 Opus
589 2151 729 2186 utriusque
752 2159 848 2180 manus
868 2159 919 2186 est,
938 2153 959 2179 D
972 2155 1090 2186 curabis.
1121 2160 1182 2182 tunc
1203 2154 1375 2182 Pentecostcs
1397 2153 1466 2180 diem
1482 2153 1508 2179 in
1523 2159 1615 2179 eremo
1630 2158 1704 2186 ages,
1726 2156 1751 2177 ct

138 2199 220 2230 atque
240 2202 292 2221 una
308 2194 479 2229 perfectionis
493 2195 619 2230 expletio.

173 2244 199 2270 7.
217 2253 226 2268 ι
244 2243 278 2270 Ει
293 2242 412 2276 scripsit,
430 2242 559 2276 inquit“,
581 2241 687 2277 Moyses
703 2243 881 2277 profectiones
894 2249 921 2271 et

137 2289 293 2318 mansiones
313 2295 418 2320 eorum,
441 2295 488 2322 per
513 2288 623 2315 verbum
649 2288 785 2315 Domini.»
807 2288 918 2324 Scripsit

136 2343 202 2371 ergo
228 2336 285 2363 haec
307 2342 355 2370 per
373 2334 484 2362 verbttm
501 2334 619 2366 Domini,
634 2338 664 2361 ιιι
677 2334 797 2369 legentes
817 2343 876 2367 nos,
893 2340 920 2363 et

137 2384 259 2410 videntes
281 2384 389 2415 quantm
411 2379 488 2407 nobis
512 2379 669 2407 immineant
690 2379 870 2415 profectiones
884 2381 917 2408 ad

135 2429 189 2456 iter
205 2427 275 2462 quod
289 2425 363 2453 ducit
375 2426 408 2452 ad
423 2432 546 2459 regnum,
563 2432 744 2460 praeparemus
764 2432 813 2452 nos
828 2426 860 2451 ad
876 2424 917 2451 vi—

135 2479 190 2501 tam
206 2474 286 2506 hanc,
310 2476 337 2499 et
360 2470 560 2498 considerantes
580 2470 631 2497 iter
646 2470 717 2504 quod
737 2470 815 2497 nobis
830 2470 918 2496 immi-

136 2525 210 2553 neat,
229 2527 282 2547 non
298 2519 419 2553 segniter
431 2524 480 2544 nec
494 2516 604 2544 remisse
623 2516 685 2542 vitte
699 2520 797 2542 nostra!
813 2521 916 2549 tempus

135 2566 324 2601 permittamus
344 2564 426 2599 378
455 2562 570 2593 absumi,
597 2569 630 2588 ne
651 2561 720 2588 forte
742 2561 804 2586 dum
827 2561 853 2586 in
875 2561 918 2588 his

135 2611 227 2638 mundi
243 2610 406 2636 vanitatibus
418 2608 473 2643 (75)
487 2608 673 2638 immorantur,
695 2611 722 2633 et
734 2606 847 2641 singulis
858 2607 918 2641 qui-

135 2656 240 2689 busque
263 2662 323 2688 quae
345 2655 378 2681 ad
392 2654 477 2681 visutn
499 2653 541 2680 vel
555 2652 688 2684 auditum,
705 2652 745 2678 vel
764 2652 845 2678 etiam
859 2659 918 2686 qua:

173 2715 194 2730 "
209 2714 287 2741 Num.
310 2714 444 2746 xxxul,i.
484 2713 586 2741 "Gen.
608 2721 679 2743 XLVI,
707 2713 733 2739 4.
772 2713 878 2739 "Psal.
898 2721 942 2744 cv,

137 2749 179 2766 ⁹⁸“
193 2750 291 2783 Ephes.
306 2749 400 2781 v1,l‘2.
438 2748 461 2763 ⁸⁸
474 2748 552 2774 Num.
566 2755 665 2779 xtxm,
677 2749 702 2775 ὅ.

173 2806 229 2837 (Ἰῦ)
248 2805 318 2832 Idem
331 2812 393 2834 ms.,
411 2814 419 2830 t
433 2805 494 2832 dum
511 2805 536 2832 in
551 2804 701 2836 huiusmodi
717 2805 888 2832 vanitatibus.
903 2814 912 2830 ι

742 2749 762 2764 υτ
776 2747 838 2775 Osc.
853 2756 907 2780 MV,
922 2748 964 2776 l0.
1000 2750 1022 2766 ⁸⁸
1035 2749 1044 2776 l
1056 2750 1116 2778 Cor.
1129 2758 1187 2784 xm,
1200 2751 1226 2778 9.

971 2205 1036 2227 tunc
1051 2201 1120 2227 forte
1132 2200 1248 2234 primutn
1278 2206 1384 2226 manna:
1409 2197 1497 2225 cibum
1514 2197 1650 2224 ccelestem
1667 2196 1750 2223 susci-

972 2246 1039 2280 pies,
1055 2253 1086 2272 ac
1100 2245 1220 2280 singulas
1233 2252 1352 2280 quasque
1361 2243 1528 2271 festivitates
1541 2249 1631 2278 geres,
1647 2242 1682 2270 de
1693 2243 1750 2277 qui-

972 2292 1023 2318 bus
1035 2291 1091 2325 jam
1115 2290 1249 2325 superius,
1268 2294 1297 2316 ut
1320 2290 1469 2325 potuimus,
1491 2289 1591 2315 dictum
1605 2291 1658 2314 est.
1678 2287 1750 2315 Scito

973 2341 1062 2363 tamen
1075 2335 1203 2370 quoniam
1219 2339 1280 2370 post
1302 2334 1366 2361 illud
1381 2334 1480 2370 pascha
1504 2334 1575 2367 quod
1596 2334 1622 2360 in
1637 2333 1750 2368 Egypto

973 2381 1072 2409 factum
1087 2386 1139 2414 est,
1155 2381 1238 2408 semel
1259 2380 1409 2407 invenimus
1427 2380 1453 2406 in
1470 2380 1575 2406 deserto
1590 2379 1690 2413 pascha
1704 2386 1745 2405 cu-

972 2432 1072 2460 ratum,
1089 2435 1149 2455 cttm
1171 2427 1214 2454 lex
1232 2427 1292 2453 data
1315 2431 1365 2458 est,
1393 2430 1419 2452 et
1438 2425 1520 2457 aliud,
1537 2425 1608 2452 sicut
1621 2426 1748 2451 observa-

972 2473 1060 2500 vimus
1075 2473 1102 2500 in
1120 2472 1257 2504 Numeris,
1272 2476 1332 2506 post
1345 2471 1402 2498 haec
1412 2471 1467 2505 iam
1483 2476 1615 2504 nusquam
1631 2469 1699 2503 geri,
1716 2469 1753 2494 ni-

972 2518 993 2545 si
1009 2518 1034 2545 in
1053 2522 1123 2545 terra
1146 2517 1372 2550 repromissionis.
1385 2516 1468 2551 Igitur
1483 2516 1577 2551 quinta
1589 2515 1694 2542 decima
1709 2514 1748 2541 die

973 2564 1073 2590 mensis
1098 2563 1189 2597 primi,
1217 2561 1341 2597 sequenti
1368 2567 1427 2596 post
1443 2561 1545 2588 Pascha
1563 2560 1617 2593 die,
1647 2560 1749 2594 quiest

973 2608 1074 2641 pritnns
1089 2607 1253 2642 Azymorutn
1270 2607 1338 2640 dies,
1352 2606 1464 2641 profecti
1480 2610 1542 2633 sunt
1556 2605 1603 2632 filii
1619 2604 1702 2632 Israel
1718 2604 1749 2630 de

972 2652 1112 2685 Ramesse,
1131 2662 1139 2679 ‹
1160 2654 1186 2680 in
1200 2660 1291 2685 manu,
1308 2653 1435 2687 inquit",
1454 2651 1573 2685 excelsa,
1590 2652 1616 2678 in
1635 2658 1747 2684 conspe-

970 2715 1013 2742 57.
1051 2714 1162 2742 “Num.
1193 2723 1292 2747 xxxm,
1314 2715 1340 2742 2.
1378 2715 1400 2730 "
1415 2713 1478 2741 Luc.
1499 2721 1547 2746 xtl,
1579 2711 1623 2746 18,
1639 2711 1681 2744 19,
1704 2709 1747 2738 ες).

1000 2750 1022 2766 ⁸⁸
1035 2749 1044 2776 l
1056 2750 1116 2777 Cor.
1129 2758 1187 2777 xm.
1200 2751 1226 2777 9.
1264 2750 1286 2767 θ’
1301 2749 1378 2777 Num.
1392 2756 1487 2777 χχχιιι.
1498 2748 1524 2775 '5.
