1903 3052
74 87 125 118 78‘J

640 89 671 116 lN
693 90 853 117 NUMEROS
868 88 1005 116 liU.‘dll.l.\
1026 89 1131 117 XXV".

1645 90 1696 117 790

75 152 118 174 ctu
131 147 256 174 omnium
272 147 469 183 Egyptiorum.
480 157 490 174 ι
521 147 585 180 Quae
598 151 639 175 est
657 155 754 175 manus
773 147 862 175 excel-
876 150 898 177 Α
914 146 1007 173 rumne
1019 152 1154 174 conantur
1166 148 1283 180 operari.
1299 146 1391 180 Neque
1400 147 1472 173 enim
1483 146 1539 173 sine
1554 145 1620 180 ipsis
1631 154 1698 174 ton-

75 191 169 219 saTEt
185 192 253 219 alibi
272 193 343 220 enim
359 193 442 220 dicit‘
461 201 468 219 :
492 201 501 218 t
517 192 655 219 Exaltetur
668 199 764 219 manus
783 196 861 219 tua.»

78 237 126 264 Ubi
143 244 198 264 non
214 243 260 264 est
285 238 433 265 humanum
447 245 514 272 opus
529 245 578 265 nec
601 241 747 269 terrenum,
762 237 808 264 sed
824 238 864 265 di-

76 283 181 315 viuum,
207 283 246 310 ibi
262 290 358 310 manus
380 283 487 311 excelsa
509 284 672 311 nominatur.
694 283 746 310 Per
768 291 863 311 manus

76 336 191 363 namque
205 337 277 363 opus
291 330 414 365 intelligi,
429 330 565 365 saepeiam
583 330 683 357 dictum
697 333 747 356 est.
765 329 791 356 ln
806 337 864 356 mas

75 384 108 402 nu
122 383 187 411 ergo
198 376 321 409 excelsa,
336 376 362 403 in
380 380 526 411 conspectu
542 376 660 403 omnium
675 374 863 411 Egyptiorum

74 421 185 457 profecti
205 426 281 449 sunt.
308 431 317 448 ι
340 422 373 449 Et
390 421 524 457 Egyptii,
548 421 632 456 inquit
657 422 678 454 ³,
698 420 863 455 sepeliebant

76 469 196 492 mortuos
224 472 310 498 suos;
325 474 334 490 ι
360 465 480 492 viventes
498 471 588 492 autent
614 465 797 499 sequebamur
812 464 864 491 Do-

76 511 178 536 minum
197 510 284 537 Deum
310 517 398 537 suum.
420 509 483 537 Post
509 510 565 537 hmc
590 510 710 537 dicitur'
729 509 791 543 quia
814 518 823 535 ι
837 513 864 537 et

74 556 100 581 iu
115 555 167 582 diis
181 562 281 583 eorum
305 555 367 583 fecit
384 555 513 582 Dominus
529 555 688 583 vindictam.
702 565 711 581 ι
728 555 780 582 Sed
796 559 822 582 et
837 555 862 582 in

77 599 167 627 Exodo
192 601 231 627 ita
246 601 314 628 dicit
331 609 338 627 :
357 609 366 626 α
381 600 412 626 Et
429 601 454 627 in
471 601 597 628 omnibus
609 600 662 627 diis
674 599 862 635 Egyptiornm

76 645 153 673 faciet
169 645 304 673 Dominus
328 646 488 673 vindictam.
505 655 514 672 ι
538 646 586 673 llic
611 651 700 672 autem
717 646 780 673 dicit
799 647 862 680 quia

75 691 136 717 fecit
152 691 178 717 in
191 699 239 719 eos
255 691 386 719 Dominus
403 691 560 718 vindictam.
583 700 592 716 ι
607 691 676 719 Sunt
688 691 797 725 quidam
816 692 860 725 qui

75 735 196 762 dicuntur
215 736 252 763 dii
268 736 326 763 sive
342 736 366 762 in
381 736 461 769 caelo,
478 737 534 763 sive
551 737 577 763 iu
595 740 676 767 terra,
692 746 701 762 ι
719 737 863 770 Apostolus

75 781 113 806 ait
126 781 146 808 ⁸.
170 781 223 808 Sed
238 782 306 808 etin
321 781 436 809 Psalmis
450 781 549 810 dicitur
560 783 571 798 ⁵
589 791 595 809 :
612 791 621 807 ‹
633 781 732 809 Omnes
746 782 780 808 dii
795 789 860 816 geu-

75 826 149 860 tium,
157 827 305 854 daemonia.
318 837 328 853 ι
345 827 401 854 Νοιι
414 835 479 862 ergo
495 827 650 859 simulacra,
664 828 711 854 sed
725 828 858 856 daemones

75 869 120 903 qui
143 871 302 899 simulacris
327 872 458 906 assident,
485 873 550 900 deos
573 873 638 900 dicit
661 873 687 899 in
705 881 773 908 quos
795 873 858 901 fecit

75 916 202 944 Dominus
218 918 380 946 vindictam.
402 919 454 945 Sed
468 918 548 946 velim
565 919 704 953 requirere
724 920 858 953 quomodo

77 962 144 988 Deus
157 962 307 990 vindictam
321 963 402 990 faciat
420 964 446 990 in
460 964 605 997 daemones,
621 972 681 991 eum
695 965 786 998 utique
800 965 858 990 vin-

75 1006 150 1034 dicta:
164 1007 222 1035 dies
243 1011 273 1034 et
293 1008 388 1042 iudicii
413 1009 531 1036 nondum
561 1009 701 1036 advenerit
719 1008 786 1044 (74).
805 1008 857 1036 Sed

77 1053 144 1079 hanc
161 1061 212 1088 ego
235 1058 302 1088 puto
319 1053 346 1080 in
362 1054 496 1082 darinones
511 1054 569 1082 ﬂeri
586 1048 742 1086 vindictam,
762 1062 822 1081 cum
836 1054 858 1082 is

75 1098 118 1131 qui
134 1099 167 1125 ab
194 1098 248 1125 illis
275 1099 406 1132 deceptus
433 1099 522 1126 fuerat
547 1103 576 1125 ut
603 1098 672 1126 idola
686 1098 795 1130 coleret,
811 1106 859 1133 per

75 1143 181 1170 verbum
202 1143 309 1170 Domini
336 1151 482 1171 conversus
511 1143 653 1170 Dominum
672 1143 755 1175 colit;
772 1148 798 1169 et
824 1151 857 1170 ex

77 1190 131 1222 ipso
143 1196 227 1223 opere
243 1188 444 1221 cauversionis,
461 1188 488 1215 in
504 1196 564 1215 cum
581 1188 697 1215 vindicta
720 1189 765 1222 qui
779 1188 858 1216 dece-

77 1240 158 1270 perat,
182 1236 274 1264 datur.
309 1236 439 1263 Similiter
452 1236 474 1262 si
491 1235 514 1263 is
528 1236 573 1270 qui
596 1244 610 1262 a
628 1236 797 1263 daemonibus
811 1237 858 1263 de-

75 1285 163 1315 ceptus
177 1281 266 1308 fuerat
283 1281 317 1308 ad
330 1280 527 1314 fornicandum,
541 1286 713 1309 convertatur
728 1282 760 1308 ad
777 1282 857 1316 pudi-

78 1326 173 1359 citiam,
190 1326 289 1361 diligat
303 1327 464 1359 castitatem,
486 1334 593 1354 errasse
606 1334 636 1354 se
647 1326 754 1359 deﬂeat,
767 1327 856 1361 poeni-

78 1371 163 1398 tentia:
174 1371 259 1405 ipsius
274 1371 403 1406 laerymis
420 1372 507 1399 utitur
521 1377 548 1399 et.
572 1372 724 1399 incenditur
739 1373 855 1405 dieinon,

78 1420 102 1443 et
120 1417 158 1444 sie
172 1417 295 1444 vindicta
315 1417 394 1444 datur
418 1418 444 1444 in
459 1418 626 1452 deccptionis
639 1424 786 1446 auctorem.
812 1420 855 1446 Si-

78 1463 173 1490 militer
194 1464 277 1491 etiam
304 1464 326 1491 si
343 1464 404 1498 quis
418 1465 451 1491 de
466 1465 591 1499 superbia
616 1465 647 1491 ad
662 1465 854 1498 humilitatem,

79 1509 108 1536 de
121 1510 273 1544 profusione
288 1509 322 1537 ad
335 1509 527 1544 pareintoniam
543 1510 646 1542 redeat,
663 1518 709 1545 per
726 1511 782 1538 haec
797 1511 854 1538 sitt-

80 1555 133 1589 gula
148 1557 296 1590 daemones,
323 1557 369 1591 qui
394 1557 461 1584 sein
481 1557 537 1584 haec
550 1558 721 1592 deceperant,
740 1557 857 1593 ﬂagellat

79 1604 103 1627 et
125 1603 233 1630 cruciat.
261 1603 378 1636 Quantis
400 1609 447 1630 eos
473 1604 574 1637 putatis
598 1603 641 1638 agi
665 1603 816 1635 tormentis,
833 1603 857 1630 si

79 1654 151 1680 quem
163 1649 282 1682 videant,
308 1649 456 1676 secundant
473 1649 585 1676 verbum
607 1649 721 1680 Domini,
740 1649 856 1676 vendere

80 1693 162 1720 omnia
176 1700 223 1720 sua
247 1701 310 1728 quae
325 1694 455 1730 possidet,
467 1698 495 1721 et
513 1695 578 1721 dare
591 1694 754 1729 pauperibus
768 1699 795 1722 et
808 1695 857 1722 tol-

81 1737 130 1764 lere
143 1746 249 1766 crucem
265 1747 356 1773 suam,
370 1744 397 1767 et
409 1739 485 1774 sequi
500 1739 653 1767 Christum!
669 1740 754 1775 Super
766 1741 856 1768 omnia

83 1790 140 1810 ταῖΓο
154 1785 194 1812 eis
209 1790 252 1813 (‘Sl
263 1791 462 1814 tormentorum
477 1794 590 1822 genera,
613 1793 641 1814 et
663 1795 745 1822 super
760 1795 856 1815 omnes

82 1834 177 1863 pinnas,
201 1830 223 1858 si
246 1838 329 1866 quem
348 1831 458 1859 videant
481 1832 563 1859 verbo
579 1832 624 1859 Dei
648 1839 756 1866 operam
781 1833 854 1865 dare,

82 1873 214 1902 scientiam
228 1877 329 1904 divina:
343 1876 409 1910 legis
420 1882 446 1904 et
459 1878 585 1913 mysteria
598 1877 797 1912 Scripturarum
814 1879 856 1905 in-

82 1919 155 1946 tentis
175 1921 272 1949 studiis
286 1922 486 1956 perquirentcm
504 1933 510 1950 :
528 1923 554 1950 in
581 1923 630 1950 hoc
653 1931 745 1950 eorum
766 1925 856 1952 omnis

82 1961 176 1990 ﬂamma
190 1969 244 1997 est,
258 1966 286 1993 in
300 1966 353 1994 isto
372 1972 488 1994 uruntur
505 1968 641 2001 incendio,
655 1968 783 2002 qu0niam
796 1969 856 2002 qui-

83 2007 135 2034 dem
159 2009 319 2043 ignorantia:
343 2011 460 2038 tenebris
490 2012 623 2038 ltumanas
645 2010 855 2038 obscuraverant

83 2059 188 2087 mentes,
201 2060 227 2082 et
251 2057 311 2084 haec
322 2057 510 2089 obtinuerant,
525 2061 553 2084 ut
572 2057 643 2085 Deus
655 2057 763 2092 quidem
779 2057 854 2092 igno-

83 2103 187 2132 raretur,
200 2101 231 2128 ad
247 2102 322 2135 ipsos
341 2109 405 2129 vero
422 2102 504 2129 divini
522 2102 610 2130 cultus
622 2103 710 2129 studia
724 2103 855 2130 transfer-

914 196 1065 218 stnnmatur
1076 199 1156 219 omne
1179 196 1331 226 peccatum.
1357 191 1424 219 Nam
1447 199 1506 218 cum
1535 191 1694 218 adulterium

913 239 974 272 quis
988 237 1144 270 committit,
1160 245 1213 264 non
1231 243 1271 264 est
1284 237 1378 271 utique
1402 237 1461 264 sine
1484 237 1626 264 dmutotte:
1655 236 1696 264 vel

914 289 973 309 eum
989 283 1028 309 ira
1041 283 1217 310 immoderata
1233 289 1367 318 raptatur,
1381 284 1422 310 vel
1436 291 1498 310 cum
1512 283 1604 316 diripit
1628 282 1696 309 alie-

914 334 946 353 na
964 331 1010 354 :et
1021 328 1066 362 qui
1091 328 1188 355 sedens
1214 329 1344 356 adversus
1370 327 1520 363 proximum
1545 334 1622 354 suum
1649 327 1697 353 de-

915 373 1009 405 trahit,
1023 378 1048 400 et
1060 374 1203 401 adversum
1219 374 1303 400 lilium
1322 374 1417 401 matris
1445 381 1500 400 suae
1520 373 1597 407 ponit
1618 380 1696 399 scan-

914 417 1082 450 dalum,non
1097 424 1137 446 est
1161 420 1221 446 sine
1246 420 1378 446 dmmone.
1395 419 1427 446 Et
1452 419 1511 446 ideo
1540 418 1696 446 omnimode

915 464 1049 496 agendum
1064 469 1105 491 est
1123 464 1210 497 nobis,
1236 472 1268 491 ne
1291 464 1361 492 forte
1382 465 1567 499 :Egyptiornm
1595 465 1696 498 primo-

914 508 1014 543 genita,
1030 509 1071 536 vel
1085 510 1150 536 deos
1163 517 1256 537 eorum
1270 517 1338 544 quos
1365 510 1490 536 Dominus
1510 508 1644 543 percussit
1667 512 1694 534 et

914 555 1054 586 exstinxit,
1069 555 1262 583 resuscitemus
1275 556 1301 582 in
1318 555 1404 587 nobis,
1417 555 1438 582 si
1453 555 1493 582 eis
1515 555 1599 581 locum
1613 553 1694 580 dede-

915 600 998 627 rimus
1009 601 1137 634 operandi
1154 601 1178 627 in
1196 601 1272 628 nobis
1286 609 1316 627 ea
1329 609 1389 635 quae
1402 601 1458 627 odit
1471 601 1549 626 Deus.
1563 599 1590 625 Si
1604 603 1694 625 autem

915 646 947 672 ab
962 645 1004 672 Itis
1021 647 1149 674 omnibus
1160 647 1348 674 contineamus
1366 654 1425 678 nos,
1441 654 1473 673 co
1489 645 1568 674 tnodo
1585 652 1639 678 quo
1650 651 1695 671 su-

914 691 1003 724 perius
1019 691 1148 725 diximus,
1175 693 1248 720 dedit
1271 693 1416 720 vindictam
1440 692 1466 718 in
1493 691 1618 718 omnibus
1643 689 1695 716 diis

913 735 1114 772 Egyptiorum,
1130 746 1278 773 ptenasque
1299 746 1332 765 ex
1358 742 1449 765 nostra
1468 736 1654 764 emendatione
1667 739 1694 762 et

914 784 1092 811 conversione
1109 784 1245 811 dicmones
1259 785 1420 819 suscipiunt.

877 821 896 847 Β
946 827 972 856 9.
993 829 1175 864 Exeuntergo
1191 838 1223 857 ex
1243 829 1361 865 :Egypto
1380 830 1426 857 filii
1447 829 1540 860 lsrael,
1564 833 1591 855 et
1611 827 1694 862 proli-

910 873 1042 902 ciscentcs
1062 883 1096 903 ex
1111 875 1239 903 Ramesse
1261 877 1373 902 veniunt
1397 876 1422 902 in
1449 875 1578 902 Soehoth.
1599 871 1694 899 Profe-

909 921 1008 948 ctionis
1025 922 1069 949 hic
1082 923 1160 955 ordo,
1175 928 1201 950 et
1212 922 1350 950 distinctio
1364 922 1546 952 mansionum,
1557 919 1633 946 valde
1642 925 1692 945 ne-

908 966 1028 993 cessaria
1042 971 1069 993 et
1083 967 1251 994 observanda
1265 971 1306 993 est
1319 967 1353 993 iis
1367 967 1413 1001 qni
1431 969 1580 1000 sequuntur
1595 963 1694 994 Deum,

908 1014 935 1036 et
949 1010 982 1037 de
995 1011 1127 1037 virtutum
1140 1011 1307 1045 profectibus
1324 1011 1457 1045 cogitant.
1471 1010 1508 1037 De
1523 1016 1576 1044 quo
1598 1007 1694 1036 ordine

909 1054 1018 1082 memini
1034 1055 1104 1089 quod
1115 1055 1171 1090 jam
1184 1060 1209 1083 et
1225 1056 1251 1082 in
1265 1056 1337 1088 aliis,
1350 1063 1410 1083 cum
1424 1055 1611 1083 mdiﬂcationis
1628 1061 1693 1081 cau-

908 1107 936 1127 sa
949 1100 1039 1136 aliqua
1054 1101 1234 1136 loqueremur,
1255 1110 1313 1137 quae
1334 1102 1462 1129 Dominus
1481 1102 1545 1128 dare
1566 1101 1693 1134 dignatus

910 1148 961 1177 est,
979 1147 1114 1180 prosecuti
1135 1155 1237 1174 smnus.
1267 1146 1319 1174 Sed
1341 1151 1450 1174 etmlnc
1477 1145 1568 1180 paucis
1594 1144 1691 1171 iterum

908 1191 1052 1218 orantibus
1072 1193 1150 1219 vobis
1176 1192 1419 1219 couunonebimus.
1449 1191 1492 1218 Fit
1520 1198 1585 1225 ergo
1605 1189 1690 1223 prima

908 1235 1041 1270 profectio
1053 1245 1086 1264 ex
1104 1237 1244 1269 Ramesse,
1259 1243 1285 1265 et
1301 1238 1358 1265 sive
1378 1239 1410 1265 de
1426 1237 1477 1264 hoc
1493 1237 1591 1264 mundo
1601 1236 1690 1262 anima

908 1282 1084 1316 proﬁciscens
1102 1284 1135 1310 ad
1145 1283 1262 1311 futurum
1274 1283 1400 1310 saeculum
1416 1283 1513 1317 pergil,
1528 1282 1585 1309 sive
1600 1281 1634 1308 ab
1649 1289 1691 1308 er-

909 1327 1014 1355 roribus
1031 1329 1092 1355 vitte
1106 1329 1139 1355 ad
1153 1329 1224 1356 viatn
1247 1329 1356 1356 virtutis
1370 1333 1396 1355 et
1420 1328 1563 1363 agnitionis
1576 1335 1690 1354 conver-

910 1372 984 1404 titur,
997 1381 1029 1400 ex
1046 1373 1382 1408 Ramesse'proliciscilur.
1410 1372 1538 1400 Ramesse
1566 1373 1638 1399 enim
1663 1372 1689 1398 in

908 1423 1000 1446 nostra
1015 1419 1105 1455 lingua
1116 1420 1213 1447 dicitur
1225 1420 1366 1447 commotio
1383 1419 1501 1450 turbida,
1516 1418 1559 1445 vel
1574 1425 1688 1444 commo-

908 1465 944 1491 tt'o
955 1465 1031 1493 tineae
1045 1465 1112 1501 (75).
1126 1465 1153 1492 In
1168 1473 1219 1500 quo
1234 1467 1328 1500 utique
1345 1465 1507 1495 ostenditur,
1520 1463 1590 1498 quod
1599 1463 1688 1490 omnia

909 1510 935 1538 in
954 1510 1006 1538 hoc
1018 1512 1118 1539 mundo
1132 1512 1157 1538 in
1177 1511 1404 1539 commotionibus
1431 1515 1459 1537 et
1483 1509 1692 1544 perturbationi-

907 1554 957 1582 bus
970 1555 1057 1590 posita
1068 1560 1142 1589 sunt,
1157 1557 1222 1584 etin
1243 1555 1396 1591 corruptela
1413 1564 1419 1582 :
1444 1556 1495 1583 hoc
1521 1555 1592 1582 enim
1619 1555 1689 1581 tinea

908 1600 1017 1628 indicat.
1038 1601 1065 1628 In
1090 1601 1187 1636 quibus
1210 1609 1262 1628 non
1285 1606 1392 1636 oportet
1417 1601 1535 1628 residere
1560 1599 1689 1632 animam,

907 1646 953 1672 sed
969 1646 1115 1680 proﬂcisci,
1132 1651 1159 1674 et
1170 1647 1265 1674 venire
1278 1647 1305 1674 in
1317 1647 1447 1674 Soehoth.
1465 1645 1585 1673 Sochoth
1599 1650 1688 1672 autem

907 1691 1102 1727 interpretatur
1115 1693 1288 1720 tabernacula
1302 1692 1370 1729 (76).
1385 1692 1469 1727 Igitur
1481 1692 1584 1726 primus
1593 1692 1690 1719 aniina:

907 1737 1044 1772 profectus
1056 1743 1097 1766 est
1109 1743 1138 1766 ut
1151 1738 1316 1766 auferatura
1331 1737 1513 1766 commotione
1528 1741 1646 1767 terrena,
1661 1740 1690 1763 et

907 1783 1036 1811 sciatsibi
1055 1789 1182 1819 tanquam
1198 1783 1383 1819 peregrinanti
1395 1783 1421 1810 in
1438 1782 1628 1810 tabernaculis.
1640 1782 1690 1808 ha-

906 1829 1056 1862 bitandum,
1069 1837 1123 1864 quo
1136 1830 1209 1857 velut
1225 1831 1250 1857 in
1280 1830 1419 1864 procinctu
1447 1829 1533 1863 posita
1561 1829 1689 1856 adversus

907 1874 1065 1901 insidiantes
1087 1875 1211 1907 expedita
1241 1882 1388 1902 occurrere
1424 1874 1509 1908 possit
1536 1877 1563 1900 et
1591 1873 1697 1900 liberm.

905 1920 1033 1955 lndejam
1050 1921 1094 1948 ubi
1107 1928 1137 1948 se
1153 1921 1235 1948 sentit
1247 1927 1308 1947 esse
1333 1923 1522 1954 prmparatam,
1541 1918 1690 1952 proﬁcisci-

906 1970 950 1993 tur
966 1974 999 1994 ει
1015 1965 1134 1993 Sochath
1155 1971 1182 1993 et
1195 1966 1313 2001 applicat
1327 1966 1352 1992 in
1371 1965 1488 1992 Bulhan.
1511 1965 1614 1991 Butlian
1626 1972 1689 1991 cnn-

906 2011 979 2039 tmllir
992 2012 1141 2046 appellatur
1158 2012 1224 2047 (77).
1244 2011 1378 2039 Virtutum
1394 2011 1512 2038 diximus
1525 2012 1552 2038 in
1565 2011 1689 2038 ltisesse

905 2056 1068 2091 profeotum.
1103 2057 1195 2085 Virtus
1221 2065 1275 2085 non
1306 2057 1358 2084 nisi
1379 2057 1520 2084 exercitiis
1545 2061 1573 2084 et
1597 2056 1688 2083 labore

906 2102 1086 2136 conquiritur.
1103 2110 1153 2129 nec
1169 2106 1276 2129 tantum
1293 2102 1319 2129 in
1334 2102 1481 2137 prosperis,
1506 2106 1636 2136 quantum
1660 2101 1687 2128 in

84 2149 175 2174 rentur.
187 2146 251 2180 Quae
264 2152 345 2182 putas
356 2147 384 2174 in
397 2147 456 2175 illos
470 2147 588 2175 vindicta
601 2148 691 2180 datur,
704 2155 764 2182 quae
775 2147 855 2174 infer—
870 2155 891 2182 υ
907 2147 1027 2174 adversis
1041 2147 1179 2181 probatur.
1197 2147 1310 2174 Venitur
1324 2146 1356 2173 ad
1384 2147 1545 2174 convallem.
1572 2145 1597 2173 lu
1623 2152 1688 2173 eon-

84 2194 122 2217 tur
131 2191 167 2219 eis
179 2192 284 2220 ﬂamma
298 2200 512 2228 pcenarum,eum
526 2194 616 2220 vident
628 2194 683 2221 haec
694 2194 793 2221 lumine
804 2202 851 2222 ve-

85 2234 160 2264 ritatis
173 2239 281 2272 aperiri,
296 2244 324 2266 et
334 2239 435 2266 fraudis
443 2247 498 2267 sua:
509 2239 620 2267 nebulas
633 2247 681 2273 per
688 2240 851 2274 agnitionem

85 2279 142 2315 legis
156 2283 248 2311 divinae
261 2285 395 2312 reserari?
406 2285 550 2312 Possident
562 2285 633 2312 enim
644 2289 758 2312 cunctos
771 2285 851 2319 quiin

84 2325 222 2359 ignorantia
239 2330 335 2357 vivunt
350 2339 358 2357 :
377 2335 404 2358 et
419 2338 470 2358 non
481 2330 568 2358 solum
585 2331 646 2358 illos
659 2331 703 2365 qui
718 2331 806 2358 adhuc
824 2331 850 2357 in

85 2371 221 2404 ignorantia
237 2380 310 2409 sunt,
332 2376 378 2403 sed
392 2376 517 2411 ingerunt
530 2383 558 2402 se
574 2383 644 2409 stt-pe
658 2376 739 2403 etiam
755 2376 788 2403 iis
805 2377 851 2410 qui

84 2415 156 2452 379
166 2426 331 2454 agnoverunt
343 2422 435 2452 Deum,
450 2425 477 2448 et
491 2428 584 2448 rursus
600 2421 625 2448 in
640 2421 672 2448 iis
683 2429 762 2456 opera
776 2422 850 2455 igno-

115 2473 197 2502 ‘Psal.
211 2484 238 2509 χ,
251 2477 295 2504 1‘2.

115 2528 226 2568 (Ἠ).ἆᾷ
248 2531 320 2559 velim
334 2532 462 2564 requirere
482 2535 612 2566 quomodo
627 2533 694 2559 Dens
709 2534 848 2560 vindictam

87 2561 346 2603 [ᾳριαίὶη-ιιωηιοηεδ,
365 2561 528 2603 muniuit/ue
544 2569 663 2595 vindicta:
676 2569 729 2595 dies
741 2575 763 2595 et
773 2569 849 2602 judi-

85 2600 114 2622 ιιι
135 2600 241 2638 nondum
261 2602 403 2638 (illrcnert't.
426 2600 491 2629 Vidi:
514 2601 733 2638 Origcnianorum
760 2600 805 2630 Illi.
820 2611 850 2636 tl,

85 2637 168 2664 quast.
181 2635 206 2665 5,
223 2644 295 2662 num.
309 2636 354 2663 22.

115 2678 165 2712 (75)
180 2679 298 2717 Ramesse
308 2683 375 2708 enim
391 2683 417 2708 in
430 2689 516 2710 noxlra
528 2684 617 2717 lingua
630 2684 727 2709 dicitur
738 2692 851 2709 comnm-

85 2715 117 2737 tto
137 2715 248 2746 turbido,
272 2716 308 2743 vel
332 2719 468 2744 commotio
493 2715 579 2744 tinch
605 2718 735 2744 Nimirum
759 2727 772 2744 ιι
791 2723 851 2749 cum

88 2752 97 2769 ι
110 2751 273 2784 commoveri,
292 2751 411 2784 percelli,
430 2762 438 2777 ›
455 2759 481 2780 ct
501 2759 539 2782 DD
556 2762 564 2777 ι
581 2754 663 2783 tinea,
677 2753 767 2779 blatta.
786 2763 794 2778 I

115 2781 167 2817 (76)
182 2781 298 2812 Sor/tolli
309 2791 392 2813 nulem
407 2781 593 2822 interpreiutur
606 2781 787 2815 tabernacula.
797 2787 850 2815 lia-

334 2480 344 2494 ¹
356 2476 433 2504 Νιιιιι.
447 2485 546 2508 xxxtu,
559 2477 585 2506 4.

623 2477 636 2492 ⁸
648 2477 711 2504 ibid.
737 2477 748 2492 δ
761 2477 769 2503 Ι
781 2478 842 2504 Cor.
855 2486 914 2511 vut,
929 2477 954 2505 5'.
981 2479 992 2494 ⁸
1005 2478 1075 2505 l‘sal.
1090 2486 1161 2511 xcvi,
1173 2479 1199 2505 5.

907 2190 1018 2218 vallibus
1044 2196 1134 2219 autem
1157 2197 1186 2219 et
1208 2192 1234 2218 in
1263 2192 1435 2220 inferioribus
1462 2191 1527 2219 locis
1551 2196 1688 2218 certamen

907 2236 1023 2263 habetur
1040 2238 1169 2264 adversus
1190 2236 1325 2264 diabolum
1353 2242 1380 2264 et
1396 2237 1548 2264 contrarias
1570 2241 1690 2271 potesta-

908 2288 957 2311 tes.
972 2284 999 2310 ln
1012 2284 1129 2311 convalli
1140 2291 1207 2319 ergo
1222 2291 1289 2318 agon
1301 2284 1434 2318 gerendus
1445 2289 1496 2316 est.
1515 2289 1542 2311 et
1566 2284 1592 2310 in
1621 2292 1688 2311 con-

907 2330 969 2357 valli
986 2330 1157 2365 pngnandmn
1172 2334 1224 2357 est.
1241 2330 1360 2365 Denique
1373 2336 1400 2357 et
1413 2330 1549 2357 Abraham
1566 2330 1593 2356 in
1620 2329 1688 2356 valle

906 2375 1057 2402 Salinarum
1072 2376 1198 2410 pugnavit
1222 2375 1364 2403 adversum
1393 2375 1524 2402 barbaros
1554 2383 1643 2409 reges.
1660 2379 1687 2400 ct

905 2421 941 2449 ibi
958 2421 1097 2448 victoriam
1111 2426 1273 2448 consecutus
1288 2426 1330 2448 est
1343 2421 1363 2448 ⁶.
1380 2420 1523 2447 Descendit
1549 2428 1615 2454 ergo
1630 2422 1686 2446 via-

1238 2480 1248 2495 ⁶
1258 2478 1326 2506 Gen.
1343 2486 1397 2504 XM".

904 2535 947 2562 dix
966 2539 1072 2575 ρξε’-(δῦ
1097 2546 1105 2562 ι
1123 2537 1198 2568 texit,
1230 2537 1350 2567 obtexit,
1382 2545 1390 2561 ι
1417 2537 1486 2562 unde
1506 2541 1561 2564 HI)
1582 2545 1590 2560 ι
1608 2540 1686 2570 tugu-

903 2582 984 2614 rinm,
998 2583 1210 2614 tabernaculum,
1227 2592 1234 2607 ι
1251 2587 1277 2608 ct
1294 2585 1319 2608 in
1337 2581 1430 2616 plurali
1450 2585 1516 2610 nrt:
1535 2591 1542 2606 ε
1560 2582 1686 2608 taberna-

903 2618 1111 2687 cuig.7).8nllmn
1123 2651 1248 2687 convallis
1262 2652 1419 2687 appellatur,
1433 2649 1477 2687 ιιι
1492 2651 1604 2677 lllerrrn
1619 2652 1685 2687 lygi-

905 2685 948 2713 tur
969 2692 1050 2716 ann:
1077 2696 1086 2711 ι
1106 2688 1130 2713 in
1147 2686 1251 2712 Etliam.
1271 2695 1279 2710 ι
1310 2687 1385 2719 Apud
1411 2685 1478 2712 LXX
1504 2686 1599 2720 lt'gilttl'
1625 2686 1687 2720 βοιμ

904 2720 1055 2755 Θάνμμιοιι,
1083 2729 1131 2749 cur
1150 2731 1158 2746 ι
1179 2720 1311 2748 convallis
1332 2730 1340 2746 ι
1363 2721 1491 2754 appellari
1515 2721 1608 2755 possit,
1632 2729 1685 2748 non

904 2756 991 2784 video.
1650 2766 1652 2768 >

904 2764 991 2784 "Ille".
1650 2766 1652 2768 ’
