1903 3052
216 86 260 115 79!

956 75 1115 105 ORlGENlS

1787 74 1850 101 791

215 151 257 172 tor
267 149 315 172 tne
331 150 424 172 noster
435 144 470 172 ad
485 153 533 173 eos
549 144 593 179 qui
615 143 641 171 in
658 141 801 178 profundis
825 143 889 168 sunt
917 143 943 166 et
974 137 1000 163 in
1015 138 1038 166 Α
1051 136 1174 170 iacentes
1194 136 1228 163 ad
1242 136 1317 163 littus
1333 135 1426 162 maris.
1449 134 1516 161 Cum
1542 138 1630 161 autem
1660 133 1761 161 videris
1791 142 1846 162 eos

212 191 287 222 imis.
300 191 353 218 noh
369 196 398 218 ut
409 191 447 218 ibi
459 191 625 223 demoretur,
635 189 682 217 sed
696 193 726 216 ut
739 188 774 216 ibi
787 187 926 214 victoriam
935 192 1000 212 con-

212 241 352 270 sequntur.
371 235 487 263 Profecti
505 240 568 262 sunt
580 240 669 262 autem
687 242 720 261 ex
733 233 850 264 Buthan,
870 237 897 259 et
911 230 999 265 appli-

215 285 329 308 cuerunt
343 281 376 308 ad
390 288 421 308 os
436 280 519 308 lrolh.
536 279 609 308 irolh
627 281 698 307 vicus
720 279 915 313 interpretatur
929 275 998 311 (78).

211 326 334 353 Nondum
365 326 437 353 enim
467 326 578 353 venltnr
609 326 642 353 ad
669 325 826 356 civitatem,
856 329 908 350 nec
937 328 998 356 quae

211 371 332 406 perlecta
358 376 423 398 sunt
446 371 502 406 jam
531 377 675 403 tenentur,
704 371 750 398 sed
774 369 881 397 interim
908 367 997 403 primo

209 420 292 450 parva
307 422 422 451 quaeque
433 417 586 452 capiuntur.
620 416 669 443 llic
684 419 726 444 est
748 416 819 443 enim
846 414 995 449 protectus,

208 462 371 496 otaparvis
386 461 421 490 ad
449 468 545 497 magna
568 463 703 490 veniatur.
730 463 843 490 Venitur
866 468 932 496 ergo
957 459 991 487 ad

207 506 356 540 Irotlt,hoe
374 513 416 535 est
439 507 471 534 ad
501 508 650 543 ingressum
679 508 796 543 primum
824 507 888 539 vici,
923 506 994 541 quod

206 553 368 580 cstlnitimu
387 554 603 582 conversationis
616 574 624 586 ,
652 558 678 582 et
698 554 868 581 abstinentiae
891 552 995 580 mediu-

206 597 273 624 ct'is.
297 597 453 626 Periculosa
482 605 523 626 est
552 606 669 633 namque
685 599 711 626 in
738 599 824 625 initiis
839 597 950 633 grandis
966 601 995 624 et

205 643 386 670 immoderata
398 644 573 671 abstinentia.
596 644 669 672 lroth
683 649 772 672 autem
786 644 844 670 haec
853 643 940 678 posita
952 647 994 670 est

205 692 301 715 contra
314 688 492 725 Beelsepbon,
503 695 531 718 et
542 696 636 719 contra
649 691 812 727 Magdalum.
823 691 991 726 Beelsephou.

204 734 403 769 interpretatur
430 738 549 764 ascensio
581 737 702 771 speculor,
732 738 790 765 sive
813 737 897 764 turris
922 735 990 773 (79).

202 780 227 806 A
255 780 346 814 parvis
377 787 442 815 ergo
474 781 630 808 ascenditur
660 781 694 808 ad
726 787 844 815 magna,
871 785 899 808 et
919 788 991 808 non-

203 826 266 852 dum
282 826 309 852 in
325 825 381 860 ipsa
394 826 514 860 specula,
530 826 577 854 sed
597 831 693 854 contra
719 827 855 861 speculam
866 847 873 860 ,
892 826 920 853 id
947 831 989 854 est

203 871 230 898 in
245 873 390 905 conspectu
406 871 522 906 speculae
537 873 622 906 posita
636 877 689 900 est.
705 872 847 908 Speculari
859 873 932 900 enim
951 873 989 900 in.

202 917 279 950 cipit,
297 917 497 951 etprospicere
519 925 595 953 spent
621 917 739 946 l‘ut‘uram
765 923 792 946 ct
817 918 989 946 altitudinem

200 960 372 995 proiectuum
391 963 580 998 contemplari,
594 969 622 991 et
639 964 766 999 paulatim
792 965 900 997 crescit,
922 965 987 992 dum

201 1007 263 1041 plus
280 1014 328 1043 spe
352 1008 474 1035 nutritur
493 1016 573 1044 quam
597 1010 736 1037 laboribus
757 1010 896 1045 fatigatur.
922 1010 989 1044 Quae

199 1054 292 1086 statio,
307 1053 365 1081 sive
374 1055 480 1083 mansio
494 1060 589 1083 contra
605 1054 755 1092 Magdalu’m
783 1062 836 1088 est,
864 1058 986 1085 nomium

199 1099 228 1126 in
248 1099 306 1134 ipso
334 1098 469 1134 Magdalo.
498 1101 649 1137 Magdalum
685 1103 758 1130 enim
790 1104 987 1138 magniﬁcentia

198 1143 301 1171 dicitur
319 1145 387 1179 (80).
402 1145 512 1174 liabens
525 1154 590 1181 ergo
604 1148 630 1175 in
645 1154 791 1183 conspecta
807 1154 835 1176 et
848 1150 987 1177 ascensio-

197 1194 259 1216 nem
275 1190 402 1224 speculae,
416 1196 444 1218 et
463 1193 691 1226 magnificentiam
713 1201 804 1222 rerum
818 1194 983 1227 futurarum.

197 1232 310 1267 spebus,
322 1239 352 1261 ut
369 1235 504 1268 diximus,
523 1236 678 1270 ingentibus
697 1239 822 1272 pascitur
846 1243 874 1266 et
897 1240 986 1266 nutri-

196 1283 251 1305 tur.
268 1277 296 1306 ln
310 1279 522 1314 profectionibus
537 1282 609 1309 enim
625 1288 684 1316 est,
703 1290 756 1311 non
773 1284 800 1311 in
815 1285 985 1319 perfectione

192 1323 249 1357 jam
268 1324 365 1358 posita.

229 1368 274 1395 to.
286 1367 350 1397 Post
366 1370 424 1397 haec
436 1370 646 1405 proﬁciscuntur
657 1373 692 1400 de
707 1373 791 1407 lrotb,
802 1379 830 1402 et
842 1380 984 1403 transeunt

194 1421 243 1449 per
259 1414 377 1442 medium
399 1417 482 1444 maris
495 1417 592 1452 Rubri,
609 1424 636 1447 et
646 1419 836 1454 applicuerunt
853 1421 886 1449 ad
904 1426 982 1449 ema-

193 1459 336 1488 ritudines.
352 1459 476 1488 Diximus
490 1466 594 1497 tempus
604 1462 788 1497 profcctuum,
803 1469 908 1499 tempus
921 1471 984 1493 esse
997 1481 1019 1510 ρ

193 1504 485 1539 periculorum.Quant
514 1507 626 1536 molesta
645 1509 760 1537 tentatio
785 1510 903 1538 transire
932 1517 984 1546 per

196 1551 318 1579 medium
333 1559 420 1580 mare.
437 1553 529 1581 videre
544 1554 642 1582 ﬂuctus
653 1556 679 1582 in
692 1556 827 1583 cmnulum
846 1563 981 1590 crescere,

194 1596 291 1624 audire
302 1598 439 1625 undarum
457 1598 650 1627 insanientium
673 1607 756 1629 voces
779 1607 807 1629 et
825 1603 956 1637 strepitus
972 1611 980 1629 :

192 1642 240 1669 sed
253 1647 345 1670 tamen
364 1644 385 1671 si
400 1645 524 1679 sequaris
544 1645 666 1681 Moysen,
683 1646 711 1674 id
740 1652 785 1675 est
810 1647 898 1683 icge‘m
919 1648 980 1682 Dei,

192 1694 272 1722 aqua:
287 1689 334 1716 tibi
347 1695 444 1717 murus
457 1691 569 1718 dextera
595 1692 716 1727 bevaque
736 1694 813 1726 ﬁent,
829 1699 857 1722 et
873 1695 926 1722 iter
939 1697 981 1722 in-

192 1733 287 1761 venies
298 1741 350 1768 per
361 1735 466 1762 siccum
483 1737 510 1763 in
528 1737 617 1765 medio
636 1738 715 1765 mari.
731 1739 785 1766 Sed
808 1745 835 1766 ct
849 1740 914 1767 illud
929 1740 981 1768 iter

191 1779 303 1807 caeleste
319 1780 393 1815 quod
410 1787 490 1816 agere
506 1782 621 1810 dicimus
631 1784 760 1816 animant,
776 1790 867 1820 potest
879 1787 937 1813 ﬁeri
949 1791 981 1813 ut

192 1823 292 1852 habeat
307 1825 409 1860 aliquid
426 1834 557 1860 aquarum
569 1847 577 1860 ,
593 1833 682 1863 potest
704 1829 763 1857 ﬁeri
779 1836 810 1858 ut
838 1831 872 1858 ibi
903 1832 979 1859 inve-

190 1869 302 1897 niantur
316 1871 394 1898 undae
406 1880 414 1905 ;
428 1877 471 1900 est
487 1874 559 1900 enim
578 1874 615 1902 ibi
634 1882 700 1910 pars
725 1876 815 1911 aliqua
834 1884 978 1912 aquarum,

189 1919 292 1949 ctpars
316 1915 406 1951 aliqua
432 1918 484 1945 sub
504 1919 593 1951 coelo;
615 1924 643 1946 et
670 1927 721 1948 nos
744 1921 852 1948 interim
883 1923 978 1950 harum

190 1966 250 1993 qua:
277 1959 328 1987 sub
354 1961 426 1989 emlo
459 1964 522 1989 sunt
554 1967 685 1998 aquarum
714 1967 800 1994 undas
827 1966 978 2003 ﬂuctusque

189 2004 351 2037 perierintus
369 2015 377 2034 :
396 2008 469 2034 Deus
497 2008 598 2036 viderit
613 2010 636 2037 si
661 2009 714 2037 illa:
738 2012 837 2045 quietae
868 2018 931 2040 sunt
948 2019 979 2041 et
1008 2033 1022 2046 ς,

188 2048 314 2083 placuit,
332 2059 384 2078 ncc
400 2052 538 2087 aliquibus
553 2055 641 2082 ventis
661 2054 791 2084 ﬂantibus
810 2058 974 2085 excitantur.

188 2094 241 2122 Sed
258 2103 310 2123 nos
324 2097 445 2130 interim,
461 2106 526 2125 cum
541 2101 695 2129 venerimus
715 2103 748 2130 ad
763 2104 906 2131 transittnn
918 2111 978 2131 ma-

1047 181 1181 215 jacentes,
1201 185 1230 207 tu
1244 188 1358 216 exsurge
1372 185 1398 208 et
1424 185 1504 206 canta
1523 179 1549 207 in
1567 181 1684 207 canticis
1711 180 1843 213 Domino,

1050 232 1075 253 et
1091 226 1213 254 collauda
1232 234 1292 253 eum
1313 227 1359 261 qui
1376 233 1474 260 equum
1491 230 1519 252 et
1535 233 1710 254 ascensorem
1730 227 1844 253 demer-

1049 273 1085 298 sit
1100 273 1126 298 in
1144 264 1266 299 Rubrum
1288 279 1373 300 mare.
1396 272 1589 307 Applicuerunt
1599 279 1664 306 ergo
1677 272 1711 298 ad
1739 274 1845 299 amari-

1050 318 1165 345 tndines.
1183 318 1303 345 Audiens
1327 318 1525 345 amaritudines
1546 326 1598 345 non
1620 325 1753 352 pavescas
1766 338 1774 350 ,
1789 326 1843 347 ne-

1047 371 1100 397 que
1116 363 1256 390 terrearis.
1275 372 1284 390 ‹
1297 363 1392 390 Omnis
1414 363 1486 391 enim
1506 364 1625 391 eruditio
1655 364 1688 390 ad
1717 371 1842 398 pi‘azsens

1047 414 1101 434 non
1118 406 1226 433 videtur
1239 406 1326 434 dulcis
1344 414 1424 439 esse,
1439 407 1487 434 sed
1513 413 1615 433 amara.
1646 405 1743 433 Postea
1772 414 1842 434 vero

1047 451 1164 480 fructum
1181 451 1366 480 dulcissimum
1392 458 1419 480 ct
1441 452 1645 487 pacatissimnm
1676 452 1841 480 exercitatis

1042 506 1095 533 per
1110 499 1287 533 semetipsum
1303 499 1517 533 rcdditjustitizc
1529 498 1550 531 ',
1570 508 1580 524 ι
1595 499 1666 525 sicut
1685 498 1840 532 Apostolus

1045 545 1136 572 docet.
1153 545 1274 579 Denique
1288 550 1317 572 et
1339 552 1435 579 azyma
1462 552 1523 571 cum
1554 544 1739 571 amaritudine
1763 545 1839 572 vesci

1045 590 1261 625 praecipiuntur:
1277 598 1328 618 nec
1342 595 1385 618 est
1404 590 1534 625 possibile
1557 590 1702 625 pervenire
1721 591 1755 617 ad
1779 595 1836 617 ter-

1044 644 1102 663 ram
1117 636 1347 671 repromissionis,
1361 637 1411 664 nisi
1433 644 1482 672 per
1498 637 1696 664 amaritudines
1710 641 1838 665 transea-

1044 688 1114 707 mus.
1140 679 1217 708 Sicut
1246 681 1318 707 enim
1353 681 1452 708 medici
1482 681 1678 709 amaritudines
1701 682 1835 716 quasdam

1044 726 1248 753 medicamentis
1262 726 1386 753 inserunt
1401 726 1498 753 salutis
1511 731 1655 761 prospectu
1678 732 1706 754 et
1731 727 1837 755 sanita-

1044 772 1274 808 tislanguentium
1291 792 1299 805 ,
1319 773 1356 800 ita
1368 777 1396 800 et
1419 773 1514 800 salutis
1534 778 1678 808 prospectu
1704 774 1833 802 medicus

1044 817 1196 844 animarum
1211 823 1367 845 nostrarum
1384 818 1584 846 amaritudines
1600 825 1649 846 nos
1666 819 1730 845 vita:
1754 819 1836 852 hujus

1043 863 1128 890 voluit
1143 863 1200 898 pati
1221 863 1248 890 in
1278 864 1394 891 diversis
1417 864 1629 896 tentatiouibus,
1655 864 1748 891 sciens
1769 865 1834 898 quis

1043 909 1107 937 ﬁnis
1120 909 1199 945 hujus
1210 910 1402 938 amaritudinis
1422 910 1519 937 anima:
1534 915 1635 938 nostra:
1659 911 1833 939 dulcedinem

1042 956 1139 983 salutis
1154 956 1277 990 acquirat
1296 964 1303 981 :
1319 956 1390 983 sicut
1406 961 1434 984 et
1457 957 1611 984 econtrario
1627 955 1689 984 ﬁnis
1711 957 1835 985 dulcedi-

1041 1002 1084 1028 nis
1099 1009 1159 1036 qua:
1172 1006 1213 1028 cst
1230 1002 1255 1028 in
1271 1002 1409 1037 voluptate
1429 1009 1571 1037 corporea,
1591 1006 1621 1029 ut
1639 1001 1732 1029 divitis
1760 1003 1834 1032 illius

1041 1047 1165 1082 exempla
1186 1048 1348 1080 docuerunt,
1364 1047 1488 1074 amarunt
1502 1048 1584 1074 linem
1602 1048 1691 1075 reddit
1704 1048 1732 1075 in
1748 1048 1835 1076 infer-

1039 1101 1104 1121 num
1128 1100 1280 1128 pinnarum.
1297 1093 1336 1120 Tu
1356 1101 1420 1127 ergo
1440 1093 1486 1128 qui
1507 1093 1558 1120 iter
1581 1093 1689 1121 virtutis
1714 1093 1833 1126 incedis,

1041 1148 1093 1167 non
1116 1140 1233 1174 reiugias
1248 1140 1386 1174 applicare
1397 1140 1430 1166 ad
1448 1140 1653 1168 smaritudines.
1667 1140 1833 1168 Proﬁcisce-

1040 1187 1078 1212 ris
1092 1186 1165 1213 enim
1181 1191 1208 1213 et
1218 1186 1292 1218 inde,
1307 1187 1378 1213 sicut
1389 1191 1417 1213 et
1430 1186 1477 1213 ﬁlii
1490 1186 1582 1213 Israel.

1075 1235 1118 1262 il.
1134 1245 1144 1260 ‹
1161 1235 1279 1262 Profecti
1296 1239 1369 1267 sunt,
1386 1234 1474 1269 inquit
1488 1235 1509 1267 ',
1522 1234 1555 1262 de
1581 1234 1778 1268 amaritudine,
1803 1241 1832 1262 et

1040 1285 1174 1308 venerunt
1186 1281 1213 1308 in
1225 1281 1324 1308 Heilm.
1341 1290 1351 1306 ι
1371 1280 1458 1308 llelim
1471 1285 1524 1313 est,
1540 1280 1584 1307 ubi
1601 1286 1663 1307 sunt
1682 1280 1830 1307 duodecim

1037 1327 1127 1354 fontes
1140 1331 1283 1362 aquamm,
1301 1332 1329 1354 et
1343 1327 1515 1361 septuaginta
1526 1326 1585 1353 dua:
1599 1326 1711 1354 arbores
1723 1327 1832 1361 palma-

1038 1381 1109 1400 rum.
1122 1373 1204 1401 Vides
1218 1378 1278 1407 post
1298 1373 1505 1405 amaritudines,
1520 1378 1581 1407 post
1591 1373 1753 1408 aSperitates
1768 1378 1831 1400 ten-

1038 1419 1183 1452 tationum,
1200 1426 1283 1454 quam
1299 1424 1326 1446 te
1351 1424 1457 1446 amunia
1486 1419 1638 1454 suscipiunt
1670 1418 1741 1446 loca.
1766 1418 1828 1446 Non

1038 1465 1160 1493 venisses
1174 1466 1208 1493 ad
1217 1466 1334 1500 palmas.
1351 1466 1404 1493 nisi
1418 1465 1598 1493 tentationurn
1626 1465 1829 1492 attraritudines

1037 1511 1195 1541 pertulisses
1207 1531 1215 1544 ,
1233 1519 1283 1539 nec
1297 1512 1421 1539 venisses
1433 1512 1466 1538 ad
1489 1511 1663 1538 dulcedinem
1694 1510 1827 1543 fantium,

1037 1556 1088 1583 nisi
1103 1558 1178 1592 prius
1194 1564 1255 1591 quae
1267 1557 1356 1584 tristia
1375 1556 1484 1585 fuerent
1496 1561 1526 1584 et
1537 1563 1633 1591 aspera
1643 1562 1805 1591 superasset;
1817 1564 1826 1582 :

1036 1610 1089 1630 non
1103 1602 1219 1637 quoiam
1235 1602 1298 1629 linis
1313 1604 1348 1630 sit
1378 1603 1405 1630 in
1428 1602 1470 1630 his
1495 1602 1612 1634 itineris.
1643 1606 1671 1629 et
1689 1601 1827 1636 perfectio

1036 1651 1196 1676 cunctorum
1213 1656 1220 1680 ;
1249 1648 1314 1674 sed.
1329 1647 1501 1682 dispensator
1520 1647 1673 1674 animarum
1698 1647 1769 1674 Deus
1796 1646 1826 1674 in

1036 1694 1092 1727 ipso
1111 1693 1210 1720 itinere
1225 1693 1367 1721 interserit
1385 1693 1524 1720 laboribus
1535 1694 1616 1720 etiam
1634 1692 1760 1727 quaedam
1779 1700 1824 1719 re-

1033 1738 1155 1773 frigeria,
1169 1738 1269 1772 quibus
1277 1737 1363 1765 refota
1377 1739 1466 1765 anima
1478 1742 1507 1765 et
1523 1742 1657 1772 reparata,
1670 1737 1826 1772 promptior

1035 1784 1128 1811 redeat
1139 1784 1173 1810 ad
1189 1783 1309 1818 reliquos
1323 1783 1449 1811 labores.
1460 1783 1547 1811 Heilm
1569 1788 1660 1810 autem
1685 1782 1826 1817 interpre-

1035 1832 1106 1855 tatur
1118 1828 1213 1855 arictes
1229 1828 1298 1864 (Si).
1312 1828 1417 1855 At-ieles
1434 1829 1517 1856 duces
1530 1833 1595 1855 sum
1619 1835 1747 1863 gregum.
1767 1827 1823 1860 Qui

1033 1878 1096 1900 sunt
1110 1881 1174 1908 ergo
1190 1874 1276 1900 duces
1304 1872 1393 1906 gregis
1408 1872 1529 1905 Christi,
1554 1872 1606 1899 nisi
1622 1871 1748 1906 apostoli.
1773 1872 1822 1905 qui

1032 1925 1097 1947 sunt
1112 1925 1141 1946 et
1158 1919 1298 1947 duodecim
1316 1918 1428 1946 fontes?
1452 1918 1549 1946 Verum
1565 1918 1694 1952 quoniam
1709 1925 1762 1945 non
1773 1924 1822 1944 so-

1033 1965 1088 1992 lum
1104 1965 1164 1992 illos
1176 1965 1318 1992 duodecim
1330 1965 1412 1999 elegit
1428 1964 1557 1991 Dominus
1576 1968 1606 1991 et
1626 1963 1754 1990 Salvator
1769 1969 1821 1988 no-

1031 2016 1098 2045 ster,
1111 2012 1158 2038 sed
1172 2015 1201 2038 et
1210 2011 1278 2039 alios
1288 2011 1459 2046 septuaginta
1473 2010 1552 2042 duos,
1569 2009 1671 2036 idcirco
1697 2016 1752 2036 non
1772 2015 1820 2035 so-

1031 2057 1086 2084 lum
1101 2056 1245 2084 duodecim
1259 2056 1359 2089 fontes,
1372 2058 1418 2084 sed
1436 2061 1465 2084 et
1476 2055 1647 2091 septuaginta
1666 2054 1725 2081 duae
1738 2053 1821 2081 arbo-

1031 2109 1076 2129 res
1090 2102 1247 2129 scribuntur
1261 2110 1321 2129 esse
1336 2102 1499 2137 palmarum,
1510 2106 1541 2129 et
1557 2100 1607 2136 ipsi
1619 2100 1690 2127 enim
1702 2099 1820 2133 apostoli

189 2140 239 2173 ris,
251 2141 359 2169 etiamsi
383 2143 523 2172 videamus
540 2144 707 2174 Pharaonem
722 2153 752 2176 et
766 2148 908 2184 [Epyplios
937 2151 977 2178 in-
993 2157 1015 2184 υ
1030 2149 1216 2181 nominantur,
1228 2150 1300 2176 sicut
1312 2153 1343 2176 et
1367 2149 1425 2182 ipse
1453 2148 1553 2175 Paulus
1576 2147 1643 2175 dicit
1655 2147 1677 2179 ’,
1703 2154 1766 2173 cum
1785 2147 1820 2173 de

188 2193 346 2221 sequentes,
364 2189 430 2216 nihil
447 2191 623 2225 trepidamus,
641 2193 732 2221 nullus
749 2195 781 2222 de
810 2196 852 2222 his
874 2202 975 2229 metus,

188 2232 263 2260 nulla
278 2233 395 2262 formido
407 2235 453 2263 sit.
464 2235 616 2265 Credamus
628 2243 732 2266 tantum
745 2241 771 2266 in
785 2247 869 2268 unum
883 2249 975 2270 verum

186 2278 285 2312 Donni,
299 2283 328 2307 et
343 2287 423 2315 quem
438 2281 514 2309 misit
535 2282 633 2310 Filium
659 2290 740 2311 suum
765 2284 857 2312 Jcsum
893 2287 976 2323 380

186 2323 335 2352 Christum.
352 2326 430 2360 Quod
442 2332 469 2356 et
483 2328 505 2356 si
518 2329 626 2356 dicatur
634 2329 749 2366 populus
762 2331 816 2359 Deo
826 2333 974 2361 credidisse

186 2374 214 2397 et
228 2371 329 2399 famulo
347 2373 405 2407 ejus
419 2374 517 2410 Moysi,
530 2375 670 2404 credimus
694 2382 722 2403 et
752 2385 800 2405 nos
824 2381 972 2408 secundum

187 2416 335 2445 hocetiam
354 2417 452 2455 Moysi,
472 2420 498 2448 id
525 2425 567 2449 cst
607 2421 658 2457 legi
689 2422 739 2450 "Dei
765 2429 791 2450 et
821 2425 972 2459 prophetis.

186 2462 323 2492 Constans
335 2472 400 2500 ergo
413 2472 483 2499 esto,
495 2471 522 2494 et
539 2467 619 2501 paulo
636 2473 697 2502 post
710 2469 815 2497 videbis
833 2470 975 2506 Egyptios

222 2510 234 2526 τ
252 2510 335 2539 Hebr.
350 2519 400 2545 xu,
417 2513 460 2540 li.
507 2514 519 2530 ⁵
537 2514 617 2542 Num.
631 2523 731 2549 xxxtu,
747 2516 773 2544 9.
804 2518 814 2533 ⁹
831 2517 914 2545 lCor.
929 2527 974 2547 xv.

1031 2196 1232 2223 resurrectione
1243 2195 1395 2223 Salvatoris
1413 2199 1572 2229 exponeret.
1597 2193 1687 2224 Visus,
1719 2193 1819 2227 inquit,

1030 2246 1073 2269 est
1085 2241 1139 2269 iii-is
1150 2241 1286 2275 undecim,
1301 2241 1398 2269 deinde
1414 2240 1539 2275 apparuit
1551 2243 1580 2266 et
1599 2238 1724 2266 otnnibus
1751 2245 1819 2272 apo-

1029 2287 1116 2314 stolis.
1144 2286 1171 2313 ln
1202 2294 1256 2322 quo
1280 2286 1399 2314 ostendit
1421 2291 1484 2313 esse
1511 2291 1539 2312 et
1569 2284 1636 2312 alios
1667 2282 1817 2318 apostolos,

1028 2334 1149 2368 exceptis
1162 2333 1216 2361 illis
1230 2333 1384 2361 duodecim.
1404 2332 1470 2360 Haec
1484 2336 1510 2359 te
1521 2339 1585 2366 ergo
1598 2330 1743 2357 armenias
1757 2334 1818 2364 post

1029 2381 1249 2412 amaritudinem,
1264 2381 1324 2407 hac
1333 2384 1362 2407 te
1377 2379 1487 2414 requies
1500 2383 1559 2413 post
1571 2377 1705 2410 laborem,
1718 2378 1775 2404 haec
1792 2381 1818 2402 te

1029 2426 1115 2460 gratia
1141 2431 1202 2460 post
1216 2429 1385 2453 tcntamcnta
1410 2424 1548 2459 suscipiet.
1567 2432 1577 2449 ι
1605 2422 1723 2450 Profecti
1741 2427 1815 2453 sunt.

1030 2473 1163 2507 inquit”,
1182 2473 1217 2500 de
1239 2472 1344 2505 lletim,
1365 2476 1394 2500 et
1423 2471 1611 2506 applicuerunt
1634 2469 1713 2504 juxta
1739 2475 1816 2496 mare

1013 2521 1034 2537 ¹⁰
1047 2519 1126 2548 Num.
1144 2527 1242 2553 xxxnr,
1253 2518 1297 2546 i0.

223 2567 280 2608 (78)
301 2567 460 2608 {golluvictu
473 2569 670 2608 interpretetur.
686 2571 716 2608 in
728 2572 846 2608 Hebraeo
861 2573 979 2602 habetur
1027 2577 1080 2604 sive
1090 2578 1182 2604 turris.
1196 2576 1237 2604 Ab
1250 2567 1305 2608 τήν
1318 2584 1327 2601 r
1341 2575 1473 2608 ascendit,
1489 2583 1499 2600 ι
1517 2578 1548 2601 et
1561 2578 1621 2606 nm
1641 2573 1814 2608 «speculatus

185 2606 260 2640 {nm
276 2611 285 2628 r
303 2603 410 2635 iliroth,
432 2614 441 2630 ι
458 2606 528 2640 apud

566 2605 624 2637 XX.
649 2606 749 2642 Εἰρώο.
776 2608 834 2635 Jam
860 2615 926 2636 vero
953 2611 976 2638 si

188 2637 277 2664 littera
288 2644 308 2669 Π
327 2645 447 2667 mutatur
462 2637 488 2667 in
504 2645 523 2672 ν
536 2647 564 2668 et
586 2637 736 2670 masculina
752 2642 837 2670 forma
855 2643 881 2670 in
901 2643 979 2671 femi-

1027 2617 1120 2680 es‘éiti)
1138 2646 1294 2681 Magdalum
1306 2646 1375 2673 enim
1389 2644 1585 2680 magniﬁcentia
1595 2643 1708 2671 dicitur.
1726 2643 1811 2670 Radix

188 2674 642 2727 ῐξξξξξὲϋςξτξξξρσεαυξιεκπλτξξξξέξ.
656 2678 761 2727 dum?
779 2678 856 2727 1221'
871 2679 978 2727 PIT."
1026 2698 1069 2720 εει
1080 2684 1127 2723 Lm
1143 2701 1151 2718 ‹
1169 2699 1296 2727 magnum
1312 2699 1383 2724 esse.
1400 2691 1441 2718 νει
1462 2691 1556 2718 neri.»

185 2715 302 2747 numero
317 2707 406 2736 Judic.
423 2717 448 2742 κ,
465 2710 493 2744 4,
505 2707 646 2752 signiticet
661 2707 764 2745 (villas,
779 2707 977 2746 γίιύς,›’ὲπαύ-

186 2750 249 2768 Λειε.

222 2750 278 2810 δῦ)
302 2776 462 2810 Βεειεεριιοιι
492 2780 680 2815 interpretatur
704 2783 821 2810 arccnsio
845 2784 973 2819 κικειιιιυ.

1060 2716 1127 2763 isi)"
1134 2716 1539 2760 rigis?amissisamisis
1566 2726 1673 2754 arietes.
1690 2716 1741 2755 "Itn
1753 2732 1763 2751 ι
1785 2732 1811 2752 a-

1027 2774 1089 2802 rics.
1112 2784 1122 2800 ι
1141 2772 1241 2802 Plural.
1257 2765 1339 2804 DVHVN
1357 2782 1366 2800 α
1387 2773 1494 2801 arietes.
1513 2782 1522 2798 ι
