1903 3052
259 97 311 125 799

259 163 304 185 tur
316 156 416 188 Oboth,
432 156 511 191 ctijus
523 154 640 182 nominis
656 153 782 188 quamvis
794 158 847 178 non
861 149 1046 178 invenerimus
1059 147 1084 176 A

261 202 512 237 interpretationem
528 199 596 234 (12),
614 203 702 226 tmen
717 205 771 225 non
787 197 960 228 dubitamus,
974 194 1045 221 sicut

258 253 286 274 et
302 248 328 274 in
342 247 447 274 caeteris
462 245 598 278 omnibus,
614 244 696 270 etiam
713 242 738 270 in
758 242 809 269 hoc
824 241 934 268 nomine
951 245 1046 266 conse-

259 292 398 326 quentiam
411 290 580 326 profectutltn
593 287 759 316 conservari.
774 287 902 321 Sequitur
913 289 974 320 post
987 285 1046 311 hare

260 337 366 364 mansio
392 343 451 370 quae
476 335 626 370 appellatur
650 333 700 360 Gai
721 352 729 365 ,
753 332 825 367 quod
854 332 1046 365 interpretatur

259 383 341 409 chaos
357 381 425 417 (t5).
449 380 598 416 Appropiat
621 379 695 406 enim
721 386 770 413 per
784 379 833 405 hos
853 377 991 412 profectus
1013 376 1047 403 ad

259 427 337 454 sinus
346 426 473 458 Abrahae,
486 425 532 459 qui
544 425 609 452 dicit
622 425 655 451 ad
666 431 714 451 eos
724 423 770 458 qui
780 423 805 449 in
816 421 958 449 tormentis
971 425 1046 452 sunt,

259 472 323 505 quia
339 481 349 498 ι
365 472 437 499 inter
449 479 497 499 vos
511 476 537 498 et
552 478 600 498 nos
615 471 699 497 chaos
712 477 839 504 magnum
855 468 1046 495 conﬁrmatum

258 522 301 544 est
313 517 348 550 ”,
365 525 376 543 ι
398 521 427 544 ιιι
440 522 467 544 et
483 517 540 550 ipse
555 516 580 542 in
598 516 704 543 sinibus
718 517 787 549 ejus,
801 515 872 542 sicut
887 513 983 540 beatus
996 512 1048 539 La-

259 572 351 596 zarus,
371 564 533 598 requiescat.
554 563 617 590 lude
643 563 739 590 iterum
761 563 869 589 venitur
893 561 1043 594 Dibongad,

258 611 331 644 quod
358 609 512 644 signiﬁcare
539 608 624 635 fertur
648 608 779 643 apiarium
810 608 997 635 Ienlalionum.
1025 607 1047 635 0

261 656 358 682 miram
376 655 472 682 divinae
487 654 660 689 providentia:
673 652 824 681 cautelam!
841 652 974 687 Eccejam
989 654 1048 680 via—

260 707 304 728 tor
326 701 370 727 hic
386 700 495 727 itineris
515 699 651 731 caelestis.
675 706 788 726 summa:
803 699 966 732 perfectioni
983 707 1046 733 pro-

260 745 349 772 ximus
363 744 393 771 lit
413 744 585 771 successione
604 745 745 776 virtutum,
763 750 791 770 et
807 749 895 771 tamen
914 745 938 771 ei
956 749 1046 772 tenta-

260 794 349 818 meula
367 798 419 817 non
437 791 545 822 desunt,
569 790 617 816 sed
643 790 702 816 novi
727 789 834 823 generis
853 790 934 816 audio
959 794 1049 817 tenta-

262 841 362 863 menta.
376 836 527 871 Apiarium,
544 834 642 870 inquit,
662 835 857 863 tentationum.
873 836 939 871 Apis
960 836 1050 863 lauda-

260 882 315 909 bile
327 882 429 909 animal
450 882 477 908 iu
496 881 645 916 Scripturis
662 881 779 915 positum
792 887 843 915 est,
864 890 897 909 ex
917 882 992 917 cujus
1012 883 1050 910 la-

261 927 372 955 boribus
394 935 472 962 reges
487 932 513 953 et
528 927 677 953 mediocres
697 927 729 952 ad
752 927 895 954 sanitatem
913 933 1026 955 tttuntur
1041 937 1048 960 ;

261 972 332 1006 quod
349 977 421 1000 recte
436 973 469 999 de
485 971 573 999 verbis
593 972 787 1006 prophetarum
801 977 829 1000 et
843 973 1028 1007 apostolorum
1041 994 1048 1007 ,

261 1022 344 1052 atque
359 1017 480 1044 omnium
497 1018 541 1051 qui
560 1026 635 1046 sacra
652 1018 787 1045 volumina
803 1019 1048 1054 conscripserunt,

260 1063 410 1097 accipitur;
433 1069 459 1090 ct
475 1063 547 1091 istud
563 1071 623 1091 esse
649 1065 781 1097 apiarium
795 1085 802 1098 ,
821 1065 847 1091 id
864 1070 924 1096 est.
940 1073 1049 1093 omnem

259 1119 404 1138 numerum
428 1111 630 1146 Scripturarum
654 1112 805 1139 divinarum
821 1113 982 1147 dignissime
1009 1115 1050 1141 in-

261 1156 345 1192 telligi
367 1161 442 1191 puto.
468 1157 514 1184 Est
535 1165 601 1192 ergo
623 1157 656 1184 iis
671 1158 718 1191 qui
734 1158 767 1184 ad
785 1158 978 1192 perfectionem
993 1165 1051 1186 lctt-

259 1203 338 1234 dunt,
355 1203 437 1229 etiam
455 1203 482 1230 in
498 1204 549 1230 ltoc
562 1203 682 1238 apiario,
699 1204 725 1230 id
739 1209 781 1230 est
794 1205 819 1230 in
833 1204 921 1231 verbis
934 1206 1050 1239 prophe-

260 1247 323 1274 ticis
341 1253 368 1274 et
386 1249 544 1283 apostolicis
556 1268 564 1280 ,
582 1249 713 1276 nonnulla
741 1251 865 1277 tentatio.
892 1251 936 1278 Vis
958 1252 1050 1279 videre

259 1293 323 1326 quia
339 1293 374 1319 sit
389 1293 415 1320 in
434 1294 476 1320 his
491 1294 606 1321 tentatio
620 1302 672 1321 non
687 1294 818 1322 minima?
831 1295 859 1322 In
878 1296 930 1323 hoc
946 1297 1050 1330 apiario

259 1337 391 1371 Scriptum
410 1338 537 1366 invenio:
559 1348 569 1364 ι
585 1339 651 1367 Vide
663 1359 670 1372 ,
689 1340 778 1375 inquit
802 1340 842 1373 “,
857 1349 891 1368 ne
915 1343 1050 1376 aspiciens

260 1382 345 1409 SOiclll
359 1388 386 1410 et
400 1384 503 1415 lunam,
521 1385 621 1413 adores
635 1392 666 1412 ea
686 1393 746 1420 quae
762 1388 940 1420 sequestravit
958 1387 1049 1415 Domi—

261 1436 314 1455 nus
338 1428 409 1456 Deus
433 1434 495 1457 tuus
511 1432 647 1465 gentibus.
663 1442 673 1458 ι
704 1433 784 1461 Vides
804 1441 864 1468 qua:
890 1435 1002 1461 lentatio
1017 1436 1051 1462 de

262 1473 368 1508 apiario
380 1475 432 1502 isto
446 1476 590 1510 procedit?
603 1477 635 1503 Et
645 1478 741 1505 iterum
754 1486 814 1505 cum
827 1479 890 1507 dicit
901 1480 940 1507 ":
960 1489 969 1505 ι
982 1481 1051 1508 Deos
1064 1483 1086 1512 C

260 1526 313 1546 non
323 1519 477 1548 maledices.
492 1531 501 1547 ι
517 1521 549 1548 Et
559 1522 657 1549 iterum
672 1523 697 1549 iu
712 1523 775 1550 Novi
788 1524 958 1553 Testamenti
973 1527 1048 1561 apia-

262 1563 302 1590 rio
315 1564 359 1592 ubi
373 1564 487 1600 legimus
503 1566 542 1593 ":
559 1576 568 1593 ι
585 1567 655 1600 Quid
670 1576 712 1595 me
725 1570 806 1597 vultis
817 1571 943 1599 occidere
960 1572 1048 1599 horni-

261 1617 323 1637 nem
340 1611 386 1645 qui
402 1611 543 1639 veritatem
561 1613 667 1641 locutus
682 1623 741 1642 sum
757 1616 851 1643 vobis?
866 1626 876 1643 ι
897 1617 928 1643 Et
949 1618 1047 1645 iterum

263 1656 289 1682 in
306 1655 367 1683 aliis
387 1656 444 1690 ipse
461 1657 591 1686 Dominus
607 1659 673 1687 dicit
691 1661 727 1687 ’τε
747 1670 755 1686 ι
767 1661 913 1693 Propterea
929 1663 954 1690 in
970 1671 1050 1697 para-

262 1701 333 1728 bolis
347 1702 442 1736 loquor
454 1703 504 1735 eis,
522 1708 551 1730 ut
565 1704 685 1732 videntes
697 1714 750 1733 non
764 1707 881 1740 videant,
896 1713 922 1735 et
938 1710 1050 1736 audien-

263 1750 304 1773 tes
330 1753 383 1773 non
410 1747 572 1783 intelligant,
589 1757 622 1776 ne
647 1749 716 1777 forte
741 1757 945 1785 convertantur,
962 1759 990 1780 et
1004 1761 1049 1781 sa-

258 1799 323 1818 nem
337 1799 393 1819 eos.
408 1802 417 1819 ι
438 1792 490 1820 Sed
506 1799 533 1821 et
547 1802 608 1822 cum
624 1796 768 1830 Apostolus
784 1798 848 1825 dicit
861 1798 896 1824 ³⁸ε
923 1808 932 1824 ι
946 1799 974 1825 In
990 1799 1050 1834 qui—

259 1836 312 1863 bus
324 1837 391 1864 Deus
398 1837 478 1871 hujus
487 1839 577 1866 saeculi
588 1841 735 1868 excaecavit
744 1847 848 1869 mentes
858 1843 1008 1871 inﬁdelium
1019 1854 1026 1877 ς
1038 1855 1047 1871 ι

258 1887 291 1908 et
305 1883 389 1909 multa
403 1883 555 1916 hujusmodi
568 1885 593 1912 in
607 1887 658 1913 hoc
666 1887 756 1914 divino
767 1888 871 1922 apiario
884 1894 1049 1917 tentamenta

263 1928 393 1962 reperies,
410 1929 443 1956 ad
457 1937 518 1964 qua:
537 1938 650 1959 necesse
668 1937 710 1960 est
723 1933 816 1960 venire
829 1942 1051 1971 unumquemque

259 1979 432 2008 sanctorum,
453 1976 577 2003 utetiam
593 1985 641 2011 per
658 1978 726 2010 hac.
740 1986 820 2013 quam
839 1980 958 2014 perfecte
969 1986 994 2009 ct
1008 1983 1051 2016 pie

264 2020 298 2045 de
312 2019 365 2047 Deo
378 2021 491 2052 sentiat,
507 2028 683 2056 agnoscatur.
702 2024 766 2052 Post
792 2026 850 2052 haec
871 2025 927 2060 jam
941 2029 1051 2056 venitur

262 2063 377 2091 Gelmon
395 2065 578 2098 Deblathaim,
592 2068 664 2102 quod
678 2069 875 2104 interpretatur
889 2079 1050 2108 contentptne

261 2109 361 2140 ﬁmum
373 2109 440 2145 (14),
460 2111 488 2138 id
504 2117 547 2139 est
561 2113 606 2140 ubi
631 2120 841 2143 contemnuntur
856 2121 883 2145 et
901 2118 1050 2153 despiciun-

262 2159 310 2180 tur
331 2156 442 2188 penitus
468 2161 585 2187 terrena.
604 2159 660 2187 Nisi
684 2161 756 2188 enim
782 2168 874 2197 spreta
898 2163 1000 2192 fuerint
1021 2171 1051 2193 et

260 2205 419 2235 contempta
438 2210 469 2229 ea
491 2211 551 2238 qua:
569 2205 706 2233 delectare
722 2207 849 2235 videntur
864 2210 890 2236 in
907 2211 999 2242 terris.
1017 2214 1051 2240 ad

262 2244 385 2291 celestia
397 2247 515 2275 transire
529 2257 580 2276 non
590 2257 743 2284 possumus.
758 2251 888 2287 Sequitur
899 2255 973 2283 enirn
987 2262 1049 2291 post

265 2290 322 2317 hate
338 2292 443 2319 mansio
457 2294 567 2320 Abarim
583 2301 677 2322 contra
693 2297 802 2329 Nabau,
815 2300 886 2332 quod
898 2305 940 2327 est
952 2290 1053 2329 transi-

264 2341 318 2363 tut.
346 2337 438 2365 Nabau
458 2347 522 2367 vero
541 2341 670 2369 obscenis
693 2343 890 2378 interpretatur
912 2347 980 2382 (15),
999 2348 1050 2376 Ubi

1065 813 1085 840 Β

301 2408 323 2453 ξς
340 2408 405 2453 Eoo.
425 2410 567 2453 svrueﬁ.“
582 2411 605 2453 ξξ
619 2399 694 2439 Deut.
709 2421 750 2453 1v.
775 2414 818 2441 19.
857 2415 879 2430 ³⁵
892 2415 977 2446 Exod.
1005 2426 1072 2453 uti,
1097 2419 1143 2447 28.

264 2443 288 2460 ⁸⁸
301 2442 324 2469 H
339 2444 401 2471 Cor.
426 2452 463 2476 tv,
480 2445 509 2473 Ᾱ.
546 2446 567 2462 ³⁸
587 2445 654 2474 Gen.
669 2455 695 2481 v,
708 2447 752 2475 2L

301 2503 357 2539 (12)
379 2503 472 2535 Obolh,
488 2504 564 2536 cujus
585 2505 696 2531 nominis
716 2507 834 2538 quamvis
850 2516 900 2534 non
919 2509 1049 2536 interieri-

264 2547 323 2565 mus
337 2539 646 2579 iiiteirpretnlionem‘mtc.
658 2545 718 2569 n3}:
735 2541 808 2568 reddi
823 2549 911 2577 potest
929 2553 937 2569 ι
948 2545 1051 2579 Pytho-

264 2581 316 2600 nes
327 2583 337 2599 ›
356 2573 396 2600 Vri
415 2583 424 2599 ι
439 2580 523 2600 utres.
536 2583 546 2599 ι
563 2575 647 2601 Radbt
668 2580 709 2602 est
725 2580 785 2605 τινε.

304 2617 359 2653 (15)
376 2617 438 2649 Cui,
452 2619 521 2653 quod
535 2619 719 2652 interprelatur
732 2621 820 2648 clauos.
836 2622 864 2648 Ιιι
877 2623 955 2649 libris
970 2629 1050 2651 antea

265 2654 348 2690 editis
368 2661 416 2690 pro
443 2664 454 2679 ι
468 2654 516 2680 Gai
532 2653 660 2690 Llegitnr
682 2664 693 2680 ‹
706 2655 765 2687 Cai,
783 2667 792 2682 ι
812 2658 857 2683 sed
879 2658 950 2690 apud
979 2658 1050 2685 LXX

266 2689 362 2718 Tai.ct
378 2689 403 2714 in
421 2689 515 2715 (-(xlioe
531 2689 679 2717 Turonensi
699 2700 708 2716 ι
719 2691 782 2724 Gai,
799 2701 807 2717 ι
826 2692 852 2717 in
871 2689 983 2719 Helirmo
1003 2702 1052 2720 att-

267 2730 323 2749 lum
343 2725 395 2753 ny.
410 2723 496 2760 Radix
511 2729 626 2760 estinty,
635 2727 706 2760 quod
724 2732 767 2753 est
783 2727 864 2753 Mich.
879 2735 897 2757 ι,
911 2727 937 2759 6,
954 2736 964 2753 ε
979 2736 1053 2755 accr-

269 2764 331 2795 vne.
344 2759 477 2791 cumulus,
493 2768 504 2785 π»
523 2759 564 2786 vel
578 2769 589 2786 ιι
601 2759 742 2788 desolatio.
757 2770 765 2787 ι
785 2761 860 2789 Unde
874 2767 901 2789 ct
916 2771 926 2788 ι
942 2764 1025 2792 chaos
1041 2773 1049 2789 ι

267 2792 323 2819 dici
341 2796 440 2820 nouat.

290 2800 323 2819 NII
341 2797 440 2822 ουιωι.

979 86 1140 116 οιιιῦΕΝιε

1843 81 1893 108 800

1098 145 1170 172 enim
1187 151 1236 179 per
1253 144 1302 171 has
1316 150 1412 171 omnes
1430 143 1545 170 virtutes
1567 142 1620 170 iter
1640 141 1730 176 egerit
1744 141 1855 172 anima,
1871 146 1895 167 et

1096 191 1130 218 ad
1148 197 1283 218 summum
1297 190 1474 225 perfectionis
1487 189 1649 220 ascenderit,
1669 187 1770 214 transit
1783 187 1847 222 jam
1865 186 1895 213 de

1097 236 1206 267 Steculo,
1222 241 1249 263 et
1262 235 1401 263 abscedit:
1423 235 1492 262 sicut
1505 234 1635 268 scriptum
1649 237 1691 260 est
1706 232 1741 258 de
1757 231 1840 258 Enoc
1857 230 1895 256 "2

1099 287 1109 305 ι
1124 278 1157 306 Ει
1169 287 1221 306 non
1234 279 1434 311 inveniebatur,
1448 278 1510 312 quia
1523 277 1699 304 transtulerat
1707 284 1772 303 eum
1784 275 1871 302 Deus.
1888 284 1896 299 ι

1096 326 1172 360 Quod
1190 326 1240 353 etsi
1259 326 1385 353 videatur
1398 333 1458 352 esse
1471 324 1560 352 adhuc
1573 325 1598 351 in
1615 323 1715 351 suacqu
1729 322 1780 358 qui
1797 322 1899 356 hujus-

1098 373 1170 401 modi
1188 377 1245 405 est,
1259 377 1285 400 et
1298 374 1324 399 in
1338 378 1420 399 carne
1434 371 1577 402 habitare,
1589 374 1678 396 tamen
1693 376 1750 396 non
1768 367 1897 394 invenie-

1097 424 1150 446 tur.
1169 418 1198 445 ln
1214 426 1267 452 quo
1283 425 1337 445 non
1353 417 1524 444 invenietur?
1542 416 1569 443 In
1586 415 1659 443 nullo
1673 419 1736 442 actu
1750 414 1898 444 saeculari,

1099 466 1125 492 in
1146 464 1220 493 nulla
1238 473 1267 492 re
1280 464 1394 497 carnali,
1413 464 1440 491 in
1456 463 1529 490 nullo
1545 462 1679 497 colloquio
1695 461 1836 488 vanitatis
1855 461 1898 487 in-

1098 513 1216 540 venitur.
1234 511 1385 538 Transtulit
1399 511 1472 538 enim
1491 517 1552 538 eum
1575 509 1646 536 Deus
1660 507 1694 535 ab
1713 508 1747 535 iis
1759 528 1768 540 ,
1787 511 1817 534 et
1835 514 1899 534 esse

1100 558 1163 585 fecit
1188 555 1214 584 in
1238 557 1347 590 regione
1370 556 1510 582 virtutum.
1530 553 1632 582 Ultima
1659 553 1768 580 mansio
1793 557 1839 579 est
1867 553 1900 579 ab

1099 603 1241 631 occidente
1258 600 1336 629 Moab
1346 600 1422 636 juxta
1435 599 1591 627 Jordanem.
1609 598 1704 627 Omnis
1716 605 1840 632 namque
1855 597 1903 623 hic

1099 657 1194 676 cursus
1209 651 1351 683 propterea
1370 646 1459 680 agitur
1470 666 1477 677 ,
1492 649 1519 672 et
1542 647 1684 679 propterea
1700 643 1828 670 curritur
1843 661 1852 673 ,
1873 647 1903 667 ut

1099 694 1272 730 perveniatur
1291 693 1322 720 ad
1344 692 1442 719 ﬁumen
1466 692 1512 718 Dei
1529 711 1537 724 ,
1554 695 1583 718 ut
1602 688 1720 725 proximi
1741 687 1903 715 etﬁciamnr

1099 740 1206 767 fluentis
1218 739 1366 774 sapieniim,
1380 742 1406 764 et
1421 737 1539 771 rigemur
1549 734 1627 762 undis
1642 734 1765 761 scientiae
1777 733 1884 759 divina:
1894 740 1903 758 :

1101 791 1129 813 nt
1153 787 1192 814 sic
1209 793 1256 820 per
1272 782 1361 811 omnia
1380 782 1516 818 puriﬁcati
1527 801 1535 814 ,
1552 784 1650 808 terram
1667 777 1903 813 repromissionis

1102 838 1256 858 mereamur
1271 829 1383 856 intrare.
1399 826 1462 854 Huic
1475 826 1583 854 interim
1598 825 1631 852 de
1643 823 1805 851 lsraeliticis
1819 831 1903 849 man-

1101 877 1223 904 sionibus
1248 875 1398 902 secundum
1433 880 1514 899 unum
1546 870 1698 905 exponendi
1726 869 1844 896 modum
1875 869 1902 894 in

1102 927 1259 949 transcursu
1276 920 1460 956 perstringere
1470 938 1478 952 ,
1493 922 1573 953 atque
1588 917 1614 944 in
1630 915 1750 943 medium
1770 914 1903 949 proferre

1101 967 1247 1003 potuimus.

1136 1023 1179 1050 15.
1199 1023 1298 1049 Verum
1319 1029 1353 1049 ne
1373 1021 1524 1056 huiusmodi
1541 1020 1683 1055 expositio,
1700 1028 1765 1055 qua:
1779 1028 1831 1056 per
1850 1021 1902 1047 lle-

1101 1069 1234 1096 brzcorum
1249 1068 1367 1103 linguam
1380 1073 1409 1095 et
1426 1067 1564 1094 nominum
1575 1066 1777 1100 signiﬁcantius
1798 1067 1903 1098 currit,

1101 1115 1289 1150 ignorantibus
1322 1114 1420 1149 lingua:
1449 1114 1520 1141 illius
1545 1113 1739 1148 proprietatem
1768 1112 1902 1140 ,πωπω

1101 1161 1225 1187 videatur
1249 1163 1276 1186 et
1297 1159 1431 1186 violenter
1452 1163 1580 1191 extorta,
1602 1157 1730 1185 dabimus
1756 1158 1849 1185 etiam
1875 1159 1903 1184 in

1102 1211 1194 1234 nostra
1211 1206 1301 1240 lingua
1316 1205 1532 1236 similitudinem,
1553 1212 1606 1238 qua
1622 1204 1835 1239 consequentiae
1854 1205 1903 1231 hu-

1098 1253 1143 1288 jus
1154 1252 1221 1279 ratio
1233 1256 1364 1286 patescat.
1381 1250 1409 1278 lu
1422 1250 1554 1278 litterario
1569 1250 1641 1282 ludo,
1655 1250 1702 1276 ubi
1716 1249 1798 1284 pueri
1811 1250 1900 1284 prima

1101 1299 1235 1326 elementa
1248 1296 1401 1332 suScipiunt
1414 1317 1422 1330 ,
1446 1295 1599 1323 abecedarii
1615 1295 1744 1322 dicuntur
1758 1295 1878 1330 quidam
1891 1314 1898 1326 .

1102 1344 1148 1371 alii
1164 1343 1316 1379 syllabarii,
1333 1342 1378 1369 alii
1401 1342 1559 1375 noniinarii,
1574 1341 1620 1369 alii
1639 1341 1695 1375 jam
1711 1341 1899 1369 ealculatores

1102 1389 1294 1423 appellantur:
1311 1392 1340 1414 et
1357 1394 1419 1414 cum
1440 1386 1608 1414 audierimus
1626 1386 1684 1413 haec
1707 1386 1826 1413 nomina
1842 1407 1851 1419 ,
1869 1394 1898 1413 ex

1103 1435 1169 1469 ipsis
1179 1434 1224 1468 qui
1242 1434 1297 1461 sint
1314 1434 1340 1460 in
1353 1433 1445 1467 pueris
1458 1432 1597 1467 profectus
1611 1432 1799 1467 agnoscimus.
1815 1432 1900 1459 Simi-

1103 1480 1164 1507 liter
1181 1485 1209 1507 et
1227 1480 1253 1506 in
1271 1479 1430 1506 liberalibus
1444 1479 1558 1511 studiis,
1571 1486 1634 1506 cum
1648 1483 1697 1505 aut
1713 1478 1809 1506 locum
1827 1481 1898 1506 reci-

1104 1533 1171 1558 tare,
1185 1532 1232 1553 aut
1246 1526 1451 1557 allocutionem,
1465 1524 1505 1551 vel
1521 1524 1639 1557 laudem,
1654 1524 1780 1558 aliasque
1791 1532 1844 1558 per
1857 1533 1900 1552 or-

1102 1573 1193 1600 dinem
1221 1573 1350 1599 materias
1373 1570 1555 1603 audierimus,
1579 1578 1611 1598 ex
1637 1571 1760 1598 materiae
1786 1573 1899 1599 nomine

1102 1617 1255 1654 profectam
1271 1617 1452 1644 adolescentis
1475 1616 1652 1644 advertimus.
1670 1617 1816 1649 Quomodo
1835 1625 1901 1651 ergo

1102 1669 1129 1691 et
1143 1670 1193 1698 per
1213 1662 1270 1690 haec
1287 1669 1350 1696 qua:
1363 1661 1486 1688 locorum
1511 1662 1588 1695 quasi
1607 1661 1788 1688 materiarum
1810 1662 1901 1688 nomi-

1104 1716 1138 1736 na
1153 1711 1353 1739 memorantur,
1372 1714 1425 1733 non
1442 1707 1586 1733 credamus
1606 1706 1632 1732 in
1646 1705 1748 1733 divinis
1759 1707 1898 1733 eruditio-

1104 1754 1182 1781 nibus
1194 1753 1330 1788 prol’ectus
1346 1752 1458 1779 indicari
1473 1759 1551 1786 posse
1566 1752 1749 1779 discentium?
1764 1751 1856 1788 384
1869 1753 1899 1779 Et

1104 1800 1175 1827 sicut
1198 1798 1254 1825 illic
1271 1797 1384 1831 singulis
1399 1797 1551 1831 quibusque
1572 1797 1679 1824 dicendi
1706 1798 1831 1824 materiis
1852 1799 1898 1824 im-

1105 1849 1255 1876 morantes,
1273 1844 1352 1877 quasi
1369 1842 1524 1870 mansiones
1546 1844 1573 1870 in
1586 1844 1626 1870 eis
1649 1844 1783 1878 quasdam
1804 1844 1903 1871 facere

1103 1891 1241 1922 videntur,
1260 1894 1288 1917 et
1303 1890 1336 1917 de
1353 1898 1406 1917 una
1423 1891 1457 1918 ad
1473 1891 1553 1918 aliam
1566 1911 1573 1923 ,
1591 1898 1623 1917 ac
1646 1891 1680 1918 de
1698 1890 1752 1917 alia
1779 1891 1847 1917 item
1867 1892 1898 1918 ad

1105 1937 1186 1964 aliam
1210 1935 1366 1970 proﬁcisci:
1385 1936 1422 1963 ita
1437 1936 1518 1963 etiam
1535 1936 1579 1963 hic
1600 1936 1774 1963 mansionum
1795 1943 1898 1963 nomen

1104 1987 1131 2009 et
1155 1982 1287 2017 profectio
1302 1981 1335 2009 ab
1353 1989 1406 2008 una
1423 1981 1457 2008 ad
1470 1981 1549 2008 aliam
1561 2002 1569 2013 ,
1585 1986 1612 2008 et
1622 1980 1659 2008 ab
1677 1980 1729 2007 alia
1747 1981 1850 2008 iterum
1866 1981 1898 2007 ad

1105 2027 1198 2059 aliam,
1211 2033 1262 2053 cur
1273 2033 1326 2054 non
1339 2025 1489 2060 proiectum
1506 2026 1604 2053 mentis
1618 2025 1741 2053 indicare
1754 2026 1897 2056 credatur.

1104 2077 1129 2100 et
1143 2073 1311 2099 incrementa
1324 2072 1479 2106 signiﬁcare
1490 2071 1641 2098 virtutum?
1651 2071 1726 2099 llhm
1738 2079 1802 2099 vero
1812 2073 1898 2099 aliam

1104 2119 1284 2154 expositionis
1298 2123 1403 2154 partem
1425 2117 1603 2153 prudentibus
1622 2118 1778 2153 quibusque
1792 2126 1826 2146 ex
1843 2120 1896 2146 ista

1105 2164 1301 2199 conjiciendum
1319 2168 1345 2191 et
1361 2163 1596 2198 contemplandam
1621 2160 1755 2197 relinquo.
1777 2163 1896 2197 Sapien-

1107 2211 1178 2237 tibus
1203 2210 1274 2237 enim
1297 2208 1394 2236 suiIieit
1416 2209 1588 2236 occasionem
1616 2208 1745 2236 dedisse:
1763 2209 1826 2243 quia
1845 2216 1896 2235 nec

1103 2255 1213 2290 expedit
1230 2258 1259 2281 ut
1275 2254 1427 2281 auditorum
1442 2260 1539 2281 sensus
1555 2253 1663 2288 penitus
1675 2258 1816 2280 remaneat
1825 2253 1898 2280 otio-

1105 2308 1151 2328 sus
1166 2306 1193 2327 ct
1210 2300 1296 2335 piger.
1318 2299 1357 2326 Ex
1375 2299 1471 2326 horum
1493 2305 1558 2332 ergo
1578 2298 1725 2326 collatione
1741 2298 1825 2326 etiam
1852 2298 1897 2325 illa

1105 2348 1251 2375 meditetur
1264 2367 1272 2379 ,
1289 2347 1342 2374 iuto
1359 2351 1386 2373 et
1402 2347 1502 2381 aliquid
1521 2347 1704 2380 perspicacius
1728 2354 1760 2373 ac
1779 2345 1899 2372 divinius

1196 2417 1385 2448 ³⁶Ιυιιιι.γιιι.
1413 2417 1458 2444 40.
1497 2416 1518 2432 ³⁷
1538 2415 1631 2443 Matth.
1658 2423 1718 2448 xm,
1747 2415 1780 2442 l5
1806 2420 1834 2442 et
1854 2415 1894 2443 l5.

1142 2507 1199 2545 (14)
1217 2506 1326 2545 (.‘e_lmou
1351 2504 1524 2545 l)_e_blu_thaim_,
1535 2502 1605 2545 ﬂuuii
1623 2503 1822 2545 ξιιιςτρῖειιιιιις.
1834 2511 1894 2545 ι·σέ-

1105 2537 1217 2578 teniptits
1244 2542 1352 2575 [ἱειιιιιιι.
1372 2539 1467 2566 Melius
1477 2538 1635 2566 redderetur
1649 2544 1679 2578 ε]
1693 2537 1842 2564 οεουιιειῖο
1866 2538 1893 2563 ﬁ.

1104 2573 1184 2618 cuu'm
1200 2598 1209 2614 ι
1236 2573 1269 2613 ab
1291 2578 1348 2617 D53]
1375 2594 1383 2611 ι
1407 2584 1550 2616 latitaVIt,r
1577 2587 1605 2609 ct
1628 2590 1643 2608 a
1660 2573 1717 2614 ’πιτ
1741 2584 1891 2618 rpalatha,

1106 2631 1193 2652 massa
1211 2622 1319 2649 ﬁcnnm.
1334 2630 1343 2646 ι

1142 2658 1197 2692 (i5)
1222 2656 1328 2692 Abarim
1350 2659 1441 2692 contra
1463 2653 1578 2683 Nulmn.
1596 2652 1891 2692 qrroti_est_lrausitus:

1107 2687 1204 2720 Nubait
1220 2699 1278 2718 vero
1288 2690 1417 2716 nbscessio
1432 2689 1628 2720 interpretatur.
1651 2687 1764 2713 Abarim
1781 2697 1790 2712 ι
1804 2693 1891 2714 trans—

1107 2729 1159 2755 itus
1171 2737 1181 2753 θ
1202 2727 1395 2759 interpretatur
1414 2724 1513 2755 aii-12y
1538 2733 1546 2748 ι
1558 2722 1675 2754 transiit,
1688 2732 1698 2748 ι
1716 2721 1892 2759 Νῃὺηιιντετο

1111 2772 1119 2788 ι
1135 2758 1281 2792 abscrssio,
1297 2769 1307 2786 ι
1329 2759 1350 2786 si
1363 2763 1406 2787 τι]
1420 2760 1567 2786 deducatur
1581 2766 1596 2784 ιι
1608 2762 1679 2787 ΚΠ(
1695 2758 1800 2790 venit”
1817 2758 1888 2789 item,

1110 2807 1120 2823 ι
1136 2797 1227 2829 abivit,
1247 2795 1367 2823 recessit.
1383 2803 1392 2820 ›
