1902 3052
4 163 35 191 3|
553 163 585 189 ΙΝ
603 161 769 190 NUMEROS
787 161 929 189 HOMILIA
949 162 1067 190 XXVIII.

1576 164 1631 190 ειν),

4 222 225 256 atttempletur:
248 231 257 247 ε
274 221 331 248 Non
348 222 419 248 eiiim
436 224 468 248 ad
487 229 642 249 mensuram
659 223 704 250 dat
723 223 793 249 Deus
809 223 832 252 Α
847 222 946 249 buntur
963 223 989 249 in
1005 222 1063 256 lege
1076 241 1083 254 ,
1102 221 1212 248 umbras
1227 229 1288 249 csse
1307 223 1460 249 futurorum
1475 222 1629 251 bonorum,

3 268 130 303 plritum
144 269 184 301 ως
199 277 208 293 ι
223 269 270 294 sed
284 268 347 302 quia
361 267 490 295 Dominus
503 273 544 296 est
554 269 674 302 spiritus,
691 269 791 296 idcirco

14 312 70 339 ubi
94 312 171 344 vult,
185 313 271 346 spirat
291 313 325 344 “,
341 321 350 338 ι
374 316 398 339 et
416 317 543 346 optamus
558 317 588 339 ut
612 314 693 340 etiam
714 314 791 341 vobis

3 359 115 392 spiret,
129 365 183 392 quo
197 358 310 385 meliora
325 358 434 390 hormn,
447 363 529 392 atque
544 358 640 385 altiora
658 359 683 385 in
701 358 791 385 verbis

3 403 109 430 iomini
122 403 255 432 sentiatis.
269 404 321 430 iter
334 408 444 438 agentes
462 411 509 437 per
523 403 579 430 hac
596 411 656 437 qua:
677 411 726 438 pro
742 411 791 429 uo-

4 454 53 476 tra
75 448 268 475 mediocritate
281 447 476 482 descripsimus
489 457 496 481 ;
510 453 539 475 ut
552 453 580 475 et
592 449 618 475 in
632 448 675 475 illa
689 448 730 475 via
743 456 789 475 su-

3 494 111 521 eriore
128 497 156 520 et
169 492 333 525 excelsiore,
344 493 426 519 etiam
441 501 492 520 nos
503 493 641 521 vobiscum
657 493 791 528 possimus

3 539 131 566 ncedere
144 547 153 571 ;
168 538 318 566 deducente
335 546 385 565 nos
409 539 468 573 ipso
487 539 602 566 Domino
615 544 709 566 nostro
723 538 787 566 Jesu

3 585 126 616 Zirr'rsto,
143 584 189 618 qui
206 589 247 611 est
266 585 308 610 via
320 604 327 616 ,
342 589 370 611 et
384 585 484 611 veritas
494 605 502 617 ,
519 589 547 611 et
563 585 617 612 vita
628 604 636 616 ,
651 592 791 620 usquequo

3 629 198 657 isi-veniamus
208 629 241 656 ad
252 629 370 662 Patrem,
384 637 445 656 cum
458 629 599 657 tradiderit
613 636 723 665 regnum
736 631 790 657 Deo

2 681 20 702 rt
50 675 154 708 Patri,
173 679 200 702 et
226 674 372 708 subiecerit
389 674 414 702 ei
439 682 547 702 omnem
563 675 744 710 principatum
764 679 791 702 ct

2 725 180 748 totestatem.
195 719 247 754 Ipsi
264 719 347 754 gloria
361 723 388 746 et
400 720 542 754 imperium
556 721 581 748 in
596 720 692 747 smcula
706 727 791 748 smon-

2 773 101 793 orum.
122 765 220 792 Amen.

262 809 402 838 HOMIUA
428 809 449 836 Χ
456 809 545 838 ΧἮΙΙ.

2 855 66 889 Ista!
95 857 129 883 sit
154 861 232 883 terra
260 861 359 883 sancire
384 857 548 892 descriptio,
568 857 791 892 terminarumqne

110 891 169 926 ejus
179 896 204 918 et
217 891 310 925 ﬁniunt
322 899 386 925 quos
399 891 525 920 Dominus
535 892 684 926 descripsit.

28 944 61 971 4.
88 943 191 971 [litium
208 943 234 970 in
250 943 319 970 libro
335 943 512 971 Numerorum
531 942 644 970 historia
661 942 790 974 rel‘crtur,

3 997 22 1015 n
38 996 97 1022 qua
115 989 247 1016 Dominus
257 988 333 1023 iubet
348 988 432 1024 Moysi
448 993 580 1024 praecepta
597 989 661 1016 dare
679 988 740 1016 liliis
753 989 791 1015 ls—

2 1034 55 1062 raei
70 1055 78 1068 ,
97 1039 129 1061 ut
152 1042 214 1062 cum
236 1035 350 1070 ingressi
369 1035 468 1062 fuerint
486 1040 585 1064 terram
604 1039 725 1062 sanctam
747 1042 792 1061 ca-

1 1088 68 1115 pere
86 1081 277 1108 lmreditatem
303 1080 372 1114 ejus,
386 1081 474 1108 sciant
486 1088 555 1115 quos
568 1081 595 1107 in
610 1087 642 1107 ea
663 1081 792 1108 terminos

1 1126 100 1153 [inium
114 1133 226 1153 suorum
241 1126 358 1153 debeant
367 1126 524 1153 observare.
536 1126 567 1152 Et
580 1130 636 1159 post
646 1126 790 1155 hccetiam

1 1171 60 1205 ipso
75 1171 198 1198 Domino
216 1171 273 1205 (16)
291 1171 462 1198 deseribente
480 1171 598 1198 dicitur:
620 1172 652 1197 ad
671 1172 791 1199 Alricum

1 1217 130 1252 quidem,
144 1217 195 1244 hoc
207 1221 261 1248 est,
275 1217 307 1244 ad
319 1216 487 1244 occidentem
506 1217 578 1244 illius
592 1217 644 1244 loci
660 1218 792 1245 terminus

1 1262 183 1294 observetur,
193 1265 221 1288 et
234 1261 307 1288 illius
319 1261 352 1287 ad
364 1260 510 1292 orientem,
526 1263 554 1287 et
567 1261 606 1288 sic
618 1268 666 1295 per
678 1266 793 1296 quatuor

1 1306 66 1333 cadi
80 1306 179 1341 plagas
194 1306 302 1332 nomina
320 1305 442 1340 quadam
459 1305 588 1334 Dominus
604 1306 660 1340 ipse
670 1306 792 1341 designat

2 1357 65 1384 quae
81 1351 114 1377 in
127 1350 220 1377 Iudaea
236 1350 286 1376 ista
304 1354 412 1385 terrena
435 1350 550 1384 populus
568 1350 615 1378 Dei
636 1351 731 1378 debeat
742 1359 793 1378 eu-

1 1396 123 1423 stodire.
140 1394 211 1421 Dicit
223 1401 291 1428 ergo
307 1395 333 1421 in
347 1395 380 1422 iis
394 1394 546 1429 simplicior
561 1396 675 1430 quisque
689 1396 793 1424 audita-

3 1448 65 1467 rum
77 1461 86 1474 ,
102 1441 166 1475 quia
189 1446 301 1474 possunt
324 1440 381 1467 hac
405 1439 559 1467 necessaria
573 1441 659 1468 videri
674 1445 702 1468 et
718 1441 792 1469 utilia

1 1486 88 1512 etiam
102 1485 251 1512 secundant
273 1485 401 1518 litteram,
415 1492 464 1520 pro
476 1492 508 1512 eo
521 1489 551 1512 ut
564 1493 641 1513 nemo
655 1490 794 1520 transgre-

3 1531 98 1558 diatur
110 1530 243 1558 terminos
257 1538 304 1564 per
320 1535 483 1565 prteceptum
497 1530 604 1558 Domini
618 1531 793 1565 constitutos,

3 1582 29 1603 et
48 1577 121 1604 lines
135 1576 248 1604 alterius
264 1577 352 1604 tribus
370 1576 424 1603 alia
441 1577 542 1604 violare
560 1584 613 1604 non
632 1577 742 1604 audeat.
758 1576 793 1604 Et

3 1624 66 1657 quid
86 1623 232 1654 faciemus,
249 1630 309 1650 cum
326 1623 352 1649 in
370 1623 450 1649 terris
469 1622 529 1649 istis
538 1630 594 1649 non
609 1622 696 1649 solum
714 1622 792 1649 inva—

5 1668 85 1695 dendi
99 1667 215 1694 alterius
225 1667 295 1694 lines
305 1666 405 1694 Judasis
414 1687 422 1699 ,
436 1667 482 1694 sed
491 1667 720 1701 qualitercunque
730 1673 792 1701 pos-

7 1713 114 1740 sidendi
134 1712 248 1740 facultas
262 1712 334 1742 milia
349 1711 532 1739 remanserit?
550 1711 659 1747 Profugi
675 1718 792 1746 namque

7 1759 40 1785 ab
51 1766 85 1786 ea
95 1779 103 1790 ,
119 1762 151 1785 et
169 1762 292 1785 extorres
304 1756 447 1788 casulaut.
464 1761 492 1784 et
507 1756 576 1784 lines
593 1764 648 1784 non
663 1764 732 1791 quos
748 1757 792 1785 les

5 1803 95 1830 divina
120 1803 215 1831 statuit
229 1823 236 1834 ,
263 1809 334 1830 nunc
357 1802 526 1837 possidentes
548 1802 703 1830 custodiunt
717 1822 726 1835 ,
745 1801 792 1831 sed

7 1855 75 1881 quos
88 1848 225 1875 victorum
237 1847 298 1882 jura
310 1848 487 1876 mandarunt.
505 1846 586 1879 Quid,
603 1847 724 1880 inquam,
739 1853 792 1877 nos

8 1893 140 1922 faciemus
151 1893 196 1927 qui
213 1892 270 1919 haec
282 1891 308 1918 in
321 1891 443 1921 Ecclesia
456 1891 588 1926 legimus?
604 1891 633 1922 Si
645 1891 791 1919 secundum

7 1937 163 1966 Judzeorum
175 1945 284 1965 sensum
305 1937 437 1972 legamus,
453 1937 588 1972 superﬂua
605 1937 683 1964 nobis
700 1937 792 1972 profe-

8 1988 49 2011 cto
64 1983 234 2012 videbuntur
255 1987 283 2009 et
305 1981 406 2009 inania.
427 1982 480 2011 Sed
499 1985 527 2010 et
543 1989 595 2016 ego
617 1982 664 2016 qui
688 1981 747 2017 lego
760 1982 793 2010 de

9 2029 139 2064 sapientia
154 2029 285 2061 scriptum
299 2027 338 2056 διε
354 2036 366 2053 ι
376 2027 429 2054 Exi
446 2031 508 2061 post
518 2034 577 2054 eam
590 2027 660 2055 sicut
675 2028 793 2063 vestiga-

10 2078 59 2107 tor,
73 2084 85 2101 ι
110 2073 173 2101 volo
185 2073 260 2100 exire
280 2077 340 2108 post
360 2080 433 2104 eam,
455 2077 484 2100 et
498 2072 561 2106 quia
583 2072 611 2101 in
638 2073 717 2101 rebus
733 2080 792 2100 eam

10 2119 201 2155 corporalibus
217 2126 268 2146 non
284 2118 403 2151 invenio,
420 2117 526 2152 insequi
541 2117 600 2152 ejus
616 2118 728 2152 vestigia
745 2126 794 2147 cu—

10 2165 51 2197 pio
63 2185 72 2197 ,
88 2169 118 2192 et
139 2165 305 2198 investigare
322 2171 376 2198 quo
392 2169 435 2191 eat
448 2184 455 2196 ,
477 2170 509 2190 ac
523 2164 614 2190 videre
640 2163 792 2193 intellectus

845 268 989 301 otnnisque
1004 266 1147 293 haereditas
1162 271 1240 293 terra:
1251 267 1332 299 illius,
1347 274 1406 301 qua:
1419 266 1446 293 in
1463 265 1553 295 Judtca
1573 270 1630 293 ter—

845 319 872 339 ra
888 316 980 339 sancta
993 317 1020 339 et
1035 317 1106 338 terra
1120 311 1190 338 bona
1205 313 1366 346 appellatur,
1385 313 1474 347 imago
1491 311 1527 340 sit
1541 312 1629 341 bouu-

845 365 904 384 rmn
919 357 1085 384 cmlestium:
1102 364 1216 391 quorum
1235 359 1308 390 hare,
1331 363 1361 386 ut
1376 358 1504 389 diximus,
1521 364 1581 391 qua
1600 356 1628 385 in

844 403 925 429 terris
939 403 1009 430 bnna
1031 408 1227 435 memorantur,
1245 404 1368 432 umbram
1388 409 1469 438 atque
1482 403 1629 438 imaginem

844 451 964 474 teneant.

877 492 906 520 Ξ.
919 492 972 520 Sed
989 498 1017 520 ut
1035 494 1173 529 paululum
1189 500 1217 524 et
1233 502 1310 522 meus
1329 501 1429 525 sermo,
1446 499 1473 521 et
1485 497 1573 522 vestra
1588 491 1629 521 in-

844 539 990 573 telligentia
1014 541 1178 569 sublimetur
1189 562 1197 574 ,
1214 547 1296 575 atque
1318 542 1470 574 ingressum
1485 538 1629 572 quemdam

843 584 876 610 ad
897 591 928 610 ca
950 591 1011 618 qua:
1030 585 1147 613 dicimus
1168 585 1334 613 advertenda
1346 583 1502 618 concipiat,
1522 588 1634 612 utamur

844 629 934 663 aliqua
947 629 1137 658 similitudine.
1155 630 1239 658 Nemo
1254 630 1357 658 dubitat
1373 629 1444 663 quod
1458 628 1570 657 interra
1583 626 1630 657 Ju-

845 675 901 703 dsea
917 675 1006 704 omnis
1020 675 1110 708 lactis.
1130 677 1219 706 omnis
1235 684 1324 709 mons,
1336 674 1426 705 omnis
1439 674 1536 703 civitas
1548 676 1577 700 et
1591 672 1631 698 vi-

844 727 903 753 cus,
918 721 1001 749 certis
1013 721 1165 756 quibusque
1177 721 1315 750 vocabulis
1329 721 1506 755 designetur:
1525 724 1574 747 nec
1588 722 1630 744 est

845 765 919 793 ullus
934 766 1045 794 omnino
1061 767 1120 794 sine
1138 767 1248 795 nomine
1271 767 1364 799 locus,
1381 765 1429 795 sed
1443 763 1561 798 propriis
1574 762 1633 793 sin-

844 811 905 846 gula
937 819 1051 846 quaeque
1074 813 1301 848 appellationibus
1326 811 1526 846 designantur:
1554 809 1630 836 verbi

845 856 1050 891 gratia,quibus
1066 863 1112 885 attt
1124 858 1270 886 Cliauanmi
1288 858 1314 884 in
1331 857 1388 886 suis
1407 855 1482 887 locis,
1498 858 1544 884 aut
1559 853 1630 882 Phe-

844 902 919 931 γρηὶ
933 902 1110 930 nihilominus
1122 902 1149 930 in
1165 902 1233 934 suis,
1252 900 1470 934 Amorrhazique,
1489 904 1535 928 aut
1547 897 1630 930 Evzri,

842 947 883 974 vel
899 947 980 975 etiam
1009 947 1114 975 iiebrrei
1130 948 1315 975 nominarunt.
1341 945 1379 974 Ita
1400 952 1465 980 ergo
1482 942 1632 974 secundum

842 991 1005 1019 sententiam
1025 991 1110 1024 Pauli,
1143 1000 1196 1027 qua
1219 993 1341 1020 umbram
1361 996 1388 1018 et
1416 989 1556 1024 exemplar
1573 994 1630 1015 cce-

842 1036 949 1065 lestium
964 1037 1029 1064 dicit
1045 1044 1105 1064 esse
1120 1042 1239 1069 terrena,
1258 1037 1374 1064 fortasse
1389 1040 1415 1062 et
1430 1035 1456 1064 in
1471 1032 1633 1064 cdestibus

844 1083 1000 1117 regionibus
1014 1087 1092 1110 erunt
1119 1082 1239 1110 locorum
1256 1081 1416 1109 diﬂ'erentia:
1432 1088 1484 1107 non
1499 1079 1630 1108 minimzr.

843 1128 946 1156 Videtis
957 1128 1067 1162 quibus,
1081 1127 1123 1155 vel
1136 1135 1249 1162 quorum
1262 1125 1498 1162 appellationibus,
1513 1123 1633 1151 vocabu—

843 1173 931 1208 lisque
950 1173 1103 1206 distincta),
1124 1177 1151 1201 et
1175 1174 1285 1201 nomina
1308 1180 1367 1205 non,
1379 1171 1465 1200 solum
1490 1169 1631 1205 plagarum

843 1218 905 1246 cmli
925 1238 933 1251 ,
962 1218 1010 1248 sed
1037 1219 1118 1246 etiam
1147 1218 1269 1247 omnium
1293 1217 1434 1246 stellarum
1457 1215 1633 1249 siderumque

844 1264 962 1298 signata.
986 1273 996 1290 ι
1011 1263 1063 1297 Qui
1079 1264 1153 1291 enim
1170 1263 1232 1290 fecit
1255 1262 1455 1291 multitudinem
1469 1260 1608 1290 stellarum
1620 1279 1631 1292 ,

844 1313 873 1336 ut
888 1308 925 1336 ait
939 1309 1071 1343 Propheta
1088 1309 1123 1342 ⁸³,
1135 1308 1262 1338 omnibus
1276 1307 1316 1335 eis
1329 1307 1438 1337 nomina
1455 1310 1543 1337 vocat.
1561 1314 1570 1333 ο
1592 1305 1632 1336 De

843 1354 941 1389 quibus
958 1354 1067 1389 quidem
1094 1354 1249 1382 nominibus
1271 1353 1386 1388 plurima
1404 1353 1431 1380 in
1459 1351 1561 1381 libellis
1583 1350 1630 1383 qui

845 1399 1014 1434 appellantur
1029 1399 1123 1427 Enucb
1140 1398 1209 1434 (l7),
1227 1402 1332 1427 secreta
1346 1397 1521 1427 continentur
1542 1401 1570 1426 et
1585 1403 1631 1422 ar—

845 1451 930 1476 cana;
947 1443 995 1472 sed
1008 1443 1072 1477 quia
1096 1442 1180 1469 libelli
1204 1442 1254 1476 ipsi
1274 1449 1330 1468 lion
1348 1441 1475 1471 videntur
1491 1440 1560 1473 apud
1576 1438 1632 1466 lli--

845 1489 932 1518 bratos
955 1489 982 1516 in
998 1487 1158 1517 auctoritate
1172 1487 1267 1515 haberi
1281 1506 1289 1519 ,
1306 1486 1413 1515 interim
1429 1492 1501 1513 nunc
1521 1492 1552 1512 ea
1570 1491 1634 1518 quae

847 1533 885 1560 ibi
900 1533 1079 1560 nominantur
1092 1551 1099 1563 ,
1120 1532 1153 1558 ad
1172 1530 1326 1566 exemplum
1347 1537 1445 1557 vocare
1464 1528 1629 1558 differamus.

846 1579 893 1607 sed
903 1585 936 1605 ex
953 1578 996 1605 his
1009 1585 1069 1611 qua:
1084 1577 1217 1607 habemus
1231 1577 1258 1604 in
1272 1576 1409 1609 matribus,
1424 1576 1456 1603 de
1470 1574 1567 1610 quibus
1582 1575 1629 1602 du-

844 1624 925 1655 bitari
940 1631 994 1652 non
1011 1626 1103 1657 potest
1114 1643 1121 1655 ,
1141 1629 1233 1651 rerum
1253 1628 1448 1656 prosequamur
1462 1620 1630 1655 indaginem.

844 1669 1082 1703 Describiturergo
1091 1668 1182 1697 verbis
1191 1667 1236 1698 Dei
1247 1667 1272 1694 in
1281 1667 1340 1702 lege
1346 1666 1434 1696 divina
1443 1670 1515 1695 terra
1521 1664 1633 1698 Judzctc,

844 1720 871 1743 et
882 1716 939 1742 hanc
956 1714 1053 1745 referri
1061 1714 1161 1745 debere
1169 1713 1307 1742 diciturad
1314 1712 1458 1746 imaginem
1468 1711 1631 1742 caelestium.

843 1760 925 1796 385
938 1761 967 1788 in
984 1759 1062 1789 oculis
1078 1763 1169 1790 autem
1187 1758 1326 1788 evidenter
1347 1764 1408 1785 esse
1427 1756 1574 1785 Jerusalem
1597 1757 1633 1784 ci-

846 1807 918 1836 vitas
931 1805 1121 1840 pronuntiatur
1132 1804 1166 1833 ab
1181 1803 1320 1837 Apostolo,
1334 1807 1362 1830 et
1376 1809 1454 1833 mons
1466 1802 1542 1830 Sion.
1556 1801 1631 1830 Coa-

845 1856 963 1884 seqnens
981 1848 1064 1882 igitur
1078 1851 1120 1878 est
1135 1851 1165 1875 ut
1182 1847 1252 1877 sicut
1263 1851 1326 1876 sunt
1338 1846 1419 1875 etiam
1437 1845 1496 1876 alite
1507 1845 1634 1876 civitates

844 1895 916 1922 circa
931 1891 1080 1920 Jerusalem
1095 1898 1231 1919 terrenam
1246 1891 1318 1923 siue,
1341 1895 1368 1918 et
1391 1890 1455 1922 vici,
1472 1893 1501 1917 et
1511 1889 1628 1919 diversa)

844 1948 958 1977 qumque
986 1939 1111 1975 regiones
1134 1948 1140 1966 :
1163 1939 1198 1966 ita
1219 1943 1247 1965 et
1273 1937 1316 1964 illa
1339 1935 1457 1964 cmlestis
1479 1934 1630 1965 Jerusalem

845 1987 994 2019 secundum
1011 1985 1155 2021 imaginem
1171 1989 1340 2011 terrenarum
1355 1983 1453 2010 habeat
1465 1981 1540 2008 circa
1558 1987 1588 2008 se
1604 1987 1631 2011 et

845 2033 914 2063 alias
928 2032 1065 2062 civitates,
1088 2037 1121 2061 ac
1136 2029 1221 2061 vicos,
1244 2028 1423 2062 diversasque
1445 2025 1582 2061 regiones,
1602 2027 1631 2054 ln

844 2077 942 2112 quibus
955 2074 1070 2110 populus
1087 2074 1132 2101 Dei
1157 2078 1185 2100 et
1206 2080 1286 2102 verus
1300 2071 1394 2103 lsrael,
1416 2078 1464 2105 per
1479 2069 1570 2102 Jesum
1583 2077 1628 2096 ve-

845 2130 915 2154 rum,
932 2122 1009 2155 cuius
1023 2119 1067 2147 ille
1081 2118 1160 2150 Josus
1175 2118 1247 2146 Nave
1260 2117 1364 2146 ferebat
1387 2116 1546 2151 imaginem,
1571 2114 1624 2142 col-

845 2167 975 2198 locandus
999 2170 1040 2192 est
1066 2165 1238 2200 quandoque,
1270 2167 1298 2190 et
1332 2162 1517 2189 ltmreditatem
1549 2161 1631 2187 sortis

11 2218 84 2238 lucus
99 2210 133 2237 ad
147 2217 208 2244 quae
221 2217 263 2237 Ille
277 2209 376 2236 cubilia
388 2209 536 2243 pestrabat.
555 2209 622 2238 Puto
637 2209 708 2237 enim
720 2209 790 2243 quod
807 2225 830 2255 Β
847 2212 1055 2243 distributione,
1082 2211 1108 2237 id
1132 2214 1173 2237 est
1197 2209 1356 2251 meritorum
1382 2206 1611 2243 contemplatione
1623 2226 1633 2239 ,

9 2256 30 2281 si
42 2256 189 2290 diligenter
202 2262 263 2282 eam
279 2255 354 2289 sequi
370 2259 494 2289 potuero,
507 2258 537 2281 et
553 2255 719 2289 investigare
734 2254 792 2282 vias

10 2303 81 2337 eius,
97 2301 174 2329 dabit
184 2301 254 2328 mihi
278 2300 382 2335 aliquas
395 2299 560 2330 occasiones
574 2307 606 2327 ex
623 2299 775 2334 Seriptnris
785 2318 793 2331 ,

11 2348 144 2383 quiomode
161 2347 244 2374 etiam
266 2347 298 2373 de
315 2346 360 2373 bis
380 2346 446 2373 locis
464 2345 604 2380 explicare
625 2345 772 2373 debeamus
785 2364 794 2378 ,

11 2396 32 2423 si
55 2394 192 2423 credimus
208 2392 242 2419 iis
257 2399 318 2426 quze
339 2391 437 2418 Paulus
456 2391 483 2418 in
510 2390 639 2425 mysterio
656 2390 774 2425 loquitur
786 2409 794 2422 ,

11 2441 80 2474 quod
95 2447 141 2474 qui
157 2447 206 2474 per
219 2438 304 2473 legem
315 2437 481 2469 deserviunt,
497 2446 509 2463 ι
524 2437 626 2469 umbem
640 2441 668 2465 et
681 2437 794 2472 imagini

12 2486 168 2514 deserviunt
182 2483 333 2512 caelestium
348 2482 381 2509 “.
397 2492 411 2509 ο
430 2482 467 2510 Et
493 2482 515 2510 si
533 2482 685 2511 secundum
710 2481 794 2517 ipsius

14 2530 184 2558 nihilominus
199 2528 365 2561 sententiam
382 2527 437 2560 lex,
449 2527 529 2562 cuius
545 2535 608 2562 pars
627 2532 670 2557 est
683 2527 742 2559 haec
753 2527 794 2558 le-

14 2578 63 2605 ctio
77 2583 160 2612 quam
170 2575 307 2606 iubemus
322 2574 350 2602 in
364 2574 506 2606 manibus.
521 2574 646 2605 umbram
657 2574 743 2604 habet
755 2574 794 2604 τυ-

15 2627 132 2652 turonun
143 2620 317 2654 bonorum”,
326 2627 494 2655 mequens
504 2620 611 2650 videtur
624 2625 651 2650 et
664 2628 793 2651 necessa-

15 2669 79 2695 rium
93 2689 100 2701 ,
118 2667 207 2696 omnia
226 2674 288 2702 quae
300 2666 377 2701 quasi
395 2667 433 2694 .de
455 2667 537 2694 rebus
553 2667 668 2695 terrenis
692 2668 794 2696 descri-

46 2738 66 2754 "‘
85 2737 165 2766 Joan.
185 2737 213 2768 5.
226 2737 271 2764 55.
310 2736 331 2751 “
348 2735 413 2762 ibid.
428 2736 455 2764 4.
493 2734 515 2751 ⁵¹
537 2735 618 2763 Eccli.
635 2743 689 2769 xlv,
702 2736 746 2764 23.
785 2737 807 2752 ⁸³
820 2736 901 2764 Hebr.
920 2742 980 2766 vut,
996 2734 1023 2761 5.
1060 2733 1085 2749 “
1106 2732 1185 2760 llebr.
1203 2740 1230 2762 st,
1248 2731 1273 2758 i.

49 2810 101 2845 liti)
126 2809 203 2841 5185.,
230 2817 239 2833 ι
256 2809 288 2836 Et
308 2813 370 2845 post
385 2809 443 2845 haec
458 2808 551 2845 etiam»
567 2808 624 2843 ipso
640 2808 763 2837 Domino.
779 2818 788 2834 ι

19 2842 178 2877 ι.ἑω›.ἐιιὶιὶ,
200 2852 209 2869 ι
224 2848 251 2870 et
265 2842 324 2879 post
335 2843 390 2876 jam
406 2844 464 2878 ipso
477 2843 600 2870 Domino.
619 2851 628 2868 I

845 2264 984 2294 capturus.
1009 2257 1056 2286 Sic
1077 2263 1142 2292 ergo
1162 2247 1233 2283 nunc
1254 2254 1383 2283 Dominus
1407 2254 1473 2281 dicit
1496 2253 1522 2280 in
1541 2253 1631 2279 distri-

845 2305 957 2333 butione
972 2309 1061 2335 terrae,
1080 2301 1156 2329 verbi
1176 2300 1276 2335 gratia.
1297 2299 1428 2329 terminos
1454 2298 1540 2326 tribus
1559 2296 1632 2324 illius

846 2357 907 2381 esse
916 2350 998 2382 istos,
1013 2352 1040 2377 et
1058 2347 1172 2375 alterius
1189 2346 1279 2374 alios:
1296 2352 1331 2372 ne
1342 2345 1425 2378 forte,
1438 2343 1565 2379 quoniam
1586 2343 1634 2370 di—

846 2402 925 2426 versa
941 2398 1020 2425 erunt
1036 2393 1134 2424 merita
1148 2399 1243 2423 eorum
1258 2391 1306 2427 qui
1326 2390 1512 2422 luureditatetn
1533 2395 1630 2416 consc—

846 2441 936 2472 cuturi
955 2444 1018 2468 sunt
1039 2438 1114 2474 regni
1141 2437 1286 2469 cmlorum,
1314 2436 1417 2464 idcirco
1440 2434 1521 2462 etiam
1545 2434 1571 2460 in
1597 2433 1631 2460 iis

846 2487 974 2517 tribubus
986 2485 1164 2515 observanter
1179 2482 1270 2513 dirimi
1281 2481 1394 2518 iubetur
1416 2479 1468 2507 ista
1491 2479 1631 2506 distinctio

849 2531 1037 2563 terminorum,
1058 2533 1089 2558 ut
1101 2528 1219 2560 sciamus
1233 2528 1283 2555 has
1297 2533 1358 2554 esse
1379 2525 1538 2553 meritorum
1553 2523 1627 2549 ditl‘c-

844 2577 947 2607 rentias
968 2575 1154 2605 observandas
1175 2573 1201 2601 in
1220 2579 1392 2607 unoquoque.
1419 2568 1499 2597 Verbi
1522 2568 1609 2603 gratia
1623 2588 1630 2598 ,

846 2623 892 2658 qui
904 2623 940 2653 ita
955 2621 1124 2656 negligenter
1135 2619 1235 2649 vixerit
1256 2623 1285 2645 ut
1310 2625 1359 2652 pro
1380 2616 1432 2647 [ide
1447 2614 1558 2649 quidem
1580 2621 1627 2640 sua

847 2673 985 2699 mereatur
998 2666 1090 2699 haberi
1106 2665 1176 2698 inter
1193 2664 1262 2695 illius
1281 2662 1375 2695 lsrael,
1395 2668 1444 2700 pro
1468 2660 1630 2698 negligentia

1312 2730 1335 2746 ⁸⁵
1353 2729 1422 2757 Psal.
1436 2735 1535 2759 cxtvn,
1549 2727 1576 2754 ι.

883 2806 938 2841 (17)
961 2805 992 2832 In
1008 2804 1102 2831 libellis
1119 2803 1164 2837 qui
1180 2803 1345 2841 qppelluntur
1370 2801 1471 2841 ΙξιιρςΙι,
1487 2805 1540 2828 etc.
1564 2797 1632 2827 Vide

844 2836 972 2869 nolas'ad
985 2841 1032 2866 lib.
1051 2846 1065 2864 ν
1080 2836 1171 2865 contra
1186 2836 1301 2869 (Ic/sum,
1317 2846 1389 2863 Illllll.
1406 2836 1450 2863 54.
