1903 3052
279 155 330 183 805

975 156 1018 182 EX
1033 155 1183 182 ORIGENE
1855 158 1891 186 8N

279 222 341 241 vero
358 215 419 241 vitae
440 219 634 248 gesturumque
655 215 758 241 desidia
779 215 804 241 in
820 215 890 242 tribu
905 215 999 242 Ruben
1018 221 1065 242 aut
1081 218 1102 244 Α
1120 215 1240 245 torridis,
1261 219 1306 241 aut
1321 215 1421 250 frigore
1437 215 1552 250 geluque
1572 216 1755 251 torpentibus,
1771 217 1816 244 vel
1835 224 1891 245 certi

278 261 344 290 Gud,
357 265 402 285 aut
416 260 527 286 dimidia
542 260 612 286 triin
630 260 753 286 Mutasse
771 261 866 287 debeat
879 262 1012 295 reputari.
1034 268 1061 288 et

278 313 329 331 uou
350 306 419 330 intra
432 304 588 335 Jordanem,
603 305 650 332 sed
665 310 740 332 extra
756 314 829 338 cum,
849 311 949 333 sortem
972 308 1060 334 haere—

277 350 369 376 ditatis
395 351 530 385 accipere.
556 351 634 378 Alius
657 359 721 378 vero
751 353 798 386 qui
821 359 850 378 se
873 353 1060 380 emendatione

277 396 339 422 vine
351 400 377 422 et
392 397 598 424 conversatione
610 398 742 432 propositi
758 398 838 425 talem
853 399 1012 431 reddiderit,
1032 405 1061 426 ut

274 441 421 468 secundum
446 450 512 476 quas
533 442 608 469 solus
628 442 700 469 Deus
724 443 796 469 novit
819 443 950 475 rationes,
973 449 1019 471 aut
1033 445 1059 471 in

274 486 344 512 tribu
369 485 446 519 Juda,
475 488 619 514 autetiam
642 488 667 514 in
692 488 748 522 ipsa
765 489 836 514 tribu
852 488 1002 523 Benjamin,
1031 489 1057 516 in

272 539 323 565 qua
349 531 405 566 ipsa
426 531 620 561 Jerusalemet
643 533 771 568 leiitplum
795 534 840 560 Dei
866 540 948 568 atque
973 534 1058 562 altare

271 578 404 610 cousislit,
429 580 525 606 debeat
549 581 688 614 reputari:
706 585 733 607 et
750 581 820 608 alius
845 581 872 607 in
898 581 961 613 alia,
976 587 1058 616 atque

271 623 341 650 alius
356 623 382 651 in
398 625 461 651 alia.
478 626 510 652 Et
532 626 582 652 hoc
595 626 674 653 modo
692 627 749 653 hmc
762 635 822 661 quae
846 636 917 654 nunc
936 628 961 654 in
987 629 1057 655 libro

271 669 448 698 Numerorum
458 672 557 706 scripta
571 672 736 705 referuntur,
748 674 920 701 adumbratio
931 676 1055 709 quaedam

271 715 327 741 sint
347 715 444 743 futurae
456 717 536 744 sortis
552 718 578 744 in
598 717 686 750 cmlis,
698 725 791 744 eorum
804 719 934 745 duntaxat
947 719 991 753 qui
1009 726 1057 753 per

269 760 359 787 Jesum
384 763 525 789 Dominum
549 771 580 791 ac
599 764 770 790 Salvatorem
791 769 915 790 nostrum
939 765 1056 792 haeredi-

269 810 361 840 tatem,
386 813 415 833 ut
437 809 566 840 diximus,
596 810 704 844 capient
726 811 800 844 regni
827 809 972 836 caelorum.
999 809 1054 842 Ibi,

267 853 361 884 credo,
377 853 521 888 diligenter
538 855 755 882 observabuntur
769 855 853 882 etiam
867 856 918 882 ista
932 863 993 889 quze
1008 856 1052 883 hie

268 898 467 926 adumbrantur
481 900 621 935 privilegia
637 901 821 932 sacerdotum,
842 901 940 936 quibus
961 902 1050 929 vicina

267 950 381 978 qumque
406 944 519 971 urbibus
538 945 606 976 loca,
621 951 648 972 et
670 946 736 979 ipsis
752 946 887 973 tumnibus
899 946 990 980 juncta
1006 955 1050 974 sc-

267 989 371 1022 gregari
389 990 554 1017 mandantur
568 999 581 1017 a
597 991 659 1018 filiis
672 990 766 1018 lsrael.
782 991 833 1023 lbi,
846 993 937 1023 credo,
961 997 989 1018 et
1008 993 1049 1019 ci-

266 1031 365 1059 vitates
379 1033 436 1060 ista:
451 1039 540 1065 erunt,
563 1042 676 1068 quarmu
702 1035 746 1061 hic
771 1036 854 1070 figura
871 1036 1048 1068 desaribitur,

265 1084 332 1111 quas
355 1078 451 1112 refugii
476 1079 596 1105 nominat
611 1080 747 1110 civitates,
763 1082 795 1106 ad
813 1088 880 1114 quas
893 1081 1050 1116 confugiant,

265 1130 317 1149 nou
330 1130 422 1150 omnes
438 1124 592 1157 homicidae,
619 1126 666 1152 scd
692 1127 738 1160 qui
755 1127 910 1160 iguorantcr
933 1128 1049 1154 homiciu

264 1167 337 1194 diuut
355 1170 561 1197 commiserunt.
575 1171 643 1197 Sunt
656 1171 727 1197 enim
743 1171 868 1199 fortassis
883 1172 973 1207 aliqua
987 1179 1049 1206 pec-

262 1217 335 1245 cata,
352 1222 412 1248 qua:
427 1215 448 1242 si
465 1216 604 1249 proposito
627 1224 659 1243 ac
680 1218 819 1243 volmuate
843 1218 1046 1249 committimus,

263 1258 411 1286 homicidas
435 1268 483 1287 nos
503 1261 602 1287 faciunt
618 1269 624 1292 ;
639 1266 665 1288 et
683 1268 746 1288 sunt
771 1262 823 1288 alia
848 1269 910 1296 quae
930 1262 954 1289 si
973 1262 1048 1297 igno-

263 1309 354 1330 rauter
368 1305 543 1337 admittimus,
559 1306 714 1332 decernitur
728 1307 816 1339 nobis,
830 1308 923 1339 credo,
937 1312 965 1335 et
976 1315 1046 1342 prat-

263 1353 371 1381 paratur
382 1357 414 1376 ex
428 1356 563 1384 przecepto
583 1351 629 1378 Dei
652 1352 749 1386 aliquis
772 1352 857 1385 locus,
875 1353 918 1379 ubi
933 1353 966 1380 ad
987 1361 1046 1381 cer-

263 1397 318 1419 tum
329 1398 435 1427 tempus
445 1395 570 1422 habitare
580 1396 765 1428 debeamus,si
776 1397 820 1430 qui
832 1405 883 1423 non
895 1397 1044 1424 voluntaria

262 1442 371 1469 peccata
385 1440 591 1472 commisimus;
612 1441 634 1467 si
647 1445 735 1468 tamen
757 1442 847 1468 nmudi
874 1443 1045 1469 invenianmr

259 1487 287 1508 et
310 1483 391 1510 alieni
413 1485 446 1511 ab
468 1485 500 1511 iis
524 1486 643 1518 peccatis
665 1494 724 1520 qua:
748 1487 886 1514 voluntate
901 1489 1043 1515 conunissa

261 1533 333 1555 sunt.
353 1530 384 1556 ΙΞι
405 1531 438 1558 ub
459 1532 509 1558 hoc
529 1537 709 1559 secernuntur
725 1535 846 1568 quaulam
863 1534 988 1562 civitates
1009 1537 1042 1563 ad

263 1574 408 1609 refugium.
442 1576 554 1604 Videtur
586 1578 747 1610 quibusdam
772 1580 843 1612 quod
876 1579 1043 1614 singulorum

259 1629 367 1655 qunque
393 1622 511 1649 siderum
536 1624 633 1656 positio
653 1628 677 1650 et
707 1629 794 1651 emtas
818 1625 915 1652 civitas
931 1626 982 1653 dici
1003 1627 1043 1653 vcl

259 1667 351 1694 haberi
370 1669 454 1702 possit
481 1669 506 1694 iu
531 1669 598 1696 caelo
612 1679 619 1696 :
635 1671 707 1703 quod
728 1678 779 1704 ego
800 1671 908 1705 quidem
932 1673 1043 1700 delinire

258 1719 310 1738 non
332 1713 427 1740 audeo.
443 1713 527 1740 \‘ideo
543 1715 614 1741 enim
639 1722 747 1741 omnem
766 1720 922 1742 creaturatu
945 1718 971 1744 in
995 1726 1043 1752 spe

258 1757 365 1791 quidem
382 1763 489 1793 propter
507 1767 568 1786 eum
592 1760 637 1794 qui
660 1759 777 1793 subjecit
800 1768 861 1787 esse
883 1761 1040 1795 subiectam,

256 1807 415 1836 exspectare
438 1809 527 1831 tamen
546 1804 699 1832 libertatem
721 1805 748 1832 in
768 1805 952 1840 redemptione
971 1807 1040 1835 ﬁlio-

258 1856 317 1876 rum
340 1848 387 1876 Dei
402 1850 460 1877 sine
484 1851 575 1883 dubio,
590 1856 618 1878 et
634 1851 791 1886 praeclarius
805 1851 906 1886 aliquid
929 1858 975 1879 aut
994 1861 1041 1880 su-

255 1893 363 1921 blimius
378 1895 500 1929 opperiri
513 1895 546 1922 ".

289 1939 315 1965 5.
339 1939 366 1966 Si
381 1947 455 1974 ergo,
472 1945 500 1966 ιιι
523 1941 650 1973 diximus,
664 1942 790 1968 umbram
807 1942 889 1970 habet
903 1942 945 1970 lex
967 1943 1040 1970 futu-

256 1993 345 2013 rorum
359 1987 501 2018 bonorum,
518 1992 544 2013 et
557 1988 705 2021 exemplari
721 1994 747 2015 et
766 1989 868 2016 umbra:
882 1990 1040 2018 deserviunt

253 2032 403 2058 coelestium
427 2033 472 2066 qui
503 2033 529 2058 iu
555 2032 613 2067 lege
639 2034 814 2066 deserviunt,
841 2039 866 2061 ct
895 2043 966 2062 nunc
992 2043 1040 2070 per

255 2077 393 2110 speculum
416 2082 439 2102 et
466 2077 491 2103 iu
515 2078 669 2110 aenigmate,
684 2083 746 2104 time
761 2083 850 2105 autem
872 2079 939 2106 facie
951 2080 983 2106 ad
999 2080 1039 2107 fa-

254 2121 323 2148 ciem
340 2121 486 2148 habcbitur
505 2130 594 2148 rerum
608 2123 811 2157 contemplatio,
828 2124 910 2151 credo
925 2125 996 2158 quod
1012 2130 1039 2152 et

255 2174 325 2193 nunc
339 2168 572 2194 conversationem
596 2169 710 2196 dicimur
733 2170 832 2197 habere
853 2170 878 2197 iu
896 2171 973 2198 ctelis
991 2180 1039 2206 per

254 2212 406 2246 speculum,
433 2219 460 2240 ct
483 2214 509 2240 in
531 2214 684 2248 zenigmatc,
714 2220 777 2241 tunc
800 2220 890 2242 aulem
913 2216 982 2244 facie
1004 2218 1037 2244 ad
1055 2230 1075 2256 ο

254 2259 361 2290 faciem,
388 2259 468 2286 talent
488 2261 721 2287 conversationem
746 2261 914 2288 merebiutur
938 2263 1038 2290 habere

254 2303 279 2330 in
294 2304 380 2330 cCelis.
397 2304 424 2331 Si
439 2312 502 2339 ergo
515 2312 562 2339 per
577 2306 800 2339 consequentiam
821 2314 910 2333 rermn
928 2313 955 2335 ct
971 2315 1035 2343 pro-

254 2349 411 2375 missionum
429 2350 506 2376 iideiu
521 2357 570 2377 uos
582 2349 722 2376 transferri
738 2351 770 2376 dc
783 2351 864 2377 terris
879 2358 987 2386 Oportet
1003 2354 1036 2380 ad

253 2395 360 2427 coelum,
384 2400 448 2429 puto
462 2395 534 2429 quod
559 2394 585 2421 in
603 2394 668 2428 ipsis
689 2395 847 2422 coelestibus
867 2395 934 2423 locis
956 2397 1035 2425 Jesus

254 2441 382 2467 Dominus
397 2445 489 2467 noster
507 2448 558 2466 non
573 2440 675 2474 absque
687 2440 843 2466 meritorum
857 2447 930 2468 sorte
941 2450 1035 2469 unum-

251 2492 386 2520 quemque
405 2486 432 2512 iu
455 2486 498 2512 illa
519 2486 559 2512 vel
581 2485 624 2511 illa
639 2485 702 2512 (ιωΙί
718 2491 795 2519 parte
818 2491 845 2513 et
868 2487 1035 2517 habitatione

252 2533 408 2558 constituat.
423 2532 476 2558 Sed
489 2532 560 2558 sicut.
572 2531 653 2557 multa
666 2535 707 2558 est
726 2531 877 2559 differentia
900 2534 926 2560 in
941 2535 1034 2567 terris,

252 2576 325 2603 verbi
343 2578 439 2611 gratia,
458 2577 584 2604 habitare
598 2577 623 2603 in
635 2576 703 2604 locis
721 2577 845 2605 fecundis
868 2583 895 2606 et
915 2581 1034 2614 copiosis

251 2629 283 2649 ac
297 2623 373 2650 benis
387 2623 512 2650 omnibus
524 2622 738 2656 abundantibus,
760 2624 804 2650 ubi
827 2629 854 2651 et
873 2625 944 2652 aeris
966 2630 1034 2653 tem-

251 2667 351 2702 peries,
367 2671 394 2693 et
407 2667 524 2694 eruditio
542 2667 691 2700 hominum,
712 2675 744 2694 ac
763 2668 885 2695 liberalia
910 2670 1031 2697 instituta

251 2719 304 2737 non
317 2712 431 2739 desunt:
445 2717 472 2740 et
483 2713 561 2747 longe
574 2713 647 2740 aliud
663 2718 704 2740 est
717 2713 849 2744 habitare,
866 2718 912 2739 aut
926 2713 952 2740 in
965 2714 1031 2741 locis

252 2756 412 2790 infecundis,
436 2765 462 2785 et
483 2767 570 2786 rerum
588 2759 701 2793 penuria
729 2759 871 2793 squalidis,
897 2764 944 2786 aut
963 2765 1029 2787 aestu

582 2818 603 2833 ‘7
623 2817 700 2844 Deut.
716 2825 799 2846 xxxu.
810 2817 837 2844 8.

748 2852 771 2867 “
783 2852 876 2879 Matth.
888 2853 993 2885 Xlx,‘.’.8.

291 2815 400 2849 “illum.
426 2824 481 2847 \‘lll,
500 2818 544 2844 25.

254 2843 276 2858 "
299 2844 418 2877 Ibid“.
455 2843 706 2880 “'Miiuunlaa.

877 2817 899 2833 ¹’⁸
921 2817 928 2842 1
952 2818 1014 2846 Cor.
1037 2827 1080 2849 xv,
1101 2817 1144 2844 45.

1031 2855 1052 2870 ⁸⁵
1065 2853 1141 2880 Joau.
1159 2860 1224 2884 ιιι-ιι,
1236 2852 1280 2878 24.

1116 259 1160 285 ubi
1184 260 1263 286 ιιιιΙΙιυ
1286 259 1368 293 leges,
1395 260 1441 286 sed
1468 260 1592 287 immanis
1612 265 1639 287 et
1658 268 1730 287 smva
1748 261 1889 288 barbaries

1115 306 1159 332 ubi
1179 306 1246 333 bella
1263 313 1371 339 semper
1394 311 1420 332 et
1445 313 1581 339 nunquam
1602 307 1690 340 quies,
1715 312 1744 333 et
1768 307 1832 334 haec
1852 314 1891 334 non

1114 351 1171 377 sine
1187 351 1289 378 occulta
1308 351 1424 385 quadam
1444 350 1490 377 Dei
1509 351 1722 384 dispensatione,
1747 357 1777 379 et
1800 353 1891 386 iudicii

1113 397 1181 429 ejus,
1207 401 1231 423 ct
1251 397 1358 431 iustitia
1380 396 1525 430 unicuique
1551 397 1754 425 decernuntur:
1774 399 1814 426 ita
1835 403 1863 426 et
1876 399 1891 425 it

1115 442 1167 468 illis
1182 443 1248 469 locis
1262 443 1314 469 erit
1328 442 1428 475 aliquid
1442 442 1507 475 tale,
1518 446 1546 468 ut
1561 442 1586 468 in
1597 442 1669 469 nullo
1683 451 1801 477 prorsus
1815 444 1891 471 inani:

1114 488 1245 515 habeatur
1270 489 1297 515 in
1322 489 1402 515 terris
1415 488 1511 515 umbra
1529 488 1692 516 cmlestium.
1717 489 1778 515 Erit
1792 497 1859 524 ergo
1876 498 1891 516 ei

1113 534 1161 565 ibi,
1177 540 1206 561 ut
1219 534 1349 567 diximus,
1372 534 1462 569 aliqua
1479 534 1575 561 civitas
1595 534 1707 569 refugii,
1725 540 1754 561 et
1772 536 1829 562 erit
1848 535 1891 562 alii

1112 579 1138 606 in
1153 580 1270 611 deserto,
1284 580 1352 607 sicut
1364 579 1463 606 Bossor
1474 579 1501 607 in
1512 579 1675 607 haereditate
1687 579 1786 607 Ruben
1801 581 1891 609 civitas

1111 632 1170 652 esse
1183 625 1282 652 dicitur
1298 625 1323 652 in
1341 626 1458 652 deserto.

1159 671 1188 696 4.
1224 670 1276 697 Sed
1297 674 1324 697 et
1346 670 1390 696 illa
1421 670 1596 698 nihilominus
1621 671 1820 705 consequentia
1853 680 1891 699 cat

1110 715 1207 748 pienda
1232 719 1296 742 est:
1317 716 1379 749 quia
1408 716 1478 742 sicut
1508 725 1517 741 ε
1539 723 1600 743 cum
1625 716 1799 750 dispergeret
1829 716 1891 743 Deus

1111 760 1181 788 filios
1208 761 1304 793 Adam,
1321 762 1416 788 statuit
1434 761 1502 789 lines
1525 761 1644 796 gentium
1669 763 1823 789 secundum
1849 771 1891 789 nui

1111 814 1213 833 uterum
1224 806 1380 841 angelorum
1391 806 1447 839 Dei,
1462 815 1471 832 ι
1481 806 1534 839 vel,
1544 812 1573 834 ut
1585 807 1610 833 in
1621 807 1681 834 aliis
1690 808 1891 841 exemplaribus

1110 852 1234 887 legimus,
1254 861 1263 877 (
1277 852 1424 879 secundum
1438 859 1578 880 numerum
1593 852 1707 878 filiorum
1723 852 1811 879 lsrael
1824 853 1847 868 "
1861 861 1868 884 ;
1884 861 1891 877 I

1106 898 1132 924 in
1151 898 1228 924 initio
1244 899 1336 925 mundi
1360 899 1397 925 ita
1414 899 1528 933 dispersi
1553 903 1615 924 sunt
1634 898 1680 924 lilii
1702 898 1777 925 illius
1794 899 1891 929 Adam,

1106 942 1175 969 sicut
1195 942 1237 969 vel
1260 942 1368 969 illorum
1382 943 1488 976 nterita,
1514 943 1552 970 vel
1566 943 1650 977 ipsius
1667 943 1753 970 Adam
1767 948 1891 971 contem-

1104 987 1187 1021 platio
1209 988 1387 1021 postulabat:
1405 988 1467 1022 quid
1481 988 1601 1015 dicemus
1614 988 1745 1020 fulurum,
1764 995 1831 1015 cum
1847 996 1891 1014 no-

1105 1033 1209 1061 vissimi
1223 1033 1308 1060 Adatu
1324 1033 1380 1067 (qui
1396 1041 1448 1060 non
1464 1033 1489 1060 in
1502 1034 1619 1060 animam
1635 1034 1786 1065 viventem,
1803 1034 1852 1060 sed
1868 1035 1891 1059 in

1103 1077 1228 1112 spiritum
1246 1077 1430 1104 viviﬁcantem
1455 1077 1543 1103 factus
1563 1081 1605 1104 est
1625 1077 1658 1112 ")
1684 1078 1803 1112 cmperit
1824 1078 1891 1105 (ilio:

1104 1132 1157 1151 non
1174 1125 1341 1159 dispergere,
1355 1123 1403 1150 sed
1415 1124 1571 1157 dispensare
1583 1123 1673 1150 divina
1687 1124 1826 1158 dignatio.
1841 1132 1890 1150 non

1102 1169 1128 1196 in
1147 1169 1235 1203 initio,
1249 1169 1296 1197 sed
1310 1170 1337 1196 in
1351 1169 1403 1196 fme
1420 1169 1509 1195 mutuli
1524 1177 1531 1200 ;
1546 1173 1573 1195 et
1589 1176 1640 1195 non
1663 1173 1693 1195 ut
1713 1169 1774 1196 illos
1794 1170 1846 1203 qui
1866 1171 1890 1196 in

1101 1214 1187 1240 Adam
1199 1221 1294 1241 omnes
1308 1214 1405 1240 mortui
1419 1218 1491 1244 sunt,
1510 1214 1557 1240 sed
1572 1218 1599 1239 ut
1613 1220 1658 1240 eos
1679 1213 1727 1247 qui
1739 1214 1766 1239 in
1780 1213 1891 1240 Christo

1101 1267 1196 1286 omnes
1220 1259 1348 1287 vivificati
1375 1264 1437 1286 sunt
1449 1258 1493 1284 "'3
1508 1258 1572 1285 Siue
1583 1258 1665 1285 dubio
1683 1258 1737 1285 erit
1759 1259 1888 1293 quaedam

1101 1305 1198 1331 divisio
1222 1309 1249 1332 et
1274 1304 1427 1331 distributio
1452 1304 1531 1336 talis,
1557 1311 1616 1338 quae
1639 1311 1691 1330 non
1719 1305 1808 1331 solum
1844 1312 1888 1339 pro

1101 1351 1206 1377 meritis
1222 1358 1315 1378 eorum
1333 1351 1379 1384 qui
1396 1351 1597 1384 dispensantur,
1611 1350 1657 1376 sed
1679 1354 1707 1377 et
1726 1357 1777 1384 pro
1795 1353 1888 1378 novis-

1100 1395 1160 1423 simi
1170 1396 1267 1428 Adam,
1282 1396 1307 1422 iu
1321 1403 1374 1429 quo
1382 1402 1476 1422 omnes
1488 1395 1640 1422 vivificandi
1655 1395 1796 1426 dicuntur,
1819 1403 1887 1422 con-

1100 1441 1279 1475 templatione
1300 1440 1436 1475 pensanda
1455 1441 1500 1467 sit.
1526 1440 1577 1468 Sed
1599 1441 1662 1474 quis
1683 1443 1806 1467 nostrum
1827 1441 1887 1467 talis

1099 1491 1150 1518 est,
1174 1491 1203 1513 ιιι
1222 1487 1254 1513 ad
1281 1486 1434 1519 huiusmodi
1456 1486 1686 1517 distributionem,
1709 1491 1737 1512 et
1757 1486 1791 1512 ad
1811 1487 1884 1513 illaut

1099 1532 1218 1559 cmlestis
1233 1532 1401 1559 haereditatis
1414 1536 1516 1558 sortem
1530 1532 1622 1558 venire
1643 1531 1804 1558 merentur?
1817 1532 1884 1565 Quis

1099 1577 1134 1603 ita
1157 1578 1254 1604 beatus
1267 1578 1329 1608 erit,
1343 1577 1420 1611 cujus
1438 1584 1498 1604 sors
1517 1577 1542 1603 iu
1563 1576 1714 1604 Jerusalem
1732 1578 1841 1610 veniat,
1859 1582 1884 1603 ut

1097 1623 1132 1649 sit
1147 1622 1182 1649 ibi
1197 1622 1240 1649 ubi
1255 1622 1382 1656 templum
1396 1622 1443 1649 Dei
1459 1626 1512 1653 est,
1525 1622 1579 1648 imo
1589 1627 1620 1648 ut
1634 1622 1691 1656 ipse
1704 1622 1742 1649 ait
1755 1622 1802 1649 Dei
1818 1627 1883 1650 tem-

1097 1667 1192 1702 plum?
1206 1667 1272 1700 Quis
1299 1668 1335 1694 ita
1358 1668 1453 1694 beatus
1468 1672 1510 1694 est
1531 1672 1560 1694 ut
1581 1667 1618 1694 ibi
1639 1667 1695 1694 dies
1710 1667 1794 1694 festos
1806 1673 1882 1703 agat,

1097 1713 1141 1739 ubi
1158 1713 1242 1739 altare
1266 1712 1385 1740 divinum
1400 1713 1538 1747 perpetuis
1557 1712 1639 1747 386
1661 1713 1768 1747 ignibus
1788 1713 1883 1740 adole-

1097 1758 1161 1784 tur‘l
1181 1757 1246 1790 Quis
1260 1758 1296 1784 ita
1313 1758 1407 1785 beatus
1430 1761 1480 1792 est,
1495 1758 1539 1791 qui
1561 1757 1728 1784 sacrificium
1747 1765 1840 1790 suum,
1857 1764 1883 1785 et

1096 1803 1239 1830 incensum
1263 1803 1407 1830 suavitatis
1427 1810 1508 1837 supra
1528 1803 1602 1829 illum
1618 1803 1707 1837 ignem
1729 1808 1823 1837 ponat,
1849 1805 1882 1831 de

1094 1854 1148 1881 quo
1164 1847 1270 1874 dicebat
1292 1847 1417 1874 Salvator
1436 1847 1459 1863 ⁵⁰
1474 1857 1480 1874 :
1497 1857 1507 1873 ‹
1523 1847 1612 1881 Ignem
1635 1847 1695 1874 veni
1722 1848 1833 1874 mittere
1854 1849 1880 1874 in

1095 1892 1215 1919 terram?
1230 1901 1240 1917 ι
1260 1891 1326 1925 Quis
1339 1892 1374 1918 ita
1391 1892 1487 1919 beatus
1501 1892 1604 1927 εει,αυί
1630 1892 1666 1919 ibi
1688 1900 1799 1927 semper
1815 1900 1881 1927 agat

1093 1937 1197 1964 Pascha
1218 1938 1243 1964 in
1267 1939 1328 1964 loco
1354 1945 1434 1972 quem
1461 1937 1543 1972 elegit
1565 1938 1696 1965 Dominus
1723 1938 1816 1965 suns?
1839 1939 1878 1965 lbi

1094 1983 1267 2010 l’eutecostes
1281 1984 1351 2010 diem
1366 1988 1453 2017 gerat,
1467 1988 1494 2010 et
1511 1984 1685 2011 festivitatem
1709 1985 1879 2019 repropitia-

1095 2028 1184 2060 tionis,
1200 2029 1477 2056 etlaberuaculorum
1502 2029 1715 2062 solemnitatem,
1739 2038 1793 2057 non
1815 2031 1874 2064 jam

1093 2081 1141 2107 per
1166 2075 1301 2106 mubram,
1328 2075 1375 2101 Sed
1402 2081 1449 2108 per
1470 2074 1556 2108 ipsam
1580 2076 1698 2109 speciem
1732 2083 1877 2109 rerumque

1093 2119 1255 2146 veritatem?
1279 2119 1345 2152 Quis
1369 2124 1491 2146 nostrum
1517 2119 1615 2154 dignus
1647 2120 1794 2147 habebitur
1820 2126 1875 2148 tam

1094 2166 1179 2191 beatae
1197 2164 1280 2191 sortis
1300 2164 1442 2197 electione,
1459 2172 1520 2192 cum
1534 2165 1604 2192 Deus
1617 2166 1739 2193 dividere
1761 2167 1874 2200 emperit

1094 2210 1163 2237 ﬁlios
1183 2210 1320 2237 novissimi
1343 2210 1451 2238 Adam:
1473 2218 1526 2238 non
1551 2212 1592 2237 cui
1619 2211 1692 2237 dicat
1708 2211 1730 2227 ⁵¹
1753 2220 1760 2238 :
1787 2221 1796 2236 ι
1813 2211 1876 2238 Eris

1090 2263 1172 2290 super
1194 2255 1313 2289 quinque
1336 2255 1462 2283 civitates
1485 2260 1644 2290 potestatem
1664 2256 1780 2289 habens,
1798 2266 1807 2282 ι
1828 2262 1877 2283 aut

1091 2302 1133 2329 cui
1160 2303 1233 2328 dicat
1250 2301 1272 2317 "
1291 2311 1298 2327 :
1317 2310 1326 2326 ι
1350 2301 1408 2328 [iris
1429 2309 1511 2336 super
1530 2302 1622 2329 decem
1648 2303 1775 2330 civitates
1798 2307 1877 2337 pote-

1089 2351 1186 2373 statera
1205 2346 1318 2379 habens,
1341 2355 1350 2371 ι
1377 2353 1427 2373 nec
1449 2346 1493 2373 cui
1509 2346 1631 2374 dicat”:
1650 2355 1659 2372 ι
1677 2347 1752 2374 lutra
1768 2348 1793 2374 in
1808 2355 1876 2380 gau-

1087 2392 1160 2418 dium
1185 2393 1291 2419 Domiui
1320 2392 1356 2419 tui
1375 2401 1382 2424 ;
1403 2401 1413 2418 ›
1432 2393 1478 2419 sed
1495 2392 1537 2419 cui
1552 2392 1624 2419 dicat
1634 2392 1658 2408 ”
1672 2402 1680 2418 :
1698 2401 1708 2418 ‹
1724 2393 1823 2420 Sedete
1847 2399 1876 2419 et

1090 2445 1138 2465 vos
1150 2445 1252 2464 mecum
1273 2446 1355 2471 super
1368 2438 1509 2465 duodecim
1526 2439 1650 2470 thronos,
1671 2438 1829 2472 iudicantes
1847 2444 1874 2465 et

1090 2492 1139 2511 vos
1155 2484 1296 2512 duodecim
1312 2485 1401 2511 tribus
1417 2484 1500 2512 Israel
1517 2494 1526 2518 ;
1545 2494 1554 2511 ι
1573 2485 1606 2511 de
1621 2485 1721 2519 quibus
1739 2486 1813 2512 dicat
1827 2485 1871 2511 ἰε

1092 2540 1101 2557 ε
1116 2530 1207 2562 Pater,
1219 2531 1280 2557 volo
1294 2536 1324 2558 ut
1335 2532 1380 2558 ubi
1392 2538 1442 2565 ego
1454 2538 1525 2563 sum,
1540 2535 1567 2556 et
1579 2530 1631 2565 ipsi
1648 2530 1704 2557 sint
1720 2538 1840 2558 meeum.
1859 2540 1869 2556 ι

1092 2577 1158 2604 Volo
1175 2577 1258 2604 etiam
1272 2577 1339 2604 istos
1352 2584 1412 2604 esse
1426 2584 1515 2612 rcges,
1528 2581 1557 2603 ut
1569 2583 1619 2612 ego
1632 2576 1684 2604 sim
1702 2584 1751 2604 rex
1768 2583 1869 2611 regum.

1089 2623 1155 2650 Volo
1169 2628 1196 2649 et
1212 2623 1278 2650 istos
1295 2623 1396 2650 habere
1420 2622 1647 2653 dominationem,
1660 2626 1691 2649 ut
1707 2627 1735 2648 et
1754 2629 1805 2656 ego
1820 2622 1869 2648 sint

1089 2668 1218 2695 Dominus
1241 2667 1452 2694 dominantimn.
1474 2667 1548 2694 Beati
1571 2667 1617 2701 qui
1638 2667 1671 2693 ad
1692 2667 1763 2694 hanc
1779 2673 1870 2701 perve-

1088 2713 1163 2739 nient
1178 2713 1353 2740 beatitudinis
1368 2720 1513 2740 summam.
1531 2712 1606 2738 Beati
1630 2711 1676 2745 qui
1691 2712 1724 2738 ad
1742 2712 1794 2738 ista
1808 2719 1868 2737 con-

1086 2759 1218 2785 scendere
1232 2764 1359 2793 poterunt
1371 2759 1477 2793 fastigia
1490 2758 1696 2790 meritorum,et
1710 2757 1867 2784 benedictus

1183 2818 1204 2833 δ’
1221 2817 1285 2843 ibid.
1301 2818 1346 2844 ~22.
1384 2818 1406 2833 "
1419 2817 1483 2843 Luc.
1495 2823 1544 2845 xu,
1556 2815 1599 2842 49.
1633 2815 1653 2830 ¹¹
1668 2814 1736 2842 Luc.
1754 2822 1812 2846 xu,
1826 2813 1865 2839 Η).
