1902 3052
35 105 89 134 8οΩ

644 103 800 133 SELECTA
817 103 851 132 IN
866 103 1064 133 DEUTEROS.

1623 107 1675 135 8|0

34 166 159 200 πέφυκεν
174 165 204 192 ἐν
218 165 288 201 καλῇ
306 164 354 192 καὶ
374 164 475 200 ἀγαθῇ,
496 164 620 190 τουτέστι
636 164 736 200 ψυχῆς.
754 165 821 191 Ἕστ

889 165 974 193 omnis
991 166 1123 202 particula
1139 167 1171 194 ad
1189 171 1269 194 terra!
1286 165 1391 194 cultum
1409 171 1505 194 natura
1524 171 1585 202 apta
1606 172 1649 196 est
1663 188 1672 202 ,

33 213 60 240 δὲ
74 213 106 240 τὺ
115 213 215 249 ,μάννα
229 212 337 239 λευκόν,
351 211 412 243 Φῶς
426 211 481 246 γὰρ
502 212 515 238 ὁ
529 210 607 244 λόγος
622 211 670 238 καὶ
685 211 810 247 λαμπρὸν
821 232 829 244 ,

33 259 81 284 καὶ
98 259 171 285 κατὰ
185 257 265 284 τοῦτο
277 257 373 284 λευκὸν
382 277 389 289 ,
403 256 441 292 τῷ
453 257 534 283 αὐτὸν
546 256 664 283 συνιέντι
675 257 723 283 καὶ
734 266 832 293 τρεφο-

34 304 109 340 μένῳ
129 305 176 330 ὑπ’
198 303 292 331 αὑτοῦ.
319 303 398 329 Ἐστι
423 302 452 329 δὲ
470 303 518 330 καὶ
547 303 614 329 ὡσεὶ
636 303 741 335 πάγοςο
769 313 832 331 συν-

31 349 226 384 εστραμμένος
249 348 321 384 γὰρ,
346 349 392 375 καὶ
415 348 533 383 οὐδαμοῦ
555 349 745 382 πλαδῶν,οὺδὲ
759 349 831 386 διερ-

32 395 156 431 ρυηκὼς,
170 395 238 423 ἀλλὰ
251 396 360 430 πάγιος,
371 394 389 422 ἃ.
403 394 435 430 δὴ
447 394 562 430 οὐρανοῦ
578 395 668 430 λόγος,
682 396 729 422 καὶ
739 397 830 430 ἀπαγ-

30 441 139 476 γέλλων
153 442 220 478 ἡμῖν
235 442 270 469 τὰ
286 442 409 477 οὐράνια.

70 534 105 562 '0
117 534 174 569 map
188 535 295 569 Κύριος
311 535 327 561 ὁ
340 535 413 567 Θεός
429 541 488 561 σου
500 534 645 569 εἰσαγάγῃ
661 542 698 561 σε
715 536 758 568 είς
773 534 830 569 γῆν

29 579 151 614 ἀγαθὴν
170 579 220 606 καὶ
244 579 377 612 πολλήν.
404 579 484 621 Ἡμῖν
511 580 526 605 ὁ
547 579 665 614 Χριστὸς
690 580 720 605 οὐ
741 580 829 607 ταῦτα

28 626 129 653 δώσειν
146 626 289 661 ὑπέσχετο,
304 625 373 652 ἀλλὰ
392 625 515 661 οὐρανῶν
537 625 675 660 βασιλείαν
687 646 694 658 ,
719 627 764 653 καὶ
778 627 829 662 γῆν

28 671 140 707 ἀγαθὴν
157 671 203 698 καὶ
218 671 313 703 ὰΐδιὸν,
326 668 361 706 ἦς
373 670 524 706 χείμαρρος
537 671 552 696 ὁ
565 671 693 706 Χριστὸς,
710 672 829 704 ποτίζων

29 718 88 749 τοῖς
103 717 155 753 τῆς
168 717 264 751 σοφίας
284 716 412 752 νάμασιν.
435 715 646 752 Ἐκπορεύονται
670 717 698 744 δὲ
720 718 744 744 οἱ
773 719 829 753 χεί-

29 764 136 799 μαρροι
151 763 196 790 διὰ
212 762 267 790 τῶν
288 763 388 790 πεδίων
402 763 450 789 καὶ
472 763 609 790 ταπεινῶν
632 763 678 790 καὶ
708 763 829 799 γονίμων

27 808 198 844 ἀνθρώπων,
213 809 260 835 καὶ
271 808 317 835 διὰ
328 808 383 835 τῶν
401 808 512 844 ὑψηλῶν
529 808 624 844 ὀρέων,
646 809 700 836 τῶν
725 810 830 836 ἀνατει-

886 213 907 239 si
931 212 1072 239 mandetur
1095 211 1244 239 commodae
1267 216 1295 239 et
1319 212 1397 239 bonae
1424 216 1523 246 terrm,
1545 213 1595 240 hoc
1622 219 1675 247 est,

885 259 994 285 anima}.
1015 257 1059 285 Est
1073 258 1157 285 etiam
1175 265 1274 284 manna
1289 257 1389 285 album.
1403 257 1506 285 Lumen
1523 259 1594 285 enim
1613 267 1676 286 ver-

886 303 948 330 bum
955 308 1008 335 est,
1016 303 1096 337 idque
1107 303 1288 337 splevdidum.
1298 310 1329 330 ac
1337 302 1451 338 proinde
1463 310 1571 338 quoque
1584 303 1675 331 album

885 350 909 376 ei
925 349 970 384 qui
987 349 1074 383 ipsttnt
1094 348 1231 383 intelligit.
1246 349 1279 376 ab
1293 356 1380 383 coque
1394 349 1522 376 nutritur.
1533 349 1579 376 Est
1592 351 1674 377 etiam

886 399 1014 429 tanquam
1036 394 1107 430 gelu.
1129 394 1292 421 (Iontortum
1317 395 1390 422 enirn
1406 399 1448 422 est
1464 400 1491 422 et
1514 396 1674 426 neutiquam

884 439 1026 467 ﬂaccidum
1047 447 1135 474 neque
1158 439 1273 472 ﬂuxum,
1298 442 1346 467 sed
1373 431 1541 469 concretum.
1557 441 1676 469 Calesto

885 487 985 522 quippe
1004 487 1116 514 verimm
1132 490 1184 519 est,
1200 494 1233 514 ac
1250 486 1329 514 nobis
1342 486 1465 514 cceleslia
1481 489 1637 516 annuntiat.

921 533 1049 560 Dominus
1073 534 1143 560 enim
1171 533 1242 560 Deus
1268 538 1329 560 tuus
1354 533 1462 561 inducet
1485 539 1510 560 te
1524 534 1551 561 in
1575 539 1676 562 terram

884 579 978 605 bonam
1003 583 1029 605 et
1059 579 1171 606 multam
1185 579 1219 606 ⁷¹.
1236 579 1321 608 Nobis
1347 580 1473 608 Christus
1493 587 1547 608 non
1564 588 1596 608 se
1617 581 1675 609 haec

883 624 1011 651 daturum
1032 625 1168 659 promisit.
1183 625 1232 652 sed
1249 625 1379 653 eteiorum
1395 633 1519 661 regnum,
1533 630 1560 654 et
1574 631 1676 654 terram

884 670 983 696 bonam
996 674 1024 698 et
1036 675 1178 705 aeternam,
1192 672 1272 707 cujus
1287 676 1394 700 torretts
1409 671 1536 700 Christus
1550 673 1609 708 ipse
1622 677 1675 707 est,

883 721 980 749 potans
1008 717 1149 751 sapientiae
1169 725 1225 745 sua:
1244 717 1364 745 ﬂuentis.
1386 717 1521 746 Cteterum
1538 723 1674 748 torrentes

882 768 932 795 per
946 762 1097 796 explicatos
1113 764 1254 791 hominum
1273 764 1476 792 submissorum
1489 764 1675 800 fertiliumque

884 814 996 842 campos
1014 813 1239 843 erumpunt,'nee
1258 817 1310 837 tton
1327 817 1375 845 per
1387 814 1494 838 montes
1506 811 1676 839 sublimitate

26 854 153 889 νομένων
166 854 212 881 διὰ
225 855 255 881 τὸ
267 854 333 889 ὕψος
347 855 396 890 τῆς
411 854 528 890 θεωρίας
538 855 578 886 εἰς
593 855 734 890 οὐρανούς.
755 856 823 883 Ἐκεῖ

889 854 1121 888 :outemplationis
1141 856 1175 883 ad
1202 856 1287 884 oculos
1320 863 1405 891 usque
1431 856 1528 885 elatos.
1549 857 1607 885 Illic
1632 863 1676 886 est

26 901 41 926 ὁ
51 900 129 931 οἶτος
138 901 153 927 ὁ
164 899 300 935 στηρίζων
318 900 431 935 καρδίαν
444 899 600 936 ἀνθρώπου,
613 901 659 928 καὶ
672 901 753 936 κριθὴ
765 902 828 935 τοὺς

24 945 243 982 ὑποδεεστέρους
258 946 404 982 τρέφουσα.
428 947 501 973 Ἑκεί
517 947 534 982 ή
552 946 666 983 ἀληθινὴ
679 947 800 983 ἄμπελος
813 949 828 974 ὁ

24 993 159 1029 Χριστός.
180 993 253 1020 Ἐκεῖ
266 993 295 1020 τὸ
308 993 399 1020 ἔλαιον
411 993 442 1020 τὸ
460 993 584 1021 λιπαῖνον
602 993 656 1021 τῶν
673 995 754 1021 ὁσίων
778 995 826 1027 τὰς

24 1040 163 1075 κεφαλάς.
187 1040 303 1076 ὀμοίως
329 1040 379 1067 καὶ
402 1040 477 1076 ῥοαὶ,
495 1040 526 1067 τὺ
540 1040 626 1075 γλυκὺ
647 1041 697 1076 μὲν
721 1041 826 1068 ἔνδοθεν

24 1086 175 1123 φέρουσαι,
191 1087 242 1121 τῆς
261 1086 399 1118 πολιτείας
419 1086 447 1113 δὲ
460 1086 491 1112 τὸ
505 1086 642 1122 αὐστηρὸν
660 1086 760 1120 ἔξωθεν
784 1088 827 1114 ὲν-

23 1133 191 1168 δυσάμεναι.
215 1133 289 1159 Ἐκεῖ
302 1133 319 1168 ὴ
334 1133 413 1168 συκῆ,
427 1132 476 1167 οὐχ
490 1133 505 1167 ἡ
519 1131 644 1169 ἄκαρπος
659 1133 705 1159 καὶ
717 1133 826 1168 φύλλοις

22 1179 157 1215 κομῶσα,
173 1179 230 1206 ἀλλ’
246 1180 263 1214 ἠ
279 1179 430 1206 πλουτοῦσα
446 1179 493 1205 τοῦ
510 1178 664 1214 πνεύματος
689 1179 738 1215 τὴν
762 1179 826 1214 γλυ-

22 1226 146 1262 κύτητα.
169 1226 242 1252 Ἐκεῖ
256 1226 270 1252 ὁ
286 1225 445 1261 γλυκασμδς
458 1224 505 1251 τοῦ
524 1225 664 1260 φάρυγγος
678 1225 725 1264 τοῦ
737 1225 824 1261 Σωτῆ-

22 1281 73 1308 ρος
94 1273 110 1299 ὁ
125 1271 311 1307 ἐπιθυμητὰς,
333 1271 379 1298 καὶ
397 1270 430 1298 τὰ
445 1271 521 1307 χείλη
542 1271 592 1306 τῆς
614 1272 643 1297 ὲν
662 1270 701 1307 τῷ
722 1271 826 1308 ᾄσματι

20 1318 140 1354 νύμφης
157 1318 252 1353 κηρίον
266 1317 454 1349 ἁποστάζοντα
464 1338 472 1350 ,
488 1317 534 1345 καὶ
545 1317 570 1344 οἱ
585 1317 654 1344 λίθοι
668 1319 693 1344 οἱ
705 1318 787 1352 amt,
799 1318 825 1346 οι

19 1364 72 1390 ἐπὶ
87 1364 141 1399 τῆς
153 1363 205 1399 γῆς
223 1363 394 1395 κυλισθέντες
408 1363 476 1399 πρὸς
491 1365 661 1400 πειρασμοὺς
679 1364 824 1398 ἀνένδοτοι,

21 1411 73 1436 καὶ
87 1409 173 1444 φύσιν
188 1408 298 1445 σιδήρου
310 1407 540 1444 ἀπομιμούμενοι.
560 1409 633 1436 Ἐκεί
654 1409 689 1436 τὰ
707 1409 825 1445 μέταλλα

17 1456 71 1482 τοῦ
109 1455 229 1491 χαλκοῦ,
256 1455 285 1488 ἐξ
308 1452 340 1481 οὗ
358 1454 407 1490 τὴν
431 1455 529 1490 νοητὴν
561 1455 711 1483 πανοπλίαν
741 1465 824 1483 κατε-

19 1502 180 1530 σκεύασαν.
195 1502 248 1529 Καὶ
260 1502 290 1528 τὸ
303 1501 404 1528 τούτων
422 1501 568 1537 κεφάλαιον
583 1502 731 1534 ἀπαύστως
749 1503 825 1529 εὐλο-

17 1550 83 1583 γεῖν
101 1549 151 1575 τον
165 1548 242 1575 Θεόν.

63 1593 124 1621 Τοῦ
144 1592 247 1620 αὐτοῦ.
267 1594 324 1620 Οὐκ
335 1592 392 1620 ἔστι
405 1613 412 1625 ,
432 1593 500 1629 φησὶ
512 1613 519 1625 ,
539 1592 618 1629 πηλῷ
636 1593 683 1620 καὶ
700 1593 824 1630 πλινθείᾳ

19 1640 160 1677 μοχθεῖν,
182 1640 230 1666 καὶ
251 1639 434 1675 ταλαιπωρεῖν
447 1659 454 1672 ,
475 1639 543 1666 ἀλλὰ
562 1639 653 1672 λίθους
680 1639 751 1675 ἔχειν
777 1641 824 1667 καὶ

16 1688 140 1718 τούτους
164 1686 350 1722 ἰταμωτάτους
361 1706 368 1718 ,
385 1687 432 1713 καὶ
447 1686 484 1722 μὴ
503 1686 601 1723 ῥᾳδίως
619 1686 821 1722 διαλυομένους,

15 1736 60 1767 ὡς
75 1735 126 1761 ra}.
140 1734 306 1769 οἰκοδομίαις
323 1733 448 1769 ἐξαρκεῖν
464 1734 511 1760 καὶ
525 1734 572 1761 ἐπὶ
590 1734 657 1761 πολὺ
673 1734 821 1770 διαμένειν.

16 1781 122 1807 Ταῦτα
139 1779 166 1806 δὲ
184 1779 257 1814 λέγει
286 1779 335 1815 τὴν
361 1779 479 1807 διάνοιαν
498 1780 587 1806 αὐτῶν
607 1781 757 1816 ἀποστῆναι
773 1780 823 1815 τῆς

14 1826 168 1861 Αἰγύπτου
185 1825 356 1861 βουλόμενος.
369 1825 417 1852 Διὰ
430 1826 484 1862 γὰρ
495 1825 543 1852 τοῦ
556 1826 653 1858 εἰπεῖν,
667 1835 675 1851 ι
687 1826 820 1862 ἀγαθὴν.»

13 1875 49 1900 τὸ
65 1873 184 1908 γόνιμον
199 1872 291 1905 ἔδειξε·
308 1872 352 1899 διὰ
366 1872 393 1899 δὲ
409 1872 466 1903 τοῦ,
483 1881 492 1897 t
505 1872 614 1907 πολλὴν,
631 1882 639 1898 t
658 1873 688 1898 τὸ
709 1872 821 1907 μέγεθος

14 1921 71 1947 καὶ
88 1920 119 1946 τὸ
133 1919 244 1951 πλάτος.
262 1929 271 1944 ι
288 1915 325 1944 υῦ
340 1918 486 1954 χείμαῤῥοι
499 1918 604 1945 ὑδάτων
623 1917 711 1953 (τοῦτο
727 1919 777 1944 οὐκ
793 1920 821 1945 ἐν

11 1965 181 2001 Αἰγύπτῳ),
198 1965 245 1991 καὶ
257 1965 344 2000 πηγαὶ
360 1963 496 1991 ἀϐύσσων·
514 1974 523 1990 t
542 1964 611 2000 ὅπερ
625 1964 764 1999 ἐξαίρετον
787 1965 820 2000 τῇ

12 2015 53 2049 τῇ
85 2013 136 2048 τῆς
158 2010 333 2045 ἐπαγγελίας.
361 2010 517 2047 Προσέθηκε
552 2010 581 2036 δὲ
604 2011 649 2036 καὶ
681 2020 689 2035 ι
705 2009 748 2036 διὰ
767 2011 821 2037 τῶν

7 2060 121 2097 ὁρέων·
138 2069 147 2084 ι
167 2058 234 2093 ὅπερ
254 2059 287 2093 τῇ
305 2057 434 2092 Αἰγύπτῳ
449 2057 480 2084 οὑ
496 2056 652 2092 πρόσεστιν,
676 2056 733 2083 ἀλλ’
759 2056 821 2082 οὐδὲ

7 2105 160 2142 ἀμπέλοις
175 2105 257 2139 κομᾷ,
275 2103 335 2130 οὐδὲ
351 2103 481 2137 ἀφθονίαν
498 2102 554 2138 ἔχει
568 2102 668 2128 ἐλαίου’
687 2103 703 2137 ἡ
722 2102 751 2128 δὲ
773 2102 821 2137 τῆς

8 2150 194 2186 ἐπαγγελίας
208 2150 243 2185 γῆ
262 2149 350 2176 πάντα
371 2148 516 2180 πλουσίως.

54 2242 197 2276 Πρόσεχε
211 2238 339 2272 σεαυτῷ,
350 2239 393 2273 μὴ
405 2238 533 2272 ἐπιλάϐῃ
546 2237 655 2272 Kvplov
678 2236 732 2264 τοῦ
746 2237 820 2264 Θεοῦ

7 2297 92 2316 σει-υ.
108 2287 189 2315 Μετὰ
212 2286 260 2322 τὴν
285 2287 339 2312 τῶν
357 2285 466 2321 ἀγαθῶν
488 2284 653 2319 ἐπαγγελίαν
677 2284 717 2315 εἰς
740 2284 821 2319 νῆψιν

6 2335 125 2365 αὐτοὺς
149 2333 330 2366 διανίστησιν,
353 2332 400 2358 τοῦ
421 2332 567 2367 εὐεργέτου
590 2330 756 2366 μεμνῆσθαι,
774 2331 821 2357 καλ¹

7 2384 58 2420 μὴ
76 2381 232 2417 ὲξυϋρίζειν
245 2381 284 2416 τῷ
299 2380 381 2416 κόρῳ,
400 2379 466 2415 μηδὲ
482 2379 656 2414 περιφρονεῖν
671 2378 717 2404 τοῦ
734 2378 820 2406 ταῦτα

4 2428 230 2466 δωρησαμένου,
245 2428 292 2454 καὶ
302 2427 342 2453 ὅτι
356 2428 388 2453 ὲκ
399 2426 448 2461 τῆς
460 2426 488 2452 ὲν
503 2424 632 2460 Αἰγύπτῳ
646 2423 767 2461 δουλείας
781 2425 821 2456 εἰς

4 2477 183 2512 ἐλευθερίαν
196 2476 295 2507 αὐτοὺς
309 2475 499 2510 μετεκόμισεν.

55 2523 103 2549 Οὐ
127 2520 268 2554 ποιήσεις
287 2520 381 2552 οὕτως
399 2520 497 2553 Κυρίῳ
509 2517 549 2551 τῷ
563 2517 624 2550 Θεῷ
641 2526 711 2546 σου.
725 2518 821 2544 Mrta-

4 2580 64 2598 ται
80 2569 113 2595 τὸ
126 2568 203 2594 θύειν
226 2566 260 2593 τὰ
279 2565 383 2593 ἑαυτῶν
403 2565 487 2593 τέκνα
510 2565 573 2596 τοὺς
592 2564 754 2600 ἀνθρώπους
766 2566 822 2597 τοῖς

4 2616 94 2646 0;οῖς
110 2613 168 2640 τῶν
181 2611 277 2644 ἐθνῶν,
292 2612 330 2643 ὡς
345 2612 420 2647 ὠμὸν
441 2611 486 2638 καὶ
499 2610 694 2647 ἀπάνθρωπονο
707 2610 744 2642 ὡς
760 2609 819 2645 βδε-

5 2660 131 2689 Zur-:6»).
147 2658 202 2684 Καὶ
215 2657 278 2688 τοὺς
293 2656 423 2691 λέγοντας
438 2657 518 2684 θύσαι
534 2657 603 2687 θεοῖς
615 2655 668 2682 τῶν
689 2656 773 2683 ἐθνῶν
790 2657 819 2682 οὐ

4 2710 104 2746 μόνον
129 2706 352 2742 ἀποστρέφεσθαι
369 2705 419 2738 δεῖ,
437 2705 504 2732 ἀλλὰ
528 2705 575 2731 καὶ
595 2704 643 2739 τὴν
667 2705 752 2740 ἀκοὴν
766 2705 822 2735 τοῖς

4 2757 58 2789 id}
73 2762 111 2786 at;
124 2752 218 2780 αὐτῶν
230 2752 267 2787 μὴ
278 2751 400 2786 ὑπέχειν.

39 2837 81 2861 ’⁴¹
95 2846 176 2872 Deut.
194 2851 252 2874 vn.,
271 2842 298 2871 7.
335 2843 359 2859 ¹¹¹
375 2843 451 2870 Dent.
468 2851 507 2874 nt,
529 2842 573 2871 11.
611 2841 634 2858 ’³
657 2841 735 2870 Deut.
748 2843 800 2873 ‘xn,
813 2839 839 2868 4.

186 2891 324 2922 Parum.
346 2891 404 2921 Gn.
421 2891 489 2922 XII.

836 2217 860 2246 D

884 899 1050 928 frumentum
1074 902 1146 937 quod
1174 902 1313 930 inferioris
1329 903 1414 930 sortis
1431 903 1557 931 homines
1576 904 1673 932 nutrit.

881 945 938 974 Illic
964 955 1025 974 vera
1050 948 1112 975 vitis
1134 953 1176 976 est
1196 947 1329 976 Christus.
1348 949 1406 977 Illic
1426 954 1468 977 est
1490 950 1593 983 oleum,
1610 959 1674 978 sau-

881 998 987 1020 ctoruut
1005 994 1177 1030 impinguans
1196 995 1295 1029 capita.
1311 995 1352 1022 Ita
1369 1003 1478 1031 quoque
1492 995 1593 1024 ﬂuettta
1610 1002 1674 1025 sunt.

881 1039 1053 1066 dulcedinem
1071 1039 1143 1066 intra
1170 1048 1201 1067 se
1225 1040 1354 1073 ferentia,
1367 1041 1469 1076 politis:
1485 1050 1550 1070 vero
1565 1044 1674 1071 acerbi«

882 1089 966 1111 tatem
993 1084 1149 1113 forinsecus
1174 1086 1409 1114 circumlabentia.
1438 1086 1493 1115 Illic
1519 1087 1587 1115 ﬁcus
1611 1097 1672 1124 quae

880 1138 979 1166 magna
995 1131 1120 1159 ubertate
1144 1131 1258 1167 spiritus
1275 1131 1434 1159 suavitatem
1453 1133 1549 1169 gignit,
1571 1142 1623 1162 non
1640 1143 1673 1162 ea

880 1184 947 1204 vero
962 1185 1021 1211 «tua:
1035 1177 1137 1206 sterilis
1153 1183 1206 1212 est,
1233 1186 1265 1205 ac
1280 1177 1353 1205 foliis
1371 1178 1460 1205 solunt
1474 1184 1599 1207 ornatur.
1615 1179 1673 1207 Illic

879 1223 994 1251 dulcedo
1013 1223 1133 1252 faucium
1156 1224 1309 1252 Salvatoris
1324 1225 1491 1259 desiderata,
1511 1231 1539 1253 et
1553 1226 1623 1254 labia
1641 1228 1672 1254 il-

880 1268 932 1296 lius
945 1269 978 1296 de
991 1277 1043 1304 qua
1065 1270 1091 1297 itt
1116 1271 1237 1302 cantico,
1256 1278 1362 1305 sponsa:
1376 1272 1428 1300 mel
1449 1272 1592 1300 stillantia.
1615 1272 1672 1301 Illic

879 1315 985 1348 lapides
996 1316 1096 1350 sancti,
1107 1323 1189 1351 super
1203 1321 1276 1344 terra
1291 1317 1405 1345 volutati
1419 1323 1447 1346 et
1458 1318 1492 1346 ad
1506 1318 1672 1346 tentationes

880 1361 1001 1396 infracti,
1019 1368 1047 1390 et
1073 1362 1139 1390 ferri
1163 1368 1288 1390 naturam
1318 1364 1467 1393 imitantes.
1489 1365 1546 1392 Illic
1561 1366 1671 1394 metalla

879 1408 953 1440 teris,
969 1416 1003 1435 ex
1021 1416 1075 1443 quo
1088 1414 1258 1436 armaturam
1278 1410 1448 1445 spiritualeut
1469 1412 1601 1439 certaturi
1628 1413 1672 1441 in-

879 1458 1048 1482 struxerunt.
1076 1454 1177 1482 Ilot'unt
1203 1460 1284 1489 caput
1307 1461 1366 1488 est,
1384 1457 1468 1485 Deum
1485 1457 1672 1487 indesinenter

879 1499 1007 1528 laudibus
1022 1500 1173 1528 celebrare.

913 1590 1052 1625 Ejusdem.
1068 1590 1126 1618 Non
1140 1595 1194 1624 est,
1207 1591 1296 1627 inquit
1310 1612 1318 1624 ,
1343 1592 1398 1620 illic
1416 1592 1442 1619 in
1466 1594 1523 1620 luto
1537 1598 1564 1620 et
1579 1594 1671 1623 lateri-

878 1635 928 1663 bus
947 1636 1035 1668 labor,
1053 1644 1142 1672 neque
1158 1637 1278 1671 miseria,
1296 1639 1344 1665 sed
1363 1638 1467 1673 lapides
1483 1639 1588 1666 atl‘atim
1605 1644 1671 1668 sunt

878 1682 925 1716 qui
942 1688 1040 1717 sponte
1062 1689 1093 1710 se
1109 1682 1239 1715 oﬂ‘erunt,
1255 1691 1344 1719 neque
1367 1683 1447 1712 facile
1463 1685 1670 1718 dissolvuntur,

878 1727 914 1754 ita
934 1733 963 1754 ut
984 1731 1012 1755 et
1035 1728 1158 1756 aediliciis
1174 1728 1319 1761 suﬂieiaut,
1339 1735 1365 1756 et
1381 1730 1414 1757 ad
1433 1729 1545 1757 multum
1564 1735 1671 1766 tempus

877 1774 1036 1808 perdurent.
1056 1774 1120 1802 Ilaec
1132 1779 1223 1802 autent
1237 1775 1314 1807 dicit,
1338 1779 1368 1802 ut
1386 1782 1482 1803 eorum
1499 1782 1618 1804 mentem
1635 1778 1670 1806 ab

877 1820 993 1855 (Egypto
1009 1825 1125 1848 avertat.
1141 1821 1209 1849 Cum
1227 1822 1300 1850 enim
1322 1823 1371 1855 ait,
1389 1832 1398 1848 ι
1417 1822 1529 1856 bonam,
1548 1833 1556 1849 I
1573 1824 1670 1852 fertili-

877 1872 959 1895 tatem
976 1867 1061 1903 389
1084 1869 1214 1896 ostendit.
1238 1868 1307 1896 Cum
1331 1876 1397 1897 vero
1420 1870 1468 1903 ait,
1483 1879 1492 1896 ι
1506 1871 1639 1905 multaut,
1655 1880 1666 1898 ι

876 1913 1093 1946 magnitudinem
1109 1919 1137 1942 et
1156 1914 1329 1942 latitudinem
1355 1915 1499 1943 indicavit.
1518 1925 1528 1942 ι
1545 1916 1595 1945 Ubi
1613 1923 1670 1945 tor-

877 1965 969 1987 rentes
993 1967 1126 1995 aquarum
1155 1960 1218 1996 (hoc
1243 1969 1295 1988 non
1314 1962 1340 1989 in
1366 1962 1497 1998 (Egypto)
1525 1969 1552 1991 et
1578 1964 1670 1993 fontes

876 2006 1057 2041 abyssorum,
1075 2017 1085 2033 ι
1111 2008 1183 2042 quod
1209 2012 1291 2036 terrae
1313 2009 1502 2043 promissionis
1527 2011 1669 2045 peculiare

875 2057 927 2078 est.
953 2053 1067 2080 Addidit
1083 2054 1176 2088 etiam,
1197 2064 1206 2081 ι
1225 2062 1273 2088 per
1298 2061 1415 2089 montes,
1431 2065 1441 2082 ι
1468 2057 1567 2092 quibus
1593 2063 1669 2086 can-t

875 2095 1022 2132 Egyptus,
1035 2106 1096 2133 quae
1111 2106 1160 2127 nec
1179 2100 1408 2136 vineis'abundat,
1423 2110 1474 2130 nec
1494 2103 1547 2131 elei
1559 2105 1667 2139 copiam

878 2145 974 2179 habet;
993 2150 1064 2172 terra
1089 2150 1179 2172 autem
1202 2147 1388 2180 promissionis
1413 2147 1533 2174 omnium
1553 2148 1660 2174 abunde

879 2191 961 2219 ferax.

913 2238 1023 2265 Attende
1045 2238 1106 2271 tibi,
1130 2247 1161 2265 ne
1184 2239 1343 2267 obliviscaris
1366 2241 1470 2267 Domini
1488 2241 1542 2270 ,Dei
1566 2243 1605 2268 tm'
1627 2244 1660 2268 τ’.

879 2283 943 2310 Post
965 2283 1097 2311 bonorum
1120 2286 1343 2318 promissionem,
1363 2287 1395 2313 ad
1416 2287 1589 2315 sobrietatem
1615 2297 1662 2315 eos

879 2334 1001 2362 revocat,
1023 2335 1053 2357 ut
1078 2330 1257 2359 hencfactnris
1279 2332 1470 2365 meminerint.
1497 2342 1585 2368 tthue
1606 2343 1662 2369 pne

879 2376 1001 2404 satietate
1020 2376 1196 2410 insolescaut,
1222 2386 1311 2413 neque
1334 2383 1509 2406 contemnant
1530 2387 1591 2407 eum
1615 2380 1662 2414 qui

879 2422 918 2448 eis
933 2422 990 2449 tunc
1005 2422 1075 2449 bona
1090 2423 1173 2454 dedit.
1190 2429 1216 2451 et
1228 2424 1261 2451 ab
1275 2424 1380 2460 [Egypti
1395 2425 1526 2453 servitute
1539 2426 1566 2453 in
1581 2426 1661 2453 liber-

879 2473 960 2495 tatem
975 2476 1022 2495 eos
1039 2470 1183 2497 transtulit.

914 2516 974 2543 Non
991 2517 1070 2551 facies
1090 2519 1127 2544 sic
1151 2517 1259 2544 Domino
1281 2518 1334 2545 Deo
1350 2523 1393 2544 tuo
1408 2519 1441 2545 ⁷³.
1457 2519 1548 2554 Carpit
1563 2521 1661 2548 crude-

881 2568 950 2595 lem,
980 2565 1155 2591 inhumanum
1186 2570 1266 2597 atque
1299 2566 1492 2592 exsecrandum
1521 2567 1661 2595 hominum

875 2616 978 2637 morem
996 2608 1042 2643 qui
1068 2607 1194 2642 proprios
1212 2606 1314 2634 liberos
1328 2606 1380 2633 diis
1402 2606 1520 2641 gentium
1542 2604 1667 2633 immola-

875 2655 951 2683 bant.
968 2654 1061 2690 Neque
1077 2654 1166 2682 solutn
1185 2653 1304 2688 fugiendi
1320 2657 1383 2680 sunt
1398 2652 1444 2687 qui
1460 2652 1556 2679 dicunt
1569 2659 1598 2679 se
1613 2652 1667 2679 diis

875 2700 996 2735 gentium
1012 2699 1164 2732 immolare,
1177 2700 1223 2727 sed
1241 2706 1327 2733 neque
1343 2699 1416 2727 euris
1427 2706 1521 2726 eorum
1532 2697 1667 2726 sermoni-

876 2749 925 2775 bus
938 2747 1093 2783 pnebenda.

1478 2887 1518 2915 211
