1902 3052
20 128 80 157 813

627 127 782 156 SELECT.\
801 128 832 156 lN
854 127 1053 157 DEUTERON.

1619 135 1673 162 8N

63 186 115 220 Τίς
136 187 152 214 ὁ
174 187 332 221 ἅνθρωπος
353 188 369 214 ὁ
389 187 584 222 φοϐούμενος.
606 188 635 214 Ὀ
650 190 706 221 τοῖς
722 191 821 224 γηῖνοιε

914 190 980 222 Qui:
1002 196 1040 218 est
1058 191 1136 218 homo
1157 192 1251 220 timens
1269 193 1302 220 “.
1327 194 1377 227 Qui
1404 194 1521 223 terrenis
1549 195 1673 224 addictus

19 235 190 272 ἐγκείμενος
200 235 247 262 καὶ
256 235 346 262 οἰκίαν
360 235 521 270 οἰκοδομῶν.
537 237 584 262 καὶ
599 237 721 270 φυτεύων
735 238 826 272 ἀμπε-

19 281 125 315 λῶνας,
147 284 208 314 ταῖς
228 282 418 316 φιλοσαρκίαις
441 282 543 317 ἡδονῶν
563 282 728 318 ἡττώμενος,
751 283 826 311 ἔσται

19 330 138 362 πάντως
149 329 237 361 δειλός
251 338 283 356 τε
302 330 350 356 καὶ
363 329 487 360 ἄναλκις.

67 377 140 403 Ἐὰν
160 375 195 403 δέ
215 384 273 403 τινι
287 375 352 409 υἱὸς
365 375 490 409 ἀπειθὴς
509 372 539 411 ᾖ.
555 375 611 411 Οὺχ
623 376 717 409 ἁπλῶς
735 377 825 412 βούλε-

17 431 68 450 ται
79 421 252 458 ἀναιρεῖσθαι
277 421 376 453 αὐτοὺς
400 423 670 458 παραπικραίνοντας
693 424 755 455 τοὺς
778 432 825 458 γο-

20 469 91 500 νεῖς·
115 468 173 494 ἀλλ’
194 467 260 495 ὅταν
281 467 434 503 ἀμφότεροι
458 469 676 503 συμφωνήσωσιν
694 470 718 495 οἱ
739 472 826 504 γονεῖς

19 513 98 542 κατὰ
122 513 171 540 τοῦ
189 513 294 545 παιδός.
314 513 423 549 Ἐπειδὴ
443 514 499 549 γὰρ
515 514 548 540 ἄν
563 523 592 540 τε
606 516 620 541 ὁ
641 515 732 551 πατὴρ
748 517 825 551 ὀργι-

19 561 88 596 σθῇ,
103 560 152 587 καὶ
168 560 273 587 ἀνελεῖν
291 561 403 598 ὁρμήσῃ
419 561 466 588 τὸν
486 562 553 593 υἱὸν,
571 563 587 597 ἡ
609 563 700 598 μήτηρ
719 564 823 599 ἐπέχει·

18 609 56 636 ἄν
70 617 102 635 τε
116 608 188 644 αὐτὴ
205 609 373 645 παροξυνθῇ,
386 609 401 636 ὁ
422 609 514 646 πατὴρ
529 611 579 637 οὐκ
592 611 634 646 ἑᾷ·
652 611 700 637 καὶ
713 610 825 637 σπάνιον

17 654 101 681 ἔσται
115 654 297 690 συμφωνῆσαι
316 655 383 686 τοὺς
397 656 487 689 γονεῖς
506 656 578 683 κατὰ
594 656 642 682 τοῦ
659 655 723 682 ἰδίου
734 655 824 683 αὐτῶν

16 701 133 734 τέκνου,
149 701 312 736 προστάττει
329 702 343 728 ὁ
364 701 442 734 Θεὸς,
460 702 524 729 ὅταν
543 703 694 738 ἀμφότεροι
712 711 824 737 συμφω-

17 748 131 783 νήσωσι
153 747 223 774 κατὰ
238 747 285 774 τοῦ
303 747 408 780 παιδὸς,
422 747 482 774 τότε
498 747 659 774 καταλεύειν
682 748 774 780 αὑτὸν,
791 749 823 775 οὐ

15 795 86 826 τοὺς
100 794 296 829 γεννήσαντας,
314 793 382 820 ἀλλὰ
397 794 459 826 τοὺς
471 793 592 826 λοιπούς.

58 842 104 867 Οὺ
118 839 317 874 κατασπερεῒς
330 839 385 866 τόν
402 839 567 875 ἀμπελῶνά
587 848 646 867 σου
667 840 820 875 διάφορον.

17 887 82 914 Ἵνα
99 886 138 922 μὴ
153 886 308 922 ἁτονωτέρα
330 886 444 921 γένηται
458 887 475 922 ἡ
490 887 537 922 γῆ,
555 887 593 918 ὼς
610 887 678 922 μήτε
693 887 724 914 τὸ
739 888 822 923 σπέρ-

16 942 61 968 μα
82 932 188 969 πλῆρες
205 931 370 963 ἀποδιδόναι,
393 932 463 967 μήτε
488 932 538 967 τῆς
554 932 677 968 ἀμπέλου
700 933 745 960 τὸν
759 942 823 970 καρ-

17 979 87 1012 πὸν,
105 977 176 1005 ἀλλὰ
189 978 251 1004 καθ’
264 977 362 1004 ἑαυτοῦ
373 977 500 1005 ἕκαστον.

58 1027 124 1053 οὑιι
149 1024 338 1059 ἁροτριάσεις
363 1024 399 1051 ὲν
425 1025 535 1059 μόσχῳ
558 1025 607 1052 καὶ
636 1025 696 1058 ὄνῳ
717 1025 766 1052 ἐπὶ
790 1026 822 1053 τὸ

15 1071 108 1098 αὑτό.
127 1070 166 1096 Τὸ
181 1069 284 1104 γαῦρον
296 1068 347 1104 τῆς
360 1068 451 1104 ψυχῆς
465 1069 512 1096 καὶ
529 1069 672 1104 φιλόπονον
691 1070 731 1106 τῷ
745 1071 822 1107 φιλη-

14 1118 90 1153 δόνῳ
109 1117 157 1144 καὶ
173 1115 315 1152 παθητικῷ
329 1115 366 1151 μὴ
380 1115 522 1152 συζεύξῃς.

60 1163 119 1192 Τοῦ
136 1162 241 1190 αὑτοῦ.
261 1157 374 1194 Ἡσαΐας
394 1162 423 1189 δὲ
450 1162 531 1190 πάλιν
550 1163 651 1199 γράφει
663 1172 670 1179 ·
689 1173 698 1190 ς
725 1163 821 1191 Μακὰ-

17 1218 76 1245 ριοι
89 1209 116 1235 οἱ
131 1208 288 1244 σπείροντες
312 1208 359 1235 ἐπὶ
374 1208 427 1234 πᾶν
443 1207 527 1244 ὕδωρ.
554 1218 563 1235 ι
582 1209 661 1237 Ποῖον
680 1209 761 1245 ὕδωρ,
778 1210 821 1244 ἐφ’

14 1253 39 1289 ᾧ
53 1255 96 1282 δεῖ
116 1254 241 1290 σπείρειν
259 1254 290 1280 τὸ
311 1253 394 1281 καλὸν
410 1254 521 1290 σπέρμα
534 1262 541 1287 ;
555 1255 605 1290 Εῑη
628 1255 657 1281 δὲ
677 1255 756 1282 τοῦτο
773 1255 821 1290 βά-

17 1310 132 1337 πτισμα
148 1301 199 1336 τῆς
213 1300 360 1336 σωτηρίας,
373 1302 402 1326 τὸ
410 1300 522 1336 λουτρὸν
534 1300 585 1335 τῆς
599 1301 818 1335 παλιγγενεσίας.

17 1349 122 1383 Σπείρε
137 1346 184 1373 ἐπὶ
200 1346 231 1374 τὸ
242 1346 391 1381 μυστήριον
404 1345 451 1373 τοῦ
463 1345 587 1381 λουτροῦ,
600 1346 646 1373 καὶ
659 1347 720 1382 γίνῃ
736 1349 822 1382 μακά-

17 1405 89 1433 ριος.
116 1395 192 1422 Ἐκ;ῖ
216 1394 279 1429 βοῦς
295 1394 342 1420 καὶ
359 1393 418 1425 ὄνος
437 1394 526 1426 πατεῖ,
547 1393 610 1428 βοῦς
632 1395 646 1420 ὁ
673 1393 793 1430 καθαρὸς
806 1396 820 1422 ὁ

23 1442 213 1478 Ἰσραηλείτης,
231 1441 279 1468 καὶ
301 1440 362 1470 ovo;
385 1439 542 1475 ἀκάθαρτος
565 1441 598 1466 ὲκ
613 1440 710 1474 γένους
732 1442 746 1468 ὁ
766 1441 820 1468 ἀπὸ

16 1489 73 1516 τῶν
86 1488 184 1514 ἐθνῶν·
199 1487 243 1513 ἵνα
256 1486 287 1513 σύ
293 1486 391 1522 μ6ολον
438 1486 581 1522 ἀμφότερα
594 1487 628 1514 τὰ
642 1486 700 1519 ζῶα
715 1487 762 1515 τοῦ
775 1487 820 1515 λό-

16 1543 70 1570 γου
83 1535 135 1562 τοῦ
153 1536 209 1566 τοῖς
231 1533 320 1560 εθνεσι
343 1534 563 1569 κεκηρυγμένον.
589 1534 674 1561 Πατεῖ
690 1532 738 1561 οὖν
755 1535 819 1569 βοῦς
833 1549 854 1580 c

17 1583 66 1610 καὶ
85 1583 160 1614 ὄνος,
186 1581 263 1616 φησὶ,
281 1580 361 1607 τοῦτο
378 1580 409 1606 τὺ
425 1579 498 1616 ὕδωρ
511 1581 578 1608 ὅπου
596 1582 719 1617 σπείρειν
745 1582 820 1610 θέλο-

42 1637 84 1655 εν.

19 1638 132 1700 “iis?”
156 1671 191 1699 δὲ
209 1673 330 1708 γένηται
353 1671 423 1705 παῖς
448 1673 596 1707 παρθένος
625 1682 819 1710 μεμνηστευ-

18 1720 98 1755 μένη
111 1718 210 1753 ἀνδρί.
225 1719 282 1754 Τὴν
298 1718 348 1754 ἤδη
374 1720 620 1756 μεμνηστευμένην
637 1723 756 1756 γυναῖκα
771 1731 821 1750 κα-

18 1765 59 1793 λεῖ
73 1774 80 1780 ·
107 1764 182 1792 οὕτω
203 1765 251 1791 καὶ
275 1765 322 1791 ἐπὶ
345 1764 392 1790 τοῦ
413 1764 514 1800 Ἰωσὴφ
541 1766 588 1793 καὶ
615 1767 666 1802 τῆς
694 1767 819 1795 Gem-61w

19 1811 136 1847 ἐλέχθη.

56 1858 114 1885 Καὶ
127 1857 183 1890 ἓως
195 1858 238 1890 εἰς
249 1857 303 1884 τὸν
315 1857 417 1884 αἰῶνα.
437 1858 546 1894 Ἐπειδὴ
564 1859 610 1886 καὶ
624 1857 696 1887 οὗτοι
709 1861 741 1887 ἐκ
753 1868 820 1896 πορ-

19 1906 98 1937 νείας
117 1906 188 1932 εἰσιν
203 1905 257 1932 ἀπὸ
274 1905 329 1931 τῶν
351 1905 510 1942 θυγατέρων
525 1906 574 1933 τοῦ
596 1906 672 1933 Λώτ·
687 1908 718 1933 οὑ
739 1908 821 1942 μόνον

19 1952 49 1979 δὲ
73 1952 128 1983 ἕως
147 1952 244 1985 γενεᾶς
271 1951 386 1986 δεκάτης
411 1951 521 1979 ἄδεκτοι
543 1954 577 1988 τῇ
601 1955 746 1989 συναγωγῇ
771 1954 819 1980 τοῦ

25 1998 142 2034 Ἰσραήλ
156 1998 237 2028 εἰσιν,
247 1997 315 2024 ἀλλὰ
328 1998 375 2024 καὶ
387 1998 427 2029 εἰς
440 1998 485 2024 τὸν
497 1998 592 2026 αἰῶνα.
605 1999 683 2026 Οὕτω
696 1998 819 2034 βούλεται

19 2045 117 2075 αὐτοῖς
129 2043 180 2079 τὴν
198 2043 298 2079 ἐχθραν
320 2043 405 2071 ὰῖδιον
429 2042 512 2070 εἶναι’
530 2045 601 2071 κατὰ
618 2045 668 2080 μὲν
687 2046 718 2072 τὸ
731 2046 820 2081 νόημα

19 2093 70 2118 καὶ
85 2091 136 2126 τὴν
158 2089 245 2125 ἀληθῆ
259 2091 347 2117 αἰτίαν
364 2090 413 2126 τῆς
425 2090 500 2122 θείας
526 2091 645 2127 Γραφῆς,
659 2092 754 2128 ἐπειδὴ
775 2092 819 2119 τὸν

19 2136 142 2170 Βαλαὰμ
167 2135 364 2171 ἐμισθώσαντο,
388 2136 432 2170 ἐφ’
453 2132 505 2169 ᾧτε
535 2137 740 2174 καταράσασθαι
763 2139 819 2170 τοῖς

24 2182 179 2218 Ἑϐραίοις,
201 2181 269 2208 ἀλλὰ
289 2182 336 2209 καὶ
354 2182 404 2214 τὰς
427 2181 518 2209 αὐτῶν
545 2185 679 2217 γυναῖκας
703 2185 750 2211 καὶ
770 2185 820 2217 τὰς

880 242 932 266 est.
944 241 972 263 et
987 237 1097 263 domum
1114 238 1244 272 aediﬁcat,
1260 245 1287 267 et
1312 240 1419 274 plantat
1433 241 1537 274 vineas.
1553 247 1581 269 et
1595 243 1673 270 volu-

877 283 998 316 ptatibus
1013 284 1103 311 carnis
1124 285 1252 319 vincitur,
1271 286 1294 313 is
1313 287 1426 316 omnino
1454 289 1507 317 erit
1527 289 1672 318 meticulo-

878 337 925 356 sus
937 334 964 356 et
980 329 1147 358 instreuuus.

916 374 946 402 Si
960 376 1003 402 cui
1024 381 1111 403 autem
1133 377 1205 410 ﬁlius
1220 377 1301 412 fuerit
1314 380 1420 406 rebellis
1435 380 1467 406 ⁸³.
1493 379 1550 408 Νοη
1568 381 1669 416 simpli-

878 421 948 448 citer
969 421 1026 448 vult
1051 422 1166 450 interﬁci
1195 431 1210 450 a
1236 425 1396 458 parentibus
1419 427 1605 459 exacerbatis,
1624 428 1671 454 sed

877 474 938 493 cum
965 471 1080 501 uterque
1113 475 1213 502 parens
1240 471 1411 498 consenserit
1439 477 1535 500 contra
1571 473 1668 501 ﬁlium.

878 511 1105 547 Quandoquidem
1118 515 1191 541 enim
1209 515 1230 541 si
1252 520 1329 550 pater
1342 515 1429 543 iratus
1440 517 1568 545 occidere
1581 518 1671 546 volue-

879 559 914 585 rit
930 558 1026 590 ﬁlium,
1044 563 1130 586 mater
1143 560 1271 592 cohibet;
1289 561 1310 587 si
1325 565 1414 588 autem
1432 561 1490 590 hzec
1504 563 1595 590 animo
1609 571 1672 591 exa-

876 605 986 632 cerbata
1003 606 1095 637 fuerit,
1111 611 1188 640 pater
1214 614 1267 634 nou
1289 607 1364 639 sinit,
1385 611 1413 634 et
1435 615 1527 636 rarum
1542 613 1585 636 est
1604 617 1670 637 con-

877 651 979 678 sentire
996 656 1125 686 parentes
1139 658 1234 680 centra
1262 653 1402 688 proprittm
1425 653 1523 688 ﬁlittm,
1547 655 1671 690 praecipit

877 696 947 724 Dens
966 703 994 724 ut
1011 706 1071 725 eum
1092 698 1172 726 ambo
1183 699 1371 726 consenserint
1385 705 1479 727 contra
1494 700 1591 734 ﬁliutn,
1607 706 1669 730 tunc

876 743 997 779 lapident
1011 752 1086 778 cum,
1101 752 1155 772 non
1172 745 1221 780 ipsi
1237 751 1376 781 parentes,
1392 746 1439 774 sed
1451 746 1560 782 reliqui.

914 835 976 862 Non
990 835 1133 863 seminabis
1146 837 1248 864 vineam
1263 843 1335 865 tuam
1349 839 1450 866 variam
1463 839 1498 867 ⁸⁵.
1512 840 1551 868 Ne
1564 841 1670 869 scilicet

839 876 860 903 Β
876 880 1012 909 inﬁrmior
1024 883 1124 910 evadat
1141 889 1224 913 terra.
1247 884 1282 911 ita
1312 889 1342 911 ut
1367 893 1457 920 neque
1481 894 1573 915 semen
1599 888 1669 916 inte-

876 936 955 962 grum
974 930 1086 957 reddere
1109 930 1207 964 possit.
1226 937 1314 965 neque
1332 931 1418 959 vineae
1440 932 1559 961 fructum
1586 943 1595 962 :
1620 935 1668 962 scd

880 976 1096 1010 unumquodque
1113 976 1263 1010 separatim
1276 976 1436 1006 semiuetur.

912 1019 975 1047 Non
995 1023 1084 1049 orabis
1097 1022 1123 1049 in
1136 1022 1218 1049 vitulo
1239 1027 1264 1049 et
1289 1023 1364 1050 asino
1376 1024 1404 1051 in
1417 1024 1531 1058 idipsum
1543 1024 1577 1052 ⁸⁵.
1590 1025 1669 1059 Quod

874 1072 915 1094 cst
930 1067 1030 1094 elatum
1055 1073 1082 1096 et
1096 1068 1260 1096 laboriosum
1278 1069 1304 1096 in
1317 1069 1418 1103 anima,
1433 1078 1466 1099 ne
1479 1078 1541 1099 cum
1555 1080 1588 1100 eo
1604 1080 1670 1101 cou-

871 1114 996 1148 junxeris
1015 1114 1088 1149 quod
1101 1114 1182 1141 tttolle
1196 1119 1225 1141 et
1241 1115 1388 1151 voluptatis
1405 1124 1500 1145 amans
1512 1122 1565 1146 est.

910 1159 1049 1194 Ejusdem.
1067 1160 1152 1187 Isaias
1167 1167 1262 1188 rursus
1279 1161 1374 1188 scribit
1387 1161 1432 1188 ":
1451 1171 1460 1188 ι
1478 1161 1554 1191 Beati
1569 1165 1615 1199 qui
1629 1172 1669 1193 se-

876 1206 986 1234 minatis
999 1214 1081 1242 super
1104 1214 1212 1234 onmem
1231 1214 1341 1243 aquam.
1358 1216 1368 1233 ι
1394 1208 1522 1242 Quanam
1538 1214 1580 1237 est
1596 1218 1667 1246 aqtta

875 1253 900 1279 iu
915 1260 967 1287 qua
989 1252 1179 1280 seminaudum
1199 1257 1242 1280 est
1265 1254 1367 1281 botmtn
1393 1255 1506 1283 semen?
1534 1255 1593 1284 Erit
1622 1257 1668 1284 illa

874 1306 940 1326 sane
964 1298 1116 1333 baptismus
1145 1299 1253 1332 salutis,
1278 1298 1416 1326 lavacrum
1440 1302 1666 1336 regenerationis.

875 1344 986 1372 Semina
1004 1352 1088 1380 super
1103 1345 1262 1380 mysteritun
1290 1346 1404 1380 lavacri,
1427 1350 1455 1374 et
1478 1348 1533 1376 eris
1559 1348 1668 1378 beatus.

871 1392 929 1420 Illic
945 1394 995 1419 bos
1006 1396 1033 1419 et
1050 1391 1143 1418 asinus
1155 1391 1323 1426 gradiuntur,
1340 1392 1388 1420 bos
1404 1394 1521 1422 mundus
1533 1394 1666 1430 lsraulita,

872 1444 899 1466 et
911 1438 1005 1465 asinus
1020 1437 1178 1465 immundus
1193 1445 1228 1465 ex
1246 1446 1360 1474 genere.
1379 1440 1494 1475 populus
1507 1441 1552 1478 qui
1576 1449 1618 1471 est
1633 1450 1668 1472 ex

875 1484 1003 1519 gentibus
1019 1493 1026 1511 :
1041 1489 1070 1511 ut
1084 1490 1233 1519 utrumque
1251 1485 1352 1524 animal
1369 1487 1524 1522 symbolum
1541 1489 1577 1516 sit
1591 1491 1667 1520 verbi

873 1531 945 1566 quod
960 1530 1089 1565 gentibus
1101 1531 1180 1567 391
1193 1531 1366 1566 praedicatur.
1382 1533 1528 1562 Atubttlant
1539 1542 1604 1572 ergo
1619 1537 1666 1564 bos

873 1581 900 1604 et
912 1577 1017 1610 asinus,
1035 1577 1134 1612 inquit,
1149 1584 1232 1612 super
1257 1577 1330 1605 illam
1346 1585 1446 1614 aquatn
1464 1579 1492 1608 in
1514 1587 1568 1616 qua
1583 1583 1663 1612 semi-

874 1631 940 1651 nare
960 1624 1098 1652 volumus.

910 1669 940 1698 Si
955 1676 1043 1697 autent
1059 1671 1139 1705 fuerit
1155 1670 1242 1706 puella
1257 1671 1329 1706 virgo
1345 1677 1468 1704 sponsam
1487 1673 1542 1701 viro
1550 1673 1584 1701 ⁸⁷.
1600 1673 1662 1702 Eam

875 1723 935 1750 qua:
959 1720 1062 1744 tantum
1083 1721 1211 1751 sponsata
1235 1721 1288 1750 est,
1308 1725 1423 1746 uxorem
1447 1724 1538 1747 vocat.
1563 1719 1610 1748 Sic
1633 1720 1666 1749 de

871 1762 972 1798 Joseph
986 1767 1014 1790 et
1029 1762 1077 1790 Dei
1094 1767 1184 1790 matre
1200 1763 1300 1790 dictum
1316 1769 1369 1791 est.

908 1854 943 1881 Et
955 1862 1037 1888 usque
1049 1854 1076 1881 in
1089 1855 1256 1882 attentum“.
1270 1855 1403 1888 Quoniam
1415 1862 1442 1883 et
1455 1857 1482 1884 Ιιί
1497 1864 1530 1884 ex
1543 1857 1665 1888 fornica-

875 1900 947 1927 tione
964 1906 1028 1928 sttnt
1040 1901 1092 1927 orti
1115 1908 1130 1928 a
1149 1901 1255 1929 ﬁliabus
1271 1901 1334 1934 Lot,
1349 1909 1406 1930 non
1428 1903 1516 1930 solum
1532 1909 1594 1939 post
1613 1907 1663 1935 tle-

873 1947 972 1975 cimam
995 1948 1197 1982 generationem
1222 1949 1370 1983 recipiendi
1387 1957 1441 1977 non
1461 1954 1523 1977 sunt
1539 1951 1565 1978 in
1582 1959 1665 1987 syna-

874 2001 970 2029 gogam
997 1994 1092 2026 lsracl,
1114 1995 1162 2022 sed
1187 2003 1236 2022 nec
1254 1995 1280 2022 in
1305 2000 1448 2023 attentum.
1467 1995 1504 2024 Ita
1522 1998 1580 2025 vult
1600 2005 1663 2025 cttm
1687 2011 1691 2014 -

873 2040 941 2075 ipsis
963 2046 1094 2068 :eteruaut
1110 2048 1169 2068 chc
1187 2041 1379 2070 inimicitiam:
1397 2050 1450 2070 non
1467 2042 1546 2070 aliam
1570 2051 1664 2072 veram

871 2087 906 2114 ob
922 2094 1043 2119 causam,
1062 2092 1090 2122 ut
1106 2087 1264 2122 intelligitur
1280 2096 1313 2115 ex
1324 2088 1476 2123 Scriptura,
1489 2096 1571 2123 quam
1588 2091 1662 2124 quod

871 2132 1030 2160 Balaamum
1043 2133 1231 2161 conduxerunt
1249 2139 1277 2162 ut
1293 2134 1413 2163 Hebraeis
1428 2135 1500 2163 mala
1525 2137 1661 2171 impreca-

874 2185 958 2213 retur,
973 2184 1000 2208 et
1017 2188 1117 2207 uxores
1133 2180 1256 2216 ﬁliasque
1274 2188 1338 2208 suas
1360 2187 1493 2217 quotquot
1509 2188 1588 2211 erant
1604 2183 1664 2218 pui-

20 2227 190 2263 θυγατέρας,
214 2228 273 2255 ὅσαι
290 2225 359 2263 ἦσαν
374 2228 472 2264 ὡραῖαι
487 2229 520 2264 τῇ
534 2228 594 2263 ὄψει
614 2230 660 2256 καὶ
681 2230 763 2256 καλαὶ
782 2230 820 2266 τῷ

897 2226 948 2253 tum
972 2231 1101 2261 aspectu,
1127 2226 1320 2263 prtetuiserunt
1344 2232 1373 2254 ut
1397 2229 1430 2256 ad
1456 2228 1664 2257 fornicationem

19 2275 98 2305 εῖδει,
116 2273 289 2309 προέστησαν
309 2274 357 2300 τοῦ
380 2274 490 2308 γένους,
518 2274 589 2301 ὥστε
618 2275 703 2308 αὐτὰς
726 2275 817 2303 δοῦναι

20 2320 91 2356 apo;
117 2319 247 2355 πορνείαν
267 2320 323 2352 τοῖς
344 2320 537 2355 Ἰσραηλίταις,
554 2321 602 2347 καὶ
629 2322 760 2358 πορνείαν
774 2323 818 2350 διὰ

19 2365 102 2392 τοῦτο
121 2364 318 2400 χαλεπωτάτην
330 2365 494 2401 προξενῆσαι
516 2367 572 2398 τοῖς
585 2366 734 2402 Ἑϐραίοις·
748 2367 816 2403 αὕτη

19 2412 48 2438 δὲ
64 2409 97 2446 ἦν
115 2411 145 2437 τὸ
162 2411 315 2446 ἀποστῆναι
337 2411 386 2445 μὲν
399 2410 446 2437 τοῦ
463 2411 541 2443 Θεοῦ,
561 2411 719 2447 τελεσθῆναι
738 2412 766 2439 δὲ
779 2413 818 2448 τῷ

21 2456 203 2492 Βεελᾳεγώρ·
220 2458 287 2492 ὅπερ
299 2457 347 2484 καὶ
364 2457 486 2492 γέγονεν.

59 2506 122 2530 οὐκ
139 2503 335 2538 ἐνεχιιιπάσεις
353 2504 454 2538 μύλων
477 2503 548 2531 οὐδὲ
572 2504 742 2539 animum».
759 2507 819 2533 ’Ότι

23 2549 176 2586 μονόλιθον,
203 2549 296 2585 φησὶν,
322 2550 454 2577 ἀδύνατον
483 2551 627 2588 συντρίψαι
650 2553 695 2579 τὸν
728 2554 818 2579 σῖτον·

22 2595 134 2630 δίδυμον
172 2595 226 2631 γὰρ
259 2596 427 2632 ἁρῤενόθηλυ
461 2597 695 2630 κατασκευάζεται
727 2598 819 2633 μύλος.

28 2642 105 2669 Ἐπεὶ
130 2639 178 2668 οὖν
205 2643 250 2668 καὶ
279 2642 400 2669 Ἰουδαῖοι
431 2642 497 2678 μίαν
527 2643 660 2679 διαθήκην
695 2643 818 2679 ἔχουσιν·

24 2688 124 2723 amem;
148 2687 177 2714 δὲ
205 2689 252 2715 καὶ
272 2690 346 2715 πᾶσα
374 2689 480 2724 αἵρεσις
503 2689 620 2716 δοκοῦσα
643 2689 745 2725 ταύτην
770 2690 819 2725 τὴν

25 2734 119 2770 καινὴν
147 2734 232 2769 μόνην
259 2735 349 2770 ἔχειν,
375 2736 425 2761 οὐκ
449 2735 579 2770 ἀλήθουσι
605 2737 634 2763 ὲν
662 2736 700 2772 τῷ
716 2736 817 2772 μυλῶνι

26 2780 121 2815 τούτῳ,
144 2781 189 2806 ἶνα
213 2780 365 2815 γεύσωνται
392 2781 438 2808 τοῦ
467 2782 630 2817 ἐπουρανίου
654 2783 750 2818 ἄρτου·
769 2782 816 2809 ἐὰν

869 2271 1008 2299 lsraelitas
1023 2272 1193 2306 pellicerent,
1211 2271 1420 2300 fornicationem
1442 2279 1518 2302 certe
1531 2275 1665 2310 gravissi-

871 2325 953 2350 mam,
973 2325 1004 2345 ex
1026 2325 1079 2352 qua
1097 2318 1174 2346 ﬁeret
1197 2323 1225 2345 ut
1240 2319 1388 2346 deﬁcerent
1410 2328 1424 2347 a
1443 2321 1510 2354 Deo,
1525 2326 1553 2349 et
1568 2321 1663 2349 initia-

872 2370 964 2392 rentur
978 2365 1156 2400 Bcclpltegor.
1171 2365 1246 2399 Quod
1263 2371 1288 2393 cl
1304 2367 1412 2394 accidit.

907 2503 969 2531 Non
983 2504 1133 2540 pignorubis
1147 2504 1256 2536 uiolant,
1271 2513 1353 2539 neq-te
1368 2505 1528 2538 superiora»
1544 2505 1659 2540 lapidem

872 2549 948 2577 mon
957 2551 989 2577 δ’.
1007 2551 1152 2583 QuoniamI
1168 2551 1266 2585 inquit,
1282 2551 1317 2577 ab
1334 2557 1388 2577 uno
1402 2551 1491 2585 lapide
1504 2558 1556 2578 non
1570 2555 1661 2586 potest

873 2597 1037 2624 frumentum
1063 2598 1178 2626 conteri.
1193 2597 1336 2624 Geminum
1362 2597 1434 2623 enim
1459 2596 1596 2632 quidpiam
1621 2597 1661 2625 fc-

872 2643 952 2671 miuei
974 2650 1000 2670 et
1025 2643 1136 2672 masculi
1163 2643 1271 2678 generis
1295 2642 1375 2670 ellicit
1402 2642 1482 2670 mola.
1499 2643 1567 2677 Quia
1593 2650 1661 2678 ergo

870 2689 952 2716 etiam
972 2690 1056 2717 Judaei
1074 2698 1156 2717 unum
1181 2695 1375 2717 testamentum
1400 2689 1512 2721 habent,
1534 2689 1661 2717 similiter

868 2741 894 2763 et
907 2737 1033 2771 quaalibet
1055 2736 1167 2764 haeresis
1187 2744 1246 2771 qua:
1264 2736 1315 2764 hoc
1339 2743 1438 2764 novum
1453 2735 1539 2764 solum
1558 2735 1659 2764 habere

868 2783 984 2815 videtur,
1006 2791 1058 2810 non
1077 2782 1182 2809 molunt
1205 2784 1231 2810 in
1255 2783 1306 2811 hoc
1321 2783 1445 2818 pristino,
1468 2787 1497 2810 ut
1520 2783 1658 2812 cmlcsteni

58 2840 80 2854 ⁵⁷
96 2839 176 2865 [)cut.
195 2846 240 2869 xx,
258 2838 285 2864 8.
325 2838 348 2854 ⁸³
365 2838 442 2864 Deut.
458 2847 514 2870 X\I,
530 2839 572 2866 is.
612 2840 635 2856 ⁸³
649 2839 716 2868 Deut
744 2848 811 2872 λλιιΥ

897 2841 914 2855 ί⁸
929 2840 994 2868 ibid.
1013 2839 1055 2867 10.
1094 2840 1116 2855 ’δ
1130 2840 1179 2868 lsa.
1196 2849 1281 2874 xxxii,
1295 2841 1339 2869 20.
1379 2842 1400 2858 ⁸⁷
1421 2841 1500 2870 Deut.
1522 2848 1596 2874 xxtt,
1609 2838 1656 2868 25.

37 2875 46 2890 ⁴
65 2874 144 2902 υυυι.
169 2882 253 2906 tum,
269 2874 295 2903 ὅ.
335 2874 357 2889 ⁸⁹
378 2874 536 2909 Deut.xuv,
552 2877 578 2902 ti.
