1902 3052
255 140 312 167 ’815

939 141 988 171 EX
1003 142 1152 171 ORIGENE

1834 150 1889 178 818

262 207 359 234 panem
376 203 493 235 gustant.
517 199 573 227 Nisi
591 200 674 232 enim,
697 199 801 234 inquit,
825 206 996 234 conteratur,
1018 209 1033 229 e

1099 203 1161 238 γὰρ,
1176 203 1257 238 φησι,
1275 203 1312 239 μὴ
1333 204 1462 240 συντριϐῇ
1481 205 1528 232 καὶ
1549 205 1636 242 ἁληθῇ
1656 207 1671 233 ὀ
1691 207 1776 238 σῖτος,
1797 207 1890 236 ἄσιτοι

263 246 380 274 molalur
401 246 581 278 frumentum,
604 246 689 280 jejuni
713 252 832 274 manent.
858 248 926 275 llinc
941 253 969 276 et
987 249 1045 283 ipse

262 298 421 328 praesentem
445 293 586 328 aggredior
609 293 748 328 explicare
766 293 852 329 legem
869 307 874 322 ;
894 304 902 320 t
918 294 976 321 Non
1003 295 1045 329 pi—

264 339 393 372 gnorabis
411 338 519 371 molam,
537 349 545 364 ι
565 339 616 366 hoc
638 344 699 372 est,
718 347 771 366 non
794 340 947 374 profanabis
969 345 1045 368 vetus

263 389 461 415 testamentum,
476 392 562 418 neque
574 385 666 419 ejicies
684 385 749 412 illud
767 393 782 413 e
796 386 876 413 domo
894 391 954 418 tua;
974 396 982 412 t
999 395 1045 414 ne-

259 437 312 463 que
332 430 498 464 superiorem
523 430 636 465 lapiJctn
661 431 748 463 molat,
762 440 770 456 ι
798 431 849 458 hoc
868 437 924 464 est,
944 440 1043 459 novmn

259 480 471 509 testamentum;
492 485 501 502 ί
516 476 578 511 quia
603 476 721 504 animam
738 477 790 504 iste
814 477 950 512 pignorat,
964 487 973 503 ι
992 479 1044 506 hoc

257 526 299 549 est
330 522 372 549 bis
401 522 519 548 nutritur
552 522 664 555 anima,
691 522 858 558 spiritalibus
883 523 952 550 cibis
981 532 1044 559 per-

258 568 354 602 t'cptis.

295 613 321 640 Ν
325 622 413 640 umero
429 613 608 648 quadraginta
620 614 791 649 flagellabant
810 615 916 642 eum".
930 614 1044 650 Semper

258 659 461 686 observavimus
483 668 624 687 numerum
648 661 827 695 quadraginta
854 661 931 688 malis
955 661 1042 689 obno-

257 705 331 732 xium
353 713 424 733 esse.
439 704 518 733 Unde
534 705 641 740 Moyses
657 706 837 740 quadraginta
857 707 957 734 diebus
970 706 1041 741 jeju-

257 752 342 782 navit,
357 756 383 777 et
402 755 462 785 post
476 759 536 778 eum
552 751 635 778 Elias.
656 752 726 784 Quin
747 756 775 779 et
797 751 926 779 Salvator
949 757 1043 779 noster

256 805 270 823 a
296 796 405 823 diabolo
432 801 550 823 tentatus
575 805 629 823 non
657 796 829 824 manducavit
864 797 1041 832 quadraginta

255 843 350 869 diebus
367 847 394 869 ct
411 842 590 877 quadraginta
617 842 752 874 noctibus,
778 847 806 870 et
822 850 947 878 magnum
971 842 1042 870 dilu-

1100 248 1234 284 μένουσιν.
1255 249 1302 275 Ἐκ
1315 249 1409 275 τούτου
1429 248 1476 276 οὖν
1496 251 1542 276 καὶ
1560 251 1642 282 αὐτὸς
1662 251 1824 287 ὁρμώμενος
1840 253 1890 280 τὰν

1097 294 1276 329 προκείμενον
1290 294 1428 330 σαφηνίζω
1442 295 1533 330 νόμον,
1551 305 1559 321 t
1574 296 1631 322 υὺκ
1644 297 1820 333 ὲνεχυράσεις
1835 298 1890 332 μύ-

1096 339 1150 371 λον,
1164 349 1172 365 ι
1188 340 1335 374 τουτέστιν,
1349 341 1379 367 οὐ
1394 341 1430 376 μὴ
1458 340 1621 376 βεϐηλώσεις
1634 342 1682 378 τὴν
1700 343 1821 370 παλαιὰν
1839 345 1890 372 καὶ

1096 385 1127 412 οὺ
1145 385 1182 421 μὴ
1202 386 1324 418 ἀπώσεις
1335 387 1420 423 αὐτὴν
1433 388 1482 424 τῆς
1504 388 1552 424 σῆς
1568 387 1657 419 οίκίας
1668 397 1674 403 ·
1691 398 1699 414 t
1711 389 1773 415 οὐδὲ
1786 389 1890 424 ἐπιμύ-

1095 431 1163 457 λιον·
1177 440 1186 456 t
1204 431 1264 457 ἀντὶ
1281 431 1338 463 τοῦ,
1352 432 1401 466 τὴν
1424 433 1531 468 καινὴν,
1551 442 1560 458 t
1573 433 1614 459 ὅτι
1627 433 1716 470 ψυχὴν
1734 431 1812 466 οὗτος
1828 436 1890 461 ἑνε-

1095 475 1219 512 χυράζει,
1231 487 1240 503 ι
1253 477 1373 504 τουτέστι
1385 477 1489 510 τούτοις
1501 478 1631 514 τρέφεται
1642 480 1659 514 ἡ
1677 479 1751 515 ψυχὴ
1766 480 1891 508 ἀπολαύ-

1094 530 1162 548 ουσα
1174 522 1276 558 νοητῶν
1288 523 1457 558 ἐδεσμάτων.

1134 612 1253 646 ’Λριθμῷ
1270 613 1497 648 τεσσαράκοντα
1516 615 1764 649 μαστιγώσουσιν·
1774 617 1882 644 αὐτόν.

1102 657 1157 683 ‘Ast
1178 666 1209 692 γε
1230 659 1419 694 τετηρήκαμεν
1439 661 1591 687 κακωτικὸν
1611 661 1676 687 ὄντα
1705 661 1751 688 τὸν
1772 666 1798 697 μ’
1823 663 1888 698 ἀρι-

1094 701 1177 734 θμόν·
1197 703 1258 729 ὅθεν
1268 705 1387 740 Μωῦσῆς
1405 704 1420 730 ὁ
1442 705 1529 739 μέγας
1551 706 1753 741 τεσσαράκοντα
1774 708 1889 742 ἡμέρας

1093 748 1252 783 νηστεύσας,
1275 750 1321 776 καὶ
1349 750 1417 785 μετὰ
1436 751 1530 777 τοῦτον
1553 752 1689 784 ὁἪλίας·
1716 753 1786 780 ἀλλὰ
1808 755 1857 780 καὶ
1873 755 1890 782 ὸ

1095 794 1190 830 Σωτὴρ
1204 795 1219 830 ἡ
1224 794 1282 830 μῶν
1294 794 1491 831 πειραζόμενος
1503 797 1555 823 ὑπὸ
1567 797 1613 824 τοῦ
1623 798 1746 825 διαϐόλου
1757 799 1809 825 οὐκ
1823 800 1891 834 ἐφα-

1092 847 1139 873 γεν
1154 843 1179 874 μ’
1200 840 1307 875 ἡμέρας
1321 842 1368 868 καὶ
1385 845 1410 876 μ’
1433 841 1533 873 νύκτας
1543 851 1549 857 ·
1564 843 1612 870 καὶ
1633 844 1647 870 ὁ
1661 844 1748 879 μέγας
1760 845 1790 872 δὲ
1803 854 1891 872 κατα.

256 889 328 915 vium
357 888 383 915 in
415 893 486 915 terra
514 888 646 924 contigit,
671 896 732 916 cum
760 889 831 916 Deus
860 889 973 916 imbrem
999 889 1035 916 fe-

1093 883 1212 920 κλυσμὸς
1233 885 1279 912 ἐπὶ
1298 885 1347 922 τῆς
1361 886 1412 922 γῆς
1429 886 1544 921 γίνεται,
1559 886 1651 920 ὕοντος
1661 888 1708 915 τοῦ
1724 889 1806 922 Θεοῦ,
1823 899 1889 917 τεσ-

255 934 336 962 cisset
354 933 536 970 quadraginta
565 935 661 962 diebus
682 939 709 963 et
739 935 922 970 quadraginta
953 936 1040 963 nocti—

256 981 316 1007 bus.

291 1037 353 1064 Non
373 1036 495 1064 immittet
508 1037 546 1064 eis
562 1036 661 1072 [emtm
675 1037 709 1065 ".
732 1036 910 1070 Quaerendum
928 1041 970 1064 est
992 1044 1041 1063 cnr

254 1083 329 1110 l'erro
342 1090 394 1109 non
414 1083 486 1110 sinat
502 1083 570 1110 Deus
588 1082 661 1118 tangi
680 1082 787 1117 lapides
802 1082 847 1117 qni
866 1082 1040 1109 aedilicationi

253 1128 347 1154 altaris
368 1127 530 1155 inserviunt.
547 1126 600 1155 Sed
620 1132 648 1154 et
670 1132 763 1161 postea
779 1127 812 1154 ad
830 1127 1039 1154 aediﬁcationem

256 1174 347 1209 templi
368 1174 491 1208 praecipit
511 1174 669 1208 congregari
689 1174 791 1208 lapides
808 1173 896 1200 securi
920 1180 973 1199 non
994 1173 1040 1199 do-

251 1220 331 1253 latos,
351 1225 378 1247 et
400 1228 432 1248 ex
453 1220 504 1247 ittis
519 1219 727 1247 atdit‘teatiouem
751 1219 819 1246 ﬁeri.
843 1217 872 1246 Si
894 1219 966 1245 enim
992 1219 1040 1245 ab-

252 1267 364 1294 surdum
379 1271 421 1293 est
437 1266 509 1293 ferro
525 1266 596 1301 tangi
614 1265 730 1299 lapidem
751 1264 920 1292 aediﬁcationi
935 1269 1037 1299 aptum,

251 1312 386 1347 quomodo
399 1311 541 1345 columnae,
558 1311 694 1346 quomodo
711 1311 818 1343 tabulae,
839 1315 867 1337 et
881 1317 975 1337 eorum
991 1318 1038 1338 ca-

251 1358 343 1393 pitella
363 1357 502 1385 elaborata
531 1357 616 1384 sunt?
637 1358 692 1384 Ant
714 1356 850 1391 quomodo
870 1363 1038 1391 quaecunque

249 1411 284 1431 ex
307 1411 360 1430 tere
376 1403 417 1430 vel
434 1410 502 1430 auro
527 1403 598 1430 facta
620 1407 681 1430 sunt
703 1402 744 1429 vel
766 1407 888 1436 argento,
911 1402 1037 1429 fabricari

251 1452 397 1483 potuerunt
411 1448 469 1475 sine
483 1448 575 1475 ferro?
591 1447 629 1474 Ex
647 1447 688 1474 his
702 1447 788 1482 liquet
809 1455 860 1474 non
877 1447 1038 1481 simpliciter

251 1497 342 1521 vetare
357 1501 389 1520 ne
412 1493 514 1520 ferrum
539 1497 633 1527 tangat
656 1493 768 1528 lapides.
783 1492 864 1528 392
880 1492 948 1526 Quid
972 1499 1037 1528 ergo

249 1546 339 1566 causa:
354 1539 400 1572 sit,
420 1539 537 1566 dicimus
553 1547 605 1566 non
629 1539 805 1566 aﬂirmantes.
824 1538 886 1565 H.130
910 1538 976 1565 velle
998 1539 1037 1565 vi-
1051 1558 1073 1588 Ο

249 1585 337 1612 drtur.
351 1583 454 1611 Durum
475 1584 543 1612 duro
561 1585 672 1612 immitti
688 1589 715 1612 et
732 1585 820 1612 collidi
839 1589 920 1612 vetat.
939 1584 1034 1620 Magna

249 1631 321 1658 enim
346 1631 435 1658 solent
458 1631 525 1658 oriri
551 1631 620 1658 mala
637 1639 671 1658 ex
690 1631 821 1658 durortnn
843 1630 1033 1658 commistione

248 1683 275 1704 ct
288 1676 436 1704 collisione.
453 1675 500 1704 Vel
519 1677 697 1704 homicidium
714 1678 792 1712 longe
811 1685 826 1703 a
843 1677 926 1704 corde
947 1676 1034 1703 homi-

249 1730 312 1750 num
324 1723 432 1758 expe‘llit
445 1733 452 1750 :
468 1728 496 1750 et
510 1723 622 1750 omnino
634 1722 717 1758 jnste.
732 1723 760 1750 Si
783 1723 856 1750 enim
871 1722 897 1749 in
919 1721 1033 1756 lapidem

247 1769 294 1804 qni
309 1769 484 1797 tediﬁcationi
507 1769 602 1797 altaris
618 1770 658 1797 vel
675 1770 767 1805 templi
790 1769 913 1800 inservit,
931 1767 1033 1795 ferrum

246 1823 300 1843 non
318 1821 361 1843 est
387 1816 596 1849 immittendum,
611 1820 713 1851 quanto
730 1815 816 1850 magis
829 1814 973 1842 velandum
989 1816 1032 1839 est

246 1870 279 1889 ne
296 1862 395 1889 l'errnm
408 1863 554 1897 arripialur
569 1864 602 1889 ad
618 1863 733 1898 proximi
752 1861 940 1889 homicidium.

245 1909 364 1944 σιδήριον
387 1908 549 1940 ἐπιϐάλλειν,
573 1908 631 1940 πῶς
649 1908 678 1934 οὐ
703 1907 801 1944 μᾶλλον
825 1903 1027 1941 ἀπαγορευτέον

278 1965 317 1993 Ili
337 1967 442 1993 stabunt
468 1967 618 1994 benedicere
640 1967 764 2002 populum
775 1967 808 1993 ".
826 1964 1030 1994 Observandum

243 2018 286 2040 est
308 2020 356 2040 eos
376 2014 421 2047 qui
438 2014 470 2040 ad
489 2014 702 2041 benedicendum
726 2017 894 2045 statuuntur,
909 2019 924 2039 e
939 2011 1031 2038 liberis

240 2065 271 2086 et
286 2060 408 2094 cognatis
420 2059 503 2087 Jacob
517 2060 677 2088 mulieribus
691 2065 767 2088 natos
780 2067 859 2092 esse;
877 2058 924 2094 qui
940 2063 1029 2085 autem

244 2106 277 2131 ad
295 2105 508 2133 maledicendum
531 2105 557 2132 in
576 2111 666 2133 monte
690 2105 774 2134 Gebal
796 2105 977 2136 collocantur,
994 2111 1027 2131 ex

1093 931 1246 966 σαράκοντα
1261 932 1367 968 ἡμέρας
1379 932 1425 959 καὶ
1436 933 1640 968 τεσσαράκοντα
1655 934 1767 967 νύκτας.

1128 1032 1189 1058 οὐκ
1207 1032 1358 1065 ἐπιϐαλεῖς
1370 1032 1472 1066 αὐτοῖς
1486 1033 1622 1068 σίδηρον.
1642 1035 1780 1071 Ζητητέον
1795 1037 1842 1064 διὰ
1859 1038 1887 1064 τι

1092 1077 1201 1113 σίδηρον
1213 1078 1264 1104 οὐκ
1283 1079 1315 1114 ἑᾷ
1335 1078 1389 1106 τῶν
1409 1079 1489 1106 λίθων
1509 1080 1630 1115 ἅψασθαι
1645 1083 1685 1113 είς
1703 1082 1754 1117 τὴν
1778 1084 1887 1110 οίκοδο-

1092 1122 1145 1158 μὴν
1166 1123 1213 1149 τοῦ
1245 1123 1439 1160 θυσιαστηρίου
1466 1127 1696 1161 χρησιμευόντων.
1727 1128 1811 1155 Ἀλλὰ
1837 1131 1887 1156 καὶ

1092 1167 1162 1203 μετὰ
1177 1167 1264 1195 ταῦτα
1281 1169 1320 1201 εἰς
1333 1169 1383 1204 τὴν
1396 1170 1538 1206 οἰκοδομὴν
1554 1171 1600 1198 τοῦ
1614 1172 1678 1198 ναοῦ
1700 1172 1794 1206 λίθους
1817 1176 1887 1202 ἀπε-

1091 1213 1220 1249 λεκήτους
1244 1215 1407 1250 προστάττει
1430 1218 1602 1251 συναγαγεῖν,
1624 1218 1671 1244 καὶ
1692 1219 1885 1256 οἰκοδομῆσαι.

1088 1261 1122 1287 Εἰ
1140 1260 1195 1296 γὰρ
1214 1261 1313 1288 ἄτοπον
1328 1261 1359 1287 τὸ
1373 1261 1480 1298 σίδηρον
1502 1263 1634 1290 ἅπτεσθαι
1649 1263 1694 1290 τοῦ
1716 1265 1794 1292 λίθου
1815 1268 1885 1303 πρὸς

1090 1306 1233 1342 οἰκοδομὴν
1247 1307 1437 1343 ἁρμόττοντος,
1458 1308 1516 1340 πῶς
1531 1306 1577 1335 οὖν
1590 1309 1643 1344 ἄρα
1655 1311 1680 1336 οῑ
1695 1310 1800 1344 κίονες.
1825 1313 1884 1345 πῶς

1089 1349 1135 1378 οὖν
1148 1352 1176 1378 αἱ
1189 1352 1292 1384 σανίδες
1299 1353 1349 1380 καὶ
1364 1354 1392 1379 αἱ
1403 1353 1506 1380 τούτων
1520 1354 1662 1388 κεφαλίδες
1674 1356 1881 1392 είργάσθησαν;

1090 1399 1126 1425 Ἢ
1141 1399 1199 1430 πῶς
1215 1399 1264 1425 ὅσα
1283 1400 1315 1425 ὲκ
1332 1399 1432 1434 χαλκοῦ
1454 1399 1564 1434 γέγονεν
1584 1400 1600 1435 ἢ
1623 1401 1726 1436 χρυσοῦ
1751 1403 1769 1438 ἢ
1792 1404 1881 1439 ἁργύς

1089 1453 1147 1481 pou,
1156 1444 1362 1480 κατεσκευάσθη
1371 1445 1424 1480 ἄρα
1435 1445 1498 1472 ἄνευ
1509 1445 1566 1481 σιδη
1571 1446 1629 1481 pot);
1640 1447 1693 1473 Καὶ
1702 1447 1762 1479 πῶς
1770 1446 1830 1475 οἶόν
1838 1456 1881 1483 tt;

1089 1489 1138 1515 Διὰ
1150 1489 1251 1517 τούτων
1260 1490 1377 1526 φανερὸν
1387 1490 1446 1526 μὲν,
1457 1491 1495 1518 ὅτι
1509 1491 1556 1525 οὐχ
1567 1491 1658 1524 dum};
1669 1493 1841 1530 ἀπαγορεύει
1852 1495 1880 1522 τὺ

1090 1535 1198 1571 σίδηρον
1215 1535 1335 1571 ἅψασθαι
1351 1537 1404 1563 τῶν
1419 1537 1511 1564 λίθων.
1524 1538 1572 1570 Ίῖίς
1589 1536 1635 1565 οὖν
1647 1540 1666 1574 ἠ
1681 1539 1774 1572 αἰτίας
1794 1542 1879 1575 Λέγο-

1090 1590 1140 1617 μεν
1160 1582 1190 1608 οὐ
1211 1581 1449 1618 διῖσχυριζόμενοι.
1474 1583 1567 1610 Ταῦτα
1585 1583 1616 1619 δὴ
1635 1585 1736 1612 τοίνυν.
1756 1586 1878 1623 Σκληρὸν

1089 1626 1199 1662 σκληρῷ
1217 1627 1372 1654 ὲπιὸἀλλειν
1391 1628 1437 1655 καὶ
1457 1629 1619 1664 συγκρούειν
1634 1630 1744 1657 κωλύει.
1764 1632 1878 1667 Μεγῦιι

1088 1673 1142 1709 γὰρ
1155 1673 1226 1708 φιλεί
1241 1673 1382 1700 τίκτεσθαι
1399 1674 1472 1701 κακὰ
1486 1675 1517 1701 ὲκ
1529 1675 1579 1710 τῆς
1595 1676 1650 1702 τῶν
1663 1677 1794 1713 σκληρῶν
1812 1689 1877 1715 συμ-

1089 1719 1188 1754 μίξεως
1209 1719 1256 1746 καὶ
1273 1719 1475 1754 συγκρούσεως.
1493 1721 1527 1747 Ἢ
1545 1721 1591 1747 τὸν
1608 1722 1687 1756 φόνον
1703 1722 1743 1755 ὡς
1766 1727 1876 1761 πορρω-

1087 1765 1161 1792 τάτω
1182 1766 1232 1800 τῆς
1258 1765 1371 1800 καρδίας
1400 1765 1454 1793 τῶν
1481 1766 1632 1802 ἀνθρώπων
1657 1769 1808 1796 ἐκϐάλλει·
1835 1772 1877 1798 καὶ

1087 1811 1160 1846 μάλα
1173 1810 1293 1842 δικαίως,
1305 1811 1336 1837 Et
1350 1811 1404 1847 γὰρ
1420 1811 1451 1838 οὐ
1464 1812 1516 1848 χρὴ
1531 1812 1596 1848 λίθῳ
1608 1813 1646 1848 τῷ
1656 1815 1877 1851 οἰκοδομουμένῳ

1085 1857 1125 1887 εἰς
1141 1855 1248 1891 τὴντοῦ
1269 1856 1460 1892 θυσιαστηρίου
1482 1859 1671 1894 κατασκευὴν,
1692 1860 1708 1894 ἢ
1729 1860 1778 1887 τοῦ
1800 1862 1874 1894 ναοῦ,

1050 1901 1081 1928 τὸ
1102 1901 1210 1936 σίδηρον
1239 1901 1384 1936 ἁρπάζειν,
1405 1903 1451 1929 καὶ
1475 1903 1546 1930 κατὰ
1563 1903 1609 1930 τοῦ
1634 1905 1746 1940 πλησίον
1775 1909 1873 1943 φοικᾷνς

1122 1957 1210 1988 οὗτοι
1219 1961 1391 1994 στήσονται
1412 1962 1550 1997 εὐλογεῖν
1561 1963 1616 1990 τὸν
1630 1965 1716 1992 .tao’r.
1745 1964 1873 2003 Παρατη-

1081 2008 1178 2042 ρητέον
1192 2007 1233 2033 ὅτι
1247 2008 1271 2033 οἱ
1286 2007 1407 2041 εὐλογεῖν
1420 2008 1563 2044 ταχθέντες
1578 2009 1633 2036 ἀπὺ
1644 2010 1698 2037 τῶν
1718 2011 1871 2049 ἐλευθέρων

1082 2052 1218 2086 γυναικῶν
1244 2053 1291 2080 καὶ
1315 2054 1454 2088 συγγενῶν
1478 2055 1526 2081 τοῦ
1546 2055 1642 2083 Ἰακὼὸ
1666 2058 1869 2094 ἐγεννήθησαν·

1082 2098 1154 2125 οὕτω
1166 2099 1190 2124 οἱ
1208 2098 1236 2125 δὲ
1250 2099 1421 2134 καταρᾶσθαι
1444 2101 1635 2136 ἀφορισθέντες
1650 2103 1704 2130 ἀπὸ
1723 2105 1773 2131 τοῦ
1795 2106 1870 2141 ὅρους

244 2151 350 2178 ancillis
363 2155 437 2178 ortos
451 2158 525 2183 esse,
538 2153 659 2186 exceptis
674 2152 768 2180 Ruben
784 2156 810 2179 et
828 2150 958 2178 Zabulon.
972 2149 1030 2177 Stal

1092 2144 1179 2177 ”ε6ὰλ,
1195 2144 1249 2172 ἀπὸ
1262 2145 1316 2172 τῶν
1339 2146 1490 2174 παιδισκῶν
1506 2145 1585 2183 ἦσαν,
1609 2149 1677 2185 πλὴν
1693 2150 1740 2176 τ,ὖ
1760 2151 1868 2186 "Po-ﬁta

246 2196 344 2223 ltuben
366 2203 427 2223 cum
454 2196 690 2232 maledicentibus,
703 2202 796 2232 utpote
824 2197 982 2223 maledictns
1003 2200 1030 2222 et

247 2243 304 2276 ipse
319 2250 333 2269 a
351 2247 439 2277 patre.
453 2243 529 2276 Quod
542 2244 564 2271 si
579 2249 606 2270 et
625 2243 763 2270 maledixit
777 2242 852 2276 Levi,
873 2246 900 2269 at
921 2243 1028 2268 redem-

243 2295 306 2324 ptus
323 2293 365 2316 est
381 2289 540 2316 sacerdotali
563 2289 703 2324 dignitate.
719 2288 784 2315 Nam
801 2290 917 2315 maxime
937 2294 1029 2314 sacer-

243 2335 314 2361 dotis
333 2339 372 2361 est
398 2334 523 2369 populum
549 2334 717 2361 benedicere.
746 2333 881 2360 Praeterea
903 2332 1026 2364 Simeon,

240 2381 338 2417 quippe
351 2381 397 2416 qni
416 2381 442 2408 in
460 2381 548 2408 medio
569 2381 655 2408 tribus
680 2379 755 2407 Iuda:
770 2379 917 2410 habitaret,
935 2383 962 2405 et
978 2384 1026 2404 ceu

240 2435 303 2461 pars
318 2427 390 2454 illius
409 2431 491 2458 esset,
514 2426 615 2454 idcirco
638 2425 682 2453 ubi
697 2424 798 2457 Judas,
818 2424 854 2452 ibi
869 2429 896 2451 et
915 2423 959 2450 hic
977 2430 1026 2449 nu-

239 2479 371 2501 moratur.

277 2575 308 2603 Et
327 2576 382 2602 hcet:
405 2575 561 2607 benedictio,
572 2582 624 2610 qua
640 2573 769 2600 benedixit
793 2571 897 2607 Moyses
907 2571 942 2598 “.
958 2571 1024 2599 Pro-

237 2622 334 2656 phetia:
347 2619 441 2653 Jacob,
456 2628 508 2647 non
527 2627 623 2646 omnes
643 2617 846 2645 benedictioues
865 2621 954 2649 erant,
970 2624 1022 2643 non

235 2675 331 2694 otnnes
347 2666 559 2694 maledictiones.
581 2665 681 2700 Moysis
703 2669 794 2690 autem
820 2663 1021 2699 pratdictiones,

236 2719 340 2739 cuncta:
355 2717 432 2740 erant
447 2712 657 2740 bcnedictiones.

272 2758 305 2784 ιείι
321 2759 452 2792 festinavit
471 2767 503 2786 ex
523 2764 608 2785 monte
632 2757 788 2784 Pharon".
812 2757 867 2784 lloc
889 2761 946 2789 est,
969 2762 1021 2782 non

1081 2192 1130 2218 καὶ
1145 2191 1191 2218 τοῦ
1213 2191 1363 2220 Ζαϐουλὼν.
1378 2193 1511 2220 Τέτακται
1524 2193 1551 2220 δὲ
1567 2195 1582 2221 ὁ
1603 2195 1715 2231 Ῥουὸὶμ
1734 2199 1809 2231 μετὰ
1821 2198 1868 2223 τῶν

1081 2239 1292 2274 καταρωμένων,
1305 2239 1343 2270 ὼς
1360 2240 1406 2266 καὶ
1422 2240 1614 2276 καταρώμενος
1627 2241 1678 2268 ὑπὸ
1695 2241 1743 2268 τοῦ
1760 2244 1865 2279 πατρὸς.

1082 2283 1154 2310 Είὸὲ
1179 2284 1287 2310 καὶτὸν
1308 2284 1374 2310 Λευὶ
1400 2287 1583 2320 κατηράσατο,
1611 2286 1678 2313 ἀλλὰ
1702 2286 1867 2324 λελὺτρωτας

1081 2329 1162 2361 αὐτὸς
1176 2331 1208 2365 τῇ
1220 2330 1344 2366 ίερατικῇ
1358 2330 1431 2366 ἀξίᾳ.
1449 2331 1574 2358 Μάλιστα
1589 2331 1642 2366 γὰρ
1653 2332 1754 2368 ῑερέως
1771 2335 1830 2360 ἐστὶ
1842 2334 1867 2359 τὸ

1079 2375 1126 2402 τὸν
1139 2376 1203 2402 λαὸν
1216 2376 1344 2410 εὐλογεῖν.
1363 2376 1442 2403 Ἀλλὰ
1459 2377 1508 2403 καὶ
1521 2378 1535 2404 ό
1554 2377 1665 2412 Συμεὼν
1686 2378 1724 2410 ὡς
1747 2380 1779 2406 ὲν
1799 2381 1865 2415 μέσῳ

1079 2422 1130 2457 τῆς
1153 2422 1234 2449 Ἰούδα
1249 2423 1334 2458 φυλῆς
1353 2423 1476 2458 οἰκήσας,
1496 2423 1543 2450 καὶ
1560 2423 1654 2460 ὥσπερ
1678 2424 1766 2460 μέρος
1788 2426 1865 2460 αὐτῆς

1079 2469 1213 2503 γεγονὼς,
1239 2469 1283 2496 διὰ
1310 2469 1389 2496 τοῦτο
1413 2470 1480 2496 ὅπου
1501 2469 1617 2501 Ἰούδας.
1636 2471 1694 2496 ἐκεῖ
1711 2472 1763 2498 καὶ
1791 2472 1863 2502 αὐτὸς

1076 2514 1247 2550 ἀριθμεῖται,

1111 2571 1167 2598 Καὶ
1181 2572 1256 2606 αὕτη
1275 2573 1294 2607 ἡ
1310 2572 1433 2607 εὐλογία
1451 2571 1490 2605 ἣν
1508 2574 1663 2608 ηὐλὸγησε
1678 2575 1821 2609 Μωῦσῆς.
1833 2574 1859 2600 Δί

1077 2619 1153 2654 παρά
1172 2618 1268 2645 Ἰακὼὸ
1282 2619 1458 2654 προρρήσεις,
1472 2618 1534 2645 οὔτε
1549 2620 1632 2646 πᾶσαι
1649 2620 1776 2656 εὐλογίαι
1788 2620 1856 2658 ἦσαν,

1075 2664 1137 2690 οὔτε
1155 2666 1239 2692 πᾶσαι
1258 2666 1339 2701 ἁραί’
1355 2666 1382 2692 at
1399 2665 1426 2692 δὲ
1448 2665 1523 2700 παρὰ
1543 2666 1693 2700 Μωῦσέως,
1710 2669 1800 2695 πᾶσαι
1819 2667 1854 2694 εὐ-

1078 2710 1176 2744 λογίαι.

1113 2758 1167 2784 Kal
1191 2757 1402 2786 κατέσπευσεν
1424 2758 1458 2790 ἐξ
1484 2758 1573 2792 ὄρους
1592 2757 1708 2792 Φαράν.
1735 2759 1853 2787 Τουτέστι

271 2835 294 2851 ⁵ο
313 2834 390 2862 Deut.
405 2842 466 2867 ιιιν,
482 2835 509 2862 5.
547 2836 569 2852 ⁹“
589 2835 664 2863 Deut.
681 2842 764 2868 xxv",
780 2835 806 2864 5.
842 2835 864 2850 "
886 2834 963 2862 Deut.
982 2841 1068 2869 xxvtt,
1084 2834 1126 2862 12.
1165 2834 1187 2850 "
1206 2834 1282 2862 Deut.
1297 2842 1396 2869 xxutt,
1411 2835 1436 2863 l.
1475 2835 1497 2851 ’δ
1515 2834 1580 2862 ibid.
1592 2835 1621 2862 ‘2.
