1902 3052
50 133 117 162 ξιτ

639 128 795 157 SELECTA
810 127 844 155 ΙΝ
860 126 970 155 JESUM
985 125 1087 154 NAVE.

1636 124 1686 153 8l8

50 189 93 226 τῷ
117 188 217 226 μηκέτι
235 188 275 224 τῷ
295 189 405 225 Ἰσραὴλ
430 187 624 224 χρηματίζειν,
650 187 719 215 ἀλλὰ
742 189 798 219 τοῖς
821 186 850 219 ἐξ

929 186 1019 221 nplius
1035 185 1144 217 lsraeli,
1169 185 1216 212 sed
1241 184 1273 212 iis
1297 184 1344 220 qui
1360 192 1392 213 ex
1420 183 1557 218 gentibus,
1580 181 1688 211 oracula

53 235 152 268 ἐθνῶν,
172 235 219 262 καὶ
241 235 288 262 τὸν
313 235 395 270 νόμον
411 235 520 270 ἔστησε.
548 234 634 261 Τοῦτο
659 233 724 269 γὰρ,
743 243 752 259 ι
769 233 848 260 xum-5:
863 245 872 259 Α

53 290 175 309 σπευσεν
195 282 224 316 ἐξ
248 282 335 318 ὅρους.
351 282 453 318 Φαρὰν,
468 291 476 306 ι
501 280 589 307 εἴτουν
612 289 622 305 ι
641 280 823 309 κατέπαυσεν,
837 290 846 305 ι

51 328 123 364 ὅπερ
146 329 228 364 ἑτέρα
249 328 371 363 περιέχει
400 327 504 363 γραφὴ,
528 327 589 353 ἀντὶ
611 326 675 360 τοῦ,
697 326 866 358 σπουδαίως,

51 373 103 410 τὴν
121 374 203 401 σκιὰν
217 374 386 409 καταλείψει,
401 374 448 401 καὶ
463 374 512 409 τὴν
532 373 663 409 ἀλήθειαν
681 374 746 409 ἡμῖν
768 381 849 407 φανε-

54 429 151 457 ρωσει.

91 466 157 493 Σὺν
174 465 299 501 μυριάσι
321 466 433 501 Κάὸης.
459 465 518 492 Νῦν
541 465 636 502 Κάδης
655 465 686 492 οὒ
705 465 751 491 τδν
767 465 849 492 τόπον

53 511 142 546 λέγει,
161 512 231 539 ἀλλὰ
243 513 307 544 τοὺς
321 512 426 546 ἁγίους.
439 511 534 547 Κάδης
550 511 606 547 γὰρ
620 511 653 538 τὸ
667 511 753 546 ἅγιον
774 510 850 546 λέγε-

53 567 101 585 ται
116 560 151 594 τῇ
171 558 292 595 Ἐϐραΐδι
309 558 427 594 γλώττῃ.

91 604 149 632 Kal
165 605 308 639 ἐφείσατο
321 604 373 632 τοῦ
387 604 465 634 λαοῦ
476 603 579 631 αὐτοῦ.
591 604 748 635 Τουτέστιν,
762 603 850 630 ἔσωσε

54 651 280 686 παραγενόμενος
301 650 364 682 τοὺς
390 650 421 676 οὐ
447 650 529 681 λαοὺς
555 650 630 682 ποτὲ,
653 651 701 677 νῦν
724 650 752 677 δὲ
769 650 851 682 λαοὺς

52 696 136 728 Θεοῦ,
150 696 212 728 τοὺς
223 697 274 723 οὐκ
285 696 465 732 ὴλεημένους,
481 696 529 723 νῦν
547 696 575 722 δὲ
590 692 760 732 ὲλεηθέντας.
779 706 787 722 t
805 697 850 723 Ἐν

52 742 145 776 τούτῳ
169 742 233 778 γὰρ,
248 743 330 778 φησὶν
345 743 359 769 6
381 743 530 775 ἀπόστολος
551 743 670 779 Πέτρος,
690 743 864 779 ἐφανερώοην

52 788 152 823 ἀγάπη
179 788 226 814 τοῦ
247 788 314 815 Θεοῦ
339 789 368 815 ὲν
388 790 486 824 ἡμῖν.»
518 788 575 816 Καὶ
595 789 609 816 6
625 789 702 824 ἅγιος
724 789 851 825 Ἰωάννης

52 833 133 868 λέγει
147 834 176 860 ἐν
189 835 229 869 τῇ
242 833 383 870 καθολικῇ,
399 834 449 861 ὅτι.
460 844 469 860 t
483 835 529 861 τὸν
546 834 610 861 Υἱδν
629 834 714 862 αὑτοῦ
734 835 779 862 τὸν
800 844 847 870 μο-

52 880 154 916 νογενῆ
175 880 345 907 ἀπέσταλκεν
365 882 379 908 6
395 881 461 913 θεὸς
480 882 519 913 εἰς
539 881 585 908 τὸν
605 882 718 918 κόσμον,
734 882 777 909 ἵνα
799 883 849 917 ζή-

53 933 150 961 σωμεν
169 925 204 952 δι’
218 925 311 954 αὑτοῦ.
330 935 339 952 ι
356 926 411 953 Καὶ
427 927 442 953 6
463 927 600 963 μακάριος
623 928 651 954 δὲ
675 927 780 960 Παῦλος
796 937 849 964 φη-

54 980 116 998 σιν·
139 982 148 998 ι
163 973 196 999 ’Ό
209 981 239 1007 γε
253 973 301 999 τοῦ
319 973 383 1000 ἰδίου
404 973 470 1000 Υἱοῦ
486 974 536 1001 οὐκ
549 974 686 1009 ἐφείσατο,
703 974 761 1001 ἀλλ’
780 975 851 1011 ὑπὲρ

53 1019 70 1054 ἡ
75 1018 138 1053 μῶν
151 1019 260 1046 πάντων
271 1019 430 1055 παρέδωκεν
443 1020 534 1048 αὐτόν.
548 1030 557 1047 ›
583 1021 725 1056 Ἐφείσατο
741 1019 787 1049 οὖν
803 1021 850 1048 τοῦ

53 1071 122 1090 Δαου
127 1084 135 1090 .

90 1109 147 1136 Kal
167 1110 279 1144 πάντες
294 1112 320 1138 al
335 1112 512 1148 ἡγιασμένοι
524 1112 583 1140 ὑπὸ
598 1113 651 1146 τὰς
665 1112 767 1147 χεῇοάς
781 1120 849 1140 σου.

54 1155 173 1182 Πάντων
188 1156 243 1192 γὰρ
263 1159 369 1192 κρατεῖ,
389 1158 426 1189 ὡς
449 1157 576 1192 βασιλεὺς
593 1158 709 1194 οὐρανοῦ
726 1159 772 1185 καὶ
788 1158 850 1194 γῆς.

58 1201 108 1233 Ὠς
127 1201 234 1236 βασιλεῖ
249 1203 456 1239 παριστάμενοι,
479 1204 516 1235 ὼς
531 1203 591 1239 Θεῷ
615 1204 850 1240 λειτουργοῦντες,

52 1247 94 1278 ὡς
117 1249 217 1283 ποιητῇ
242 1249 475 1285 προσκυνοῦντες,
506 1251 553 1277 καὶ
579 1251 626 1277 ὑπ’
654 1251 736 1279 αὐτόν
764 1252 849 1279 εἰσιν·

55 1303 66 1319 ι
82 1293 166 1326 αὐτὸς
180 1295 234 1330 γὰρ
249 1295 295 1322 καὶ
309 1295 344 1323 τὰ
359 1296 447 1323 πάντα
467 1296 600 1330 ὑπέταξεν
614 1297 668 1324 ὑπὸ
681 1297 745 1329 τοὺς
767 1298 853 1330 πόδας

53 1349 153 1367 αυτου.
168 1350 178 1367 ι

91 1387 299 1422 Συναχθέντες
312 1388 456 1424 ἄρχοντες
477 1390 570 1418 λαῶν.
597 1391 628 1417 Ol
645 1390 782 1418 Θεσπέσιοι
801 1400 852 1426 μα-

53 1433 150 1468 θηταὶ,
215 1442 281 1470 φησι
310 1434 357 1461 καὶ
377 1435 392 1461 6
421 1435 502 1462 Δαυὶδ
519 1436 551 1463 ὲκ
573 1435 719 1471 προσώπου
743 1436 849 1465 αὐτῶν

56 1489 68 1505 ι
81 1479 216 1512 ’Υπέταξε
226 1480 306 1512 λαοὺς
316 1481 441 1516 quam).
448 1481 511 1517 ἔθνη
521 1482 572 1508 ὑπὸ
579 1483 642 1514 τοὺς
652 1483 734 1515 πόδας
745 1484 832 1518 ἡμῶν.
841 1493 850 1509 ι

900 239 1036 266 proruere,
1053 236 1080 258 et
1101 231 1151 266 legi
1172 231 1252 258 linem
1275 231 1415 265 imposuit.
1440 230 1513 257 Istud
1540 230 1612 257 enim
1637 229 1689 258 sibi

900 277 977 304 vult:
1000 287 1008 303 t
1026 277 1167 303 festinavit
1189 285 1220 304 ex
1241 282 1332 303 tnonte
1352 276 1470 307 l’ltaran,
1483 286 1495 302 ι
1516 275 1556 303 vel
1574 285 1583 301 ι
1597 282 1690 303 cessa-

899 324 969 354 vit,»
989 329 1018 351 ut
1040 324 1092 350 alia
1117 323 1196 350 habet
1224 323 1435 358 interpretatio:
1457 323 1533 358 quasi
1560 322 1691 350 diteret:

899 370 992 397 sedulo
1021 370 1143 396 umbram
1175 370 1357 404 derelinquel,
1389 374 1417 398 et
1443 370 1586 398 veritatem
1612 370 1692 400 nobis

899 417 1034 443 ostendet.

936 463 1002 490 Cum
1024 463 1112 489 decem
1131 462 1248 490 millibus
1262 463 1393 491 Caties".
1416 463 1495 491 Nunc
1516 463 1615 496 Gades,
1635 470 1691 490 non

901 511 989 538 locum
1011 509 1094 541 dicit,
1110 509 1157 537 sed
1176 514 1296 538 sanctos.
1311 510 1399 538 Cades
1414 511 1487 539 enim
1506 515 1626 538 sanctum
1651 509 1692 538 di-

900 557 971 584 citur
986 556 1119 584 llcbruica
1137 556 1238 590 lingua.

937 603 970 630 Et
993 603 1108 638 pepercit
1130 603 1226 638 popqu
1240 611 1288 630 suo
1300 603 1334 631 ⁸⁸.
1358 601 1413 631 lloc
1437 607 1489 636 est,
1502 604 1620 630 adventu
1643 609 1697 630 suo

901 650 1015 677 salvavit
1034 657 1082 677 eos
1101 650 1147 684 qui
1164 650 1229 677 olim
1249 657 1302 676 non
1324 649 1427 684 populi,
1444 657 1515 677 nunc
1534 654 1623 676 autem
1644 656 1694 684 po-

900 697 956 732 puli
980 701 1043 724 sunt
1060 696 1120 729 Dei,
1134 703 1203 730 quos
1222 696 1410 723 misericordia
1434 703 1487 723 non
1511 696 1713 730 comprehen-~

901 744 988 775 derat,
1011 750 1084 770 nunc
1105 747 1195 769 autern
1214 742 1438 776 comprehendit;
1458 751 1467 768 ι
1483 742 1509 769 in
1536 742 1587 769 hoc
1606 742 1691 775 enim,

902 790 991 824 inquit
1006 789 1146 823 apostolus
1163 789 1262 816 Petrus
1273 789 1308 820 ’⁷,
1322 789 1447 824 apparuit
1463 787 1585 816 citaritas
1601 788 1648 815 Dei
1666 788 1694 816 in

904 835 991 863 nobis.
1003 845 1012 861 ι
1030 835 1065 862 Et
1086 839 1199 862 sanctus
1213 833 1334 862 Joannes
1350 837 1376 862 in
1391 834 1527 862 catholica
1548 834 1616 862 dicit
1630 834 1694 869 Epi-

903 882 972 909 stola
984 882 1020 914 ἰ,
1040 881 1171 916 quoniam
1191 890 1201 907 ι
1217 881 1318 908 Filium
1335 886 1413 909 suum
1431 881 1601 916 unigenitum
1621 881 1697 908 misit

906 929 976 956 Deus
991 929 1018 956 in
1038 928 1166 955 mutillum
1191 931 1228 955 ut.
1241 927 1365 955 vivamus
1377 935 1425 963 per
1437 935 1508 955 eum.
1523 937 1533 954 ι
1551 927 1584 955 Ει
1602 928 1698 956 beatus

904 976 1003 1003 Paulus
1018 976 1055 1002 ait
1066 976 1089 992 9°
1103 984 1111 1002 :
1133 985 1141 1001 ι
1156 971 1342 1010 ProprioFilio
1357 982 1410 1003 non
1436 975 1569 1010 pepercit,
1584 974 1631 1002 sed
1648 981 1698 1009 pro

904 1021 984 1050 nobis
1003 1021 1129 1049 omnibus
1155 1020 1268 1048 tradidit
1287 1020 1374 1049 illum.
1387 1030 1397 1047 ι
1415 1021 1543 1056 Pepercit
1564 1028 1629 1056 ergo
1645 1028 1695 1056 pec

905 1069 978 1104 pulo.

940 1115 974 1142 Et
987 1124 1077 1143 omnes
1103 1116 1265 1151 sanctiﬁcati
1278 1115 1327 1143 sub
1343 1123 1435 1142 manus
1455 1119 1516 1142 tuas
1531 1115 1550 1141 '.
1564 1114 1698 1143 Omnibus

905 1162 977 1189 enim
989 1158 1162 1196 dominatur,
1177 1167 1271 1197 utpote
1287 1169 1334 1189 rex
1354 1161 1415 1189 caeli
1432 1166 1460 1188 et
1477 1165 1568 1188 terrae.
1583 1160 1618 1188 Ut
1640 1160 1698 1195 regi

905 1212 1037 1241 astantes,
1051 1209 1144 1236 tttDeo
1160 1208 1357 1241 ministrantes,
1372 1211 1402 1234 ut
1415 1211 1566 1235 creatorem
1579 1206 1698 1234 adoran-

906 1258 956 1287 tes,
968 1255 1049 1282 etiam
1068 1254 1118 1282 sub
1133 1254 1190 1290 ipso
1201 1259 1275 1288 sunt,
1291 1263 1300 1280 ι
1318 1254 1375 1289 ipse
1387 1253 1460 1281 enim
1474 1253 1565 1282 omnia
1580 1253 1701 1288 subjecit

906 1301 955 1329 sub
971 1294 1085 1336 pedibus
1102 1301 1189 1329 suis’.
1203 1311 1213 1328 ι

940 1392 1022 1428 393
1046 1392 1204 1428 Congregati
1224 1391 1355 1426 principes
1379 1389 1536 1426 populorum
1560 1389 1582 1417 ³.
1608 1388 1698 1416 Divini

906 1439 1036 1466 nimirum
1053 1437 1187 1471 discipuli,
1203 1436 1434 1472 quemadmodum
1459 1441 1487 1463 et
1504 1435 1587 1463 David
1600 1442 1633 1463 ex
1650 1442 1698 1463 eo-

907 1492 967 1512 rum
990 1491 1107 1519 persona
1131 1483 1194 1511 ait‘
1215 1492 1222 1510 :
1246 1492 1256 1509 ι
1282 1482 1404 1517 Sultjecit
1427 1481 1541 1517 populos
1565 1481 1644 1509 nobis
1670 1486 1698 1509 et

54 1525 114 1552 Καὶ
137 1526 236 1552 πάλιν·
260 1527 409 1562 Ἄρχοντες
432 1527 503 1554 λαῶν
522 1528 695 1564 συνήχθησαν
723 1529 792 1564 μετὰ
805 1529 850 1556 τοῦ

927 1535 1001 1558 entes
1012 1530 1066 1558 sub
1079 1529 1193 1564 pedibus
1214 1528 1328 1556 nostris.
1345 1537 1354 1554 ι
1369 1528 1403 1555 Ει
1429 1535 1524 1555 rursus
1536 1528 1547 1544 ⁸
1563 1536 1570 1555 :
1589 1536 1599 1554 ι
1619 1527 1699 1554 Prin-

53 1571 128 1598 θεοῦ
149 1572 284 1608 Ἁϐραάμ.
304 1582 313 1598 ι
341 1572 396 1608 Τὴν
409 1573 504 1608 κλῆσιν
515 1571 561 1600 οὖν
586 1574 662 1610 δηλοῖ
688 1575 741 1602 τῶν
756 1575 852 1610 ἐθνῶν,

53 1615 96 1650 ὣς
109 1618 157 1645 τοῦ
183 1619 251 1646 Θεοῦ
278 1619 418 1655 μέλλοντος
445 1620 539 1656 ἄρξειν
569 1621 599 1647 ἐν
621 1621 713 1657 ταύτῷ
738 1622 785 1648 καὶ
807 1622 853 1649 τοῦ

62 1665 175 1702 Ἰσραὴλ
187 1665 236 1693 καὶ
249 1666 304 1693 τῶν
313 1666 409 1693 ὲθνῶν.
427 1676 436 1692 ι
462 1667 654 1703 Ἡγαπημένος
675 1678 692 1694 »ε
701 1668 731 1695 δὲ
745 1669 852 1704 λέγεται

53 1714 71 1739 6
88 1712 162 1744 Υίός.
191 1721 200 1738 ε
220 1708 304 1744 οὗτος
318 1713 373 1748 γάρ
383 1713 452 1745 ἐστι,
466 1713 557 1749 φησιν,
574 1715 588 1740 6
605 1713 674 1746 Υἱός
691 1723 741 1750 μου
755 1717 769 1742 6
787 1716 855 1751 ἁγα-

55 1758 156 1794 πητὸς.
176 1767 185 1784 )
201 1759 256 1785 Καὶ
271 1758 316 1785 διὰ
326 1759 406 1786 τοῦτο
421 1759 500 1795 ἄρχει
513 1759 592 1796 ἡμῶν
603 1761 618 1787 6
636 1761 730 1797 Πατὴρ
744 1762 791 1789 καὶ
804 1762 854 1797 βα.-

57 1804 177 1832 σιλεύει.

95 1874 120 1891 ⁸⁵
134 1874 212 1902 Dent.
229 1874 370 1905 xxxtn.2.
402 1876 425 1892 ἐ
446 1877 499 1904 ibid
525 1876 551 1903 5.

57 1917 106 1943 ιν,
127 1909 172 1936 26.
212 1909 314 1936 ’Deut.
335 1919 431 1944 χχχιιι,
458 1912 486 1940 5.

524 1911 620 1940 "Psal.
637 1920 709 1945 XLVI,
730 1912 757 1938 4.
794 1913 804 1928 ⁸
821 1912 886 1940 ibid.

907 1577 981 1612 cipes
1005 1575 1166 1611 populorum
1190 1574 1347 1609 congregati
1365 1578 1430 1602 sunt
1450 1581 1512 1601 cum
1539 1573 1594 1601 Deo
1610 1573 1698 1601 Abra-

907 1622 982 1650 bam.
1001 1631 1011 1648 ι
1034 1620 1211 1649 Vocationem
1232 1619 1316 1655 igitur
1329 1620 1466 1655 signiﬁcat
1492 1619 1625 1656 gentium,
1640 1619 1698 1647 fore

908 1676 1005 1704 nempe
1019 1672 1048 1696 ut
1064 1668 1135 1695 Deus
1148 1667 1229 1695 simul
1243 1672 1271 1695 et
1283 1666 1366 1695 Israel
1381 1671 1409 1694 et
1426 1666 1552 1702 gentibus
1571 1667 1698 1702 imperet.

910 1723 919 1741 ι
935 1713 1055 1741 Dilectus
1072 1721 1082 1739 ι
1097 1717 1198 1746 autem,
1215 1713 1314 1741 dicitur
1325 1712 1420 1740 Filius.
1440 1721 1450 1738 ι
1472 1711 1523 1740 llic
1547 1713 1620 1740 enim
1643 1717 1698 1745 est.

907 1759 1028 1795 inquit”,
1042 1759 1128 1787 Filius
1143 1766 1220 1787 meus
1234 1758 1363 1787 dilectus.
1382 1768 1391 1785 ι
1414 1758 1448 1785 Et
1473 1763 1618 1794 propterea
1645 1758 1698 1786 Pa-

911 1810 951 1834 ter
968 1813 1024 1834 rex
1034 1810 1128 1833 noster
1139 1809 1169 1833 et
1183 1805 1311 1840 princeps
1325 1809 1417 1833 noster
1431 1809 1484 1833 est.
1499 1828 1502 1830 .

590 1876 723 1904 "lloan.
738 1885 775 1909 tv,
790 1877 818 1905 9.
856 1877 879 1893 ³⁸
899 1876 963 1904 ibid.
1000 1875 1023 1893 "
1043 1875 1122 1902 Rom.
1137 1875 1251 1907 vm,52‘.
1291 1875 1388 1902 'Deut.
1400 1881 1496 1908 nxtn,
1509 1873 1541 1902 3.‘
1575 1872 1586 1889 '
1605 1871 1614 1900 I
1631 1871 1701 1901 Cor:

891 1932 899 1945 ,
914 1912 958 1940 10.
996 1912 1006 1928 '
1024 1910 1119 1938 Matth.
1138 1917 1180 1944 ιιι,
1196 1911 1239 1938 l7.

66 2004 1696 2022 mw

734 2091 1025 2138 MONITUM

433 2187 488 2215 AD’
498 2186 659 2216 OlllGENlS
679 2186 871 2216 EXEGETICA
894 2187 928 2215 IN
948 2187 1086 2216 LIBRUM"
1101 2186 1184 2215 .IESU
1205 2186 1311 2216 NAVE.

99 2330 210 2365 Ruﬁnus
224 2330 250 2367 in
260 2332 427 2365 peroratione
438 2331 473 2358 ad
486 2331 728 2366 interpretationem
753 2331 1011 2360 Commentariorum
1024 2331 1147 2367 origenis
1173 2332 1201 2358 in
1223 2330 1373 2367 Epistulam
1392 2332 1428 2359 ad
1454 2331 1599 2366 Romanas,
1621 2332 1659 2359 ait
1671 2340 1698 2360 se

57 2366 193 2403 uertendis
204 2366 261 2403 ejus
274 2366 445 2402 ἐξηγητικοῖς
456 2368 481 2394 in
494 2367 590 2394 librum
601 2367 665 2403 Iesu
679 2366 754 2394 Nave
767 2367 833 2394 nihil
850 2376 866 2394 a
875 2368 929 2402 [ide
938 2371 1025 2394 textus
1036 2366 1122 2394 Grieci
1137 2367 1282 2403 recessisse.
1300 2376 1308 2393 t
1323 2366 1388 2399 Illa,
1403 2368 1499 2402 inquit,
1512 2376 1572 2403 qua:
1582 2369 1618 2403 in
1628 2367 1695 2394 Jcsu

59 2401 171 2429 Nave...
186 2401 516 2436 scripsimus,simpliciter
529 2402 705 2436 etpressimus
724 2408 752 2429 ul
765 2401 923 2436 inuenimus,
938 2407 961 2430 et
974 2410 1026 2429 non
1037 2403 1119 2428 multo
1133 2410 1195 2429 cum
1215 2402 1305 2429 labore
1324 2401 1523 2430 transtulimus;
1539 2413 1548 2428 s
1563 2402 1651 2430 Hodie
1663 2409 1696 2428 es:

56 2438 117 2472 ejus
129 2437 348 2472 interpretatione
364 2443 466 2464 exstant
479 2438 507 2464 in
521 2438 590 2464 hunc
601 2437 699 2464 librum
711 2445 756 2464 seu:
778 2443 801 2465 et
815 2439 907 2472 viginti
921 2437 1046 2465 ltomilile.
1065 2436 1185 2471 Triginta
1208 2442 1394 2464 commemorat
1422 2437 1597 2465 Cassiodorus
1619 2436 1698 2463 Insti-

57 2471 111 2502 ιίιι.
127 2480 188 2506 cap.
203 2472 229 2499 l.
242 2471 354 2499 Initium
372 2473 501 2507 vigesima:
513 2478 717 2506 reprmentatur
729 2471 884 2500 Philocalite
899 2474 983 2507 capite
996 2472 1163 2506 duodecimo,
1177 2472 1290 2506 hincque
1304 2472 1451 2500 obstruitur
1463 2481 1491 2500 os
1506 2472 1606 2507 aliquot
1618 2473 1692 2499 hete-

58 2508 183 2538 roduxis,
208 2508 252 2543 qui
274 2510 371 2542 absque
384 2508 439 2534 ulla
454 2508 557 2534 ratione
572 2510 620 2534 has
633 2507 757 2535 humilius
769 2508 876 2543 Origeni
890 2508 1088 2543 abjudicarunt.

100 2543 164 2568 I'ost
179 2542 302 2568 humilius
314 2543 341 2569 in
354 2542 496 2570 Jeremt'am
509 2544 614 2577 scripta:
625 2548 698 2574 sunt,
720 2544 757 2570 uti
780 2548 850 2577 patet
863 2551 896 2570 ea:
907 2542 1018 2570 homilia
1032 2543 1134 2569 decima
1159 2543 1249 2575 tertia,
1264 2543 1381 2577 adeoque
1394 2551 1427 2570 ea:
1443 2542 1554 2568 illarum
1570 2547 1631 2569 sunt
1645 2551 1694 2569 nu,

58 2586 145 2609 mero,
158 2585 224 2612 quas
237 2578 409 2611 sexagenario
423 2577 510 2612 major
525 2579 559 2604 ad
573 2578 698 2611 populum
708 2579 810 2610 habuit,
824 2578 994 2611 uidenturque
1007 2578 1186 2612 pronuntiata:
1201 2579 1272 2605 circa
1286 2578 1364 2612 finem
1379 2579 1442 2604 anni
1456 2577 1520 2610 249,
1534 2577 1572 2603 uel
1584 2578 1631 2604 sub
1645 2578 1695 2612 ini-

56 2613 127 2674 tiubm
141 2611 204 2638 anni
228 2612 292 2645 250,
318 2611 530 2648 quandoquidem
553 2613 663 2640 humilia
674 2622 743 2641 nona
755 2614 939 2649 gravissimam
952 2611 1077 2640 memorat
1088 2611 1295 2648 persecutionem
1307 2620 1366 2647 qum
1381 2618 1443 2639 tunc
1463 2612 1609 2639 Ecclesium
1626 2611 1695 2649 afﬂi-

56 2656 89 2674 ae
106 2653 147 2674 at.

74 2653 135 2675 ιυαι
140 2668 147 2674 .

56 2656 261 2718 θιῖᾳίξιθιηρηια
280 2682 374 2711 Gra'ca
385 2691 442 2718 quia
455 2684 624 2711 homiliarum
638 2683 718 2719 fronti
733 2684 842 2719 pne/ima
856 2689 927 2718 sunt,
940 2693 953 2712 e
965 2683 1071 2712 Catenis
1084 2683 1269 2717 manuscriplis
1283 2688 1343 2710 sunt
1353 2682 1517 2717 deprompta.
