1902 3052
55 108 121 138 821

657 107 812 136 SELECTA
827 108 860 135 ΙΝ
875 108 984 136 JESUM
998 108 1101 135 NAVE.

1650 105 1703 134 822

55 164 150 199 δάνης
170 163 221 199 τῆς
249 162 366 200 Ἶεριχὼ,
396 163 463 191 ἀλλὰ
479 164 523 191 διὰ
543 164 592 200 τὴν
609 165 665 192 τῶν
683 166 852 193 κατασκόπων

928 171 959 193 εει
974 165 1095 197 Jericbo,
1117 165 1163 192 sed
1190 169 1298 200 propter
1321 164 1524 200 exploratorum
1546 167 1702 191 accuratam

55 210 168 246 ἀκριϐῆ
185 209 319 242 ἐξέτασιν.
339 219 348 236 ι
373 210 524 246 Ἑζήτησαν
547 211 611 246 γὰρ.
628 212 721 247 φησὶν,
734 214 758 239 οἱ
779 221 863 239 κατα-

57 253 211 286 διώκοντες
229 254 320 286 πάσας
332 255 380 286 τὰς
394 254 480 286 ὀδοὺς,
496 255 543 281 καὶ
556 255 606 290 οὐχ
621 253 710 290 εὖρον.
730 266 739 282 ι

35 302 49 325 ἢ
102 299 243 334 Τετράκις
251 301 351 334 μύριοι
362 299 490 330 εὔζωνοι.
519 301 690 336 Σημειωτέον
718 302 793 337 ὁτιή
821 311 863 330 τε-

59 346 213 382 τρὰς,εῑτε
239 346 372 382 μονάδων,
397 346 453 372 εἴτε
481 346 673 379 ἐκατοντάδων,
699 348 754 374 εἴτε
769 349 862 384 ἐτέρου

56 392 189 424 πλείονος
201 392 332 428 ἀριθμοῦ,
345 392 392 418 ἐπὶ
407 391 555 424 κακώσεως
569 394 667 420 κεῖται.

97 488 238 521 Ποίησόν
248 494 297 514 σοι
306 487 455 522 μαχαίρας
465 488 607 521 πετρίνας
618 487 651 514 ἐκ
660 487 770 522 πέτρας
776 489 864 523 ἀκρο-

57 534 170 567 τόμου.
185 533 320 567 Ζητητέον
345 533 388 559 διὰ
401 533 427 559 τι
451 533 481 559 οὐ
498 533 724 569 περιετμήθησαν
739 534 764 560 οἱ
788 535 816 561 ἐν
829 536 862 570 τῇ

53 580 163 614 ἐρήμῳ
187 578 347 613 τεχθέντες-
374 579 390 614 ἢ
416 579 460 605 διὰ
482 578 508 605 τί
524 578 562 614 τῷ
589 580 720 615 Σαϐὒάτῳ
744 589 785 612 τις
797 580 863 612 ξύλα

58 624 196 657 συλλέξας
211 625 258 650 ἐπὶ
285 625 424 657 Matinio);
450 626 482 651 ἐκ
500 626 711 662 προστάγματος
732 627 800 653 Θεοῦ
824 627 863 653 λι-

58 669 211 702 Miseno;
224 670 330 704 γέγονε.
354 670 487 698 Τοσοῦτον
505 671 534 698 δὲ
551 671 652 707 πλῆθος
674 673 863 709 ἀπερίτμητον

59 715 225 750 μεμενηκὸς
237 717 265 742 ὲν
279 716 312 750 τῇ
337 716 433 751 ἐρήμῳ
453 716 513 742 οὐδὲ
539 717 680 753 ἐμέμφθη,
704 718 793 745 καίτοι
815 719 861 746 τοῦ

58 761 133 788 θεοῦ
145 761 198 797 μὲν
204 762 416 797 ἀποφηναμένου
427 762 647 799 ὲξολοθρεύεσθαι
658 764 706 799 τὴν
714 764 802 800 ψυχὴν
812 765 862 801 τὴν

58 807 100 842 μὴ
131 808 339 843 περιτμημένην
363 809 395 843 τῇ
419 809 511 844 ἡμέρᾳ
534 811 566 845 τῇ
592 809 682 845 ὀγδόῃ,
714 810 806 837 οὐκέτι
833 811 861 837 δὲ

57 853 110 880 ἐπὶ
132 852 186 879 τῶν
199 853 428 889 παραϐαινόντων
451 854 481 881 τὸ
494 855 632 882 Σάϐϐατον
654 855 733 882 τοῦτο
744 856 861 892 ὡρίσαν-
879 845 897 872 Β

57 906 118 929 τος.
137 899 209 934 ’Ἡδη
225 899 274 934 μὲν
286 896 332 926 οὖν
349 899 396 926 καὶ
408 899 520 927 αὐτόθεν
532 901 652 937 εὔδηλον,
668 902 709 928 ὅτι
726 903 860 938 περιτομὴ

59 944 109 970 καὶ
122 943 263 971 Σάϐϐατον
276 945 326 972 οὐκ
337 945 406 972 αὐτὰ
419 945 479 972 καθ’
493 947 578 974 ἑαυτὰ
594 947 674 979 καλὰ,
684 948 752 975 ἀλλὰ
767 948 860 984 ἐπειδὴ

59 990 133 1026 πρὸς
151 990 248 1026 καιρὸν
258 991 468 1028 ὲχρησίμευσεν.
488 993 586 1019 Ἰστέον
599 993 627 1020 δὲ
638 994 678 1020 ὅτι
691 994 805 1029 σημείου
814 995 862 1029 χά-

61 1045 105 1072 ριν
120 1037 168 1063 διὰ
178 1037 230 1072 τῆς
245 1039 397 1074 περιτομῆς
410 1039 542 1076 ἐϐουλήθη
560 1040 750 1076 γνωρίζεσθαι,
760 1042 862 1069 καὶούκ

59 1082 267 1117 ἀνασχομένους
274 1083 329 1110 ἀπὸ
338 1083 455 1116 πίστεως
463 1084 617 1119 φαίνεσθαι,
624 1085 662 1117 ὼς
670 1086 792 1122 πρόϐατα
799 1086 861 1114 ἅλο-

60 1136 96 1161 γα
110 1128 151 1163 τῷ
172 1129 290 1165 καυτῆρι
301 1130 352 1156 κᾶν
364 1130 498 1166 πλανηθῇ,
512 1131 606 1166 ῥᾳδίαν
626 1131 684 1167 ἕχει
698 1132 746 1168 τὴν
763 1132 861 1159 ἑαυτοῦ

59 1176 194 1210 εὕρεσιν·
224 1174 296 1201 οὕτω
305 1176 367 1208 τοὺς
394 1176 535 1209 Ἰουδαίους
559 1178 790 1213 ἐπιμιγνυμένους
806 1180 861 1211 τοῖς

60 1219 170 1247 ἔθνεσιν
183 1221 237 1248 ἀπὸ
251 1221 300 1257 τῆς
310 1223 461 1259 περιτομῆς
475 1224 608 1259 φανεροὺς
624 1223 695 1252 εἶναι
710 1225 860 1260 βουληθείς.

60 1267 117 1293 Καὶ
134 1267 231 1294 τούτου
248 1268 384 1301 ἀπόδειξις
400 1270 430 1296 τὸ
445 1270 474 1296 ὲν
491 1270 542 1305 μὲν
558 1272 592 1306 τῇ
604 1271 735 1307 Αἰγύπτῳ
752 1272 861 1308 περιτέ-

62 1312 180 1347 μνεσθαι
198 1313 295 1346 αὐτοὺς
307 1333 314 1346 ,
334 1315 361 1341 ἐν
373 1315 401 1341 δὲ
415 1316 447 1351 τῇ
463 1315 558 1352 ἐρήμῳ
569 1336 577 1348 ,
592 1317 686 1353 ἐπειδὴ
704 1317 778 1352 μόνοι
793 1316 862 1354 ἦσαν

60 1359 109 1385 καὶ
125 1359 284 1393 Αἰγυπτίων
305 1362 503 1397 κεχωρισμένοι
521 1362 569 1389 καὶ
590 1363 645 1390 τῶν
669 1363 756 1390 ἄλλων
777 1363 862 1391 ὲθνῶν

60 1405 116 1432 τῶν
134 1406 208 1432 κατὰ
224 1406 406 1443 Παλαιστίνην
417 1427 425 1439 ,
440 1409 645 1445 ἀπεριτμήτους
663 1411 861 1447 μεμενηκέναι.

63 1452 130 1479 Ὅτε
148 1452 177 1479 δὲ
194 1453 373 1488 παρελθόντες
384 1454 429 1481 τὸν
447 1454 581 1492 Ἰορδάνην
605 1456 717 1492 ἔμελλον
740 1458 768 1484 ὲν
787 1458 862 1494 μέσῳ

916 211 1165 246 investigationem.
1188 220 1196 235 I
1217 209 1409 244 Exquisieruut
1426 210 1509 242 enim,
1523 209 1609 243 inquit
1625 208 1656 239 ".
1685 208 1702 235 ii

915 257 959 292 qui
973 256 1215 291 persequebantur,
1227 264 1322 284 omnes
1333 257 1429 288 vias,cl
1442 265 1494 283 non
1508 257 1677 284 invenerunt.
1691 263 1701 281 δ

951 302 1136 337 Quadraginta
1150 302 1221 328 mille
1235 303 1297 329 bene
1320 303 1432 329 accincti
1446 302 1478 328 ¹⁷.
1499 300 1703 329 Observandum

914 354 956 376 est
991 348 1170 382 quaternione
1197 347 1254 374 sive
1277 348 1430 380 unitatmn,
1468 347 1525 375 sive
1555 345 1704 374 centenarii

914 399 961 421 aut
986 393 1100 421 alterius
1124 392 1236 428 majoris
1260 393 1376 426 numeri,
1400 392 1603 421 infestationem
1630 392 1702 420 desi-

912 440 1001 474 gnari.
1527 442 1543 455 θ’

950 484 1007 511 Fac
1027 485 1073 512 tibi
1095 484 1195 511 cultros
1219 485 1334 518 pelrinos
1347 484 1379 511 de
1396 490 1469 518 petra
1483 489 1560 511 acuta
1577 483 1608 511 ιθ.
1626 483 1704 517 Qua:-

915 532 1027 558 rendum
1045 536 1086 558 est
1117 538 1166 557 cur
1181 531 1334 558 circumcisi
1357 538 1410 558 non
1424 530 1524 558 iuerint
1538 530 1584 564 qui
1610 530 1636 557 in
1655 529 1703 556 de—

913 582 988 604 serto
1003 577 1058 604 nali
1075 581 1148 609 sunt,
1163 581 1209 603 aut
1222 584 1271 604 cur
1285 577 1330 611 qui
1344 577 1453 603 vivetth
1468 575 1560 611 Moyse
1573 575 1645 611 ligna
1662 576 1704 602 die

914 623 1026 650 Sabbali
1040 623 1196 658 collegerat,
1207 623 1284 658 jussu
1300 623 1345 651 Dei
1358 623 1492 658 lapidatus
1503 623 1549 655 sit,
1565 627 1639 650 tanta
1656 630 1705 650 au-

915 674 967 696 tem
985 670 1127 697 multitudo
1155 678 1214 705 qua:
1245 670 1436 698 incircumcisa
1467 674 1655 704 permanserat
1678 669 1704 696 in

913 717 1030 747 deserto,
1046 724 1080 743 ne
1096 716 1238 751 objurgata
1254 716 1362 750 quidem
1393 715 1439 748 sit,
1470 715 1533 745 licet
1551 714 1623 742 Deus
1649 715 1705 749 jam

912 763 1089 790 exterminari
1115 763 1287 797 praecepisset
1299 762 1416 789 animam
1433 769 1492 797 qua:
1517 769 1570 789 non
1589 762 1706 790 circum-

913 810 1050 836 cideretur
1076 813 1172 835 octava
1204 808 1258 840 die,
1281 802 1372 835 eidem'
1400 814 1465 834 vero
1482 814 1570 842 pinna:
1586 807 1704 834 nomium

913 863 959 882 eos
970 855 1119 882 addixisset
1133 854 1178 889 qui
1192 854 1341 881 Sabbatum
1355 853 1624 888 transgrederentur.
1636 852 1706 880 llinc

913 902 995 937 igitur
1010 901 1092 935 liquet
1107 900 1343 928 circumcisionem
1368 904 1395 926 et
1411 898 1559 927 Sabbatum
1577 907 1630 926 non
1646 905 1706 926 esse

913 956 960 984 per
987 955 1017 975 se
1042 949 1122 980 bona,
1136 949 1182 975 sed
1198 947 1259 974 ideo
1273 947 1342 974 bona
1359 947 1424 982 quia
1449 946 1481 974 ad
1507 951 1612 980 tempus
1629 946 1705 973 utilia

914 995 1033 1022 fuerunt.
1051 993 1197 1022 Sciendum
1215 997 1256 1021 est
1275 1001 1338 1020 eum
1355 993 1388 1019 ad
1403 992 1490 1020 instar
1505 992 1574 1028 signi
1587 992 1706 1020 circum-

912 1041 1015 1069 cisioue
1037 1045 1063 1068 et
1079 1047 1131 1067 non
1154 1039 1211 1066 sola
1230 1040 1284 1066 lide
1308 1039 1428 1066 voluisse
1452 1038 1511 1066 illos
1530 1037 1659 1069 discerni,
1677 1042 1708 1065 ut

913 1087 1139 1121 quemadmodum
1153 1092 1250 1119 pecora
1263 1084 1464 1112 irrationabilia
1476 1084 1573 1119 quibus
1583 1083 1706 1111 eanden-

914 1133 947 1160 tis
976 1132 1039 1159 ierri
1066 1137 1128 1159 nota
1150 1132 1237 1158 inusta
1261 1134 1312 1163 est,
1341 1130 1429 1164 facile,
1452 1130 1559 1157 etiamsi
1591 1137 1705 1157 errave-

913 1179 976 1210 rint,
992 1178 1073 1214 395
1086 1178 1269 1213 reperiuntur,
1285 1177 1320 1203 ita
1335 1175 1418 1204 Iudici
1435 1176 1561 1210 gentibus
1577 1175 1702 1210 permisti

914 1227 1121 1255 circumcisione
1147 1224 1284 1253 manifesti
1306 1224 1412 1252 tierent.
1444 1224 1529 1258 llujus
1556 1224 1595 1252 rei
1620 1231 1705 1259 argu-

913 1277 1005 1300 mento
1023 1277 1063 1300 cst
1079 1271 1150 1306 quod
1167 1272 1192 1298 in
1210 1270 1327 1306 [Egypto
1342 1271 1450 1306 quidem
1468 1270 1706 1298 circumeisionem

912 1319 1069 1353 acceperint
1081 1338 1088 1351 ,
1111 1320 1139 1344 in
1156 1318 1265 1345 deserto
1282 1325 1346 1345 vero
1368 1317 1495 1351 quoniam
1519 1317 1568 1343 soli
1585 1321 1661 1343 erant
1678 1321 1706 1343 et

913 1364 947 1391 sb
970 1363 1108 1399 Egypliis
1134 1363 1250 1397 aliisque
1284 1362 1437 1390 Palaestina:
1457 1362 1553 1389 vicinis
1580 1361 1708 1397 gentibus

913 1410 1043 1444 separati,
1063 1409 1246 1437 incircumcisi
1260 1408 1471 1443 permanserint.
1482 1407 1596 1441 Quando
1612 1413 1704 1435 autent

913 1455 1059 1483 Jordanem
1083 1455 1246 1488 transgressi
1269 1454 1295 1482 in
1324 1455 1414 1482 medio
1436 1454 1706 1489 gentinmyersaturi

61 1495 132 1525 εἶναι
148 1499 203 1526 τῶν
215 1499 311 1533 ἐθνῶν,
320 1498 398 1533 αὖθις
410 1501 635 1538 προσετάχθησαν
645 1504 847 1540 περιτμηθῆναι

930 1504 1000 1534 rant,
1012 1508 1107 1528 rursus
1124 1499 1281 1528 circumcidi
1305 1499 1444 1532 iubentur.
1463 1499 1644 1532 Quamobrem
1663 1506 1706 1527 se-

60 1544 164 1581 Διὸπερ
181 1545 214 1571 ἐκ
236 1545 363 1582 δευτέρου
377 1545 465 1579 εἶπεν,
483 1547 523 1574 ὅτι
539 1548 589 1574 οὐκ
607 1549 796 1586 ὀκταημέρσυς
812 1559 860 1577 πε-

64 1589 257 1626 ρωτέμνοντο,
270 1591 327 1617 ἀλλ’
343 1591 522 1628 ἀνδρωθέντας
535 1593 597 1628 ἤδη,
615 1593 663 1622 καὶ
681 1595 750 1630 πρὸς
770 1595 860 1631 γῆράς

62 1644 139 1668 τινας
152 1637 324 1670 νενευκότας.
343 1637 375 1664 Ἠ
388 1638 416 1664 δὲ
428 1639 542 1675 πετρίνη
560 1639 684 1676 μάχαιρα
699 1640 744 1667 τὸν
758 1641 859 1677 Κύριον

63 1682 128 1717 ἡμῖν
144 1682 221 1718 δηλοῖ
231 1683 276 1710 τὸν
288 1683 336 1719 τὴν
349 1683 446 1719 νοητὴν
462 1684 540 1712 δόντα
555 1687 621 1721 ἡμῖν
636 1687 797 1722 περιτομὴν,
810 1687 860 1723 τὴν

64 1731 102 1762 εἰς
119 1730 185 1757 νοῦν
197 1731 244 1758 καὶ
258 1732 382 1767 καρδίαν.
400 1733 450 1760 Διὰ
466 1734 544 1761 τοῦτο
565 1734 620 1770 γὰρ
636 1735 684 1761 καὶ
699 1735 713 1761 ὁ
733 1736 860 1762 Ἀπόστο-

63 1775 108 1807 λος
120 1777 190 1812 ἡμῖν
208 1776 285 1812 ἔλεγε
308 1779 459 1815 περιτομὴν
475 1779 521 1807 τοῦ
543 1781 678 1816 Χριστοῦ,
702 1782 752 1808 οὐκ
776 1782 806 1809 ὲν
827 1784 859 1818 τῇ

61 1824 215 1852 ἀπεκδύσει
225 1825 275 1861 τῆς
289 1826 391 1862 σαρκὸς
405 1827 493 1862 ἡμῶν.

106 1870 182 1906 Ἐγὼ
201 1871 438 1907 ἀρχιστράτηγος
446 1872 500 1906 τῆς
512 1873 666 1908 δυνάμεως
675 1874 795 1908 Kvpt'ov,
803 1874 862 1902 νῦν

66 1917 264 1952 «(mars-rora.
286 1918 448 1953 Μεμνῆσθαι
468 1919 508 1946 δεῖ
521 1920 561 1946 ὅτι
583 1919 665 1955 ἡνίκα
677 1919 860 1956 ἐμοσχοποίη-

66 1971 123 1992 σαν.
135 1965 150 1990 ὁ
167 1964 233 1995 Θεὸς
248 1963 287 1999 τῷ
299 1964 412 1991 Μωῡσεῖ
424 1967 559 2001 φησιν,ὄτι
569 1976 578 1991 ι
596 1965 731 2000 Ἀνάγαγε
738 1965 782 1992 τὸν
797 1965 860 1992 λαὸν

65 2009 170 2040 τοῦτον,
184 2009 214 2036 οὑ
228 2009 282 2045 γὰρ
298 2009 335 2045 μὴ
351 2010 492 2038 συναναϐῶ
503 2011 546 2037 διὰ
562 2010 593 2037 τὸ
606 2010 651 2037 τὸν
663 2011 727 2039 λαὸν
743 2011 860 2048 σκληρο-

65 2055 200 2091 τράχηλον
215 2054 292 2082 εἶναι.
311 2057 366 2083 Καὶ
385 2056 440 2083 ἰδοὺ
462 2057 603 2084 ἀποστελῶ
615 2057 661 2084 τὸν
678 2058 794 2092 ἄγγελόν
809 2067 860 2094 μου

66 2102 118 2137 πρὸ
141 2101 288 2138 προσώπου
306 2111 362 2129 σου.
386 2103 507 2139 Πρόσεχε
533 2101 579 2130 οὖν
602 2103 726 2139 σεαυτῷ,
748 2104 794 2131 καὶ
822 2105 860 2141 μὴ

65 2147 182 2174 ἀπείθει.
205 2158 214 2174 ι
237 2147 266 2174 ’0
278 2149 306 2175 δὲ
322 2149 442 2185 Μωῡσῆς
459 2149 526 2184 πρὸς
541 2149 623 2176 αὐτόν
636 2158 730 2185 φησιν·
748 2159 756 2176 ι
773 2151 804 2177 Εἰ
821 2151 858 2186 μὴ

911 1549 1000 1575 eundo
1033 1547 1098 1574 dicit
1137 1554 1190 1573 non
1227 1545 1345 1573 infantes
1374 1546 1460 1573 solum
1496 1550 1558 1572 octo
1586 1545 1704 1576 dierum,

910 1592 958 1621 sed
988 1592 1062 1619 viros
1094 1591 1230 1627 perfectos
1256 1595 1284 1618 et
1309 1590 1444 1625 quosdam
1476 1590 1559 1617 etiam
1594 1588 1628 1614 ad
1654 1595 1706 1615 sc-

912 1642 1047 1665 nectntem
1065 1642 1208 1672 vergentes
1228 1635 1404 1664 circumeisos
1429 1635 1521 1662 fuisse.
1545 1633 1638 1662 Culter
1653 1640 1702 1668 pe-

912 1684 1000 1712 tri-nus
1015 1684 1158 1711 Dominum
1173 1683 1310 1717 signiﬁcat
1323 1681 1370 1716 qui
1389 1680 1539 1717 spiritalem
1560 1680 1638 1708 nobis
1651 1680 1706 1707 eir-

912 1731 1106 1759 cumeisionem
1130 1730 1229 1757 mentis
1254 1734 1282 1757 et
1316 1729 1406 1756 cordis
1438 1727 1521 1755 dedit.
1548 1726 1611 1754 ideo
1632 1728 1705 1754 enim

912 1776 1056 1811 Apostolus
1071 1776 1092 1792 ι’
1110 1782 1218 1810 quoque
1239 1773 1474 1802 circumeisionem
1491 1776 1569 1799 vocat
1591 1772 1705 1806 Christi,

910 1829 965 1850 non
982 1822 1009 1848 in
1026 1820 1221 1856 exspoliatione
1237 1819 1329 1848 carnis
1345 1823 1454 1848 nostrm.

948 1867 1004 1901 Ego
1028 1875 1086 1893 sum
1106 1867 1226 1900 princeps
1246 1866 1350 1892 militia:
1368 1865 1472 1891 virtutis
1489 1864 1614 1892 Domini:
1635 1872 1704 1891 nunc

911 1913 1003 1940 adveni
1021 1913 1054 1939 '°.
1070 1911 1225 1939 Meminisse
1247 1915 1354 1945 oportet
1367 1930 1374 1941 .
1398 1909 1506 1944 quando
1520 1908 1705 1936 conﬂaverunt

911 1958 1025 1986 vitulum
1041 1978 1048 1991 ,
1065 1963 1128 1985 tunc
1143 1957 1227 1985 Dcmn
1251 1956 1337 1992 Moysi
1360 1955 1451 1983 dicere
1468 1955 1488 1972 ²¹
1503 1963 1509 1982 :
1527 1965 1536 1981 ι
1553 1954 1643 1982 Deduc
1656 1961 1705 1989 po-

911 2005 1002 2041 pulum
1018 2005 1110 2036 islum,
1123 2012 1175 2032 non
1188 2004 1259 2031 enim
1273 2002 1354 2030 simul
1369 2002 1526 2035 ascendam,
1541 2002 1604 2037 quia
1621 2009 1704 2037 popu-

912 2052 953 2079 lus
965 2051 1032 2080 dura
1050 2051 1156 2079 cervice
1168 2056 1218 2078 est.
1233 2050 1264 2077 Et
1277 2057 1340 2078 ecce
1356 2050 1461 2077 mittam
1472 2048 1597 2084 angelum
1613 2056 1704 2076 memn

911 2103 974 2126 ante
984 2098 1078 2125 faciem
1095 2102 1177 2124 tuam.
1191 2096 1307 2124 Attende
1321 2103 1386 2132 ergo
1402 2096 1460 2129 tibi,
1473 2103 1522 2124 nec
1534 2100 1593 2124 esto
1605 2095 1703 2123 inobe‘

911 2144 999 2171 diens.
1026 2152 1035 2168 ι
1069 2142 1117 2170 Cui
1140 2142 1246 2178 Moyses
1272 2143 1417 2177 respondet
1435 2142 1457 2158 ²¹
1479 2149 1485 2168 :
1509 2150 1518 2167 ι
1541 2140 1569 2168 Si
1596 2148 1648 2168 non
1675 2144 1703 2168 tu

67 2194 216 2230 ωνανέρχῃ
236 2196 316 2230 ἡμῖν,
336 2196 372 2231 μή
398 2204 432 2230 με
455 2195 596 2232 ἀναγάγῃς
616 2196 752 2224 ἐντεῦθεν.
774 2206 782 2223 ι
803 2185 852 2224 Kai

928 2196 969 2215 )se
987 2188 1066 2215 simul
1087 2189 1194 2216 veneris
1208 2208 1215 2220 ,
1235 2195 1269 2215 ne
1296 2195 1337 2214 me
1365 2188 1464 2215 educas
1482 2186 1555 2214 hinc.
1573 2195 1582 2212 ι
1600 2185 1704 2219 Quibus

65 2240 142 2268 τοῦτο
154 2240 239 2268 εἰπὼν
254 2240 346 2268 ἔπεισε
357 2250 364 2257 ·
383 2241 430 2268 καὶ
441 2239 476 2277 ἦν
495 2242 563 2277 μετὰ
580 2241 628 2268 τοῦ
647 2242 723 2275 λαοῦ,
737 2242 789 2274 ἕως
807 2243 856 2278 τῆς

65 2285 191 2321 τελευτῆς
213 2287 327 2322 Μωῡσῆ.
351 2288 429 2315 Μετὰ
454 2288 483 2315 δὲ
502 2289 552 2323 τὴν
577 2287 672 2314 τούτου
695 2288 855 2322 ἀποὸίωσιν,

65 2330 189 2364 φαίνεται
215 2331 265 2367 μὲν
285 2333 333 2359 καὶ
356 2332 509 2368 διαλέγεται
530 2332 569 2368 τῷ
592 2332 640 2360 τοῦ
657 2332 733 2369 Ναυῆ
757 2333 855 2368 Ἰησοῦ.

41 2393 43 2405 ι
66 2375 141 2403 Μετὰ
151 2377 218 2411 γοῦν
233 2378 283 2414 τὴν
295 2379 455 2406 ἐπιστασίαν
467 2379 516 2406 τοῦ
530 2379 595 2406 λαοῦ
612 2379 653 2411 εἰς
668 2379 715 2406 τὸν
732 2379 857 2416 μαθητὴν

40 2421 203 2456 {limosi-5w;
238 2424 330 2451 λοιπὸν
369 2425 551 2460 παραδίδωσιν
585 2425 665 2452 αὑτὸν
695 2425 735 2460 τῷ
777 2425 856 2461 ἀρχι-

67 2471 210 2505 στρατήγῳ
231 2471 271 2506 τῷ
294 2471 414 2507 Μιχαὴλ.
434 2468 517 2503 Οὗτος
537 2469 570 2507 ἦν
596 2472 687 2508 ἄρχων
708 2472 755 2499 τοῦ
772 2471 855 2504 λαοῦ,

38 2515 42 2536 v'
67 2515 101 2548 ὡς
119 2518 148 2543 ἐν
165 2517 204 2552 τῷ
222 2517 320 2553 Δανιὴλ
339 2517 463 2552 φαίνεται
482 2517 568 2552 λέγων
587 2518 680 2554 ἔτερος
699 2518 823 2553 ἅγγελος.

99 2574 293 2608 Πορευόμενοι
306 2574 354 2601 καὶ
372 2574 578 2608 σαλπίζοντες.
592 2575 677 2602 Λὺταὶ
698 2576 724 2602 αἱ
740 2575 856 2609 σάλπιγ-

68 2627 120 2651 γες,
135 2620 268 2656 σύμὸολόν
282 2622 336 2647 εἰσι
353 2620 407 2648 τῶν
422 2622 451 2647 ἐν
463 2623 496 2657 τῇ
513 2622 615 2658 ἐσχάτῃ
626 2623 727 2657 ἡμέρᾳ.
745 2631 755 2647 ι
769 2621 855 2653 Αὐτὸς

68 2665 126 2701 γὰρ,
148 2667 240 2702 φησὶν,
263 2667 277 2694 ὁ
293 2667 394 2702 Κύριος
414 2668 443 2694 ὲν
460 2667 637 2702 κελεύσματι,
654 2668 684 2694 ὲν
699 2669 773 2704 φωνῇ
787 2668 855 2704 ἀρχ-

67 2713 198 2747 αγγέλου,
221 2713 268 2740 καὶ
296 2714 326 2740 ὲν
349 2713 480 2748 σάλπιγγι
498 2713 566 2743 Θεοῦ
593 2713 778 2749 καταϐήσεται
805 2714 853 2740 ἀπ’

100 2805 234 2838 ¹⁶1ης.ιι,
252 2826 258 2837 ,
276 2807 321 2833 2'5.
362 2807 381 2822 ”
395 2806 450 2833 Jos.
467 2815 503 2839 ιν,
521 2808 562 2834 15.
603 2809 621 2823 ¹¹
636 2807 691 2836 Jos.
710 2815 735 2841 ν,
749 2807 775 2835 2.
815 2807 852 2833 ¹⁴³1

928 2806 1049 2840 s.n,ll.

69 2838 91 2855 "
105 2841 156 2870 Jos.
174 2850 209 2876 ιι,
223 2845 250 2870 υ.
285 2844 307 2858 ⁸⁵
321 2842 329 2870 l
344 2842 439 2870 Thess.
455 2851 491 2876 tv,
506 2843 548 2870 15.

910 2236 991 2263 dictis
1015 2235 1039 2262 ei
1067 2234 1220 2269 persuasit,
1247 2238 1274 2261 et
1291 2240 1353 2261 eum
1379 2232 1477 2268 populo
1501 2232 1551 2259 fuit
1566 2238 1652 2266 usque
1670 2231 1703 2258 ad

910 2283 1014 2310 obitum
1030 2281 1141 2317 Moysis,
1155 2289 1208 2316 quo
1227 2286 1334 2308 mortuo
1350 2284 1462 2315 apparet
1472 2279 1534 2307 Jcsu
1551 2278 1606 2306 ﬁlio
1618 2277 1703 2309 Nave,

910 2334 937 2356 et
957 2336 1018 2355 cum
1040 2336 1073 2356 eo
1087 2328 1262 2362 colloquitur.
1285 2327 1432 2362 Postquam
1457 2333 1524 2361 ergo
1540 2325 1654 2361 populus
1673 2324 1701 2351 in

911 2374 1012 2410 Hoysis
1029 2374 1191 2409 discipulmn
1216 2373 1311 2401 oculos
1331 2373 1436 2401 deﬁxos
1454 2371 1569 2405 habuit,
1591 2370 1702 2397 tradidit

911 2420 987 2447 illum
1004 2421 1073 2447 Deus
1088 2420 1203 2456 principi
1221 2421 1322 2448 militia:
1339 2428 1404 2452 sum,
1421 2418 1555 2446 ltliebaeli.
1575 2416 1624 2444 llic
1641 2420 1702 2443 erat

911 2466 1035 2501 princeps
1051 2466 1157 2502 populi,
1176 2471 1205 2493 ut
1221 2466 1247 2493 iu
1266 2466 1376 2494 Daniele
1393 2466 1500 2492 videtur
1518 2464 1610 2491 dicere
1633 2461 1702 2490 alter

911 2515 1031 2548 angelus.

946 2571 1114 2598 Ambit/antes
1133 2579 1156 2597 et
1177 2570 1326 2605 rlangenlrs
1341 2569 1370 2595 ’3.
1395 2567 1440 2594 lia:
1457 2567 1526 2594 tuba:
1548 2566 1699 2602 symbolum

911 2624 972 2646 sunt
988 2626 1081 2645 eorum
1096 2625 1155 2652 quas
1172 2617 1196 2643 in
1212 2615 1357 2643 novissima
1375 2615 1417 2641 uie
1429 2613 1585 2647 contingenti
1599 2620 1605 2638 :
1622 2622 1631 2638 ι
1642 2611 1702 2647 Ipse

907 2665 990 2695 enim.
1022 2663 1109 2698 inquit
1131 2663 1172 2693 “.
1198 2661 1327 2688 Dominus
1351 2660 1376 2686 in
1392 2660 1487 2694 jussu.
1513 2659 1539 2686 in
1565 2665 1633 2685 voce
1657 2666 1701 2684 ar-

909 2711 1031 2747 changeli
1049 2716 1074 2738 et
1092 2710 1117 2737 in
1139 2709 1202 2737 tuba
1219 2708 1264 2736 Dei
1281 2707 1427 2736 descendet
1443 2707 1474 2735 de
1491 2706 1569 2734 cwlo.
1590 2715 1599 2732 ι
1623 2704 1700 2738 Quod

1090 2806 1113 2822 "‘
1128 2804 1181 2832 Jos.
1202 2813 1226 2838 v,
1247 2804 1287 2831 Η.
1327 2804 1346 2818 ²¹
1362 2803 1446 2830 llxod.
1462 2810 1557 2830 natu.
1595 2802 1615 2818 ⁸¹
1632 2799 1697 2828 ibid.
