1902 3052
61 134 117 162 825
578 133 612 161 IN
631 132 761 162 LIBRUM
780 132 862 160 JESU
877 130 971 160 NAVE
989 132 1133 160 HOMlLIA
1145 132 1167 161 1⁷.
1651 136 1703 166 826

62 191 219 219 venerabilis
231 196 306 225 pater
323 191 469 226 Chromati,
484 192 613 228 injungis,
628 197 653 220 et
670 192 793 227 principis
809 192 895 223 nobis,
910 196 936 218 ut
954 191 1055 226 aliquid
1069 192 1102 218 ad
1119 192 1322 226 ludificationem
1337 196 1362 219 et
1386 192 1608 220 constructionem
1624 192 1706 221 divini

63 238 230 265 tabernaculi
247 246 280 264 ea:
296 236 450 264 Gra'corum
468 239 561 273 opibus
580 239 638 275 (25)
652 244 675 266 et
692 239 774 273 copiis
792 239 972 273 conferamus,
985 239 1167 267 oratiunculas
1184 247 1246 267 XXVI
1262 240 1288 266 in
1304 239 1398 267 Iesum
1410 240 1496 273 Nave,
1517 249 1583 276 quas
1595 246 1704 268 extem-

63 292 127 318 pore
141 283 170 310 in
187 283 307 310 Ecclesia
320 285 452 317 peroravit
464 284 642 312 Adamantius
658 293 748 317 senex,
769 293 801 311 ex
814 283 905 311 Cra'cu
923 284 979 319 (25)
1001 283 1092 311 Latine
1107 285 1154 311 tibi
1171 293 1218 318 pro
1234 285 1329 311 virium
1346 293 1464 311 mearum
1478 286 1609 320 parvitate
1625 287 1706 313 disso-

61 331 178 358 ruimus.
196 331 246 358 Tui
263 340 327 358 sane
344 332 428 359 nostri
443 333 569 367 temporis
589 331 747 360 Beselehelis
766 331 865 366 judicii
887 332 931 362 sit,
950 332 977 358 in
994 332 1036 358 Itis
1049 340 1107 366 qutv
1121 332 1268 366 o/I'erimus,
1282 333 1388 360 etiamsi
1407 334 1473 360 nihil
1492 335 1626 361 invenitur
1644 335 1706 363 (ιιι-ἰ

64 378 126 413 puri
141 378 211 412 quod
229 378 263 404 ad
284 377 368 405 altare
384 379 507 413 proﬁciat
520 399 528 412 ,
545 388 592 406 nec
615 380 717 414 argenti
737 379 807 413 quod
827 377 1009 404 colummrum
1029 378 1154 406 Ecclesia:
1170 380 1244 406 bases
1265 380 1359 414 efﬁciat
1373 385 1420 407 aut
1443 381 1532 416 capita
1557 383 1670 415 decoret,
1683 383 1706 409 si

58 423 154 450 stu’lus
169 431 201 450 es:
215 424 256 450 his
269 424 296 450 in
313 423 368 451 illis
383 423 517 459 lapidibus
530 425 644 452 inveniri
663 430 748 459 potest
764 424 811 458 qui
835 423 906 458 logia
928 424 1044 452 insertus
1059 424 1212 459 pontiﬁcale
1229 430 1342 453 vestrum
1365 433 1389 452 et
1408 427 1558 454 divinorum
1572 427 1628 463 (25)
1647 436 1709 455 con-

62 470 147 496 sciunt
165 475 257 503 pectus
272 475 390 501 exornet,
416 476 444 497 at
463 476 531 498 certe
551 472 701 506 perspicere
716 471 774 505 (26)
797 470 821 497 si
836 469 874 496 vel
889 478 1017 505 purpura:
1031 471 1126 507 aliquis
1142 472 1170 498 in
1189 471 1248 503 Itis,
1270 476 1294 498 el
1308 472 1373 506 regii
1391 472 1505 504 decoris,
1529 477 1573 499 aut
1590 473 1669 506 cocci,
1681 477 1705 500 et

63 516 169 549 mystici
184 516 287 543 cruoris
299 516 370 543 color
382 516 440 551 (27)
455 517 600 544 intuitur:
615 518 638 545 si
653 517 717 552 quid
730 517 874 552 puritatem
889 515 960 550 byssi
973 517 1103 550 imitetur,
1119 521 1144 544 et
1164 517 1348 552 fortitudinem
1366 517 1426 549 lini,
1442 522 1465 544 et
1482 518 1591 552 dignum
1604 518 1705 553 aliquid

63 561 159 588 habeat
172 562 383 590 sacerdotalibus
400 564 564 591 indumentis
577 572 586 591 :
604 568 737 598 postremo
749 564 772 591 si
784 563 823 590 vel
841 565 936 591 rubras
947 564 1019 599 apud
1035 571 1081 590 nos
1096 563 1185 596 pelles,
1201 564 1385 590 verecundia»;
1405 563 1502 598 frontis
1521 564 1657 590 invenias:
1671 564 1705 590 ad

64 609 187 635 u’timunt
202 609 225 636 si
237 610 274 636 vel
291 618 432 644 caprarum
452 617 521 638 certe
544 611 661 644 reperias
678 610 757 645 pilos,
774 611 869 645 quibus
882 611 922 638 vel
934 612 1074 646 penuriam
1090 615 1207 637 nostram
1219 615 1348 644 legamus,
1362 615 1407 636 aut
1421 610 1445 636 si
1461 618 1527 644 quas
1544 609 1704 636 incurrimus

63 654 155 684 culpas
169 655 315 688 paenitendo
328 663 479 691 purgemus.
506 656 601 683 Totum
616 664 678 691 ergo
699 656 748 683 ltoc
768 657 800 683 de
816 661 861 684 tuo
873 657 979 692 judicio
995 657 1116 690 pendeat.
1138 655 1168 683 Si
1183 656 1247 691 quid
1266 664 1329 682 sane
1342 662 1381 683 est
1393 656 1464 691 quod
1479 655 1583 690 placere
1606 660 1703 690 potest.

63 699 111 726 huc
120 701 154 727 sit
169 702 284 729 auctoris
294 710 302 728 :
312 710 394 737 neque
409 703 478 729 enim
493 710 551 737 qua:
563 702 623 729 aliis
632 702 721 729 labore
732 708 811 737 parta
823 708 884 730 sunt
897 703 1023 737 diripere,
1034 707 1057 729 et
1067 706 1164 729 nostra:
1176 702 1250 729 laudi
1262 702 1400 736 applicare
1407 701 1511 737 justum
1524 708 1660 737 putamus.
1674 703 1704 730 Si

63 755 121 773 vero
135 747 188 773 vim
204 756 339 780 sensuum,
352 748 436 775 oratio
452 748 546 775 inculti
563 749 689 776 sermonis
704 754 852 783 exasperat,
870 750 919 776 hoc
935 749 973 776 vel
991 749 1071 782 mihi,
1086 748 1138 782 vel,
1152 753 1179 775 ut
1199 757 1259 775 cum
1283 752 1330 775 tua
1358 748 1431 775 venia
1453 748 1577 782 dixerim,
1593 749 1641 776 tibi
1655 749 1705 784 ipsi

64 799 196 828 repututo,
211 796 256 829 qui
272 803 336 830 opus
349 796 420 830 quod
433 797 546 823 eruditis
561 797 663 824 deberet
679 796 736 832 (28)
755 797 869 831 injungi,
886 797 984 830 expetis
1000 797 1032 822 ao
1047 796 1171 823 indoctis.

714 938 1006 996 ORIGENI
1016 938 1053 995 S

348 1057 639 1104 HOMILIIE
682 1055 745 1102 i‘N
786 1048 1018 1100 HBRUM
1055 1056 1197 1101 JESU
1237 1057 1417 1104 NAVE.

268 1208 350 1244 397
372 1208 512 1236 HOMILIA
531 1208 650 1236 emus.

101 1257 126 1284 Ι.
149 1256 266 1284 Donavit
283 1256 355 1283 Deus
372 1263 492 1289 nomen,
521 1256 592 1291 quod
613 1261 655 1283 cst
677 1263 759 1290 super
779 1263 861 1282 omne

67 1310 161 1330 nomen
172 1302 242 1338 (‘29),
253 1302 366 1329 Domino
375 1305 399 1328 et
409 1301 543 1328 Salvatori
559 1307 650 1328 nostro
663 1300 726 1328 Jesu
739 1301 859 1328 Christo.

69 1349 114 1376 list
138 1354 231 1376 autem
262 1355 359 1375 nomen
375 1348 447 1382 quod
475 1353 518 1374 est
546 1355 626 1381 super
649 1355 731 1374 omne
761 1355 860 1374 nomen

67 1393 153 1422 Iesus.
174 1394 209 1421 Et
227 1394 290 1429 quia
305 1398 347 1420 est
360 1393 430 1420 istud
443 1400 542 1420 nomen
559 1401 640 1427 super
654 1400 734 1420 omne
750 1401 860 1425 nomen,

69 1442 166 1470 idcirco
190 1443 215 1468 in
235 1441 344 1468 nomine
365 1439 427 1468 Jesu
451 1448 534 1468 omne
556 1448 625 1475 genu
645 1439 763 1467 ﬂectitur
779 1439 861 1467 coale—

70 1489 159 1521 stium,
178 1487 369 1518 terrestrium,
387 1491 414 1514 et
432 1486 600 1514 infernornm
618 1487 652 1513 ἠ.
677 1485 711 1512 Et
736 1486 800 1520 quia
821 1489 862 1513 est

71 1535 118 1562 hoc
137 1542 235 1561 nomen
259 1541 341 1568 super
360 1540 441 1561 omne
457 1540 555 1560 nomen
574 1542 580 1560 :
596 1532 698 1560 idcirco
717 1533 742 1559 in
770 1532 862 1560 multis

71 1579 292 1614 generationibus
328 1586 342 1605 a
378 1577 452 1606 nullo
480 1578 702 1613 cognominatum
728 1583 769 1605 est
793 1577 860 1612 (50).

71 1628 84 1651 5
91 1626 184 1661 cripsit
199 1625 304 1660 Moyses
316 1625 414 1651 librum
424 1624 547 1656 Genesis,
558 1625 583 1651 in
593 1632 647 1659 quo
657 1624 772 1659 legimus
779 1628 797 1651 A
804 1625 864 1651 bra-

71 1671 142 1704 lnm,
155 1677 183 1699 ct
204 1678 252 1698 eos
265 1670 311 1705 qui
326 1677 359 1696 ex
374 1677 406 1696 eo
420 1669 540 1703 generati
558 1673 634 1702 sunt,
647 1669 672 1696 iu
689 1669 787 1703 quibus
799 1673 864 1696 sunt

69 1718 129 1752 justi
149 1717 361 1754 quamplurimi;
378 1715 425 1743 sed
440 1715 528 1742 nullus
542 1722 574 1742 ex
587 1715 653 1749 ipsis
666 1714 746 1743 Jesus
760 1714 861 1742 meruit

71 1765 216 1793 nominari.
234 1764 328 1798 Neque
342 1762 410 1790 Abel
428 1761 507 1789 .lesus
519 1762 607 1790 dictus
623 1765 684 1794 est.
707 1768 796 1796 neque
817 1761 862 1789 ille

73 1811 115 1846 qui
128 1811 211 1846 cmpit
228 1810 356 1837 invocare
372 1815 471 1835 nomen
490 1808 597 1835 Domini
612 1807 678 1840 Dei;
705 1814 794 1842 neque
818 1807 862 1834 ille

71 1859 113 1893 qui
141 1857 245 1892 placuit
265 1856 331 1887 Deo,
359 1860 385 1882 et
402 1854 550 1882 translatus
584 1859 646 1886 est,
680 1853 758 1888 cujus
790 1861 862 1880 mors

72 1892 175 1931 inventa
192 1911 246 1930 non
265 1906 322 1935 est;
347 1908 434 1936 neque
455 1901 498 1927 ille
513 1900 559 1935 qui
578 1900 604 1927 in
620 1899 799 1935 generatione
813 1907 861 1926 sua
878 1892 898 1919 Β

72 1951 141 1978 solus
162 1950 254 1986 justus
268 1950 394 1976 inventus
413 1953 455 1975 est
477 1947 549 1982 apud
567 1947 650 1974 Deum
666 1945 724 1974 Noe
739 1954 745 1973 :
762 1945 808 1973 sed
829 1954 863 1973 ne

72 1997 128 2032 ipse
152 1997 262 2032 quidem
285 1995 331 2030 qui
357 1994 586 2029 repromissiOnes
612 1998 758 2028 acceperat
781 1996 864 2020 testa-

73 2043 151 2070 menti
175 2042 313 2070 Abraham
329 2041 407 2075 (31);
430 2048 479 2068 nec
496 2040 540 2067 ille
553 2039 600 2075 qui
615 2047 649 2067 ex
672 2047 704 2067 eo
722 2044 801 2067 natus
819 2043 862 2066 est

105 2101 128 2116 “
139 2099 239 2135 Philip.
256 2107 285 2132 ιι,
300 2099 384 2131 9,10.
423 2099 445 2115 "
459 2098 543 2126 Exod.
555 2106 621 2131 xm,
634 2098 662 2132 8,
673 2098 691 2125 9

869 1210 892 1238 A

107 2159 162 2196 (‘23)
173 2159 283 2196 Opibus.
300 2159 472 2196 Uniuscodex
483 2158 658 2196 Eltroicensis
672 2166 682 2183 ι
696 2157 837 2193 operibus,
852 2166 862 2183 ι

76 2194 163 2229 sicque
176 2196 259 2222 etiam
278 2195 359 2222 habet
375 2194 581 2226 Gemetirensis.

107 2231 161 2267 (Ἡ)
175 2230 216 2257 Ea:
229 2229 342 2267 (ἳηιιςοζ
349 2230 428 2267 Deest
445 2230 471 2255 in
485 2229 678 2267 Sangcruran”
693 2228 864 2267 Ebroicensi,

75 2272 100 2294 et
112 2264 310 2294 ‘Ge'meticensi.
328 2265 409 2291 Paulo
433 2269 494 2298 post
509 2266 594 2291 codex
610 2264 754 2298 Sangerm.
771 2264 862 2295 habet,

77 2310 86 2327 ι
103 2301 227 2329 disserui.
244 2300 294 2327 Tui
308 2307 372 2327 sane
393 2300 476 2327 nostri
496 2299 626 2334 temporis
640 2319 647 2330 ,
667 2309 675 2325 ι
694 2304 748 2326 etc.
772 2298 863 2325 Codex

75 2335 276 2368 Gemeticensis,
295 2345 304 2361 ι
321 2335 501 2363 disseruimus
514 2355 520 2366 ,
539 2339 568 2360 ιιι.
585 2335 622 2361 tui
649 2341 714 2361 sane
730 2341 801 2361 nunc
816 2342 865 2361 no-

77 2372 122 2398 5tri
135 2372 263 2405 temporis
277 2371 398 2398 Bt‘SCiCCi
415 2369 576 2396 beneﬁcium
594 2369 638 2401 sit,
659 2379 668 2394 ι
683 2370 776 2403 sicque
792 2376 862 2396 unus

78 2404 254 2438 Ebroiceiisis,
272 2407 323 2433 nisi
345 2406 416 2441 quod
441 2413 490 2439 pro
519 2414 527 2430 ι
548 2405 727 2432 disseruimus
744 2414 753 2430 ι
783 2404 864 2431 habet.

81 2450 89 2466 ι
104 2443 268 2470 disserimus.
286 2451 296 2467 ι
309 2441 382 2468 Libri
396 2445 475 2467 antea
488 2441 563 2471 editi,
581 2450 591 2466 ι
609 2441 737 2472 disserui,
754 2443 784 2466 ut
797 2446 863 2466 sane

77 2484 146 2503 nunc
162 2479 247 2504 nostri
265 2477 395 2511 temporis
407 2475 572 2503 lleSt-lehelis
584 2475 678 2510 judicii
695 2475 740 2502 sit.
761 2484 770 2500 ι
791 2474 861 2511 Infra

78 2513 156 2540 Codex
174 2509 375 2540 Gemelicensis
395 2516 422 2537 et
447 2518 516 2537 llllllS
541 2509 732 2542 Ehi'oicensis,
759 2518 769 2534 ι
790 2509 862 2543 quod

79 2546 152 2574 altari
165 2548 299 2582 proﬁciat,
319 2555 367 2574 nec
380 2545 484 2581 argenti
502 2547 573 2579 quod
595 2546 736 2573 columnas
754 2545 796 2572 vel
810 2545 861 2571 Ec-

79 2582 162 2609 clesia:
175 2584 266 2614 bases,
287 2592 296 2608 ι
313 2587 365 2609 etc.
844 2589 850 2595 '

113 2617 167 2649 (25)
185 2619 263 2645 Libb.
277 2624 357 2644 antea
370 2617 435 2644 editi
449 2639 455 2648 ,
473 2627 482 2644 ι
503 2622 548 2643 ant
560 2615 683 2649 capitella
699 2616 818 2645 decoret,
838 2615 860 2641 si

80 2652 164 2680 nullus
178 2654 204 2680 in
221 2654 263 2680 his
278 2652 330 2679 illis
345 2653 480 2686 lapidibus
494 2653 539 2686 qui
557 2652 627 2685 logio
640 2652 757 2678 insertus
773 2650 865 2683 ponti-

80 2687 152 2716 ﬁcale
169 2690 358 2715 vestimentum
384 2693 411 2715 et
433 2694 552 2714 vestrum
578 2687 752 2717 divinorum,
772 2694 781 2710 ι
798 2690 865 2717 ctc.,

80 2724 123 2749 sed
137 2731 230 2750 omnes
246 2732 311 2750 "ISS.
327 2728 355 2749 Ill
370 2724 396 2750 in
415 2729 510 2750 IIOSU'l)
526 2728 609 2749 ιειιιιι.

113 2758 166 2791 (26)
183 2759 272 2786 Codex
287 2758 485 2786 Gemetii-ensis
499 2779 506 2789 ,
524 2768 532 2782 ι
553 2758 578 2784 id
595 2761 671 2784 certe
696 2755 820 2790 perspice
843 2754 864 2781 si

80 2793 120 2820 vel
141 2802 205 2827 pure
222 2795 323 2827 aliquid
343 2795 368 2820 in
387 2795 428 2820 his
446 2793 544 2828 egregii
570 2793 687 2822 decoris,
708 2797 736 2817 nt
750 2791 823 2817 cocci
840 2795 866 2816 ct

83 2830 183 2862 mySIici
198 2830 300 2856 coloris
315 2830 453 2857 intcxitut'.
470 2839 478 2854 ι
495 2827 532 2856 lto
547 2837 580 2862 qn
592 2837 652 2863 \(lllU
665 2827 761 2862 legitur
773 2827 799 2852 in
813 2833 866 2853 uno

82 2864 170 2892 codice
187 2865 354 2892 tibimet-nsi.

876 2567 897 2595 C

907 1208 998 1240 Isaac;
1016 1208 1063 1234 sed
1083 1214 1134 1234 nec
1158 1205 1346 1240 supplantator
1358 1205 1444 1233 Jacob
1458 1225 1465 1239 ,
1493 1213 1543 1233 nec
1563 1205 1709 1241 quisquam

912 1261 945 1281 ex
974 1254 1036 1280 ﬁliis
1065 1254 1135 1287 ejus.
1169 1252 1278 1287 Moyses
1291 1252 1380 1280 ﬁdelis
1401 1256 1461 1279 erat
1482 1252 1509 1279 in
1532 1252 1606 1279 ou-ni
1628 1253 1710 1280 domo

912 1299 970 1332 ejus
988 1299 1056 1333 (52),
1072 1302 1099 1325 et
1115 1298 1235 1325 nondum
1253 1302 1342 1325 tamen
1358 1301 1473 1325 vocatus
1487 1302 1528 1325 est
1541 1297 1630 1325 Jesus.
1654 1297 1709 1325 Sed

912 1345 974 1373 Jesn
994 1352 1092 1372 nomen
1113 1345 1201 1378 primo
1226 1343 1284 1378 ('55)
1310 1343 1420 1370 invenio
1434 1344 1460 1370 in
1476 1343 1590 1376 Exodo;
1606 1348 1633 1371 et
1647 1343 1710 1371 volo

913 1391 1009 1418 intueri
1024 1391 1134 1425 quando
1150 1389 1268 1423 primum
1288 1395 1386 1415 nomen
1401 1387 1464 1416 Jesu
1485 1389 1709 1424 cognominatur.

915 1446 924 1462 ι
937 1435 1028 1466 Vcttil,
1044 1435 1132 1470 inquit
1144 1435 1178 1465 ",
1193 1432 1316 1464 Amalec,
1332 1438 1359 1460 et
1372 1434 1545 1468 expugnabat
1561 1433 1643 1460 Israel
1658 1453 1666 1465 ,
1683 1437 1711 1460 et

912 1483 981 1510 dixit
995 1482 1101 1518 Moyses
1116 1481 1147 1507 ad
1160 1480 1253 1508 Jesum
1270 1482 1297 1509 in
1312 1480 1456 1516 Raphidim
1474 1479 1542 1514 (54).
1559 1489 1568 1506 ι
1588 1479 1651 1508 Ilazc
1668 1483 1710 1506 est

913 1529 999 1564 prima
1019 1527 1162 1562 appellatio
1179 1528 1298 1556 nominis
1311 1527 1386 1555 Jesn.
1404 1536 1414 1552 ι
1434 1526 1520 1561 Elige,
1535 1526 1634 1560 inquit,
1660 1525 1710 1553 tibi

912 1575 987 1602 viros
1003 1578 1129 1609 potentes
1143 1581 1176 1601 ex
1191 1574 1316 1601 omnibus
1334 1573 1396 1600 ﬁliis
1413 1572 1511 1604 Israel,
1526 1577 1554 1599 et
1567 1572 1710 1606 egredere,

914 1626 941 1649 et
955 1620 1072 1656 conflige
1085 1627 1146 1647 cum
1169 1620 1281 1647 Amalec
1298 1620 1432 1647 crastino.
1444 1628 1452 1644 ι
1471 1618 1578 1654 Moyses
1596 1618 1710 1645 conﬁte-

915 1672 958 1695 tur
972 1675 1024 1695 non
1045 1674 1124 1701 pnsse
1140 1673 1170 1694 se
1192 1666 1343 1694 exercitum
1369 1666 1484 1699 ducere,
1514 1665 1661 1692 conﬁtetur
1680 1670 1712 1691 se

914 1722 967 1742 non
982 1721 1060 1749 posse
1073 1714 1196 1741 obtinere
1207 1732 1214 1744 ,
1229 1712 1354 1747 quamvis
1366 1720 1430 1740 eum
1456 1712 1490 1740 de
1507 1716 1580 1739 terra
1598 1710 1709 1746 Epypli

915 1760 1051 1788 eduxerit.
1082 1759 1115 1786 Et
1140 1759 1212 1791 ideo,
1234 1758 1323 1794 inquit
1346 1758 1416 1794 (35),
1438 1759 1548 1785 vocavit
1572 1757 1664 1785 Jestun
1682 1761 1710 1784 et

914 1807 1003 1834 dixit:
1022 1805 1120 1840 (Elige
1142 1805 1189 1832 tibi
1213 1804 1306 1836 viros,
1325 1809 1353 1831 et
1370 1804 1512 1839 egredere.
1532 1813 1541 1829 ι
1566 1803 1646 1830 Vides
1666 1803 1709 1830 cui

914 1852 1027 1880 cesserit
1056 1851 1156 1879 bellum
1181 1858 1279 1886 gerere
1301 1850 1446 1877 adversum
1468 1849 1589 1876 Amalec.
1614 1849 1641 1876 In
1659 1850 1710 1876 hoc

914 1898 1031 1933 primum
1042 1897 1098 1932 (36)
1114 1904 1210 1924 nomen
1221 1896 1351 1924 discimus
1365 1895 1441 1926 Jesu,
1452 1895 1496 1922 ubi
1513 1902 1575 1922 eum
1590 1895 1709 1928 primunt

913 1944 1036 1971 videmus
1061 1942 1118 1978 (37)
1146 1943 1242 1970 ducem
1271 1942 1499 1970 exercitusnnon
1533 1941 1576 1967 cui
1601 1940 1709 1975 Moyses

913 1989 1065 2024 injunxerit
1077 1988 1260 2024 principatum
1276 2007 1284 2019 ,
1299 1987 1346 2014 sed
1364 1987 1406 2014 cui
1430 1986 1545 2014 cesserit
1560 1986 1706 2021 primatqu

916 2035 985 2073 ('58).
1015 2034 1075 2064 Non
1103 2039 1193 2070 potest
1220 2034 1327 2070 Moyses
1355 2033 1456 2069 eligere
1476 2033 1549 2060 viros
1575 2036 1711 2067 potentes.

953 2154 1009 2188 (27)
1027 2153 1118 2180 Color.
1133 2151 1214 2180 Deest
1229 2152 1256 2179 in
1274 2159 1329 2188 ms,
1342 2150 1584 2188 SangcrInanonsi.

956 2187 1011 2225 (28)
1029 2189 1092 2225 Mss.
1112 2197 1121 2213 ι
1142 2187 1265 2225 deberet.
1291 2196 1299 2212 ι
1318 2187 1403 2217 Alias.
1422 2195 1431 2211 ι
1448 2187 1536 2212 debet.
1560 2195 1569 2211 ι

953 2223 1010 2259 (:29)
1031 2224 1122 2251 Codex
1145 2223 1288 2259 Sangcrtn.
1309 2229 1412 2259 (supra
1429 2229 1510 2259 omne
1527 2228 1634 2247 nomen.
1652 2229 1661 2245 ι

954 2257 1011 2294 (50)
1032 2259 1122 2286 Codex
1140 2257 1347 2294 Gemeticensis.
1370 2266 1379 2282 ι
1399 2257 1501 2283 idcirco
1520 2257 1613 2294 multis
1631 2262 1713 2294 grue-

918 2290 1070 2323 rat‘ionihns
1083 2295 1109 2320 in
1124 2293 1197 2320 nullo
1209 2293 1430 2328 cognomimttunt
1446 2296 1514 2323 est,»
1526 2291 1619 2325 sicque
1631 2290 1713 2317 habet

917 2339 986 2357 unus
1006 2329 1188 2356 Ehroiccnsis.

953 2366 1010 2401 (51)
1030 2365 1115 2401 Codd.
1144 2363 1350 2401 Gemeticcnsis
1372 2367 1399 2401 ut
1429 2361 1613 2391 liltroiCt-nsis,
1642 2359 1711 2386 «sed

919 2398 969 2428 nec
987 2398 1043 2435 ipse
1052 2400 1161 2435 quidem
1173 2400 1218 2434 qui
1233 2398 1455 2433 repromissionis
1473 2401 1616 2431 acceperat
1629 2401 1712 2422 testa-

916 2441 1048 2463 mentum.
1062 2445 1070 2461 t

952 2471 1008 2506 (32)
1030 2471 1115 2503 Domo
1140 2470 1207 2504 ejus.
1233 2470 1259 2496 ιιι
1276 2467 1370 2496 codice
1388 2466 1618 2502 Sangcrmanensi
1636 2465 1713 2493 deest

919 2517 927 2532 ι
950 2515 1019 2533 «IIIS.
1039 2516 1048 2532 ι

952 2515 1109 2577 (Ξῖάιάᾱ.
1123 2540 1265 2577 Sangerm.
1281 2544 1309 2566 ct
1324 2537 1533 2569 Gemcticensis,
1547 2536 1709 2572 «primum.»

917 2577 995 2605 Lihh.
1012 2577 1090 2607 editi,
1115 2586 1123 2602 ι
1135 2576 1234 2609 primo.
1252 2585 1260 2600 ι

953 2614 1008 2648 (5i)
1030 2612 1119 2648 Codex
1135 2608 1294 2648 stingui-nt,
1313 2618 1321 2633 ι
1338 2608 1472 2648 “alonim.
1487 2617 1495 2633 ι

1032 2647 1064 2674 lit
1078 2647 1147 2677 ideo,
1163 2641 1259 2682 inquit,
1275 2645 1378 2682 vocavit
1395 2643 1485 2670 ιΙιιιςιιηι
1506 2648 1529 2669 et
1549 2642 1631 2670 dixit.
1649 2641 1713 2669 Haec

919 2679 1016 2710 desunt
1036 2683 1061 2708 in
1083 2681 1177 2708 codice
1194 2679 1390 2707 Gemeticnnsi.

952 2719 1008 2752 (56)
1031 2717 1106 2747 Ms,
1135 2725 1143 2740 ι
1161 2717 1289 2749 primunt.
1306 2714 1415 2752 t_l.iltb._
1427 2713 1505 2752 editi.
1526 2722 1535 2738 ι
1549 2713 1672 2752 primo._t

951 2749 1008 2785 l5?)
1032 2752 1151 2778 Primum
1171 2751 1297 2777 uidemus.
1322 2750 1348 2776 In
1366 2750 1460 2776 codice
1476 2750 1620 2782 Sangcrnt.
1636 2749 1713 2775 deost

920 2800 928 2815 1
944 2796 1073 2824 [ll‘llllllllL
1090 2796 1099 2812 ι

954 2824 1010 2857 (.38)
1032 2823 1108 2855 Mss.,
1137 2831 1145 2847 ι
1160 2822 1319 2857 primatum.
1334 2829 1344 2846 ›
1372 2819 1448 2847 Lihb.
1470 2819 1554 2852 editi,
1587 2828 1595 2844 ι
1609 2817 1712 2854 princi-

917 2866 1020 2895 patum.
1039 2867 1048 2885 ›
