1903 3052
197 119 249 146 ε’ΞἹ

933 101 1093 143 0Rthle

1780 111 1830 138 828

200 178 272 211 (Tu,
290 179 386 214 inquit,
404 179 474 213 elige
490 178 536 206 tibi
560 177 633 205 viros
656 182 780 213 potentes
804 185 837 205 ex
859 177 986 205 omnibus
1001 179 1024 208 Α
1073 176 1102 203 5.
1132 175 1191 209 Quo
1217 175 1298 210 igitur
1329 174 1406 202 nobis
1430 174 1488 201 hate
1517 179 1614 203 cuncta
1641 175 1830 210 prospiciunt?

202 222 263 252 liliis
283 225 374 254 Israel.
390 235 402 251 ι
431 224 481 251 llic
501 232 565 259 ergo
581 225 625 252 ubi
651 225 769 259 primum
785 225 861 253 disco
888 233 985 252 nomen

196 269 273 304 desit,
289 271 324 298 ibi
340 272 467 299 continuo
483 272 564 297 etiam
581 271 703 307 tnysterii
729 272 807 299 vich
830 279 986 300 sacramen—

198 319 254 342 tum
271 325 279 345 :
296 316 369 343 dttcit
382 317 453 343 enim
467 317 616 344 exercitum
629 315 720 344 Iesus.

230 363 259 389 2.
283 372 292 388 ι
308 363 340 389 Ει
359 363 459 390 factum
478 369 519 391 est
538 371 599 390 rum
619 363 763 392 extolleret
786 357 884 392 manus
909 373 985 400 snas,

198 408 381 436 invalescebat
408 408 502 437 Israel.
531 410 599 438 Cum
626 415 716 437 atttem
735 411 865 445 dejiceret
889 421 987 441 manus

195 461 269 485 suas,
286 453 467 482 invalescebat
479 455 589 483 Amalec
600 456 633 483 ³ο.
650 466 659 483 )
678 456 753 484 Tunc
768 449 986 491 ergoinvaleseit

194 499 272 526 Jesus
285 501 381 535 magis,
406 506 433 529 et
448 506 512 530 tunc
532 503 628 536 vincit,
652 503 761 538 quando
777 503 886 540 Moyses
904 506 986 540 erigit

195 553 290 572 manus
303 553 376 573 suas.
398 547 491 575 Victus
502 552 544 576 est
556 553 646 576 autem
659 549 774 584 populus
793 551 838 577 ille
852 551 886 578 ab
903 552 985 579 Ama-

195 590 235 617 lec
250 591 317 627 ('59),
331 593 458 626 quoniam
471 593 528 628 jam
539 602 593 621 non
607 595 728 630 erigtbat
740 605 835 625 manus
847 605 921 631 snas,
937 600 984 626 sed

192 641 272 663 erant
301 638 429 666 demissa:
457 640 584 667 deorsum
607 650 614 668 :
634 642 670 668 illi
695 647 758 670 sunt
784 644 855 671 enini
885 644 983 679 quibus

193 682 295 709 dicitur
309 683 329 699 "
343 691 353 710 :
371 693 380 709 ι
393 684 420 711 Si
437 686 586 714 crederetis
602 687 705 723 Moysi,
726 689 876 718 crederetis
888 691 984 726 utique

192 732 216 754 et
234 728 309 756 mihi.
325 729 357 757 Et
370 738 434 758 ecce
449 739 491 759 me
513 733 596 761 vultis
612 735 739 764 occidere
763 737 808 770 qui
825 737 911 771 legem
929 746 983 765 non

193 775 319 802 facitis?)
338 777 468 805 Cessante
483 786 601 815 namque
615 780 674 815 lege
689 781 758 816 apud
773 782 833 810 illos
847 789 874 810 et
890 785 980 818 operi-

192 821 242 848 bus
255 821 339 857 tegis,
363 823 428 858 quia
448 825 514 852 dum
531 834 609 854 suam
626 827 760 862 justitiam
781 834 907 864 qumrunt
923 834 980 857 sta-

193 872 279 900 luere,
294 868 406 902 justi:i;e
418 871 463 898 Dei
479 880 531 899 non
548 879 611 900 sunt
633 874 759 908 subjecti,
776 875 900 903 demissze
916 880 979 903 sunt

192 922 288 942 manus
303 915 398 952 Moysi,
416 918 529 946 invaluit
544 920 720 949 incredulitas
731 942 738 954 ,
762 923 880 950 vinciiur
895 931 980 958 popu-

191 959 242 987 lus.
257 960 310 988 Sed
328 968 354 989 et
369 962 472 1000 Nabad,
491 969 515 992 et
530 965 619 993 Abiud
631 986 638 999 ,
653 972 680 994 et
694 967 806 994 Eleazar
820 968 978 1003 relinquun-

191 1010 236 1032 tur
257 1007 282 1033 in
294 1010 403 1041 castris,
426 1016 453 1037 ut
469 1011 590 1045 judicent
601 1013 730 1049 populum
747 1014 780 1040 ³¹.
806 1014 980 1050 Relinquitur

189 1052 271 1079 etiam
288 1053 381 1082 .lothor
394 1057 450 1092 (40)
465 1061 492 1084 et
519 1058 577 1093 ipse
606 1063 635 1085 ut
652 1059 755 1094 jndieet
774 1060 898 1095 populum
914 1069 977 1088 cum

189 1100 229 1127 eis
242 1100 274 1129 ³³.
291 1101 370 1129 Jesus
394 1111 459 1130 vero
485 1112 536 1132 non
560 1106 769 1141 derelinquitur,
786 1109 832 1135 sed
855 1110 978 1143 sequitur

189 1144 298 1180 Moysen
326 1146 353 1173 in
371 1153 488 1177 ntontem
511 1158 571 1178 cum
591 1154 708 1187 quatiam
727 1154 877 1187 adjectiottc
901 1156 977 1183 verbi

190 1192 335 1225 mirabilis,
356 1195 381 1220 in
403 1203 436 1222 eo
453 1197 523 1231 quod
543 1198 608 1225 dicit
631 1199 692 1234 quia
719 1201 862 1229 assistebat
881 1200 977 1237 Moysi.

189 1236 329 1270 Quomodo
344 1241 511 1268 assistebat?
523 1251 576 1270 non
593 1248 622 1270 ut
636 1246 781 1277 secundus,
797 1255 850 1274 non
865 1252 894 1274 ut
911 1236 979 1275 infe-

189 1286 256 1317 t'ior,
276 1287 324 1312 sed
354 1291 383 1314 ut
404 1287 511 1321 adjutor
529 1294 556 1316 et
576 1296 730 1327 protegens.
755 1293 807 1320 Sed
829 1294 892 1321 illml
921 1295 977 1330 (11)

188 1333 267 1364 quale
283 1336 334 1364 est,
348 1333 418 1367 quod
433 1341 494 1360 ctttu
515 1335 604 1369 primo
618 1336 772 1364 nominatus
792 1343 843 1370 est,
869 1347 920 1366 non
935 1344 978 1367 est

189 1377 336 1404 indicatum
365 1387 462 1406 nomen
480 1382 564 1415 patris
579 1382 650 1416 ejus,
675 1391 763 1418 neque
790 1384 816 1411 in
847 1386 976 1419 seettmlo,

188 1431 278 1458 neque
300 1424 327 1452 in
349 1426 447 1460 tertio;
477 1435 538 1454 cum
556 1436 620 1455 vero
641 1434 716 1463 pater
739 1430 797 1464 ejus
822 1433 979 1459 nominatur

187 1469 273 1502 Nave,
288 1476 351 1498 tunc
369 1472 425 1507 ipse
443 1481 496 1500 non
513 1473 602 1506 Jesus,
617 1475 664 1502 sed
680 1476 752 1504 Ausc
767 1476 886 1504 dicitur?
905 1477 979 1505 [nter

1039 222 1141 256 Nempe
1161 229 1195 249 co
1206 222 1277 256 quod
1299 222 1367 250 liber
1382 223 1429 250 hie
1444 231 1496 250 non
1513 228 1568 250 tant
1581 228 1658 258 gesta
1678 225 1758 251 nobis
1774 225 1829 260 (41)

1040 267 1087 294 filii
1111 266 1183 294 Nave
1206 267 1316 300 indimt,
1337 276 1421 302 qttam
1446 267 1510 296 Jesu
1536 269 1588 296 mei
1618 268 1726 296 Domini
1752 270 1830 298 nobis

1038 318 1209 342 sacramenta
1227 314 1364 349 depingat.
1387 314 1446 347 Ipse
1463 320 1504 342 est
1516 314 1590 342 enim
1608 315 1655 350 qui
1676 320 1740 350 post
1759 323 1829 342 mor-

1038 365 1092 387 tem
1108 361 1192 395 Moysi
1208 361 1328 394 suscepit
1345 360 1489 395 itnperium
1502 381 1510 393 ,
1530 361 1588 396 ipse
1616 366 1658 388 est
1680 362 1727 396 qui
1756 361 1829 389 ducit

1037 407 1199 438 exercitum,
1225 411 1254 433 et
1269 405 1392 442 conﬂigit
1405 407 1536 434 adversus
1557 408 1668 435 Amalec
1683 418 1690 436 :
1706 415 1734 436 et
1757 412 1829 445 quod

1038 452 1074 479 ibi
1090 453 1304 480 adumbrabatur
1318 453 1375 487 (45)
1399 453 1425 480 ἰιι
1439 458 1533 481 monte
1550 455 1678 482 manibus
1694 457 1827 487 extensis,

1037 498 1119 532 affigit
1134 499 1208 526 cruci
1224 507 1279 526 sua:
1294 499 1379 534 398
1396 500 1569 534 triumphans
1589 502 1781 537 principa'ns,
1804 509 1828 530 et

1036 549 1184 579 potestates
1195 545 1221 572 in
1238 546 1393 580 semetipso.
1422 546 1575 574 Defunctus
1596 553 1637 575 est
1657 549 1740 583 igitur
1756 549 1827 584 Moy-

1036 592 1230 618 seszcessavit
1244 592 1317 619 enim
1334 591 1387 621 lex.
1415 593 1549 626 Quoaiam
1573 595 1615 621 lex
1639 600 1665 622 et
1687 597 1829 631 prophetae

1029 629 1121 672 usque
1150 638 1183 665 ad
1199 638 1333 666 Joannem
1348 638 1380 665 ³⁸.
1392 638 1580 668 Visautemde
1601 641 1754 676 Scripturis
1772 651 1829 677 prn-

1036 681 1119 709 feram
1146 683 1322 716 documenta,
1349 686 1421 719 quod
1449 686 1492 712 lex
1520 686 1626 721 Moyses
1654 688 1827 722 appellatur?

1034 729 1104 755 Attdi
1125 729 1189 763 quid
1212 730 1278 757 dicit
1293 731 1318 757 iu
1336 731 1486 766 Evangelia
1499 731 1523 747 ³⁸
1540 741 1545 758 :
1564 742 1572 757 ι
1589 732 1696 760 Habent
1720 733 1827 769 Moysen

1034 778 1061 801 et
1075 775 1230 809 prophetas,
1241 776 1353 803 audiant
1368 777 1438 808 illos;
1457 787 1466 803 ι
1483 777 1592 813 Moysen
1608 779 1701 812 utique
1715 779 1759 806 hic
1770 781 1828 806 sine

1034 819 1115 847 dubio
1127 820 1212 855 legem
1226 821 1369 849 nominans
1385 822 1455 856 (46).
1467 822 1613 851 Defunctus
1627 830 1668 851 est
1678 832 1746 860 ergo
1757 825 1829 858 Moy-

1030 873 1072 893 ses
1083 866 1197 894 famulus
1210 867 1254 895 Dei
1265 868 1406 896 :defunela
1420 875 1460 896 est
1470 869 1541 896 enim
1553 870 1604 902 lt-x,
1615 876 1641 898 et
1654 871 1751 905 lcgalia
1762 879 1829 906 pne—

1028 911 1300 945 ccptajautccssant.
1314 914 1368 941 Ant
1380 915 1506 948 siparum
1520 915 1578 950 (47)
1596 916 1642 943 tibi
1655 918 1829 944 auctoritatis

1029 957 1222 991 videtur,eum
1235 967 1248 985 a
1262 967 1304 986 tne
1319 960 1368 987 ista
1382 960 1567 994 proferuntur,
1577 969 1692 996 sequere
1703 963 1827 998 Apostoli

1031 1004 1232 1036 auctoritatem,
1256 1005 1372 1034 dicentis
1387 1006 1408 1022 ’⁸
1423 1008 1553 1041 quoniam
1577 1019 1586 1033 ι
1599 1009 1697 1036 mulier
1720 1011 1829 1038 vivente

1031 1047 1089 1074 viro
1098 1049 1206 1084 alligata
1213 1057 1256 1078 est
1266 1052 1330 1087 legi,
1339 1058 1367 1080 et
1379 1054 1500 1081 adttltera
1511 1055 1699 1082 nominabitur
1709 1056 1733 1082 si
1746 1056 1829 1084 fuerit

1030 1102 1090 1121 eum
1100 1096 1153 1123 alio
1167 1097 1235 1130 viro;
1248 1099 1270 1125 si
1289 1106 1353 1127 vero
1370 1105 1494 1127 mortuus
1505 1100 1586 1127 fuerit
1602 1102 1643 1128 vir
1654 1101 1726 1136 ejtts,
1739 1102 1828 1130 soluta

1030 1145 1071 1167 cst
1085 1148 1098 1167 ιι
1117 1141 1175 1177 lege
1188 1144 1248 1176 viri,
1265 1149 1293 1171 nt
1304 1145 1360 1178 jam
1377 1154 1429 1172 tton
1442 1147 1478 1174 sit
1490 1147 1623 1178 adultera,
1634 1148 1655 1175 si
1671 1148 1753 1175 fuerit
1767 1157 1828 1175 cum

1031 1191 1083 1219 alio
1103 1191 1171 1218 viro.
1191 1202 1200 1217 ι
1224 1191 1364 1219 Mulierem
1389 1193 1448 1219 sine
1462 1193 1544 1220 dubio
1567 1194 1685 1221 animam
1705 1196 1830 1222 nominat

1030 1237 1096 1274 (48),
1124 1244 1184 1272 qua:
1198 1237 1248 1264 sub
1263 1237 1347 1272 Moysi
1361 1238 1419 1273 lege
1433 1239 1588 1271 tenebatur.
1608 1240 1641 1267 de
1666 1248 1720 1274 qua
1733 1241 1801 1267 dicit
1821 1250 1828 1266 :

1033 1283 1161 1310 «Vivente
1180 1284 1237 1310 viro
1258 1283 1369 1319 alligata
1386 1290 1428 1312 est
1450 1285 1512 1320 legi.
1538 1285 1565 1313 Si
1590 1291 1683 1314 autem
1700 1293 1829 1314 mortuus

1030 1328 1111 1358 fuerit
1127 1330 1167 1356 vir
1177 1330 1263 1364 ejus,»
1282 1331 1342 1358 sine
1356 1331 1438 1358 dubio
1452 1331 1671 1363 tex,absolulam
1687 1333 1755 1360 dicit
1768 1342 1829 1361 eam

1030 1376 1147 1402 animant
1159 1383 1219 1410 qum
1232 1377 1375 1404 videbatur
1389 1385 1450 1405 esse
1470 1378 1603 1413 subjecta.
1629 1378 1738 1407 idcirco
1763 1388 1828 1416 ergo

1030 1422 1116 1458 legem
1132 1430 1248 1451 necesse
1259 1428 1301 1451 est
1313 1425 1391 1457 mori,
1408 1429 1437 1452 ut
1448 1426 1493 1459 qui
1503 1427 1621 1453 credunt
1638 1427 1665 1454 in
1678 1426 1744 1455 Iesu
1757 1429 1828 1463 (19),

1030 1476 1202 1503 nequaquant
1223 1469 1349 1497 adulterii
1363 1471 1466 1498 crimen
1482 1471 1635 1499 incurrant.

188 1523 235 1543 eos
258 1517 330 1543 enim
351 1517 396 1552 qui
422 1518 590 1553 exploratum
613 1519 668 1556 (42)
690 1521 765 1548 missi
783 1526 855 1555 sunt,
876 1530 976 1550 nomen

1067 1515 1094 1542 4.
1114 1514 1194 1543 Iesus
1209 1516 1293 1550 igitur
1311 1516 1442 1544 Dominus
1452 1522 1481 1544 et
1498 1517 1626 1545 Salvator
1643 1527 1721 1547 metts
1735 1528 1830 1548 susce-

188 1562 247 1597 ejus
259 1563 331 1589 Ause
348 1563 478 1590 scribitur
489 1583 497 1592 .
537 1565 571 1593 Et
586 1565 721 1599 fortassis,
734 1571 762 1594 ut
779 1568 844 1594 mihi
858 1569 978 1602 videtur,

189 1614 240 1641 pro
258 1608 439 1642 exploratoris
453 1609 540 1637 ofﬁcio
556 1618 608 1638 non
626 1610 724 1644 Jcsus,
742 1612 788 1640 sed
803 1613 876 1641 Ause
892 1613 980 1643 dictus

187 1657 240 1685 est,
259 1659 285 1680 et
300 1653 371 1681 Nave
387 1654 456 1682 tilins
475 1657 639 1684 nominatur.
657 1658 723 1685 Cum
737 1667 800 1686 vero
816 1660 885 1687 redit
899 1668 980 1695 opere

188 1699 313 1735 expleto,
331 1705 357 1727 et
375 1701 528 1735 perterritis
549 1704 675 1731 omttibns
699 1705 772 1732 solus
791 1706 915 1733 sublevat
938 1707 979 1734 la-

187 1753 265 1780 psos,
282 1747 552 1783 desperatioucmque
570 1751 660 1784 populi
681 1751 755 1778 solus
771 1752 862 1787 erigit,
877 1757 942 1781 tttnc
963 1761 977 1780 a

188 1791 280 1828 Moyse
309 1793 387 1821 Jesus
407 1795 563 1823 nominatus
583 1801 624 1823 est
639 1806 645 1824 :
660 1805 709 1824 nee
729 1797 803 1825 Nave
824 1799 894 1826 filius
909 1799 977 1826 dici-

188 1843 242 1873 tur,
255 1841 304 1867 sed
323 1840 366 1867 ille
381 1841 414 1868 ad
428 1849 508 1875 quem
521 1843 628 1870 dixerat
643 1843 766 1879 Moyses:
783 1854 792 1869 ι
810 1844 885 1871 Educ
902 1852 980 1872 exer-

187 1884 284 1918 citum,
298 1891 324 1913 et
338 1887 453 1923 conﬂige
468 1896 530 1916 cum
544 1889 681 1917 Amalec.»
695 1889 761 1916 Illud
775 1890 857 1917 etiam
874 1890 978 1918 intuen-

189 1935 238 1963 tes,
256 1933 469 1966 magnitudinem
487 1933 545 1968 cjus
560 1935 733 1969 pervidemus
746 1955 754 1968 ,
777 1937 850 1970 quod
872 1944 932 1963 eum
950 1937 975 1963 itt

188 1977 425 2012 transtignratione
438 1980 527 2006 vultus
541 1979 641 2015 Moysei
662 1980 728 2016 (45),
750 1982 839 2008 omnis
862 1981 976 2009 ﬁliorum

187 2022 269 2049 Israel
284 2023 424 2051 hebetaret
442 2030 578 2060 aspectus,
598 2033 647 2052 nec
661 2026 759 2060 aliquis
771 2031 863 2060 posset
877 2027 976 2055 intueri

188 2067 286 2096 facient
306 2069 395 2096 vultus
411 2069 479 2104 ejus,
495 2069 573 2098 Jcsus
589 2078 641 2097 non
657 2072 743 2098 solum
756 2071 850 2099 faciem
863 2078 978 2100 contue—

187 2119 240 2146 tttr,
260 2122 352 2141 verum
370 2116 451 2142 etiam
466 2115 493 2142 iu
505 2116 681 2144 interioribus
695 2118 862 2146 tabernaculi
878 2124 978 2154 myste<

189 2161 291 2189 riorum
310 2161 438 2189 conscius
451 2167 623 2196 perseverat.

222 2254 244 2270 ³⁰
258 2254 330 2291 Exod
346 2262 411 2291 xvii,
425 2254 468 2281 11.
501 2255 522 2270 ³¹
535 2255 614 2291 .loan.
627 2263 653 2289 v,
669 2256 713 2289 46,
726 2260 752 2284 et
764 2265 811 2290 vn,
827 2257 867 2285 l9.
898 2258 919 2273 ³¹
935 2257 1020 2285 Exod.
1030 2265 1125 2291 xxvut,
1138 2258 1163 2285 1.

185 2297 241 2322 xw,
258 2290 303 2318 29.
343 2291 365 2306 ³⁶
381 2290 459 2317 Rern.
472 2297 521 2323 vn,
532 2290 560 2324 ‘2,
571 2290 596 2317 ὅ.

1005 1560 1015 1571 ⁴
1032 1561 1072 1596 pit
1085 1562 1269 1597 principatum
1284 1571 1290 1589 :
1306 1567 1343 1596 et,
1362 1563 1384 1590 si
1410 1563 1528 1596 videtur,
1551 1564 1730 1593 conferamus
1751 1571 1828 1600 gesta

1030 1607 1115 1644 Moysi
1129 1616 1192 1636 eum
1212 1609 1365 1644 principatu
1378 1609 1453 1638 Jesu.
1478 1610 1544 1638 Cum
1567 1610 1674 1646 Moyses
1696 1613 1829 1641 educeret

1028 1655 1160 1690 populum
1178 1656 1212 1682 de
1228 1660 1303 1682 terra
1323 1655 1432 1690 Egypti
1443 1677 1451 1688 ,
1464 1656 1554 1684 nullus
1570 1659 1636 1684 ordo
1653 1658 1679 1684 in
1707 1660 1827 1693 populis,

1028 1701 1102 1727 nulla
1120 1701 1146 1728 in
1163 1701 1353 1728 sacerdotibus
1362 1702 1546 1730 observantia.
1561 1702 1828 1739 Transeuntaqnam

1027 1748 1124 1780 maris,
1139 1755 1237 1782 aquam
1250 1748 1360 1780 salsam,
1376 1756 1424 1775 nec
1435 1749 1581 1783 quidquam
1591 1750 1617 1776 in
1630 1758 1659 1777 se
1670 1750 1828 1779 dulcedinis

1028 1794 1226 1825 continentem,
1240 1798 1268 1820 et
1281 1802 1374 1821 murus
1390 1801 1451 1822 erat
1472 1794 1513 1822 eis
1531 1803 1600 1830 aqua
1624 1796 1722 1823 dextra
1741 1797 1827 1824 lreva-

1027 1848 1089 1874 que.
1109 1840 1172 1868 llzec
1194 1840 1303 1876 Moysen
1327 1842 1394 1868 duce
1417 1846 1493 1875 gesta
1521 1842 1724 1876 cognoscimus.
1756 1843 1824 1870 Cum

1027 1894 1092 1914 vero
1119 1887 1248 1915 Dominus
1276 1896 1353 1916 meus
1383 1889 1459 1915 ducit
1488 1888 1652 1920 exercitum,
1681 1896 1745 1923 qua:
1763 1893 1827 1916 sunt

1027 1940 1087 1967 quas
1112 1934 1196 1960 etiam
1223 1938 1286 1960 tunc
1311 1935 1546 1962 adumbrabantnr
1576 1934 1633 1968 (50)
1669 1935 1824 1962 videamus.

1029 1978 1191 2007 Sacerdotes
1205 1981 1373 2014 prmcedunt,
1388 1989 1452 2007 arca
1477 1981 1630 2008 testamenti
1649 1986 1778 2016 portatur
1799 1982 1824 2008 in

1029 2025 1149 2052 humeris
1164 2027 1348 2058 sacerdotum,
1362 2034 1495 2060 nusquam
1511 2026 1564 2059 iam
1580 2033 1673 2060 mare,
1690 2034 1825 2062 nusquam

1028 2070 1115 2097 salsus
1131 2070 1228 2099 fluctus
1250 2073 1382 2104 occurrit,
1400 2072 1446 2099 sed
1467 2073 1535 2099 duce
1552 2072 1664 2100 Domino
1679 2081 1743 2100 meo
1759 2074 1824 2101 Jcsu

1029 2117 1109 2144 venio
1138 2117 1170 2144 ad
1187 2117 1351 2149 Iordanem,
1380 2123 1407 2145 et
1432 2119 1511 2146 venio
1533 2127 1586 2146 non
1613 2119 1823 2154 perturbatione

1030 2164 1109 2198 fuga},
1128 2171 1214 2198 neque
1227 2164 1387 2198 perterritus
1401 2170 1485 2197 tncttt,
1496 2165 1543 2192 sed
1560 2165 1638 2191 venio
1653 2173 1717 2192 cum
1732 2173 1824 2192 sacer-

1447 2260 1469 2276 “
1481 2257 1575 2286 Matth.
1587 2265 1625 2289 vt,
1639 2258 1682 2285 l3.

1201 2257 1223 2273 ³⁸
1236 2258 1319 2285 Exod.
1332 2265 1408 2285 xvtu.
1447 2260 1469 2276 ³³
1481 2257 1575 2286 Matth.
1587 2265 1625 2287 vt.
1639 2258 1682 2285 l3.
1723 2259 1747 2275 ³⁵
1758 2258 1822 2287 Luc.

224 2348 280 2387 (ὄρ)
304 2347 382 2387 Libh.
400 2355 479 2387 antea
494 2349 601 2387 cdi_ti,_t
615 2354 702 2387 Victus
715 2355 806 2387 autem
828 2357 870 2377 est
890 2359 976 2385 popu-
992 2353 1013 2381 ι)
1028 2351 1100 2387 liber
1114 2350 1195 2387 Iosue
1209 2351 1278 2387 apud
1295 2351 1422 2377 llebrmos
1436 2355 1476 2377 est
1491 2351 1685 2386 prophetarum
1708 2352 1824 2387 primus.

186 2386 228 2413 lus
245 2384 289 2411 ille
309 2385 343 2411 ab
368 2385 488 2412 Amalec.
505 2394 513 2410 ι
533 2385 586 2421 Sed
609 2386 693 2412 codex
718 2384 975 2421 Sangermauéusrs,

188 2431 198 2448 α
215 2422 301 2448 vit-tor
316 2424 357 2446 est
369 2425 459 2447 autem
473 2420 586 2454 populus
600 2421 643 2447 ille
659 2420 803 2448 Amalech

222 2456 280 2491 (40)
301 2455 378 2488 Mss,
406 2455 593 2490 «relinquitur
617 2456 698 2482 etiam
724 2456 834 2483 Juthor.
853 2466 861 2481 ι
894 2455 975 2484 Libh.

186 2490 268 2519 antea
282 2491 365 2524 editi,
384 2500 393 2516 ι
405 2490 605 2525 dcreliuquilttr
622 2491 702 2518 etiam
718 2491 822 2518 Jt-lhro.
842 2502 850 2517 ›

222 2526 279 2561 (41)
303 2526 382 2553 Libb.
408 2526 483 2558 editi,
518 2526 650 2560 tadjutor
682 2532 838 2561 protegens.
867 2526 922 2553 Sed
952 2531 978 2554 ct

186 2563 261 2590 illiut.
279 2571 287 2587 ι
308 2561 370 2588 Mss.
385 2566 413 2588 ιιι
429 2561 453 2588 in
471 2567 563 2588 nostro
576 2567 660 2589 textu.

223 2597 280 2632 (12)
301 2598 390 2623 Codex
405 2596 560 2630 Sangcrtm,
581 2606 589 2622 t
603 2598 647 2632 qui
667 2597 872 2632 explorauth
896 2596 975 2624 Libh.

186 2633 263 2662 editi,
296 2641 305 2657 ι
317 2633 361 2666 qui
374 2632 405 2658 ad
420 2632 625 2666 explorandum.
647 2642 656 2657 ι

223 2666 279 2703 (45)
297 2667 373 2703 fidem
391 2675 454 2703 ιιιε.Ι
474 2677 481 2692 ι
497 2668 783 2703 intranstlguratione
795 2667 885 2694 vultus
904 2666 964 2702 Mny

188 2703 239 2729 sei.
260 2712 268 2727 ι
296 2702 375 2728 Libh.
393 2702 478 2733 editi,
505 2711 514 2727 ι
530 2702 557 2729 in
589 2703 855 2737 transliguratinncm
889 2703 978 2729 vultus

189 2737 302 2771 Moysi.»
321 2737 406 2764 Codd.
422 2737 555 2764 Gcmctic.
575 2742 602 2764 et
627 2738 745 2770 libi-nitu,
774 2748 783 2762 ι
799 2737 977 2769 transfigura-

191 2774 292 2799 t'tonem
312 2772 400 2798 \ttltus
429 2771 510 2806 Moysi
532 2773 620 2798 omnis
640 2772 755 2799 filiorum
776 2772 857 2799 Israel
881 2772 977 2800 vitaret

189 2811 315 2832 asttet'ltts
345 2815 355 2831 ι

222 2815 381 2876 Ιξϊιῖιῖἱιζεν
394 2841 434 2868 Itic
450 2849 500 2868 non
519 2845 570 2868 tant
585 2846 656 2876 gesta
676 2842 764 2876 nobis,
778 2847 831 2870 etc.
849 2842 881 2869 Et
904 2845 976 2870 cctle

1064 2385 1121 2420 (45)
1142 2385 1233 2412 Codex
1250 2385 1406 2419 Sangertn..
1425 2395 1435 2411 α
1449 2387 1638 2413 adumbratur.
1654 2396 1664 2412 ι

1064 2420 1121 2455 (Mi)
1147 2420 1232 2448 Codd.
1255 2421 1397 2455 Sangertn.
1428 2427 1455 2448 et
1481 2421 1674 2454 Ebroieensis,
1704 2432 1714 2448 ι
1734 2423 1823 2451 nomi-

1027 2464 1107 2484 natis.
1125 2465 1135 2482 ι
1175 2455 1252 2482 Libh.
1269 2456 1344 2487 editi,
1364 2464 1374 2480 ι
1389 2457 1522 2483 notninat.
1536 2466 1544 2481 ι

1064 2491 1119 2525 (47)
1142 2491 1204 2517 Mss.
1231 2500 1240 2515 ι
1254 2498 1381 2523 parum.)
1405 2491 1481 2517 Libh.
1495 2492 1573 2523 editi,
1592 2500 1601 2516 ι
1616 2499 1679 2518 non.
1698 2501 1707 2517 ι

1064 2526 1122 2561 (48)
1151 2526 1224 2554 Unus
1239 2526 1429 2558 Ebroiccnsis,
1444 2532 1470 2553 et
1486 2527 1680 2562 Sangerntan.,
1714 2537 1723 2553 ε
1736 2529 1809 2555 ιιιιιιιί

1029 2570 1106 2589 nans.
1122 2571 1130 2586 ι

1066 2596 1121 2630 (49)
1148 2597 1237 2623 Codex
1262 2595 1458 2624 Gemeticensis
1479 2604 1541 2622 cum
1568 2604 1622 2622 ιιιιο
1646 2597 1822 2628 Ebroicensi,

1029 2633 1120 2666 itaque
1133 2639 1198 2665 ergo
1218 2639 1329 2658 necesse
1346 2636 1386 2658 est
1402 2631 1452 2665 legi
1470 2633 1537 2658 mori
1553 2632 1640 2665 utqui
1659 2633 1778 2659 credunt
1796 2634 1822 2659 in

1029 2667 1156 2694 desum.)
1183 2666 1258 2693 Alter
1285 2666 1470 2698 Ebrnicensis,
1494 2676 1503 2691 ι
1521 2667 1622 2693 ideirco
1650 2676 1765 2694 necesse
1782 2673 1822 2695 est

1030 2702 1138 2736 Moysen
1156 2702 1234 2733 tnori,
1248 2711 1256 2727 ι
1273 2709 1325 2728 etc.
1344 2702 1486 2736 Sangerm.
1502 2706 1530 2727 ut
1547 2701 1572 2728 in
1591 2707 1685 2728 uestro
1699 2707 1787 2729 textu.

1066 2737 1122 2771 (50)
1143 2737 1233 2764 (Index
1261 2737 1416 2770 Sattgerttt.,
1444 2746 1452 2761 ι
1465 2745 1525 2770 qua:
1543 2737 1624 2762 etiam
1641 2742 1707 2764 tunc
1725 2738 1822 2764 adnut-

1031 2772 1211 2798 ht‘abantur.»
1247 2771 1303 2797 llno
1334 2772 1514 2799 Ebruicenses
1541 2777 1567 2797 et
1601 2771 1821 2804 Gemcticettsis,

1035 2816 1043 2831 ι
1056 2815 1113 2841 qua:
1127 2807 1182 2840 jam
1199 2806 1483 2844 tuncobumbrantur.
1501 2816 1510 2832 ι
1531 2806 1608 2835 Libb.
1634 2809 1714 2841 editi,
1742 2815 1823 2844 «quae

1028 2842 1083 2877 jam
1102 2847 1165 2869 tunc
1179 2842 1384 2870 udumbrantur.
1398 2850 1407 2867 ι
