1903 3052
88 106 144 136 8⁴ὶ9

607 115 641 143 ΙΝ
654 115 784 144 LIBRUM
799 117 881 146 JESU
896 117 988 146 NAVE
1002 119 1146 148 HOMlLlA
1160 122 1180 149 l.

1668 129 1720 157 850

87 165 199 217 dotibus
212 174 304 194 aream
320 169 472 198 testamenti
486 171 604 205 Domini,
621 173 648 200 in
664 181 717 208 qua
734 175 779 202 Dei
795 175 837 203 lex
852 180 879 203 ct
894 177 916 204 Α
932 176 1075 204 Dominum
1091 180 1278 215 suscepimus,
1295 181 1343 209 sed
1359 189 1375 208 ιι
1393 181 1474 210 Patre
1496 182 1666 218 proiectura,
1691 191 1720 214 ot

85 211 189 239 divina:
204 213 302 241 littera:
321 221 475 250 servantur,
502 218 654 247 cervicibus
671 221 727 248 suis
742 222 878 250 humeris-

86 262 142 289 que
167 259 339 292 portantibus
363 259 397 286 ³⁷.
428 261 567 296 ingredior
583 263 729 293 Jordauem
746 275 798 294 nam
813 275 876 294 cum

86 300 191 330 furtivo
207 303 326 337 silentio.
341 306 388 333 sed
404 306 430 334 in
454 308 580 336 tubarum
595 311 720 339 cantibus
732 314 876 348 mysticum

84 346 219 380 quiddam
238 347 414 385 divinumque
434 353 606 387 canentibus,
632 360 661 382 ut
688 357 721 384 ad
743 346 876 392 praedica-

87 393 193 420 lionem
222 394 291 423 tuba:
313 396 434 425 ctelestis
457 398 593 428 incedam.
613 401 652 429 Ibi
674 403 775 430 dictum
797 409 840 432 est
855 405 877 421 ³⁸

84 439 161 472 quod
177 439 263 468 divisa
283 446 326 469 est
344 450 413 478 aqua
429 443 456 471 in
472 445 538 473 duas
555 452 656 481 partes,
675 453 704 476 et
716 457 785 477 unus
797 457 876 485 aqua

84 492 184 512 iuturus
201 486 257 521 (51)
284 487 373 516 factus
389 495 431 517 est
448 498 462 517 a
476 491 579 520 dextris
590 513 598 525 ,
625 494 695 522 alius
714 503 728 521 a
741 496 874 526 sinistris.

82 529 136 557 llic
151 538 218 558 vero
230 533 276 567 qui
292 534 366 562 venit
385 535 491 564 solvere
506 539 626 567 medium
641 541 772 575 parietem
790 544 874 577 scpis,

83 577 151 605 fecit
165 584 309 615 utrumque
318 583 376 619 (52)
389 592 472 612 unum
489 593 496 612 :
510 593 542 613 ex
555 594 608 613 una
619 587 690 614 enim
707 593 782 622 parte
795 596 875 616 erce-

83 628 110 650 ta
121 630 168 652 est
185 633 267 661 aqua,
278 628 330 656 alia
347 636 410 657 vero
423 637 487 664 pars
502 631 612 659 deﬂuxit
626 633 653 660 in
674 641 758 662 mare.
774 635 876 662 Deinde

81 670 130 698 hic
147 671 188 698 ait
201 672 223 689 ³⁸
240 681 247 700 :
274 682 283 700 ι
297 673 452 710 Przeparate
470 677 546 705 vobis
559 678 635 706 cibos
656 680 689 706 ad
712 680 802 714 viam;
818 691 827 706 ι
847 687 874 709 et

81 716 177 750 hodie,
198 719 220 746 si
237 721 342 751 audias,
371 721 436 749 dicit
458 723 504 750 tibi
520 722 598 751 Jesus
616 733 622 752 :
640 724 669 752 Si
682 727 805 760 sequeris
820 735 873 761 me,

80 770 208 797 parpar:
220 765 295 793 cibos
310 766 343 794 ad
357 768 427 794 viam
438 768 508 804 (55).
520 769 581 797 Cibi
592 771 692 798 etenim
704 779 786 806 opera
799 780 872 806 sunt,

78 817 142 844 qua:
158 818 208 838 nos
220 811 383 841 adfuturam
398 815 468 842 viam
485 816 554 851 (δι),
567 817 640 844 velut
652 818 730 846 lidele
744 820 871 848 viaticum

78 857 260 886 comitantur.
277 859 424 889 Videamus
434 867 527 890 tamen
542 864 668 896 quoniam
680 873 734 893 non
745 868 872 895 convenit

78 903 301 938 negligenter,et
315 907 391 941 quasi
409 903 565 936 in'transitu
580 909 685 938 litteras
699 911 790 946 legere
804 913 871 940 divi-

78 955 142 980 nas,
158 949 231 977 unde
245 958 293 979 eos
305 952 384 987 jubet
398 953 474 981 cibos
489 962 587 989 parare
598 963 654 982 non
667 956 800 985 habentes
813 959 870 986 fru-

78 999 215 1022 mentum.
234 995 332 1023 Manna
347 998 449 1024 cteriim
472 999 553 1026 cibus
575 1004 632 1026 erat
648 1001 698 1028 eis.
727 1001 781 1029 Sed
809 1011 870 1030 cum

73 1038 132 1073 jam
149 1041 345 1069 transierimus
358 1042 477 1070 ﬂuminis
490 1044 571 1079 hujus
584 1045 666 1079 ripas,
679 1046 778 1074 desiuit
790 1055 870 1074 tuan.-

77 1093 112 1112 na
135 1094 143 1113 :
162 1091 191 1114 et
202 1086 267 1114 ideo
283 1088 306 1114 si
329 1096 382 1116 non
402 1090 588 1125 unusquisque
608 1093 803 1126 prrcparaverit
816 1094 868 1121 sibi

76 1131 169 1164 cibos.
191 1140 245 1159 non
265 1134 368 1167 poterit
384 1135 462 1169 sequi
480 1135 571 1163 Jcsuru
597 1142 697 1165 terram
722 1139 869 1173 repromis-

76 1176 163 1204 sionis
177 1177 336 1206 intrantem.
352 1179 419 1208 Vide
430 1186 520 1209 autem
540 1182 597 1217 (55)
612 1191 683 1217 quos
701 1185 818 1217 primum
841 1185 867 1213 in

76 1227 150 1250 terra
186 1226 404 1258 rt1tromissionis
428 1228 520 1262 capiat
543 1229 649 1256 fructus
673 1239 680 1257 :
704 1230 796 1264 Tunc,
825 1233 868 1260 in—

76 1270 138 1304 quit
164 1270 199 1303 ‘°,
223 1272 455 1301 manducaveruut
481 1275 596 1309 primum
623 1275 728 1304 fructus
747 1277 804 1312 (56)
835 1279 868 1307 de

75 1316 191 1350 regione
203 1317 365 1352 palmarum,
378 1325 407 1346 et
419 1320 748 1357 manducareruntprimo
759 1332 865 1359 azyma.

79 1360 162 1389 Vides
178 1369 246 1397 ergo
260 1363 322 1398 quia
343 1365 461 1399 primum
486 1367 568 1394 nobis
588 1369 679 1395 rnumli
709 1369 788 1405 hujus
814 1371 868 1398 iter

73 1407 220 1441 digressis,
246 1409 268 1435 si
299 1417 387 1444 regem
407 1410 467 1446 (57)
489 1419 633 1446 sequamur
646 1413 750 1447 Jesum,
774 1416 864 1450 primo

74 1454 199 1479 occurrit
213 1455 301 1487 palma
316 1455 446 1490 victorias,
464 1462 490 1485 et.
507 1458 613 1493 abiecto
628 1459 761 1488 fermento
783 1461 863 1488 mali-

930 224 964 250 dc
981 224 1139 253 ccclestibus
1158 227 1318 254 venientem.

964 268 991 296 5.
1014 269 1067 297 Sed
1093 278 1143 299 nec
1169 272 1215 299 lini
1243 273 1387 308 stipulam,
1415 275 1440 302 in
1461 283 1512 309 qua
1532 275 1720 310 exploratores

927 313 1146 349 delitesccbant,
1181 326 1232 353 ego
1258 320 1360 354 absque
1388 322 1571 349 sacramentis
1601 323 1717 357 acripio.

927 359 1023 387 Linum
1046 369 1163 397 namque
1185 368 1227 391 est
1250 364 1438 393 indumentum
1463 367 1645 399 sacerdotale,
1670 375 1719 402 per

927 407 998 440 quod
1011 407 1180 442 signiﬁcatur
1193 410 1233 438 vel
1251 410 1284 437 iis
1304 412 1349 445 qui
1362 412 1495 440 invitandi
1511 418 1590 440 erant
1606 414 1715 441 culmen

926 453 1096 481 sacerdotale
1106 454 1238 487 delatura.
1255 457 1327 484 sicut
1337 457 1433 485 Petrus
1450 460 1589 492 apostolus
1599 461 1664 488 dicit
1676 461 1697 477 ⁸¹
1706 469 1715 487 :

931 508 940 525 ‹
953 499 1006 527 Vos
1020 504 1110 527 autem
1129 508 1196 535 gens
1218 507 1323 535 saneta,
1352 510 1466 538 regnum
1493 506 1684 538 sacerdotale;
1704 515 1714 532 ι

925 545 967 572 vel
983 550 1058 573 certe
1073 546 1143 580 quod
1158 546 1185 573 iu
1207 552 1381 575 sacramento
1401 548 1485 583 legis,
1510 550 1555 577 ubi
1575 551 1609 578 de
1623 558 1716 578 sacer-

925 590 1033 618 dotibus
1055 592 1210 624 adnotatur,
1236 593 1327 627 populi
1354 593 1435 627 hujus
1453 595 1498 628 qui
1529 600 1571 622 est
1592 603 1626 623 ex
1647 604 1714 631 gen-

927 634 1019 664 tibus.
1050 635 1150 663 latebat
1181 637 1286 664 occulta
1318 639 1436 665 vacatio.
1478 639 1613 667 Continuo
1647 649 1714 675 ergo

925 679 1084 707 inimicitias
1098 681 1217 714 suscepit
1237 681 1294 716 (59)
1316 682 1446 709 meretrix
1467 683 1600 711 adversus
1624 683 1714 710 llieri—

923 725 1061 752 ehontium
1079 733 1180 759 regem.
1202 726 1271 759 Quid
1292 727 1344 754 nisi
1361 728 1424 761 quia
1446 736 1455 753 ι
1468 735 1533 755 caro
1548 729 1716 763 concupiscit

924 771 1007 807 399
1024 772 1154 799 adversus
1170 772 1307 806 spiritum,
1322 777 1348 799 et
1361 773 1477 806 spiritus
1496 773 1628 803 adversus
1641 783 1707 801 car-

924 825 984 844 nem
994 817 1033 844 "‘L'
1043 827 1053 843 ι
1071 817 1102 844 Ει
1124 818 1222 844 iterum
1236 818 1276 844 ait
1292 817 1314 833 “
1328 826 1335 844 :
1351 827 1361 843 Ι
1375 818 1437 845 Odit
1454 826 1501 846 vos
1519 819 1562 846 hic
1575 821 1692 848 mundus
1702 839 1711 853 ,

923 863 986 898 quia
1000 871 1042 890 me
1052 863 1167 898 priorem
1181 869 1299 891 vestrum
1313 864 1376 891 odio
1387 864 1492 892 habuit.
1507 875 1516 891 ι
1530 865 1577 892 Est
1589 873 1653 900 ergo
1666 874 1714 894 rex

923 910 1020 944 aliquis
1041 910 1168 937 inimicus
1189 910 1344 937 meretricis
1365 910 1504 946 hujus,qui
1522 917 1563 938 est
1588 912 1714 947 princeps

923 956 1002 989 hujus
1019 957 1122 990 mundi,
1136 957 1182 990 qui
1197 956 1364 991 insequitur.
1385 962 1412 983 et
1426 965 1562 992 occupare
1579 959 1653 992 cupit.
1664 966 1712 985 cx-

922 1003 1078 1037 ploratores
1097 1002 1174 1034 Jesu,
1186 1003 1235 1029 sed
1252 1010 1306 1029 non
1324 1007 1412 1036 potest
1432 1004 1556 1031 obtinere
1581 1004 1643 1038 quia
1665 1012 1713 1039 per

922 1053 1028 1075 montes
1045 1048 1097 1075 iter
1107 1048 1212 1075 faciunt
1225 1056 1232 1074 :
1247 1055 1301 1074 non
1312 1049 1442 1075 incedunt
1456 1057 1504 1082 per
1522 1049 1645 1081 humilia,
1662 1056 1714 1077 nec

921 1094 1037 1121 vallibus
1051 1094 1229 1126 delectantur,
1258 1094 1304 1121 sed
1320 1095 1433 1121 collinus
1449 1096 1575 1129 vertices,
1594 1101 1621 1122 et
1633 1103 1711 1122 mou-

921 1140 988 1167 tium
1011 1140 1118 1167 excelsa
1143 1144 1286 1169 sectantur
1304 1148 1311 1166 :
1331 1140 1393 1173 quia
1422 1141 1478 1167 hrcc
1496 1141 1625 1168 meretrix
1654 1140 1711 1176 (60)

919 1186 983 1214 dicit
999 1185 1040 1212 “:
1058 1196 1067 1212 ι
1088 1186 1186 1213 Levavi
1220 1187 1315 1214 oculos
1339 1193 1415 1213 meos
1442 1186 1475 1212 ad
1504 1191 1620 1217 montes,
1639 1186 1711 1213 unde

920 1233 1014 1260 veniet
1025 1233 1156 1259 auxilium
1172 1232 1247 1260 mihi.
1265 1243 1274 1259 ι
1292 1233 1352 1260 Νοιι
1377 1237 1466 1267 potest
1482 1232 1548 1259 illuc
1564 1233 1712 1260 ascendere

918 1279 1011 1306 mundi
1026 1279 1106 1314 hujus
1121 1279 1256 1313 princeps,
1270 1287 1321 1307 nec
1340 1284 1428 1314 potest
1439 1287 1488 1314 per
1498 1279 1637 1306 excelsum
1655 1279 1706 1306 iter

917 1325 951 1352 ad
960 1324 1053 1352 Jesum
1069 1325 1295 1360 (6t)perveuire:
1311 1326 1433 1360 quiuimo
1446 1330 1473 1352 ct
1485 1326 1507 1352 si
1525 1333 1584 1352 eum
1601 1330 1707 1354 tcntaus

917 1370 1090 1397 collocaverit
1107 1370 1134 1397 in
1147 1371 1273 1403 excelsis,
1286 1371 1351 1398 dicit
1363 1372 1386 1398 ei
1401 1371 1423 1386 "
1440 1380 1447 1398 :
1469 1380 1477 1396 ι
1500 1371 1573 1398 Mitte
1590 1377 1615 1398 te
1626 1372 1708 1399 deor-

916 1423 977 1444 sum
989 1425 995 1449 ;
1011 1425 1021 1441 )
1040 1416 1102 1450 quia
1114 1416 1225 1443 humilia
1243 1424 1350 1451 semper
1362 1417 1451 1452 diligit
1462 1417 1611 1449 etcaduca,
1625 1417 1651 1444 in
1665 1418 1708 1445 his

916 1467 1025 1498 regnat,
1041 1462 1067 1488 in
1081 1462 1121 1489 his
1134 1461 1225 1489 sedem
1240 1469 1314 1488 suam
1329 1462 1455 1494 collocat,
1469 1463 1494 1488 in
1513 1463 1611 1497 quibus
1620 1463 1702 1490 etiam

74 1497 121 1524 tiu:
136 1502 164 1524 et
181 1500 321 1533 nequitiae.
340 1509 433 1537 azyma
451 1503 529 1530 nobis
540 1504 706 1532 sinceritatis
720 1510 746 1532 et
758 1507 862 1534 W‘fitl-
876 1515 898 1544 α
915 1497 1000 1544 usque
1015 1508 1047 1535 ad
1064 1507 1196 1535 infernum
1208 1507 1263 1542 (62)
1272 1508 1426 1535 descendat.
1442 1507 1547 1543 Moyses
1562 1516 1613 1537 non
1626 1509 1709 1541 dixit,

76 1543 112 1571 tis
123 1550 266 1578 parantur.
281 1545 364 1574 Mittit
381 1552 467 1575 tamen
480 1548 558 1576 Jesus
570 1554 665 1577 noster
678 1551 864 1585 exploratores

72 1591 108 1616 ad
126 1589 345 1618 ﬂicrichontium
364 1599 452 1626 regem
464 1612 472 1624 ,
495 1597 523 1620 et
538 1593 656 1627 hospitio
681 1594 866 1629 suscipiuntur

72 1643 89 1662 a
103 1636 268 1664 meretrice.
287 1635 339 1663 Sed
353 1637 397 1664 illa
415 1637 546 1665 meretrix
560 1646 619 1673 qua:
637 1639 670 1666 ab
683 1639 747 1668 Jesu
767 1640 866 1668 miSsos

75 1681 198 1715 suscepit
211 1681 409 1715 exploratores,
432 1687 581 1717 propterea
595 1685 719 1719 suscepit
740 1693 773 1712 ne
794 1685 864 1712 ultra

73 1727 272 1754 sitmerctrix.
291 1727 345 1754 Sed
358 1732 387 1755 et
399 1728 612 1764 uniuscujusque
632 1735 755 1757 nostrum
775 1731 865 1758 anima

75 1773 209 1800 meretrix
227 1773 287 1806 fuit,
312 1774 398 1802 donec
416 1774 442 1801 iu
458 1775 603 1802 desideriis
625 1780 653 1803 et
673 1776 867 1811 cupiditatibus

75 1819 182 1845 viveret
212 1820 315 1847 carnis.
348 1819 471 1854 Suscepit
494 1828 559 1848 vero
581 1821 765 1856 exploratores
791 1822 864 1855 Jcsu,

73 1863 188 1898 angelos
207 1872 280 1898 quos
303 1865 375 1892 misit
387 1871 453 1893 ante
472 1866 567 1894 [aciem
579 1874 659 1894 suam
682 1873 710 1895 ut
729 1876 866 1904 pracpara-

76 1914 138 1936 rcut
155 1911 228 1937 riam
246 1911 315 1946 eius.
333 1912 406 1945 Quos
430 1918 518 1939 tamen
530 1913 555 1940 si
574 1921 607 1940 ex
627 1913 678 1941 [ide
689 1916 782 1942 anima
799 1923 865 1942 uua-

72 1962 193 1990 qua‘que
216 1957 348 1990 suscepit,
362 1965 417 1985 uou
436 1958 461 1985 iu
478 1959 627 1986 humilibus
642 1960 720 1994 locis,
734 1968 824 1995 neque
840 1962 865 1988 in

73 2001 253 2029 inferioribus
272 2003 408 2037 collocat,
424 2005 471 2031 sed
488 2005 512 2031 iu
527 2006 716 2039 superioribus
733 2011 764 2033 et
777 2007 867 2034 excel-

71 2048 110 2075 sis
131 2057 138 2075 .'
155 2048 222 2083 quia
240 2057 291 2076 nou
306 2050 343 2077 ab
357 2051 506 2080 humilibus
524 2052 579 2088 (58)
592 2058 622 2080 et
639 2053 753 2081 terrenis
779 2053 867 2081 lesum

107 2157 130 2173 ³⁷
146 2156 203 2184 Jns.
219 2165 257 2184 ιν.
295 2158 317 2174 ³⁸
332 2157 387 2184 Jos.
405 2167 446 2187 ιιι.

73 2193 95 2208 δι
111 2192 183 2220 ικδυι.
200 2200 278 2226 cxxt,
302 2194 326 2220 l.

484 2159 506 2175 ³⁹
518 2158 574 2187 .lns.
584 2167 605 2192 ι,
623 2161 651 2186 il
660 2180 666 2186 .

105 2297 164 2335 (Sil
182 2295 269 2335 Codd.
294 2297 435 2332 Sangerm.
455 2299 666 2331 Gemeticcnsis,
689 2305 770 2335 atque
791 2308 861 2328 Tll'llls
879 2303 900 2331 ι)

72 2331 261 2370 Ebroiceusis,
280 2342 288 2357 ι
304 2339 332 2360 et
346 2331 415 2360 unus
433 2342 511 2368 aqua:
532 2342 638 2362 murus.
656 2344 665 2361 ι
687 2331 765 2363 Libh.
785 2336 861 2370 editi,

74 2376 84 2393 ι
98 2373 126 2393 ct
140 2375 175 2393 ex
193 2368 273 2401 aquis
295 2375 363 2394 unus
379 2376 483 2396 murus.
500 2379 509 2395 ι

105 2402 164 2437 (52)
185 2403 280 2430 Codex
297 2403 452 2437 διιιιιζριῚιι.⁷
468 2413 477 2429 ι
491 2407 646 2439 utrumque.
659 2415 668 2431 ι
689 2405 766 2433 Libb.
787 2407 864 2440 editi,

74 2445 84 2463 ί
101 2443 228 2464 utranuc.
251 2446 260 2463 I

106 2446 228 2472 atraque.
251 2446 260 2463 I

106 2473 164 2505 (55)
198 2472 233 2499 Et
261 2473 347 2504 hodie.
374 2473 395 2500 si
416 2474 522 2506 audias,
546 2475 612 2501 dicit
643 2475 689 2501 tibi
716 2475 865 2504 Jeaus:Si

72 2509 186 2541 sequeris
207 2516 258 2539 me,
276 2516 397 2542 pra'paru
415 2509 485 2535 cibos
511 2511 545 2535 ad
571 2511 649 2536 viam.
678 2510 739 2538 Hme
754 2518 813 2544 quae
837 2513 862 2538 in

73 2548 151 2569 amca
169 2544 252 2570 editis
263 2544 364 2570 omissa
383 2552 446 2570 sum
459 2564 466 2576 ,
483 2544 628 2572 restituunt
641 2553 736 2572 ouutes
752 2547 860 2574 codices

73 2584 137 2604 MSS.

106 2612 163 2648 (54)
186 2612 275 2640 Codd.
294 2613 424 2647 Sangerm
441 2634 448 2645 ,
465 2614 570 2641 Gemet.
590 2619 616 2641 et
634 2622 703 2642 unus
716 2615 863 2643 Ebroicen-

72 2645 120 2679 sis,
139 2645 248 2674 (viam.
268 2657 278 2674 ι
296 2645 372 2675 Lihb.
392 2649 468 2680 editi,
488 2659 497 2674 ε
516 2650 608 2676 vitam.
624 2659 633 2674 ι

105 2681 161 2718 (55)
189 2683 272 2709 Iidem
303 2691 368 2710 mss.
400 2693 408 2709 t
427 2685 492 2712 Vide
523 2690 649 2711 autem.)
685 2684 762 2712 Libb.
788 2685 865 2719 editi,

75 2726 82 2741 I
94 2718 254 2745 \‘ideautus.
274 2727 282 2743 I

101 2753 162 2787 (56)
173 2752 259 2780 [idem
275 2761 341 2780 mss.
356 2753 504 2781 (fi-nctus.)
520 2754 598 2781 Lihb.
609 2755 686 2787 editi,
702 2755 846 2783 «fructum.
856 2766 865 2782 I

104 2788 162 2823 (57)
183 2788 278 2826 Codex
307 2789 438 2826 Sangcrm
455 2811 462 2822 ,
494 2798 503 2814 ι
522 2798 623 2825 regem.
640 2800 649 2816 ι
682 2791 759 2817 Libh.
790 2792 868 2826 editi,

73 2836 80 2851 ι
99 2830 181 2854 recte.
198 2833 206 2847 ι
223 2823 324 2851 lbidcm
342 2823 410 2851 idi-m
427 2833 476 2852 ms.
497 2834 505 2850 ι
522 2823 607 2858 prima
623 2826 752 2854 occurrit.
769 2835 778 2853 ι

365 2166 387 2183 s.
405 2167 446 2187 ιιι.
484 2160 506 2175 ³⁹
518 2160 605 2192 .lns.1,
623 2161 666 2186 il.
705 2160 796 2188 “los.
815 2169 841 2193 v,
865 2161 908 2188 ll.
945 2161 966 2177 “
983 2160 992 2187 l
1010 2160 1065 2188 Pet.
1086 2168 1118 2192 ιι,
1137 2160 1164 2187 9.
1219 2160 1241 2175 δ’
1257 2160 1316 2187 Gal.
1335 2167 1362 2191 γ,
1385 2160 1392 2185 l

363 2194 386 2210 ⁸⁵
405 2195 500 2222 Matth.
520 2203 555 2229 tv,
572 2196 599 2222 6.
637 2196 660 2212 “
675 2196 732 2224 Jos.
750 2205 778 2230 κ,
795 2197 838 2224 l2.
875 2197 897 2213 ⁸⁷
915 2196 981 2223 ibid.
997 2196 1040 2223 14.
1079 2197 1102 2216 δ”
1115 2195 1212 2222 Matth.
1231 2203 1328 2227 xxvut,
1345 2196 1392 2221 20.

918 1563 930 1581 4
945 1559 997 1582 stet
1011 1553 1061 1586 sol,
1082 1562 1091 1578 ι
1104 1560 1155 1580 nec
1167 1552 1292 1580 maximis
1309 1553 1452 1586 imperavit
1464 1553 1617 1586 sternentis,
1636 1554 1707 1582 sicut

915 1599 995 1628 Jesus
1014 1599 1087 1626 fecit.
1107 1608 1116 1624 I
1133 1599 1203 1630 Stet,
1221 1597 1351 1632 inquit“,
1365 1598 1403 1626 sol
1415 1606 1494 1633 supra
1513 1599 1708 1634 Gabaon(63),

915 1651 946 1673 et
960 1646 1024 1673 luna
1048 1652 1129 1680 super
1155 1644 1251 1671 vallem
1279 1645 1373 1676 Elom;
1390 1654 1400 1670 ο
1418 1649 1444 1671 et
1465 1649 1610 1679 propterea
1626 1645 1704 1672 addit

922 1691 1062 1725 Scriptum
1091 1695 1119 1718 et
1134 1690 1202 1717 dicit
1217 1690 1249 1721 ".
1267 1690 1329 1724 quia
1349 1699 1358 1715 ι
1377 1698 1513 1725 nunquam
1537 1691 1577 1718 sic
1603 1691 1708 1718 audivit

921 1736 993 1763 Deus
1017 1736 1168 1763 hominem.
1192 1744 1202 1761 ι
1226 1734 1304 1762 Jesus
1329 1742 1396 1769 ergo
1421 1743 1499 1763 meus
1522 1736 1606 1763 solem
1634 1741 1709 1764 stare

920 1780 983 1808 fecit
1003 1788 1056 1807 non
1078 1785 1141 1807 tunc
1167 1780 1266 1812 solum,
1291 1781 1337 1807 sed
1360 1780 1446 1808 multo
1470 1781 1555 1815 magis
1577 1782 1656 1809 modo
1681 1782 1709 1810 in

920 1826 1035 1853 adventu
1047 1833 1106 1853 suo.
1127 1825 1252 1859 Denique
1269 1826 1332 1852 dum
1346 1833 1394 1853 nos
1407 1826 1507 1852 bellum
1530 1826 1648 1860 gerimus
1662 1827 1710 1853 ad-

920 1878 1016 1898 versus
1038 1871 1166 1898 inimicos
1187 1876 1305 1904 nosnos,
1329 1876 1357 1898 et
1379 1871 1558 1898 colluctamur
1577 1873 1710 1899 adversus

919 1917 1089 1952 principatus
1105 1921 1133 1944 et
1149 1921 1308 1951 potestates,
1335 1921 1362 1944 ct
1384 1922 1505 1944 rectores
1535 1917 1711 1945 tencbrarum

922 1962 1032 1993 harum,
1053 1961 1186 1989 adversus
1205 1961 1337 1996 spiritalia
1356 1963 1484 1996 nequitia:
1502 1962 1528 1988 in
1540 1962 1709 1995 cmlcstibus,

921 2008 960 2034 sol
979 2006 1183 2041 uobisjustitim
1203 2007 1392 2034 indesinenter
1412 2007 1529 2039 assistit,
1545 2015 1594 2034 nec
1609 2008 1710 2037 deserit

921 2061 1054 2088 unquam,
1068 2060 1117 2080 nec
1132 2052 1244 2080 festinat
1258 2053 1433 2095 occumbere,
1447 2053 1509 2088 quia
1526 2053 1584 2087 ipse
1596 2053 1664 2080 dixit
1674 2052 1708 2082 “z

945 2161 966 2177 ⁸¹
983 2160 992 2187 ι
1010 2160 1065 2188 Pet.
1086 2168 1118 2192 ιι,
1137 2160 1164 2187 9.
1219 2159 1241 2175 δ’
1257 2159 1316 2187 Gal.
1335 2167 1362 2191 γ,
1385 2159 1427 2186 l7.
1473 2159 1496 2174 “
1511 2159 1589 2187 Joan.
1605 2167 1650 2193 xv,
1665 2159 1707 2189 18.

951 2299 1009 2335 (58)
1041 2299 1128 2327 Codd.
1155 2298 1352 2327 Gemeticcnsis
1377 2303 1404 2335 et
1426 2297 1708 2335 uutlsﬂEhroicensis.

920 2345 930 2362 ι
942 2333 975 2362 ab
994 2333 1153 2362 humilibus.
1167 2344 1176 2360 ι
1195 2335 1340 2368 Saugerm.
1359 2343 1368 2359 ι
1382 2334 1408 2360 in
1433 2334 1589 2360 humilibus.
1604 2342 1612 2357 ι
1632 2333 1710 2359 Libh.

917 2371 994 2402 editi,
1015 2380 1023 2395 ι
1039 2370 1238 2397 humilioribus.
1254 2379 1263 2394 ι
1287 2369 1388 2395 Ibidem
1402 2376 1466 2396 mss.
1489 2376 1497 2393 ι
1512 2369 1708 2401 suscepimus.)

918 2406 995 2433 Libh.
1008 2406 1083 2436 editi,
1106 2414 1115 2430 ι
1130 2406 1303 2438 suscipimus.
1317 2413 1326 2429 ι

953 2440 1010 2476 (59)
1047 2440 1139 2467 Codex
1171 2438 1428 2476 Saugcrmanensis,
1465 2438 1603 2476 l§tl|1i1,|
1636 2445 1711 2476 limiti

918 2472 1104 2505 Eb‘roii-ensis,
1124 2485 1132 2500 ι
1149 2472 1241 2502 sumit:
1256 2484 1264 2500 ι
1282 2473 1372 2512 (inde:
1390 2473 1600 2512 Gcmeticcnsis,
1618 2472 1709 2512 «Quod

917 2519 982 2546 ergo
1013 2510 1170 2537 inimicitias
1198 2509 1322 2543 suscepit
1350 2509 1480 2534 meretrix
1501 2508 1564 2542 quid
1593 2513 1635 2534 est
1658 2508 1709 2534 nisi

933 2555 947 2571 ll
954 2555 975 2572 lil
992 2553 1066 2571 (ἭΙὈ.
1090 2555 1098 2571 Ι

914 2554 1122 2615 ῳὶἓῶῃὲξιιξιι
1148 2578 1357 2611 Gemeticcnsis,
1383 2587 1392 2604 ε
1420 2578 1478 2604 lucc
1501 2582 1593 2604 nostra
1621 2584 1710 2606 mere-

919 2621 1011 2685 l“(xliii
1037 2650 1119 2680 ldum.
1139 2659 1148 2674 ι
1167 2657 1215 2683 per
1226 2647 1363 2685 excelsum
1379 2652 1499 2675 montem
1521 2646 1552 2673 ad
1574 2647 1681 2682 Iesum,
1695 2655 1708 2674 l

919 2683 1013 2719 sicque
1030 2685 1109 2711 habet
1123 2692 1192 2719 unus
1210 2683 1390 2710 Ebroiccnsis.

957 2717 1012 2754 (62)
1033 2720 1123 2746 Codex
1141 2718 1348 2754 Gemelicensis,
1365 2728 1374 2743 ‹
1394 2717 1426 2745 ad
1445 2717 1562 2746 inferna.
1581 2726 1592 2744 ι

958 2753 1014 2790 (65)
1035 2754 1124 2790 Codex
1142 2753 1407 2790 Sangcrmancnsis,
1423 2763 1431 2779 l
1453 2761 1535 2788 supra
1548 2754 1671 2782 Gabaon—

923 2788 1093 2822 Libb.'cditi,
1111 2798 1120 2814 ι
1137 2796 1219 2823 super
1231 2788 1353 2815 Gabaou.
1372 2797 1381 2814 ι
