1903 3052
193 143 242 171 831

924 120 1093 160 omcams'

1761 123 1813 151 832

195 202 265 230 Ecce
276 208 326 235 ego
339 199 478 228 vobiscum
496 204 555 225 sum
575 195 700 223 omnibus
714 193 819 221 diebus.
837 201 846 218 ι
862 190 919 218 Non
934 198 979 218 so-
994 191 1017 220 Α
1066 189 1094 217 7.
1109 187 1165 214 Sub
1179 187 1269 214 Moseo
1280 192 1334 213 non
1350 188 1391 213 est
1405 184 1507 212 dictum
1526 183 1578 211 hoc
1595 183 1666 235 quod
1689 182 1741 235 sub
1754 182 1815 210 Iesu

195 246 251 274 lum
267 250 356 273 autem
375 244 510 279 duplicato
521 242 564 268 die
577 241 717 268 nobiscum
729 243 783 272 est,
795 238 841 266 sed
854 237 980 264 omnibus

197 292 292 319 diebus
305 294 346 318 est
361 296 445 324 usque
460 288 493 315 ad
509 286 769 314 consummationem
780 283 882 315 saeculi,
895 282 981 310 donec

197 342 222 363 et
235 345 283 364 nos
296 337 467 364 obtineamus
478 332 648 360 adversarios
659 334 776 358 nostros.

235 385 262 410 6.
277 382 329 410 Sed
343 386 371 409 et
384 380 447 407 illud
467 379 616 410 videamus,
631 377 695 412 quid
707 381 747 404 est
760 375 831 411 quod
850 374 981 409 repromi-

197 430 231 456 sit
245 428 322 456 Jesus
340 425 470 452 militibus
494 425 570 450 suis:
590 431 599 448 ι
617 421 723 454 Omnis,
747 421 835 454 inquit
849 419 884 451 ",
909 419 982 445 locus

197 479 386 509 quemcunque
411 469 588 498 subdideritis
612 467 735 502 vestigiis
755 466 851 501 pedum
876 470 983 492 vestro-

197 529 269 550 rum,
288 523 377 546 vester
392 518 455 545 erit.
475 526 483 542 ι
502 517 610 543 Dixerat
628 515 679 541 hoc
693 513 745 541 illis
755 513 799 548 qui
815 517 879 539 tunc
892 515 979 543 erant,

197 565 229 592 de
249 564 406 600 regionibus
422 563 650 591 Chananmorum,
666 560 884 590 Pherezaiorum,
897 557 981 585 Jebn—

197 618 323 641 επεοιῚιιη,
342 613 558 641 εωιθιθιυιηιιιιθ
583 605 703 641 gentium
719 612 835 639 quarunt
859 603 982 638 regiones

195 656 317 690 expulsis
331 655 447 689 indignis
461 652 670 682 habitatoribus,
694 651 743 685 ipsi
766 650 924 677 bmreditate
938 656 981 676 ce-

197 707 295 735 perunt
310 709 316 727 :
333 700 379 727 sed
396 699 471 726 nobis
484 699 511 724 in
528 697 569 724 his
583 696 673 723 verbis
686 695 751 729 quid
770 694 981 729 repromittitnr,

198 747 346 773 videmnus.
365 744 434 771 Sunt
448 743 570 776 quaedam
584 742 801 769 adversariarum
817 744 982 775 potestatum

198 797 293 826 gentes
315 789 465 821 diabolicm,
483 788 625 814 adversum
646 794 716 821 quas
741 786 819 812 nobis
842 790 982 812 certamen

199 837 314 872 geritur,
338 841 365 862 et
390 841 490 869 agones
503 834 531 860 in
550 833 600 860 hac
619 833 674 859 vita
699 831 878 859 desudantur.
892 831 985 863 Quan-

200 888 351 916 tascunqne
366 888 431 915 ergo
449 887 482 906 ex
499 879 541 906 his
556 883 651 913 gentes
666 877 780 912 pedibus
794 877 897 904 nostris
918 876 985 903 sub-

200 927 358 957 diderimus.
382 931 604 961 quantuscunque
620 925 645 951 in
658 924 806 951 certamine
827 924 983 954 vicerimus,

200 974 321 1008 ipsorum
335 973 468 1007 regiones,
484 972 604 1006 ipsorum
616 971 772 1005 provincias
785 974 811 996 et
823 969 984 1004 regna,.lesn

201 1019 278 1046 nobis
286 1019 400 1044 Domino
416 1018 605 1050 distribuente,
619 1016 767 1050 capiemus.
778 1015 899 1042 Fuerunt
912 1015 984 1043 enitn

201 1069 236 1094 illi
250 1067 392 1100 aliquando
404 1065 503 1101 angeli,
522 1066 629 1093 fuerunt
645 1064 671 1090 in
687 1071 769 1097 regno
779 1062 826 1090 Dei
839 1062 985 1097 magnifici.

201 1114 297 1140 Annon
311 1113 424 1147 legimus
439 1112 510 1146 quod
524 1110 609 1137 Isaias
622 1110 688 1138 dicit
705 1111 737 1137 de
750 1118 803 1136 uno
818 1117 851 1136 ex
868 1109 932 1146 ipsis
942 1108 984 1136 "z

202 1168 212 1183 ι
227 1159 366 1190 Quomodo
380 1157 478 1184 cecidit
488 1155 595 1183 Lucifer
605 1155 650 1190 ιιιιί
663 1162 741 1182 mane
750 1155 891 1181 oriebatur
901 1153 983 1189 (ϐψ)

202 1203 311 1230 Lucifer
337 1202 389 1229 iste
417 1202 478 1228 sine
495 1201 577 1227 dubio
593 1200 686 1227 sedem
705 1199 822 1227 habebat
843 1199 869 1226 in
886 1198 962 1225 caelis
978 1205 987 1226 :

202 1253 293 1282 postea
311 1255 376 1274 vero
391 1254 470 1282 quam
487 1245 575 1273 factus
588 1250 629 1272 est
645 1245 757 1279 angellis
771 1244 876 1278 refuga,
890 1244 911 1270 si
926 1250 986 1270 eum

203 1295 312 1321 vincere
338 1298 450 1328 potuero
463 1297 491 1320 et
513 1291 648 1325 subjicere
668 1292 781 1326 pedibus
798 1291 875 1322 meis.
891 1291 911 1317 si
933 1298 989 1317 me-

204 1347 284 1367 ruero
299 1343 328 1365 ut
339 1339 469 1366 Dominus
483 1345 558 1365 lucus
572 1337 649 1364 Jesus
661 1341 787 1364 conterat
800 1336 929 1362 Satanam
940 1336 989 1363 sub

204 1385 317 1418 pedibus
332 1384 409 1416 meis,
423 1388 622 1417 consequenler
635 1383 722 1410 locum
738 1381 856 1409 Luciferi
867 1381 990 1416 accipere

205 1430 331 1457 merebor
353 1429 378 1456 in
405 1429 491 1457 cadis.
508 1429 553 1456 Sic
567 1437 632 1463 ergo
656 1428 831 1462 intelligimus
856 1427 912 1463 (65)
928 1435 991 1463 pro-

206 1476 274 1503 mitti
300 1476 378 1504 nobis
396 1477 429 1503 ab
453 1475 517 1503 Jesu
541 1475 655 1502 Domino
675 1480 779 1508 nostro,
805 1474 876 1510 quod
900 1474 990 1501 omnis

1032 234 1133 262 dicitur
1148 233 1183 265 ",
1196 232 1259 267 quia
1275 240 1285 258 ι
1304 231 1420 258 cessavit
1435 235 1506 258 terra
1521 237 1536 256 a
1556 229 1667 265 proeliis.
1684 237 1693 254 ι
1708 228 1815 255 Certum

1031 285 1074 308 est
1089 279 1160 314 quod
1174 282 1202 305 et
1218 283 1290 305 terra
1301 282 1394 304 nostra
1408 277 1477 309 haec,
1492 276 1518 303 in
1539 283 1593 310 qua
1607 281 1711 308 agones
1733 274 1815 301 habe-

1002 340 1006 344 -
1031 332 1102 355 mus,
1118 327 1146 350 et
1163 322 1316 350 certamina
1343 321 1522 352 sustinemus,
1535 320 1619 347 solius
1632 319 1697 346 Iesu
1714 319 1816 346 Domini

1031 369 1132 395 virtute
1154 375 1264 396 cessare
1291 367 1392 402 poterit
1404 374 1418 393 a
1431 366 1542 401 praeliis.
1557 365 1628 392 Intra
1650 373 1701 392 nos
1719 367 1817 392 etenim

1032 420 1096 442 sunt
1106 421 1202 441 omnes
1217 418 1312 448 gentes
1323 413 1382 440 ista:
1394 413 1533 443 vitiorum,
1545 420 1605 447 quae
1619 411 1740 438 animam
1749 411 1819 445 iugi.

1038 464 1080 487 ter
1091 465 1117 487 et
1136 460 1325 486 indesinenter
1339 463 1504 493 oppugnant.
1522 457 1598 485 lntra-
1611 465 1659 484 nos
1672 462 1738 484 sunt
1751 457 1818 484 Cha-

1035 505 1122 532 nanazi
1135 504 1203 539 (69),
1227 504 1297 531 intra
1325 511 1375 530 nos
1387 508 1450 531 sunt
1467 503 1615 535 Pberezmi,
1633 503 1676 530 hic
1697 508 1763 529 sunt
1778 501 1820 529 .le-

1032 550 1127 577 bnszei.
1144 549 1268 583 Qualiter
1280 556 1345 583 ergo
1360 548 1437 575 nobis
1451 548 1628 575 laborandum
1642 552 1693 579 est,
1705 547 1820 582 qualiter

1033 596 1211 631 vigilandum,
1227 595 1268 622 vel
1282 599 1385 629 quanto
1400 599 1519 629 tempore
1536 595 1778 628 perseverandum,
1793 597 1820 619 ut

1033 642 1159 669 omnibus
1176 641 1235 668 istis
1255 641 1289 667 de
1305 640 1383 667 nobis
1396 640 1524 667 vitiorum
1543 639 1668 674 gentibus
1678 638 1819 673 cﬂ'ngatis,

1035 688 1142 715 tandem
1169 691 1240 713 terra
1262 691 1355 713 nostra
1372 691 1461 713 cesset
1484 692 1498 712 ει
1515 685 1610 712 bellis?
1625 684 1658 711 Et
1676 684 1739 711 ideo
1758 684 1821 711 Pro-

1035 734 1114 768 pheta
1129 736 1286 759 commonet
1302 731 1335 764 ⁵³,
1355 735 1385 758 ut
1403 731 1429 758 in
1455 731 1514 765 lege
1536 729 1641 758 Domini
1659 729 1822 756 meditemur

1035 779 1079 806 die
1091 786 1122 806 ac
1136 783 1224 805 nocte.
1242 777 1307 810 Quae
1323 777 1415 811 utique
1433 775 1587 803 divinorum
1601 777 1749 803 verborum
1767 783 1824 802 me-

1035 825 1141 855 ditatio.
1155 824 1226 851 velut
1241 824 1303 850 tuba
1315 823 1437 858 quaedam
1450 827 1492 850 est
1509 823 1615 850 animos
1630 826 1690 849 tuos
1704 822 1738 848 ad
1757 829 1825 855 pne-

1036 870 1100 898 lium
1124 871 1267 899 concitans
1288 870 1356 905 (70),
1380 877 1413 897 ne
1439 868 1509 896 forte
1521 868 1680 896 adversario
1694 867 1826 902 vigilante

1036 921 1064 944 tu
1079 917 1210 945 dormias.
1239 916 1300 943 Ideo
1315 923 1365 943 nec
1384 916 1442 942 dies
1457 911 1488 942 ad
1507 915 1696 942 meditandum
1714 914 1826 946 suﬂicit,

1035 963 1082 990 sed
1094 967 1121 990 et
1137 969 1190 989 nox
1204 962 1366 996 adjnngitur.
1377 961 1430 988 Vos
1439 969 1505 988 vero
1513 960 1576 995 quid
1585 959 1704 991 facietis,
1714 960 1762 994 qni
1772 967 1827 987 non

1036 1009 1122 1035 solum
1133 1011 1211 1034 nocte
1221 1007 1358 1039 dormitis,
1367 1007 1413 1034 sed
1422 1012 1449 1034 et
1463 1011 1516 1033 tota
1528 1006 1571 1032 die
1579 1010 1626 1032 aut
1634 1006 1828 1040 occupationi-

1037 1054 1086 1081 bus
1092 1053 1182 1081 saeculi
1189 1074 1196 1086 ,
1205 1058 1251 1080 aut
1259 1053 1350 1080 carnis
1357 1052 1459 1080 deliciis
1468 1052 1622 1084 deservitis,
1630 1055 1658 1078 et
1666 1051 1712 1078 vix
1721 1058 1786 1078 raro
1793 1052 1829 1078 ad

1037 1099 1179 1127 ecclesiam
1194 1098 1291 1126 diebus
1303 1098 1472 1126 solemnibus
1484 1098 1653 1125 convenitis?
1674 1097 1768 1133 Aliqui
1781 1105 1831 1125 au-

1039 1150 1092 1172 tem
1107 1152 1142 1172 ex
1157 1144 1234 1172 vobis
1250 1144 1335 1171 etiam
1349 1144 1488 1172 venientes
1499 1151 1552 1170 non
1566 1144 1687 1175 veniunt,
1703 1144 1769 1178 quia
1783 1151 1831 1171 ve-

1038 1194 1142 1220 nientes
1153 1199 1205 1220 non
1215 1194 1296 1220 verbo
1311 1192 1367 1225 Dei,
1379 1192 1426 1219 sed
1442 1190 1539 1219 fabulis
1547 1190 1629 1227 Eoo
1642 1196 1743 1218 vacant
1759 1191 1830 1227 (7|).

1039 1239 1154 1273 Propter
1169 1238 1242 1273 quod
1258 1238 1325 1265 dicit
1341 1238 1374 1265 ad
1388 1244 1436 1264 vos
1461 1244 1552 1264 sermo
1563 1237 1670 1264 divinus
1682 1237 1708 1253 ⁵³
1725 1245 1732 1264 :
1748 1246 1759 1263 ‹
1779 1237 1833 1264 Ex-

1039 1293 1120 1319 surge
1134 1285 1180 1320 qui
1194 1285 1307 1316 dormis,
1321 1289 1348 1312 et
1358 1291 1473 1318 exsurge
1489 1290 1503 1310 a
1519 1283 1633 1310 mortuis
1644 1287 1671 1310 et
1684 1283 1833 1318 continges

1039 1332 1177 1360 Christum
1196 1330 1264 1367 (72).
1282 1340 1292 1356 ι
1313 1330 1436 1364 Exsurge
1456 1330 1528 1356 enim
1553 1337 1567 1355 ιι
1588 1328 1714 1360 mortuis,
1729 1328 1834 1356 dicitur

1040 1378 1074 1406 iis
1088 1378 1168 1413 quiin
1181 1377 1307 1413 operibus
1319 1381 1481 1411 permanent
1492 1375 1617 1407 mortuis,
1635 1375 1662 1402 in
1681 1375 1836 1402 immundi—

1042 1424 1086 1451 liis
1094 1424 1150 1451 suis
1158 1428 1185 1451 et
1194 1423 1342 1451 sceleribus
1356 1422 1413 1457 (75)
1426 1422 1622 1456 perdurantes:
1635 1428 1696 1455 quae
1705 1421 1771 1448 licet
1783 1421 1835 1448 hoc

1042 1470 1163 1496 minibus
1178 1476 1231 1496 non
1246 1469 1302 1496 sint
1316 1468 1472 1499 manifesta,
1490 1467 1545 1494 Deo
1559 1471 1649 1493 tamen
1663 1471 1730 1494 sunt
1740 1466 1836 1502 cogni-

206 1522 282 1548 locus
309 1529 388 1556 quem
409 1521 609 1548 subdiderimus
625 1520 747 1555 vestigiis
770 1521 866 1555 pedum
881 1525 989 1548 nostro-

1045 1520 1082 1543 ta.
1097 1515 1151 1543 Sed
1164 1516 1205 1542 rel
1217 1522 1250 1541 ex
1266 1514 1317 1542 hoc
1331 1513 1531 1549 paenitudinem
1550 1512 1633 1548 agite,
1647 1517 1677 1540 et
1692 1512 1837 1540 converti-

208 1574 279 1598 rum,
304 1571 395 1593 noster
411 1566 472 1594 erit.
500 1565 552 1593 Sed
571 1573 623 1592 non
647 1569 770 1600 putemus
795 1565 851 1601 (60‘)
874 1566 937 1600 quia
963 1565 989 1593 in

209 1611 280 1638 hanc
295 1611 480 1638 hereditatem
507 1619 554 1645 per
569 1611 654 1638 otium
668 1615 695 1637 et
710 1610 902 1646 negligentiam
920 1610 992 1638 osci-

207 1662 296 1684 tantes
319 1662 347 1684 et
373 1657 549 1684 dormitantes
574 1657 676 1683 intrare
702 1656 846 1691 possimus.
873 1655 914 1683 Ira
937 1663 992 1683 sua:

208 1703 297 1738 gentis
313 1702 436 1738 angelum
451 1703 542 1730 habet.
561 1702 636 1729 lianc
649 1702 701 1729 nisi
717 1701 815 1729 viceris
832 1701 888 1737 (67)
909 1702 935 1728 in
955 1706 996 1729 te-

208 1749 334 1784 mctipso,
350 1755 378 1776 et
394 1748 542 1776 abscideris
554 1749 602 1776 abs
617 1753 642 1776 te
658 1755 754 1776 omnes
769 1753 858 1775 motus
883 1747 992 1774 iracun-

207 1797 260 1824 dize
275 1804 306 1823 ac
330 1796 440 1828 furoris,
469 1796 556 1824 locum
568 1803 648 1830 quem
670 1794 816 1829 aliquando
835 1793 928 1821 habuit
948 1793 994 1821 ille

208 1843 327 1878 angelus,
343 1851 441 1878 capere
455 1843 480 1869 in
495 1843 655 1870 lmreditale
673 1842 730 1877 (68)
746 1849 798 1868 non
817 1841 929 1876 poteris,
944 1847 994 1874 pro

209 1897 242 1916 eo
256 1889 327 1924 quod
340 1889 440 1916 desidia
457 1893 500 1915 tua
516 1895 685 1922 nequaquam
699 1894 759 1914 emn
771 1887 803 1913 de
819 1890 889 1913 terra
901 1893 995 1920 repro-

210 1934 351 1962 missionis
367 1933 516 1967 cxpulcris.
534 1933 665 1960 Similiter
689 1935 717 1958 et
743 1931 876 1965 superbia:
888 1935 914 1957 et
931 1929 993 1961 zeli,

211 1984 238 2006 et
251 1980 372 2006 axaritire
390 1986 421 2004 ac
432 1977 552 2004 libidinis
560 1983 624 2004 sunt
634 1976 717 2012 aliqui
731 1976 885 2004 incentorcs
896 1974 995 2010 angeli,

210 2030 235 2051 et
254 2025 430 2051 instinctores
446 2024 541 2050 horum
558 2023 689 2050 malorum
701 2042 709 2054 ,
727 2029 844 2056 quorum
860 2021 913 2048 nisi
930 2021 995 2048 vitia

212 2071 239 2097 in
253 2070 396 2104 teinctipso
415 2070 523 2101 viceris,
539 2073 620 2102 atque
629 2076 660 2096 ea
677 2068 710 2095 de
721 2072 767 2094 tua
783 2072 855 2094 terra
868 2074 929 2101 quae
940 2066 996 2100 jam

213 2123 261 2149 per
278 2115 393 2150 gratiam
412 2114 536 2149 baptismi
555 2114 722 2141 sanctificata
741 2117 783 2140 est
798 2112 998 2139 exterminave-

213 2162 261 2193 ris,
280 2161 352 2187 nullo
373 2161 449 2188 modo
463 2160 653 2194 plenitudinem
671 2159 840 2194 repromissat
856 2158 997 2186 hmredita-

190 2239 198 2245 _
214 2208 249 2234 tis
261 2208 387 2241 accipies.

250 2320 305 2356 (64)
323 2320 413 2348 Codex
436 2319 644 2356 Gcmeticensis,
664 2317 824 2356 (quomodo
840 2316 974 2356 cecidisti
989 2334 997 2346 ,

216 2352 332 2387 Lui-il'ér,
350 2356 395 2390 qui
409 2363 488 2382 mane
501 2354 646 2383 oriebaris?
657 2363 666 2380 ι
678 2354 725 2381 Sic
740 2352 822 2380 etiam
839 2352 919 2379 habet
931 2358 999 2378 unus

216 2391 396 2420 Ehroicensis.

252 2426 306 2461 (65)
330 2426 404 2453 Unus
420 2424 629 2461 Ebroiccnsisq
645 2422 837 2455 intelligamus.
853 2431 863 2448 ›

252 2455 308 2496 (ea)
329 2461 429 2496 Omnes
455 2467 518 2486 mss.
542 2469 551 2486 ι
571 2459 624 2486 Sed
648 2466 701 2485 non
729 2461 863 2491 putemus.
891 2466 900 2483 ι
919 2455 998 2483 Libb.

216 2498 292 2525 editi.
310 2507 318 2522 ι
329 2495 359 2522 Si
374 2503 425 2522 non
441 2500 574 2529 putemus.
593 2503 603 2520 ›

254 2533 309 2566 (67)
329 2532 418 2558 Codex
435 2527 591 2566 sarmenti”
609 2529 710 2566 chnnc
727 2528 777 2555 nisi
794 2527 902 2566 viceris.
919 2536 928 2552 ι

254 2560 321 2600 (ϋ8))
341 2565 431 2593 Codex
450 2560 645 2592 Geiiieticensis
666 2571 726 2590 cum
746 2571 799 2590 uno
822 2560 978 2590 Ebroicensi
993 2581 1000 2592 ,

220 2611 230 2628 ι
250 2603 275 2628 in
289 2602 481 2628 increditatem.
500 2609 509 2625 ι

258 2638 313 2672 (69)
332 2636 405 2662 Intra
422 2644 467 2672 nos
484 2639 544 2672 sunt
564 2633 793 2672 CliananariJla-c
805 2632 902 2659 desunt
916 2631 942 2658 in
956 2637 1003 2656 an-

220 2670 267 2700 tca'
278 2672 369 2703 editis,
392 2671 438 2697 sed
453 2670 586 2697 habentur
599 2670 623 2695 in
640 2670 766 2695 omnibus
779 2675 844 2695 mss.

256 2706 310 2743 (7U)
331 2701 635 2743 Codengenieticensis
647 2711 707 2743 cum
720 2702 904 2743 nno'blbroilc..,
919 2710 927 2725 ι
944 2701 1003 2739 ani-

221 2736 385 2770 ῐιιιίιιιίιιιιιιι
400 2741 432 2765 ad
448 2739 569 2773 prmlimn
586 2738 730 2765 concitat.)
741 2738 816 2764 Libb.
835 2737 910 2768 editi,
927 2744 936 2760 ι
949 2736 1006 2761 ani-

222 2785 280 2804 tuos
294 2781 354 2801 tuos
367 2775 399 2800 ad
417 2774 536 2808 puellum
550 2774 699 2799 concitans.
717 2782 725 2798 ι

259 2810 314 2844 (7i)
331 2804 504 2837 Iidem-mss”
524 2818 532 2832 ι
548 2816 580 2834 ex
603 2810 677 2834 vobis
696 2809 834 2835 venientes
853 2814 904 2833 non
925 2804 1005 2833 ιρι-ὺο

232 2845 275 2872 l‘c‘i
290 2846 335 2870 δη]
352 2844 448 2870 fabulis
462 2849 564 2869 \‘..t:;ittl.
586 2853 593 2868 ι

1043 1562 1109 1590 mini
1123 1562 1156 1589 ad
1172 1561 1255 1590 Deum
1273 1569 1306 1589 ex
1321 1565 1378 1589 toto
1395 1560 1477 1588 corde
1492 1565 1595 1592 vestro,
1621 1564 1719 1588 vacate
1731 1561 1838 1588 oratio-

1042 1608 1132 1642 nibus,
1145 1613 1241 1635 vacate
1252 1607 1335 1634 verbo
1348 1607 1404 1634 Dei.
1418 1606 1487 1640 Quid
1508 1607 1619 1642 prodest
1640 1606 1663 1634 si
1675 1606 1837 1641 ieiunamus

1042 1662 1092 1690 pro
1105 1655 1234 1689 peccatis,
1252 1658 1281 1681 et
1293 1654 1391 1681 iterum
1403 1658 1516 1688 peccata
1530 1653 1728 1681 committimus
1741 1653 1754 1680 ?
1765 1653 1836 1687 Quid

1043 1700 1155 1736 prodest
1170 1700 1271 1727 lavisse
1303 1704 1331 1726 et
1352 1699 1379 1727 in
1394 1706 1475 1727 coeno
1499 1700 1588 1727 denuo
1604 1698 1744 1726 volutari?
1761 1698 1839 1733 Jeju-

1045 1746 1115 1773 nasti
1131 1746 1270 1781 aliquanto
1285 1745 1426 1780 tempore?
1448 1743 1514 1771 Tale
1527 1748 1568 1772 est
1586 1743 1668 1778 quale
1681 1744 1704 1772 si
1724 1744 1838 1772 interim

1044 1799 1077 1818 ex
1103 1791 1220 1826 Egypto
1243 1789 1412 1818 discesseris.
1432 1788 1566 1816 Transisti
1593 1795 1670 1816 mare
1699 1787 1839 1821 Rubrum,

1045 1843 1156 1864 secutus
1169 1845 1200 1864 es
1216 1836 1324 1872 Moysen
1335 1856 1343 1869 ,
1367 1840 1502 1870 prazcepta
1527 1835 1634 1862 scilicet
1650 1839 1680 1862 et
1707 1834 1839 1862 mandata

1046 1882 1112 1917 legis
1128 1882 1275 1909 observans
1301 1882 1358 1917 (74)
1373 1889 1380 1908 :
1397 1881 1445 1910 sed
1464 1881 1520 1916 jam
1536 1885 1561 1908 te
1578 1888 1592 1908 a
1608 1879 1701 1907 Moseo
1716 1879 1840 1914 suscepit

1045 1927 1134 1959 Jesus,
1147 1928 1193 1962 qui
1212 1932 1236 1955 te
1249 1928 1330 1955 etiam
1343 1926 1522 1954 circumcidat
1536 1925 1666 1958 secundo,
1679 1925 1706 1952 in
1721 1924 1782 1953 loco
1793 1924 1840 1959 qui

1046 1972 1148 2000 dicitur
1166 1971 1246 2000 collis
1263 1972 1469 2007 praeputiorum.
1488 1970 1732 1999 Circumcidendus
1754 1970 1840 2005 igitur

1048 2018 1096 2046 tibi
1112 2023 1154 2045 est
1167 2025 1220 2045 non
1232 2018 1319 2045 solum
1335 2017 1469 2045 idolorum
1485 2015 1584 2048 cultus,
1597 2023 1678 2050 quem
1704 2016 1734 2042 in
1751 2015 1841 2041 initiis

1048 2063 1183 2098 abjecisti,
1207 2063 1255 2090 sed
1280 2063 1370 2090 denuo
1386 2063 1434 2090 tibi
1449 2063 1532 2090 etiam
1557 2061 1672 2088 avaritia
1690 2060 1841 2088 circumcio

1048 2109 1137 2137 denda
1157 2114 1210 2142 est,
1226 2116 1286 2144 quae
1298 2113 1341 2137 est
1357 2108 1414 2145 (75)
1434 2108 1568 2135 idolorum
1586 2106 1714 2134 subtilior
1737 2106 1839 2133 cultus.

1050 2155 1172 2191 Denique
1184 2155 1264 2183 Jesus
1276 2154 1395 2182 secunda
1410 2152 1620 2181 circumcisione
1641 2150 1771 2186 populum
1785 2150 1840 2178 cir-

1011 2191 1034 2219 Ῑ)
1048 2202 1204 2229 cumcidens
1216 2201 1272 2236 (76)
1289 2200 1329 2228 sic
1341 2200 1410 2228 dixit
1420 2200 1463 2226 ’δε
1485 2208 1494 2226 ι
1510 2198 1596 2226 Hodie
1615 2196 1715 2225 abstuli
1728 2204 1744 2223 a
1765 2195 1842 2223 vobis

249 2265 271 2281 "
286 2264 340 2291 Jos.
363 2273 382 2297 I,
396 2264 422 2291 5.
460 2263 482 2279 '°
500 2263 560 2291 lsai.
578 2271 633 2295 xxv,
650 2263 693 2290 12.
728 2262 751 2278 ¹⁵¹
764 2261 819 2289 Jos.
836 2261 929 2293 v.25.
967 2260 990 2276 '"
1008 2259 1077 2287 Psal.
1092 2267 1111 2293 ι,
1128 2259 1156 2286 2.

1205 2259 1228 2275 "
1241 2257 1311 2294 Eph.
1328 2266 1355 2290 v,
1371 2257 1415 2285 u.
1465 2257 1490 2273 ”
1501 2256 1557 2284 Jos.
1574 2263 1599 2288 v,
1614 2254 1642 2282 9.

1089 2315 1147 2351 (72)
1168 2313 1200 2341 Et
1216 2315 1349 2349 continget
1363 2313 1506 2351 Clu-istum.
1521 2312 1559 2339 lta
1573 2308 1842 2351 codex_Gemeticen-

1052 2343 1099 2378 sis‘.
1118 2343 1192 2376 Libri
1212 2343 1401 2377 autcm'antea
1423 2348 1500 2379 editi,
1518 2356 1527 2373 ι
1546 2352 1575 2373 ιιι
1592 2346 1734 2378 contingas
1760 2343 1843 2370 Chri-

1052 2391 1134 2413 sunn.
1146 2394 1154 2410 ι
1164 2385 1264 2412 'I‘extus
1277 2384 1386 2412 Graecus
1406 2384 1455 2410 hoc
1468 2383 1525 2410 loco
1535 2382 1650 2412 ferebat,
1665 2379 1712 2406 καὶ
1726 2379 1844 2413 ἐπιψαύ-

1053 2429 1109 2451 σεις
1124 2420 1170 2446 τοῦ
1188 2419 1316 2456 Χριστοῦ.
1399 2418 1450 2445 alia
1464 2418 1540 2456 plura
1560 2415 1685 2456 Epistolas
1700 2415 1733 2440 ad
1750 2414 1844 2456 'Ep’he-

1053 2449 1107 2482 sius
1122 2449 1286 2488 exemplaria
1306 2454 1453 2485 habebant,
1464 2449 1515 2478 διαὶ
1528 2449 1674 2488 Emeditatis
1688 2457 1728 2488 got
1745 2449 1759 2474 ὁ
1776 2449 1844 2488 Χρι-

1054 2490 1125 2521 στός.
1149 2484 1214 2517 Vide
1234 2489 1306 2516 Millii
1321 2494 1410 2516 notam
1426 2489 1458 2514 ad
1471 2487 1570 2521 Ephes.
1582 2484 1613 2518 7v,
1629 2484 1673 2512 M.
1687 2484 1747 2510 Mox
1757 2486 1843 2510 codex

1055 2525 1251 2552 Gemeticensis
1271 2531 1333 2551 cum
1356 2531 1410 2550 uno
1432 2521 1606 2553 Ebroicensi,
1631 2526 1680 2554 pro
1698 2529 1706 2544 ι
1726 2525 1844 2550 exsurge

1056 2560 1128 2586 enim
1147 2567 1162 2586 a
1177 2559 1303 2591 Inortuis,
1314 2568 1323 2585 ι
1344 2559 1443 2586 habent
1459 2565 1468 2582 ι
1485 2563 1632 2591 exsurgere
1653 2554 1727 2581 enim
1741 2562 1757 2580 a
1772 2561 1844 2580 mor~

1058 2595 1120 2621 tuis.
1140 2603 1150 2619 ι

1093 2628 1149 2664 (75)
1170 2629 1208 2656 Co
1218 2629 1259 2656 lex
1274 2627 1480 2664 Gemeticensis,
1497 2636 1506 2651 ι
1525 2625 1684 2664 perdurant.
1703 2632 1714 2649 ι

1167 2665 1237 2701 idem
1254 2671 1316 2690 cum
1333 2671 1386 2689 uno
1401 2658 1775 2701 libi-piceum,"-.observasti.
1794 2665 1805 2683 ι

1093 2693 1150 2735 (75)
1172 2699 1247 2730 Mss,
1268 2707 1276 2723 ι
1294 2703 1415 2735 quiest.
1430 2706 1439 2722 ι
1451 2697 1530 2735 _Libb.
1543 2696 1619 2735 editi,
1636 2703 1645 2719 ι
1668 2693 1694 2720 id
1707 2698 1761 2735 est.
1783 2702 1794 2718 ι

1095 2728 1152 2769 (76)
1175 2728 1248 2765 .\|ss.,
1272 2742 1285 2769 cr
1301 2728 1419 2769 secunda
1433 2731 1643 2769 circumcisione
1653 2728 1846 2769 populunirir-

1060 2764 1227 2797 cnim-idens.
1243 2764 1259 2793 ⁷»
1279 2768 1356 2795 Libb.
1377 2767 1461 2799 editi,
1479 2775 1488 2791 ι
1509 2766 1627 2793 secundo
1651 2764 1845 2791 circumcisum

1061 2805 1187 2839 populum
1203 2803 1409 2830 circumcidens.
1428 2812 1437 2828 ι
