1903 3052
65 112 122 141 837

577 111 610 139 IN
624 111 754 140 LIBRUM
765 111 848 140 JESU
864 108 956 138 NAVE
975 110 1117 140 HOMlLlA
1138 111 1183 141 Ill.

1658 115 1710 143 8:8

64 173 173 210 pmliis
190 172 290 201 fratres
318 181 392 201 suos.
417 172 544 200 Mulieres
571 178 674 201 tantunt
697 178 723 201 et
745 173 864 200 infantes
880 174 902 202 Α
922 166 976 200 hic,
989 172 1017 196 θι
1037 168 1073 196 ibi
1089 176 1185 197 ηονοηι
1211 170 1342 203 Cnemis;
1359 175 1387 199 Cl
1408 171 1459 199 i513
1471 179 1526 198 una
1543 171 1629 199 "ibus
1644 172 1713 199 ιΙὶνὶ-

65 220 340 256 accipinntqnielem
357 228 406 255 per
424 221 532 256 Moysen
552 229 559 247 :
583 223 675 248 czeterl
692 225 782 247 autem
810 228 864 248 non

65 267 262 301 requiescunt,
283 267 330 294 sed
345 271 447 294 exeunt
463 267 495 294 ad
515 266 645 294 auxilium
661 266 777 293 fratrunt
801 274 864 294 suo-

64 320 141 340 rum.
159 312 226 340 Vide
240 313 308 340 mihi
326 313 406 340 hodie
427 312 562 340 laboranti
582 313 607 339 itt
622 320 708 348 agone
722 312 784 340 vita:
813 313 863 339 hu-

61 359 122 393 jus,
136 363 164 386 et
179 359 287 386 habenti
308 364 446 386 certamen
467 359 598 386 adversus
619 358 755 390 inimicos,
774 359 800 385 id
823 363 865 386 est

63 405 225 432 contrarias
233 410 393 440 potestates,
409 405 545 440 qttotnodo
560 404 587 432 in
602 405 733 432 auxilium
751 405 863 432 veniunt

65 450 105 478 illi
128 451 178 486 qui
195 456 260 479 ante
276 452 423 479 adventum
441 451 506 479 Jesu
527 451 627 479 Christi
645 451 751 478 Domini
767 451 819 478 mei
835 451 862 478 itt

64 496 129 532 lege
156 497 300 532 iustificati
328 502 402 526 sunt.
428 497 496 525 Vide
521 498 657 532 quomodo
686 497 771 526 Isaias
796 498 862 525 mihi

63 547 184 577 przestat
195 543 336 575 auxilium,
347 550 410 570 cum
425 551 468 571 nte
476 543 648 571 sermOnihus
666 551 722 571 sua:
735 544 863 572 lectionis

63 589 219 616 illuminat.
232 588 300 617 Vide
311 590 461 616 accinctum
477 584 510 617 'et
534 589 690 624 expeditum
711 591 862 618 venientem

63 634 218 662 Jeremiam
239 634 272 661 ad
298 635 426 662 auxilium
456 640 589 668 nostrum,
610 639 637 663 et
655 636 799 664 voluminis
821 637 862 665 sui

60 680 167 714 jacnlis
189 681 281 708 hostes
302 681 461 713 acerrimos,
483 681 574 709 cordis
588 683 640 708 mei
659 682 784 710 tenebras
796 683 863 710 effu-

62 732 194 761 gautem.
211 727 369 762 Accingitur
384 731 411 754 et
430 727 523 754 Daniel
541 728 574 754 ad
583 728 712 755 auxilium
727 734 862 762 nostrum,

61 781 130 799 cum
143 780 195 799 nos
207 772 240 800 de
255 772 357 800 Christi
376 773 520 808 praesentia
538 780 570 800 ac
587 781 681 808 regno,
702 775 771 802 etde
784 774 863 802 Anti-

62 819 166 845 christi
181 818 273 845 futura
283 818 379 846 fraude
396 819 504 846 instruit
517 822 545 845 et
557 825 715 852 praemonet.
734 819 819 847 Adest
835 826 862 848 et

918 213 993 241 ditur
1015 215 1042 242 in
1071 215 1139 243 duas
1153 221 1255 251 partes,
1273 224 1321 251 per
1347 224 1429 252 quam
1446 225 1534 253 neque
1550 218 1594 245 hic
1614 219 1711 246 tertios

917 267 1049 288 numerus
1071 261 1175 296 integer
1206 262 1380 298 adimpletur,
1410 271 1498 299 neque
1528 264 1563 292 ibi
1589 265 1715 292 decimus

917 306 1035 340 perfecte
1058 311 1085 334 et
1106 308 1208 343 integre
1234 315 1452 337 consummatur.
1470 309 1500 337 ln
1521 318 1575 345 quo
1595 312 1713 339 arbitror

916 352 983 380 illud
1016 352 1140 386 indicari,
1167 355 1239 389 quod
1263 360 1290 382 et
1315 356 1354 383 illi
1379 357 1486 391 priores
1503 357 1550 391 qui
1566 364 1613 391 per
1627 358 1714 392 legem

917 402 1067 437 agebantur
1088 392 1335 437 (99),-contigerint
1361 403 1470 438 quidem
1487 403 1601 431 scicntia
1613 413 1628 430 ιι
1645 403 1709 431 Tri-

917 448 1019 480 nitatis,
1035 455 1089 475 non
1109 454 1196 476 tamen
1211 449 1315 483 integre
1325 453 1352 476 et
1371 449 1498 484 perfecte,
1513 451 1561 477 sed
1573 457 1605 477 ex
1620 455 1706 485 parte.

918 495 1015 521 Deerat
1034 495 1106 522 enim
1128 495 1181 522 illis
1198 495 1224 522 in
1239 495 1384 529 Trinitate,
1406 496 1488 523 etiam
1511 497 1556 524 Dei
1577 497 1708 532 unigenid

917 540 1134 568 incarnationem
1151 541 1190 577 (Ι)
1206 549 1380 576 cognoscere.
1398 541 1465 569 Nam
1482 542 1544 570 licet
1561 543 1594 571 de
1606 544 1706 570 adven-

917 591 945 612 tu
959 585 1018 620 ejus
1034 586 1188 620 crederent,
1204 588 1275 614 etde
1296 587 1407 622 reliquis
1420 588 1478 622 eius
1497 588 1709 622 dispensationi—

916 632 967 660 bus
981 640 1034 660 non
1056 633 1144 660 solum
1161 633 1315 668 crederent,
1337 635 1384 662 sed
1401 634 1483 661 etiam
1500 635 1680 669 prmtlicarent
1701 644 1708 662 τ

917 685 969 705 non
986 682 1076 705 tamen
1098 678 1181 706 etiam
1208 679 1309 712 videre,
1330 683 1358 706 et
1372 679 1484 714 adipisci
1497 687 1529 706 ea
1546 687 1606 714 quae
1622 680 1711 707 credi-

917 724 1024 755 derant,
1042 728 1206 758 potuerunt;
1224 725 1296 752 sicut
1309 729 1337 752 et
1351 724 1483 752 Dominus
1499 724 1638 760 discipulis
1652 726 1710 754 suis

917 770 982 798 dicit
996 771 1029 798 de
1044 771 1084 798 eis
1098 770 1132 803 ",
1144 770 1206 805 quia
1223 780 1233 797 ι
1250 771 1327 798 multi
1347 771 1485 805 propheta:
1496 776 1524 798 et
1536 771 1602 805 justi
1618 772 1710 806 cupiu-

917 822 982 844 rttnt
1006 818 1098 845 videre
1115 825 1176 852 quae
1198 825 1247 845 vos
1266 818 1376 851 videtis,
1395 821 1422 845 et
1445 825 1499 845 non
1521 818 1657 850 viderunt,
1681 822 1711 846 ct

63 864 199 892 Ezechiel
212 869 382 892 sacramenta
397 864 474 892 nobis
490 864 611 892 coelestia
625 865 650 892 in
667 866 861 900 quadriformi-
878 855 898 882 Β
913 861 1007 890 audire
1022 870 1082 897 quae
1098 871 1146 891 vos
1171 864 1283 896 auditis,
1305 869 1333 891 et
1355 871 1409 891 non
1431 863 1587 891 audierunt.
1608 873 1618 890 ι
1645 864 1710 892 Erat

64 911 121 937 btts
143 915 264 938 rotarum
282 909 392 938 circulis
412 911 535 945 signans,
550 915 577 939 et
593 916 679 938 rotatu
696 912 862 940 concludens

63 957 93 982 in
114 959 187 983 rota.
209 955 287 983 Ducit
311 961 337 982 et
353 956 422 984 Osee
442 956 563 984 bissenas
578 957 729 991 prophetici
746 958 863 994 agminis

65 1007 189 1033 turmas,
202 1005 230 1028 et
241 1000 391 1036 procedunt
403 1008 498 1029 omnes
509 1001 640 1029 succincti
658 1002 763 1030 lumbos
776 1003 803 1030 in
817 1011 860 1031 ve-

65 1049 155 1075 ritate
172 1054 253 1081 quant
271 1048 421 1082 przedicaut
437 1048 470 1074 ad
486 1048 616 1075 auxilium
629 1056 751 1080 suorum,
771 1055 800 1077 ut
814 1058 863 1078 eo-

65 1101 131 1120 rum
147 1093 331 1120 voluminibus
353 1093 489 1126 instructi,
506 1093 656 1121 diabolicas
682 1102 734 1121 non
753 1095 862 1129 ignore-

66 1148 133 1167 tnus
160 1140 286 1167 astutias.
312 1139 358 1167 Isti
381 1147 444 1175 ergo
459 1139 504 1174 qui
527 1139 613 1168 fortes
629 1145 704 1173 sunt,
718 1142 816 1168 armati
836 1148 862 1169 et

66 1186 213 1222 prmeincti
237 1185 344 1214 lumbos
369 1186 396 1214 in
418 1187 536 1213 veritate
562 1192 662 1214 exeunt
689 1188 714 1214 in
732 1189 862 1216 auxilium

66 1236 209 1263 nostrum,
225 1236 252 1259 et
271 1236 392 1266 pugnant
412 1231 563 1260 nobiscum.
587 1231 706 1260 Infantes
721 1239 811 1261 autem
836 1240 865 1262 et

67 1278 202 1305 mulieres
218 1285 270 1305 non
286 1283 385 1305 exeunt
398 1279 431 1306 ad
450 1279 571 1314 pratlium
593 1286 728 1308 nostrum.
743 1280 798 1308 Nec
812 1282 863 1309 mi-

67 1331 144 1356 rum,
161 1323 250 1351 infans
260 1324 332 1350 enim
347 1323 447 1351 dicitur
462 1325 507 1359 qui
524 1333 576 1353 non
590 1325 720 1360 loquitur.
732 1325 803 1360 Quid
822 1335 865 1356 me

66 1378 138 1405 ergo
149 1370 247 1405 juvare
267 1371 355 1405 potuit
367 1370 413 1398 llle
428 1371 473 1406 qui
492 1371 558 1399 nihil
580 1372 686 1400 locutus
703 1374 764 1401 est?
787 1374 866 1408 cujus

67 1417 142 1444 nihil
162 1417 272 1445 invenio
286 1416 359 1453 quod
377 1417 483 1452 legam?
496 1418 573 1453 cujus
587 1426 630 1446 me
646 1427 736 1447 sermo
751 1427 804 1448 non
825 1420 865 1447 in-

68 1463 176 1491 struit!
194 1463 336 1490 Mulierem
351 1470 416 1490 vero
431 1463 497 1490 dicit
510 1464 648 1498 aposlolus
662 1464 800 1492 infirmum
820 1473 866 1493 vas

67 1517 133 1536 esse
156 1508 191 1535 ".
220 1508 295 1536 Unde
319 1513 346 1536 et
367 1514 564 1543 consequenter
589 1510 728 1538 inﬁrmum
760 1518 808 1538 vas
832 1511 866 1538 ad

65 1557 230 1586 conflictum
244 1563 296 1583 non
310 1557 391 1588 venit,
405 1563 438 1583 ne
453 1556 645 1592 confringatur
659 1562 686 1585 et
699 1563 804 1592 pereat.
819 1559 866 1586 Sic

68 1611 192 1639 nutuque
203 1608 230 1630 et
247 1603 280 1631 de
290 1602 353 1630 Jesu
372 1603 485 1631 Domino
499 1604 524 1631 itt
544 1604 700 1638 Evangeliis
717 1604 817 1631 dicitur
829 1604 864 1637 “,

69 1650 134 1685 quia
152 1659 163 1675 ι
187 1649 321 1676 calamum
339 1654 495 1684 quassatqu
516 1657 568 1677 non
590 1649 745 1684 confringet
762 1649 829 1685 (98).
853 1659 863 1675 ι

68 1697 142 1729 Quia
160 1703 226 1731 ergo
239 1696 365 1724 mulieres
378 1705 392 1724 a
408 1699 472 1726 viris
492 1698 550 1725 suis
569 1697 640 1725 domi
661 1697 752 1724 doceri
768 1697 867 1732 juben-

71 1747 128 1774 tur,
146 1747 176 1769 et
190 1743 276 1777 magis
290 1743 316 1770 in
332 1743 524 1778 discipulorutn
537 1751 618 1778 quam
633 1743 788 1770 docentimn
803 1750 865 1777 pcr-

70 1796 141 1816 sona
159 1793 308 1823 pouttntur,
334 1789 367 1816 ad
385 1789 515 1817 auxilium
538 1797 627 1816 tncttnt
645 1796 698 1816 non
722 1789 796 1815 venit
821 1789 866 1823 qui

70 1835 174 1862 docere
190 1842 234 1862 me
248 1843 302 1862 non
325 1840 422 1870 potest,
439 1840 467 1863 et
481 1835 559 1870 cujus
574 1835 640 1862 nihil
659 1835 768 1862 invenio
793 1835 867 1870 quod

71 1882 178 1909 imitari
196 1881 323 1914 debeant,
336 1882 377 1909 vel
392 1887 494 1909 tenere.
590 1910 592 1912 _

107 1929 137 1956 2.
153 1929 298 1956 Videamus
316 1935 380 1964 ergo
394 1928 458 1963 quid
471 1927 565 1955 dicunt
588 1928 621 1955 ad
643 1927 735 1955 Jesmn
751 1927 795 1955 isti
820 1927 867 1962 qui

71 1976 191 2002 veniunt
222 1983 255 2002 ex
285 1974 330 2001 illa
361 1981 432 2002 terra
465 1982 546 2009 quam
576 1974 715 2001 distribuit
741 1973 865 2009 Moyses:

73 2031 84 2049 ι
105 2021 187 2049 Sicut
207 2021 375 2055 audivimus,
387 2021 463 2050 aiunt
481 2021 516 2052 ⁸⁷,
533 2020 654 2054 Moysen,
672 2021 707 2047 ita
727 2021 867 2048 audiemus

71 2073 101 2096 et
128 2073 165 2095 te.
188 2078 198 2093 ι
213 2067 286 2095 Nihil
307 2073 361 2094 tam
379 2075 483 2101 verum,
511 2075 592 2100 quam
613 2067 684 2102 quod
707 2067 795 2094 omnis
823 2067 868 2102 qui

71 2115 151 2142 audit
172 2114 293 2150 Moysen,
315 2114 407 2140 audiat
424 2119 449 2140 et
466 2113 556 2141 Iesum
573 2115 716 2141 Dominum
731 2118 866 2140 nostrum.

74 2161 114 2188 De
138 2160 202 2188 Jesn
231 2161 302 2188 enim
333 2161 376 2187 ille
393 2160 511 2194 scripsit.
529 2159 605 2187 Unde
630 2165 655 2187 et
688 2159 817 2187 Domith
841 2159 867 2186 in

913 909 983 936 enim
1000 908 1065 936 fides
1079 916 1171 937 eorum
1190 917 1242 936 non
1263 910 1379 945 integra,
1394 918 1443 946 pro
1455 918 1488 938 eo
1502 910 1573 945 quod
1589 910 1708 937 nondum

913 954 939 981 in
953 954 1062 982 Christo
1073 954 1159 982 fuerat
1169 955 1336 990 dispensatio
1355 957 1444 984 carnis
1456 956 1582 991 impleta;
1592 960 1620 983 et
1632 955 1707 990 qttod

913 1007 963 1028 nos
986 1008 1058 1028 nunc
1082 999 1184 1028 factum
1205 1000 1262 1034 jant
1283 1002 1422 1029 credimus
1447 1008 1474 1029 et
1499 1002 1650 1037 impletum,
1667 1000 1706 1029 illi

914 1047 1099 1074 tantummodo
1121 1046 1244 1074 futurum
1277 1047 1437 1075 credebant.
1467 1047 1614 1082 Propterea
1639 1055 1706 1082 ergo

914 1093 1000 1120 tribus
1016 1093 1067 1120 illa:
1083 1100 1172 1128 neque
1185 1094 1244 1121 dua:
1254 1098 1327 1125 sunt,
1346 1101 1380 1121 ne
1394 1098 1484 1128 patres
1493 1099 1571 1121 extra
1589 1093 1669 1120 lldem
1682 1098 1710 1120 et

915 1139 1032 1167 salutent
1049 1139 1103 1166 sint
1116 1139 1260 1166 Trinitatis
1274 1148 1280 1167 :
1297 1147 1385 1174 neque
1399 1144 1455 1167 tres
1473 1140 1586 1174 integra:
1600 1144 1628 1168 et
1643 1148 1706 1175 pcr-

914 1185 1002 1218 fectzc,
1016 1192 1050 1212 ue
1066 1185 1153 1213 beata:
1166 1185 1310 1213 Trinitatis
1326 1186 1351 1212 itt
1368 1185 1421 1213 illis
1432 1185 1487 1220 jam
1504 1191 1709 1213 sacramentum

916 1233 1053 1260 videretur
1064 1233 1212 1270 expletum.
1223 1234 1276 1262 Sed
1286 1235 1460 1270 contigerunt
1475 1235 1582 1271 quidem
1599 1237 1708 1264 tertium

915 1287 1069 1312 numerum,
1085 1284 1123 1312 et,
1140 1281 1211 1307 sicut
1228 1281 1296 1308 dixit
1317 1281 1458 1313 Dominus,
1475 1281 1620 1316 cupierunt
1633 1280 1711 1310 vide-

916 1334 946 1354 re
958 1334 1019 1362 qum
1033 1327 1169 1360 videmus,
1182 1332 1211 1354 et
1222 1328 1318 1355 audire
1327 1335 1386 1363 quae
1393 1328 1531 1361 audimus;
1542 1328 1588 1356 sed
1598 1329 1710 1358 minime

917 1377 1076 1408 potuerunt,
1090 1373 1153 1406 quia
1167 1373 1286 1401 nondum
1300 1373 1385 1401 Filius
1406 1373 1523 1401 hominis
1536 1372 1624 1401 fuerat
1639 1375 1713 1401 exal-

919 1423 1003 1452 talus,
1016 1427 1066 1447 nec
1080 1425 1232 1454 temporum
1240 1418 1296 1453 jam
1310 1424 1425 1447 venerat
1439 1420 1591 1454 plenitudo.
1607 1418 1656 1447 llic
1669 1427 1713 1447 me

916 1466 999 1493 etiam
1026 1465 1129 1502 aliquid
1149 1465 1264 1501 amplius
1287 1471 1388 1493 movet.
1401 1465 1457 1502 Ego
1477 1471 1542 1501 puto
1568 1467 1639 1502 quod
1656 1466 1712 1494 for-

880 1527 902 1557 α
920 1517 990 1540 tasse
1000 1520 1050 1540 nec
1068 1513 1094 1540 in
1111 1513 1228 1539 adventu
1242 1511 1317 1545 Jesu,
1337 1517 1363 1539 et
1379 1512 1571 1540 incarnatione
1587 1513 1645 1548 ejus
1661 1514 1710 1540 ad-

919 1558 971 1586 huc
999 1559 1072 1593 quod
1102 1557 1252 1593 perfectum
1281 1562 1323 1586 est
1345 1563 1372 1586 et
1398 1559 1533 1592 integrum
1562 1559 1711 1586 discimus:

918 1605 965 1631 sed
993 1612 1042 1632 nec
1074 1605 1097 1631 si
1131 1604 1164 1631 ad
1196 1611 1304 1632 crucem
1337 1604 1453 1631 ducatur
1479 1605 1556 1638 jam.
1588 1610 1616 1632 et
1647 1612 1712 1632 con-

918 1655 1069 1677 summctnr
1091 1650 1129 1685 (2)
1152 1650 1178 1678 ἱιι
1197 1650 1334 1681 omnibus.
1364 1657 1413 1677 nec
1437 1650 1458 1677 si
1484 1657 1500 1677 a
1530 1651 1645 1678 tnortnis
1670 1657 1712 1677 re-

918 1696 1047 1728 surrexit,
1074 1695 1155 1732 5,03
1181 1700 1279 1723 cuncta
1306 1695 1385 1723 nobis
1401 1703 1450 1730 per
1461 1696 1636 1731 semetipsum
1655 1704 1715 1731 qua:

923 1747 1045 1780 perfecta
1061 1751 1134 1778 sunt,
1152 1746 1262 1781 pandet.
1277 1743 1337 1771 Alio
1346 1745 1433 1772 adhuc
1444 1753 1513 1780 opus
1527 1746 1656 1774 habemus
1668 1746 1715 1781 qui

919 1793 997 1820 nobis
1021 1793 1124 1827 aperiat
1153 1791 1191 1827 (5)
1215 1797 1242 1819 et
1261 1790 1363 1819 revelet
1389 1792 1609 1819 universa.Audi
1627 1792 1714 1827 ipsum

920 1838 1064 1866 Dominum
1084 1839 1109 1864 itt
1128 1838 1283 1873 Evattgcliis
1298 1839 1431 1866 dicentem
1446 1838 1470 1854 ὀ
1485 1847 1492 1864 :
1510 1847 1519 1864 ‹
1534 1837 1614 1865 Multa
1627 1839 1715 1865 adhuc

920 1885 1007 1912 habeo
1036 1891 1097 1918 qua:
1123 1884 1200 1911 vobis
1220 1884 1316 1919 loquar
1333 1884 1383 1919 (4),
1405 1884 1451 1911 sed
1476 1891 1528 1911 non
1543 1885 1656 1918 potestis
1669 1884 1713 1911 illa

920 1931 1000 1957 modo
1012 1930 1117 1957 audire.
1133 1929 1231 1957 Veniet
1257 1934 1348 1956 autern
1365 1929 1482 1964 Spiritus
1501 1929 1624 1956 veritatis
1636 1931 1681 1964 qui
1698 1937 1714 1958 a

918 1977 998 2006 Patre
1028 1975 1158 2010 procedit,
1174 1985 1183 2001 ›
1198 1980 1226 2003 et
1249 1975 1289 2000 “z
1304 1985 1314 2001 ι
1333 1977 1366 2003 de
1382 1983 1443 2003 meo
1466 1975 1593 2010 accipiet,
1620 1979 1648 2002 et
1671 1975 1715 2003 ille

921 2022 996 2048 vobis
1013 2020 1144 2049 indicabit
1158 2021 1260 2048 omnia.
1276 2030 1285 2047 ι
1301 2020 1383 2048 Vides
1400 2021 1462 2055 quia
1476 2028 1529 2048 non
1545 2020 1632 2048 solum
1645 2021 1715 2055 apud

920 2069 1030 2104 Moysen
1045 2069 1096 2096 iste
1109 2069 1206 2097 tertitts
1222 2075 1354 2095 nmncrus
1369 2075 1421 2094 non
1445 2068 1649 2095 demonstratur
1665 2068 1717 2094 in;-

921 2116 1018 2151 pletus,
1041 2116 1087 2143 sed
1110 2115 1198 2142 adlutc
1228 2118 1255 2141 et
1278 2112 1358 2141 Jcsus
1379 2113 1445 2140 dicit
1476 2112 1615 2147 discipulis
1634 2112 1714 2140 suis:

922 2162 1044 2189 Nondum
1064 2161 1179 2196 potestis
1195 2159 1302 2193 audire,
1323 2159 1376 2187 nisi
1389 2159 1433 2186 ille
1457 2159 1612 2186 Paracletus
1625 2159 1719 2187 veniat

72 2206 225 2242 Evangelio
242 2213 358 2241 arguens
376 2213 433 2239 cos,
460 2207 524 2241 quia
541 2213 573 2232 ex
599 2213 631 2233 eo
646 2205 718 2240 quod
737 2206 789 2232 sibi
814 2214 866 2233 non
884 2195 906 2222 Ῐ)
923 2209 1034 2243 spiritus
1050 2195 1195 2236 veritatis:
1212 2207 1274 2242 quia
1290 2214 1338 2242 per
1354 2206 1452 2239 ipsum,
1466 2211 1492 2232 et
1510 2206 1535 2232 in
1557 2205 1615 2240 ipso
1628 2205 1717 2232 adim-

71 2254 202 2284 crednnt,
223 2261 273 2280 nec
288 2252 379 2280 Mosco
406 2253 528 2285 credant,
549 2252 616 2279 dicit
632 2251 676 2278 ‘3:
701 2261 710 2277 ι
729 2251 757 2279 Si
774 2253 870 2279 crede-

72 2300 144 2327 retis
153 2299 250 2335 Moysi,
269 2300 416 2327 crederetis
439 2301 532 2334 utique
548 2303 574 2326 et
590 2299 668 2325 mihi.
686 2298 779 2326 Deme
795 2298 868 2325 enim

75 2347 124 2373 ille
143 2345 263 2379 scripsit.
278 2355 287 2371 ι
309 2345 371 2372 Mihi
384 2350 474 2373 tamen
494 2353 544 2372 nec
560 2345 610 2372 hoc
621 2344 737 2372 otiosutn
752 2345 868 2377 videtur,

74 2391 150 2427 quod
176 2399 229 2419 non
247 2397 302 2419 tres
331 2392 442 2426 integra:
462 2392 547 2419 tribus
573 2397 636 2419 sunt
655 2393 712 2418 ista:
737 2399 797 2426 quae
823 2399 871 2426 per

75 2439 192 2474 Moysen
207 2439 409 2473 dispensantur,
437 2443 465 2465 et
483 2438 534 2465 illa:
555 2438 666 2472 integrae
691 2446 787 2465 novem
812 2446 872 2472 quc

73 2493 126 2520 per
140 2484 233 2512 Jesum
256 2484 415 2512 litereditate
438 2484 589 2518 potiuntur,
610 2483 656 2510 sed
672 2484 731 2510 duae
746 2488 771 2510 et
789 2484 871 2512 semis

108 2545 133 2561 "
148 2544 225 2571 lPet.
240 2553 279 2577 ιιι,
302 2544 327 2570 7.
367 2541 390 2559 ⁶⁶
413 2543 507 2570 Matth.
535 2551 583 2576 xtl,
599 2543 644 2570 ΞΟ.
683 2541 804 2574 “105.1,
821 2543 863 2571 l7.

74 2581 97 2597 ⁷¹
116 2581 183 2607 ibid.
202 2579 241 2606 15.

113 2640 172 2675 (98)
193 2640 285 2666 (Zoiex
309 2638 518 2670 Gcmcticensis,
542 2647 551 2662 ι
569 2637 732 2673 confringet.
750 2647 759 2664 ι
782 2638 867 2670 Alias,

74 2685 87 2703 ε
105 2675 253 2706 confregit.
274 2685 283 2700 ι
679 2684 684 2689 ”

112 2710 261 2746 (ειῼλΜεεη
280 2720 289 2746 ι
312 2709 473 2743 agebantur.
494 2718 503 2746 ι
530 2708 639 2746 Aliam}
659 2707 835 2746 habt-bantur.
859 2717 867 2733 ι

112 2739 151 2781 ξι)
164 2739 259 2772 Ειὶατην
277 2739 470 2778 υξὶυηηὶθιηιίιὶ
490 2744 710 2781 ἑιιειιιηιιιιὶυηιίιιἱ
728 2743 767 2781 _|l;t
792 2744 871 2781 halu-t

73 2778 162 2811 codex
177 2781 392 2808 GetttelicettSts;
409 2780 467 2805 libri
486 2787 551 2805 vero
573 2783 651 2804 antea
670 2778 746 2810 editi,
764 2787 773 2803 ι
787 2779 869 2805 etiam

74 2821 109 2847 de
134 2816 269 2851 unigeniti
286 2816 487 2853 ἱιιέείιιιιιιιιίυιινἶ
504 2823 513 2839 ι
700 2848 727 2853 Ν
772 2847 778 2853 ἠ
851 2847 856 2852 _

111 2855 150 2889 (Ξ)
180 2848 276 2880 Codex
305 2849 504 2878 Gcmeticensis
529 2857 590 2877 cum
617 2856 669 2876 uno
699 2848 870 2881 Ebroiceusi,

924 2255 1013 2290 pietur
1032 2253 1165 2288 perfectio
1181 2252 1335 2280 Trinitatis.
1354 2251 1422 2279 Nam
1439 2252 1510 2286 quod
1523 2256 1550 2279 et
1563 2258 1658 2279 novem
1674 2259 1719 2279 sco

926 2302 976 2328 tuis
989 2301 1074 2328 tribus
1100 2303 1162 2327 sunt
1182 2306 1242 2334 qua:
1271 2298 1321 2325 sub
1341 2297 1404 2325 Jesu
1422 2299 1489 2325 dure
1512 2302 1608 2331 agunt,
1621 2303 1646 2324 et
1662 2305 1716 2325 non

925 2347 1035 2380 integrae
1049 2347 1153 2378 decem,
1169 2345 1216 2379 qui
1243 2351 1374 2371 numerus
1390 2343 1417 2371 itt
1435 2343 1561 2370 onmibns
1585 2351 1717 2371 consum-

925 2396 1013 2418 matus
1028 2391 1127 2418 dieitur
1147 2395 1175 2417 et
1191 2389 1340 2424 perfectus,
1360 2389 1454 2415 eadem
1471 2389 1530 2416 sine
1551 2389 1631 2416 dubio
1646 2390 1716 2416 ratio

927 2437 1075 2469 invenitur,
1097 2440 1126 2463 ut
1155 2436 1206 2462 hoc
1229 2435 1300 2469 quod
1319 2442 1333 2461 a
1362 2434 1475 2461 Domino
1491 2434 1554 2462 Jesu
1579 2435 1716 2463 reservari

927 2485 1026 2512 dicitur
1053 2483 1166 2518 Spiritui
1188 2486 1304 2514 sancto,
1333 2482 1512 2516 semiplennm
1536 2481 1661 2508 videatur
1683 2490 1716 2509 ac

904 2544 926 2559 ⁸⁸
938 2544 1016 2572 Joan.
1030 2552 1056 2576 v,
1071 2543 1116 2570 46.
1156 2542 1178 2558 ⁸9
1197 2541 1291 2569 Matth.
1310 2548 1369 2574 xttt,
1384 2540 1426 2567 l7.
1464 2541 1487 2556 '°
1499 2540 1577 2568 Joan.
1592 2549 1647 2575 xvt,
1670 2541 1715 2569 12.

931 2646 940 2663 ι
957 2638 1053 2664 ductus
1064 2636 1121 2670 jam
1135 2639 1161 2662 et
1174 2636 1389 2670 consummatus.
1410 2641 1418 2656 I

958 2673 996 2707 (3)
1010 2665 1081 2698 ldctit
1096 2679 1160 2697 mss.
1178 2667 1312 2707 t_p:_tndit.
1331 2666 1415 2707 I_l_abet
1441 2665 1529 2707 adhuc
1545 2673 1615 2700 opus
1634 2666 1717 2707 Israel

923 2701 1060 2735 etin'nlire
1071 2714 1130 2737 qua:
1146 2704 1308 2731 audivimus.
1337 2701 1472 2729 llabetnus
1483 2706 1508 2728 et
1525 2709 1573 2729 nos
1586 2709 1655 2737 opus
1670 2702 1717 2738 qui

925 2743 1004 2770 nobis
1018 2741 1133 2776 aperiat.
1156 2749 1176 2776 »Δ
1280 2771 1288 2776 _
1370 2773 1393 2776 μ
1417 2773 1432 2776 _
1585 2771 1602 2776 _
1680 2771 1686 2776 ‘

959 2778 997 2811 (4)
1012 2771 1158 2811 Qiutjrrobis
1168 2774 1270 2811 loquar.
1326 2773 1404 2811 codd.
1415 2773 1572 2811 Sangerm.,
1582 2771 1717 2811 Gemntic.

924 2806 1044 2840 et'u'nns
1067 2806 1250 2838 EbroicenSis.
1278 2806 1356 2834 Libb.
1379 2806 1581 2836 autem'editi:
1603 2815 1613 2833 ι
1640 2806 1717 2835 νυΜΒ

925 2847 1010 2882 loqui.
1030 2855 1039 2872 ι
