1903 3052
216 115 250 143 39
906 99 1067 129 ORIGENIS

1761 85 1814 115 850

200 173 328 201 medium.
344 168 472 203 Quamvis
493 167 565 194 enim
587 173 635 200 per
654 163 796 191 Dominum
819 168 846 190 et
860 161 977 189 Salvato-
996 164 1018 191 Α
1032 157 1194 193 susceperit,
1213 164 1260 192 per
1271 163 1341 190 quos
1362 160 1390 182 et
1418 154 1450 182 de
1465 151 1578 180 interitu
1597 148 1682 176 totius
1704 146 1821 174 inimica

200 226 258 245 rem
275 215 432 251 pmnitentia
448 212 619 248 prtedicetur,
635 213 661 235 et
675 207 816 235 conversio
831 215 845 234 a
859 207 935 234 malis
950 207 981 233 ad

202 265 283 293 bona,
297 266 324 289 et
340 262 419 288 detur
438 258 563 285 omnibus
584 255 756 283 credentibus
779 253 902 280 remissio
918 260 981 287 pec-

203 313 338 337 catorum,
365 310 392 332 et
415 303 504 331 omnia
525 310 585 336 qua:
607 301 640 327 ad
661 299 855 335 perfectionem
878 299 982 326 decada‘

203 354 329 381 videntur
346 350 468 380 tendere,
484 347 669 382 compleantur
687 354 693 371 :
710 349 799 371 tamen
815 343 945 378 perfectio
959 348 983 370 el

204 404 308 424 summa
321 399 478 422 cunctorum
492 392 624 418 bonorum
648 391 674 416 in
689 397 723 416 eo
736 389 871 420 consistit,
888 389 909 416 si
926 392 984 423 post

204 442 263 468 hanc
284 439 373 466 omnia
396 437 480 465 sancti
501 436 615 470 Spiritus
636 435 696 470 quis
718 434 830 469 gratiam
852 438 986 461 mereatur

204 487 336 522 accipere.
359 483 465 518 Alioqui
488 482 554 509 nihil
579 482 607 508 in
622 489 656 508 eo
675 480 824 515 perfectum
839 480 987 514 putabitur,

205 533 248 560 cui
271 536 381 559 sanctus
404 529 521 564 Spiritus
544 528 635 557 deest,
655 534 704 561 per
730 533 810 560 quem
834 525 989 560 mysterium

205 578 291 605 beam
314 575 454 602 Trinitatis
478 573 614 607 impletur.
634 571 680 598 Vis
698 576 727 598 ut
751 571 839 598 adhuc
862 571 907 597 tibi
933 570 990 597 evi-

206 622 316 650 dentius
344 621 475 656 probem,
505 618 576 653 apud
601 618 716 652 priorem
744 617 872 651 populum
897 617 989 648 illum,

206 675 287 702 quem
310 666 413 700 Moyses
435 664 461 690 in
484 663 588 690 duabus
605 661 686 688 semis
705 660 828 687 tribubus
849 659 992 686 adumbra—

207 713 262 741 bat.
281 720 334 738 non
351 711 432 738 fuisse
445 708 534 736 omnia
549 708 651 742 integra
662 728 669 738 ,
684 714 735 733 nec
749 705 886 741 perfecta?
901 705 992 732 deela-

207 764 250 786 rat
271 759 323 785 hoc
341 757 421 784 etiam
437 755 480 782 illa
504 754 615 781 historia
630 760 690 786 qure
710 752 736 779 in
761 752 812 778 hoc
829 752 886 786 ipso
902 751 992 778 libello

208 804 273 832 Iesu
289 803 362 830 Nave
377 801 476 835 scripta
490 804 539 830 est.
554 806 615 826 cum
632 798 696 825 dicit
713 797 774 832 quia
789 797 872 824 altare
885 797 992 831 quidem

209 856 303 876 verum
324 851 382 874 erat
404 833 440 873 in-
452 846 496 872 illa
522 850 592 872 terra
614 852 694 878 quam
711 843 790 870 Jesus
808 843 992 877 dispensabat,
1005 833 1025 861 Β

211 895 254 923 isti
277 899 367 922 tamen
389 893 434 927 qui
456 895 534 918 erant
559 896 632 918 trans
650 889 812 919 Iordanem,
827 889 852 915 id
867 892 918 919 est.
937 888 995 915 Ru-

211 941 280 972 ben,
295 944 323 966 et
339 939 412 969 Gad,
436 942 463 964 et
483 936 592 964 dimidia
618 935 702 963 tribus
725 935 855 966 Manasse,
873 933 996 961 fecerunt

212 985 262 1013 sibi
279 985 378 1014 altare,
400 983 447 1010 sed
463 990 516 1009 non
537 989 629 1008 verum
648 981 742 1011 altare.
757 980 804 1006 sed
817 979 887 1014 quod
905 984 995 1014 typum

212 1032 326 1059 haberet
340 1034 367 1056 ct
388 1029 499 1055 formam
515 1027 570 1054 veri
585 1026 676 1054 altaris
695 1025 766 1060 quod
783 1029 841 1052 erat
857 1025 927 1059 apud
950 1024 997 1051 Je-

213 1084 282 1103 sum.
301 1075 371 1102 Nihil
386 1082 449 1109 ergo
464 1073 570 1100 mireris
591 1072 612 1099 si
634 1080 688 1099 non
710 1072 841 1106 integram
856 1070 996 1097 scientiam

213 1121 352 1149 Trinitatis
369 1123 527 1154 acceperant
547 1119 593 1150 illi,
610 1118 655 1152 qui
673 1125 723 1144 nec
737 1117 870 1152 integrum
883 1123 934 1143 nec
951 1124 998 1143 ve-

213 1176 273 1194 rum
292 1167 374 1194 altare
397 1168 615 1193 construxerant.
640 1163 703 1190 Ideo
725 1163 841 1197 denique
857 1170 907 1189 nec
921 1161 997 1188 multi

213 1213 316 1244 hostes,
336 1218 423 1246 neque
447 1211 539 1245 plures
562 1217 638 1244 reges
658 1208 852 1235 contrariarum
868 1207 997 1234 virtutum

214 1259 248 1285 ab
260 1258 311 1284 illis
323 1257 449 1284 dicuntur
462 1263 522 1282 esse
535 1254 643 1289 dejecti.
657 1253 757 1284 Sehon,
772 1253 868 1288 inquit,
884 1256 1000 1279 tantum-

215 1304 295 1331 modo
313 1310 401 1337 regem
416 1301 645 1332 Amorrhmorum,
661 1304 688 1327 et
703 1299 742 1334 Og
759 1307 848 1333 regem
862 1298 958 1330 Basan,
973 1301 1000 1324 ct

215 1348 377 1376 Amalecitas
393 1347 551 1382 dejecerunt
574 1350 649 1373 trans
671 1344 828 1372 Iordanem.
845 1343 921 1371 iesus
935 1351 1000 1371 vero

216 1395 261 1422 ubi
277 1394 350 1422 ducit
363 1393 510 1421 exercitum
520 1411 528 1424 ,
545 1399 618 1418 nunc
639 1390 758 1425 quinque
772 1397 848 1425 reges
862 1388 941 1416 simul
956 1397 999 1416 ca-

217 1440 286 1469 dunt
304 1440 350 1468 aui
369 1439 545 1469 confugerant
564 1437 592 1464 in
611 1436 770 1465 speluncas.
790 1441 818 1462 et
839 1443 894 1462 non
914 1435 1000 1462 solum

212 1483 322 1513 radunt,
339 1481 386 1507 sed
406 1486 433 1507 et
448 1479 652 1513 suspenduntur
669 1479 693 1504 in
711 1478 795 1512 ligno,
812 1484 884 1504 nunc
902 1474 998 1510 viginti

213 1534 310 1554 lloVent
329 1526 431 1559 pariter
441 1524 612 1559 jugulantur,
624 1528 652 1551 et
662 1523 801 1550 immensa:
816 1522 1003 1550 multitudines

212 1572 317 1600 adversi
336 1571 474 1599 exercitus
498 1573 723 1604 prosternuntur,
744 1573 772 1595 et
785 1568 1003 1596 exterminautur

212 1626 307 1646 omnes
321 1618 365 1652 qui
377 1622 498 1645 sanctam
512 1621 612 1642 terram
626 1616 651 1642 in
666 1614 843 1642 innnunditiis
852 1615 1001 1649 possident,

213 1667 259 1700 qui
276 1669 376 1692 terram
394 1663 520 1691 fluentem
543 1663 585 1690 lac
598 1666 625 1689 el
639 1662 691 1688 ntel
710 1662 736 1688 in
751 1661 934 1688 amaritudine
946 1669 1003 1689 ina-

213 1715 277 1741 litiw
291 1713 425 1740 detinent.

247 1777 272 1803 5.
289 1775 394 1802 Interea
411 1773 556 1800 mittuntur
572 1771 605 1798 ab
617 1769 680 1798 Jesu
699 1770 888 1805 exploratores
908 1768 934 1794 in
951 1767 997 1794 Je-

212 1824 298 1854 riclio,
310 1826 337 1848 et
354 1820 541 1854 suscipiuntur
556 1825 571 1844 a
600 1818 745 1844 meretrice
764 1816 850 1842 Raab.
864 1814 998 1849 Explora-

211 1876 285 1898 tores
299 1869 343 1896 isti
358 1869 402 1903 qui
423 1868 568 1894 mittuntur
591 1869 653 1892 ante
670 1863 769 1891 facietn
792 1861 867 1892 Jesu,
885 1864 999 1896 possunt

210 1916 334 1951 etangeli
353 1915 398 1943 Dei
414 1913 516 1949 putari,
534 1913 604 1940 sicut
625 1911 758 1945 scriptum
781 1914 822 1935 est
838 1908 860 1923 ⁷¹
878 1917 885 1934 :
903 1916 913 1932 ι
930 1907 1000 1933 Ecce

217 1964 321 1991 mittam
336 1961 461 1996 angelum
479 1967 567 1987 meum
583 1963 647 1986 ante
664 1956 762 1984 faciem
777 1961 850 1982 tuatn
867 1953 913 1988 qui
929 1959 1000 1988 pra:-

215 2008 322 2044 parabit
333 2008 391 2034 vias
408 2012 468 2033 tuas
485 2005 535 2041 (5).
551 2014 561 2030 ι
575 2003 652 2037 Quod
670 2009 719 2036 per
731 2000 798 2027 alios
810 1998 918 2034 quidem
935 1997 1001 2024 invi-

213 2055 337 2085 sibiliter,
352 2061 398 2088 per
413 2052 545 2079 Joannem
554 2057 619 2077 vero
632 2047 775 2076 \isibiliter
787 2044 974 2079 complebatur
992 2053 998 2071 :

214 2101 247 2128 de
263 2107 316 2133 quo
329 2104 357 2125 et
374 2099 518 2132 hocipsum
534 2097 663 2130 scriptum
676 2098 727 2121 est.
740 2091 862 2125 Denique
877 2091 909 2118 de
919 2089 1001 2118 Joan-

215 2147 258 2174 nis
274 2146 407 2180 baptismo
417 2145 516 2171 dicitur
531 2151 545 2170 a
565 2143 689 2174 Domino,
706 2140 768 2175 quia
780 2139 877 2166 scribae
891 2143 919 2166 et
930 2137 1002 2164 Plia-

1032 205 1120 240 gentis
1137 203 1254 231 refertur
1268 207 1373 236 erepta.

1066 252 1093 278 4.
1110 251 1163 278 Sed
1174 235 1502 281 videamusrtandemqua:
1519 244 1554 271 sit
1566 244 1617 270 ista
1635 235 1829 272 meretrix(6).

1033 297 1109 324 Raab
1127 296 1239 327 dicitur,
1254 294 1329 321 Raab
1344 300 1409 320 vero
1429 292 1624 325 interpretatur
1642 285 1759 312 latitudo
1773 283 1827 318 (Ἰ).

1032 343 1098 376 Qua:
1111 348 1153 370 est
1179 349 1244 376 ergo
1269 340 1393 371 latitudo,
1413 338 1462 365 nisi
1493 335 1614 363 Ecclesia
1632 334 1691 360 hzec
1713 329 1829 363 Christi,

1034 397 1093 424 qua:
1121 397 1154 416 cx
1180 386 1372 423 peccatoribus
1401 384 1475 411 velut
1497 390 1530 410 ex
1552 377 1777 407 merctricatione
1789 374 1831 410 (Β)

1034 422 1148 463 collecta
1163 422 1222 462 est?
1240 434 1273 460 Et
1288 431 1390 460 dicit"
1407 439 1414 458 :
1432 440 1441 456 ε
1462 430 1600 463 Augustus
1629 424 1697 452 mihi
1727 428 1769 450 est
1790 422 1832 448 ιυ-

1035 489 1094 514 cus,
1112 481 1154 508 fac
1171 480 1237 507 mihi
1253 481 1340 506 locutn
1358 478 1402 504 ubi
1422 476 1552 504 habitem.
1575 473 1630 500 llos
1653 475 1747 497 autent
1765 466 1831 494 mibi

1035 528 1096 562 quis
1109 526 1261 555 enutrivit?
1283 535 1292 552 ι
1316 524 1350 551 Et
1376 524 1474 551 iterum
1504 522 1536 548 ad
1555 527 1637 555 quam
1659 517 1763 544 dicitur
1782 515 1805 529 ⁷⁸
1821 521 1830 539 :

1038 584 1048 601 ι
1065 575 1151 601 Dilata
1177 573 1252 608 palos
1278 573 1316 608 (9)
1333 577 1407 602 tuos,
1430 574 1458 597 et
1472 567 1587 596 extende
1611 564 1730 592 tentoria
1742 568 1795 589 tua.
1818 570 1829 587 ι

1037 620 1088 647 lsta
1104 627 1169 654 ergo
1180 607 1410 648 latitudoestquaa
1419 611 1738 646 suscepilexploratores
1755 607 1831 635 Jesn.

1038 667 1101 694 Scio
1117 673 1159 693 me
1174 663 1320 698 aliquando
1333 662 1359 689 in
1374 661 1489 694 quadam
1504 657 1623 686 Ecclesia
1646 656 1832 690 disputantem

1038 714 1071 741 de
1084 713 1189 740 duabus
1215 709 1414 741 nteretricibus,
1429 707 1462 734 de
1479 705 1578 740 qttibtts
1601 703 1737 737 scriptum
1755 705 1797 728 est
1807 699 1832 715 ⁷⁸

1039 760 1065 787 iu
1079 758 1160 785 tertio
1178 757 1248 784 libro
1264 755 1428 790 Regnorum,
1439 759 1498 786 qua:
1509 749 1682 784 adjudicium
1700 750 1836 773 venerant

1042 803 1208 835 Salomonis,
1226 809 1341 837 quarum
1358 807 1409 826 una
1426 799 1526 829 rivum,
1546 796 1599 823 alia
1624 798 1764 821 mortuum
1783 791 1835 818 ha-

1040 851 1121 878 bebat
1139 835 1283 879 infantem,
1306 844 1469 872 discussisse
1490 839 1657 876 diligentius,
1674 843 1703 864 et
1732 835 1838 862 dixisse

1040 899 1103 934 quia
1119 897 1164 924 illa
1177 894 1307 923 meretrix
1326 893 1384 920 haec
1398 895 1471 918 esset
1489 889 1531 917 cui
1550 887 1679 915 Salomon
1710 891 1765 911 non
1780 881 1838 912 ille.

1042 946 1089 972 Sed
1103 944 1146 971 hic
1160 942 1204 978 qui
1221 948 1315 977 pacem
1329 938 1403 966 venit
1415 937 1506 965 facere
1520 942 1613 963 eorum
1639 940 1701 967 quae
1715 931 1742 958 in
1758 928 1839 957 caelis

1042 995 1103 1018 sunt
1119 994 1147 1017 et
1161 977 1222 1023 quae
1239 988 1266 1014 in
1285 986 1376 1018 terris,
1391 984 1465 1012 reddi
1480 982 1570 1010 vivum
1582 979 1666 1015 jussit
1680 977 1837 1005 infantem:

1043 1037 1089 1064 illa
1107 1019 1178 1062 vero.
1189 1034 1241 1061 alia
1262 1040 1322 1068 quas
1339 1035 1476 1059 mortuum
1492 1026 1609 1055 habebat
1635 1024 1781 1054 infantem,
1794 1019 1842 1048 vel

1043 1083 1117 1110 illius
1130 1085 1203 1108 esset
1216 1078 1315 1114 prioris
1327 1076 1417 1112 populi
1439 1079 1588 1109 synagoga,
1602 1070 1644 1098 vel
1671 1075 1772 1096 eorum
1788 1065 1839 1102 qui

1045 1128 1071 1155 iu
1086 1126 1210 1155 bmresim
1231 1124 1414 1152 declinarunt.
1429 1120 1477 1148 Est
1491 1125 1519 1147 et
1538 1118 1591 1145 alia
1606 1115 1738 1144 meretrix
1752 1121 1840 1147 quam

1044 1175 1071 1202 in
1089 1173 1158 1201 Osce
1189 1171 1301 1206 jubetur
1329 1168 1455 1203 accipere
1481 1165 1615 1201 propheta
1637 1163 1674 1194 ⁷⁷,
1694 1161 1720 1188 in
1750 1159 1841 1195 figura

1045 1221 1104 1248 sine
1121 1218 1203 1246 dubio
1229 1217 1309 1252 hujus
1331 1222 1392 1250 qua:
1405 1221 1437 1242 ex
1462 1212 1587 1248 gentibus
1601 1212 1770 1246 congregata
1783 1210 1839 1233 est.

1044 1266 1119 1294 Talis
1132 1272 1196 1299 ergo
1211 1268 1238 1290 et
1253 1263 1310 1290 haec
1336 1259 1466 1288 meretrix
1479 1266 1539 1286 esse
1552 1257 1653 1285 dicitur
1664 1261 1725 1289 qum
1738 1252 1840 1287 explo-

1046 1317 1154 1340 ratores
1165 1309 1285 1344 suscepit
1299 1308 1363 1336 Jesu
1376 1317 1383 1334 :
1397 1306 1444 1334 sed
1462 1305 1520 1333 haec
1533 1306 1675 1337 suscept05
1689 1307 1737 1327 eos
1753 1299 1779 1326 in
1791 1306 1841 1326 su-

1046 1357 1200 1394 perioribus
1214 1355 1342 1386 collocat,
1360 1357 1443 1388 atque
1458 1351 1485 1379 in
1507 1350 1587 1378 editis
1601 1353 1630 1376 et
1641 1346 1761 1375 excelsis
1775 1344 1842 1372 fidei

1046 1390 1191 1431 constituit
1204 1400 1391 1429 sacramentis.
1408 1398 1492 1425 Nemo
1505 1396 1577 1424 enim
1585 1394 1630 1430 qui
1643 1393 1679 1420 ab
1691 1391 1758 1419 Jesu
1775 1390 1843 1417 mit-

1049 1450 1126 1482 titur,
1143 1448 1281 1476 invenitur
1292 1446 1419 1474 deorsutn
1434 1448 1461 1471 et
1478 1443 1553 1470 humi
1564 1441 1670 1476 iacens,
1685 1438 1734 1467 sed
1750 1438 1778 1465 in
1792 1443 1842 1463 su-

1010 1507 1032 1536 c
1049 1495 1202 1531 perioribus
1226 1496 1366 1528 permanet
1382 1500 1389 1518 :
1405 1495 1434 1518 et
1452 1497 1504 1517 nou
1521 1488 1607 1516 solum
1634 1487 1692 1521 ipse
1712 1485 1741 1512 in
1757 1490 1843 1518 supe-

1050 1541 1168 1569 rioribus
1182 1542 1324 1574 permanet
1337 1542 1364 1565 et
1377 1536 1504 1568 excelsis,
1520 1533 1567 1562 sed
1585 1538 1612 1561 et
1635 1533 1685 1560 ista
1710 1529 1843 1558 meretrix

1050 1595 1111 1622 qua:
1139 1593 1186 1613 eos
1211 1583 1342 1618 suscepit,
1358 1589 1391 1610 ex
1407 1581 1548 1609 meretrice
1572 1576 1756 1611 eﬂiciturjam
1776 1582 1839 1610 pro-

1051 1634 1133 1668 pheta
1158 1631 1226 1666 (10),
1243 1631 1309 1658 dicit
1333 1629 1406 1656 enim
1420 1627 1465 1654 ὀε
1487 1635 1496 1652 ε
1524 1625 1588 1653 Scio
1618 1624 1681 1658 quia
1708 1622 1843 1650 Dominus

1052 1667 1123 1706 Deus
1147 1682 1237 1704 vester
1262 1674 1373 1702 tradidit
1399 1673 1474 1701 vobis
1496 1677 1594 1699 terram
1622 1669 1704 1696 liattc.
1725 1677 1734 1693 ι
1763 1667 1843 1694 Vides

1051 1725 1186 1760 quomodo
1208 1722 1253 1750 illa
1275 1729 1335 1756 quae
1355 1718 1500 1754 aliquando
1516 1721 1575 1744 erat
1596 1713 1679 1751 m
1696 1713 1844 1743 meretrix,

1051 1777 1078 1800 et
1089 1770 1183 1805 impia,
1198 1774 1225 1796 et
1239 1768 1388 1799 innnmida,
1407 1773 1478 1792 nunc
1490 1764 1546 1798 jam
1565 1761 1668 1797 Spiritu
1681 1764 1782 1787 sancto
1804 1766 1843 1785 ic-

1052 1819 1123 1853 pleta
1151 1820 1203 1848 est,
1233 1814 1309 1842 etde
1337 1811 1482 1848 praeteritis
1497 1808 1606 1843 quidem
1630 1806 1795 1838 confitetur,
1812 1805 1843 1832 de

1052 1862 1234 1900 praesentibus
1254 1867 1319 1887 vero
1338 1858 1435 1888 credit.
1460 1855 1604 1891 prophetat
1624 1857 1715 1880 autem
1734 1857 1763 1880 et
1773 1860 1842 1886 pric-

1053 1897 1165 1938 nunciat
1177 1908 1209 1935 de
1220 1905 1328 1933 futuris.
1346 1904 1391 1931 Sic
1405 1909 1470 1936 ergo
1483 1901 1570 1931 Raab,
1585 1906 1644 1933 qua:
1660 1897 1780 1924 latitudo
1803 1897 1841 1924 iu-

1054 1958 1234 1990 terpretatur,
1247 1951 1376 1979 dilatatur
1390 1953 1417 1976 et
1434 1947 1552 1983 proficit,
1573 1951 1717 1979 usquequo
1733 1943 1760 1970 in
1788 1950 1843 1968 oin-

1055 2010 1116 2030 netn
1139 2007 1239 2028 terram
1256 2002 1334 2025 exeat
1352 2003 1436 2024 sonus
1462 1993 1529 2028 ejus.
1544 1991 1643 2026 Japhet
1664 1990 1748 2017 etiam
1764 1987 1842 2016 simili

1055 2047 1136 2075 modo
1162 2045 1285 2071 dilatutio
1312 2042 1508 2076 interpretatur
1525 2038 1602 2074 (li):
1622 2035 1668 2071 qui
1694 2036 1793 2068 utique
1819 2038 1844 2061 et

1055 2093 1114 2128 ipse
1136 2091 1251 2117 formam
1280 2086 1370 2122 populi
1390 2085 1468 2119 hujus
1484 2084 1594 2114 ferebat,
1609 2081 1654 2116 qui
1676 2080 1802 2107 salvatur
1812 2087 1843 2107 ex

1055 2126 1194 2175 gentibus,
1222 2140 1249 2162 et
1276 2133 1404 2160 Chanaan
1421 2139 1487 2166 puer
1502 2137 1598 2157 servus
1619 2128 1642 2155 ei
1666 2126 1815 2160 subjicitur
1830 2134 1843 2152 ι

217 2193 288 2220 ῐίεωὶ
301 2200 353 2218 non
367 2191 545 2218 crediderunt
568 2190 605 2222 ei,
625 2174 784 2216 meretrices
805 2191 896 2214 autem
913 2192 940 2212 et
951 2193 1001 2220 pu-
1018 2187 1040 2214 D
1056 2189 1143 2220 patre,
1160 2187 1187 2210 et
1203 2180 1280 2208 fratri
1293 2179 1348 2216 (12)
1363 2186 1412 2206 suo
1428 2178 1503 2209 Sent,
1516 2176 1559 2211 qui
1581 2175 1695 2202 formam
1715 2174 1788 2207 gerit
1802 2180 1844 2200 eo-

217 2235 317 2263 blicani
333 2235 476 2262 credentes
496 2234 626 2269 baptizati
643 2237 707 2260 sunt
727 2232 761 2259 ".
778 2231 823 2258 Sic
839 2238 904 2265 ergo
920 2231 1002 2257 etiam

217 2282 244 2310 in
261 2283 311 2309 hoc
323 2280 472 2316 tompletur
488 2280 559 2315 quod
583 2279 710 2307 meretrix
735 2278 798 2306 Jesu
815 2277 1003 2312 exploratores

252 2352 276 2368 ⁷³
290 2351 371 2379 Marc.
387 2359 407 2384 ι,
420 2351 448 2377 2.
473 2350 495 2365 ⁷³
506 2350 601 2377 Matth.
613 2358 670 2377 xxt.
702 2349 723 2365 ⁷⁵
735 2348 786 2376 lsa.
802 2356 875 2380 uix,
887 2347 932 2380 20,
944 2347 1004 2380 91.-

255 2410 293 2448 (5)
311 2409 543 2448 Ριπιριιταιιξίυίᾳι
558 2413 628 2448 luas.
644 2406 680 2448 Ita
690 2406 773 2447 codex
789 2406 1004 2446 Sangermancn-

219 2442 264 2474 sis‘
281 2442 343 2473 cum
372 2442 429 2472 uno
452 2443 625 2475 Ebroiceusi;
655 2442 853 2470 Gemeticensis
891 2445 1000 2466 autem:

222 2491 232 2508 ι
253 2480 416 2515 praeparabit
425 2480 496 2506 viam
513 2483 596 2504 luam.
615 2477 710 2504 tLibb.
727 2477 792 2504 editi
807 2485 814 2502 :
833 2485 842 2501 ι
862 2475 1003 2510 Praeparet

221 2525 278 2543 \IJS
295 2522 363 2542 HI’JS.
385 2524 394 2540 ι

257 2552 295 2587 (li)
313 2548 474 2587 Libbaediti
488 2557 495 2575 :
510 2557 519 2574 ι
537 2547 679 2587 videamus
692 2547 798 2580 quidem
815 2554 875 2580 qua:
891 2550 933 2587 est
946 2553 1003 2572 nte-

223 2580 318 2627 retri'x.
336 2586 410 2612 Raab
424 2585 533 2611 dicitur.
553 2582 627 2610 Raab
645 2585 847 2616 interpretatur.
864 2591 874 2607 ι
893 2580 958 2608 Mss.
975 2586 1003 2607 ut

223 2625 249 2648 in
263 2627 356 2648 nostro
373 2625 456 2647 textu.

223 2656 296 2717 μᾷ)
312 2654 383 2681 Raab
399 2655 653 2688 ueroiuterpretatur
666 2652 787 2679 latitudo.
800 2653 819 2678 Α
833 2656 892 2681 3m
913 2660 921 2675 ι
938 2649 1005 2677 dila-

237 2699 240 2704 ‘
254 2699 285 2717 l'l.
305 2699 314 2715 D

236 2698 285 2717 al'l.
305 2699 314 2715 D

260 2725 297 2758 (ὅ)
312 2724 404 2751 Codex
428 2723 624 2750 Gemeticensis
641 2730 648 2747 :
665 2731 674 2747 ‹
700 2721 852 2758 meretrice.
870 2728 881 2758 ι

311 2758 620 2798 Οιιιιιςεμξθ-ῌιίιιοέ,
637 2767 646 2783 ι
658 2755 816 2798 .\pud_LXX
827 2755 925 2790 legitur
937 2759 1004 2779 πασ-

227 2793 332 2824 σάλους.
352 2793 423 2819 Lilu-i
441 2793 505 2819 editi
523 2792 623 2819 habent
638 2800 644 2818 :
662 2801 670 2816 ι
689 2793 781 2823 pedes.
802 2800 810 2815 υ

261 2829 315 2863 \IO)
332 2827 384 2855 Sed
403 2833 425 2855 et
438 2828 488 2854 ista
504 2827 628 2854 meretrix
642 2834 749 2861 quweos
762 2830 886 2859 suscepit,
900 2830 931 2849 τι
949 2827 1004 2847 me-

1057 2239 1116 2259 rum
1132 2230 1178 2264 qui
1195 2236 1227 2255 ex
1246 2226 1453 2255 circumcisione
1477 2223 1624 2251 salvantur.
1645 2221 1672 2247 lu
1689 2228 1746 2255 quo
1760 2219 1843 2246 admi-

1058 2277 1141 2304 randa
1156 2280 1198 2303 est
1211 2273 1363 2308 benignitas
1385 2276 1411 2298 et
1433 2268 1598 2305 providentia
1612 2267 1672 2299 Dei,
1691 2267 1740 2301 qui
1753 2267 1844 2294 volens

1023 2347 1045 2362 ⁷⁸
1058 2347 1109 2374 lsa.
1127 2345 1217 2378 uv,2.
1243 2344 1265 2359 ⁷⁸
1282 2342 1314 2370 lli
1326 2342 1392 2376 Reg.
1413 2348 1452 2368 ιιι.
1478 2339 1499 2354 ⁷⁷
1514 2338 1592 2366 Osee.
1611 2345 1630 2364 ι.
1660 2337 1685 2353 ⁷³
1702 2335 1763 2364 Jos.
1776 2344 1806 2368 ιι,
1819 2336 1843 2363 9.

1055 2403 1146 2430 retrire
1160 2401 1268 2435 eﬁrcitur
1285 2399 1342 2433 jam
1361 2398 1564 2435 propheta._etc:
1581 2394 1626 2434 Sic
1640 2397 1762 2435 sanctus
1786 2392 1845 2435 (Elu-

1056 2428 1132 2465 inens
1163 2428 1302 2463 R'omanu's
1336 2428 1415 2466 epist;
1439 2439 1445 2458 ι
1473 2431 1505 2457 ad
1540 2428 1772 2466 Corintliiosuiu
1795 2430 1844 2454 line

1055 2463 1128 2500 nunt.
1138 2471 1178 2498 12.
1189 2470 1312 2506 ιὐρᾶτε,
1320 2463 1502 2506 denuntiatae
1513 2464 1702 2506 μόιρνμτβπητιξζ
1709 2463 1846 2502 ἀλλὰπρο-

1055 2507 1153 2542 φητεία
1166 2507 1196 2532 ὲν
1255 2499 1364 2542 voverat
1378 2499 1498 2542 χέγονεν.
1529 2499 1756 2542 «.\’idete,_dilecti
1770 2506 1778 2527 ;
1794 2505 1844 2525 non

1056 2535 1142 2569 Soium
1188 2535 1276 2573 lide's',
1293 2541 1339 2567 sed
1363 2535 1444 2565 etiam
1474 2536 1615 2572 prophetia
1657 2535 1684 2560 in
1729 2536 1842 2560 muliere

1055 2577 1170 2605 exstitit.
1190 2586 1198 2602 ι

1095 2611 1261 2647 (Η)ν.Ιαι›Ιιει
1275 2609 1353 2647 etiam
1370 2607 1449 2634 simili
1469 2605 1545 2647 modo
1570 2603 1693 2630 dilatalio
1717 2603 1844 2642 interpre-

1060 2637 1151 2674 tat‘urf
1159 2637 1351 2680 Ety'tnomgiam
1362 2650 1463 2680 nempe
1470 2641 1638 2680 deditae-runt
1647 2645 1660 2664 a
1669 2637 1843 2680 Tuli-quotth

1061 2671 1313 2716 ιιὶίίιιιιζιζςέιιιιςεῖι,
1332 2687 1341 2702 ι
1357 2671 1488 2716 dilatavit.
1504 2676 1664 2716 rerum”)
1692 2671 1761 2716 libb.
1783 2671 1843 2711 ειμι

1062 2708 1114 2744 ho'c
1125 2716 1183 2742 loco
1194 2708 1295 2742 habent
1308 2708 1320 2740 ’.
1335 2721 1344 2737 ι
1362 2711 1407 2739 sed
1424 2717 1451 2739 et
1469 2711 1566 2745 .Iaptiet
1582 2709 1708 2735 similiter
1723 2708 1844 2735 dilatatio

1064 2752 1254 2785 interpretatur
1274 2748 1350 2785 tilss.
1368 2753 1396 2773 ut
1411 2747 1437 2773 in
1453 2751 1545 2785 nostro
1560 2749 1645 2785 textu.

1096 2779 1152 2820 (η’)
1171 2784 1200 2811 EI
1215 2785 1300 2820 fratri.
1312 2782 1380 2820 rlizec
1395 2789 1454 2820 qua:
1467 2782 1578 2807 inautca
1596 2779 1677 2806 editis
1702 2782 1844 2813 perperam

1061 2818 1162 2849 omissa
1173 2823 1247 2855 sunt,
1265 2818 1540 2855 bodiercstituuntur
1551 2822 1565 2841 c
1583 2821 1649 2841 mss.
