1903 3052
75 117 118 145 811

554 114 587 141 1N
607 112 737 142 LIBRUM
756 111 837 140 JESU
857 111 950 139 NAVE
970 112 1113 140 llOMlLlA
1133 112 1178 140 Ν.

1628 115 1680 143 81Ξ

75 175 195 211 peccatori
208 174 337 203 Chanaan
350 178 482 210 praestare
498 175 657 205 remedium,
673 179 700 201 et
716 173 842 201 conferre
857 175 877 203 A
894 177 971 200 extra
989 173 1137 210 qulesiam
1152 179 1231 200 nemo
1259 172 1388 200 salvatur.
1408 171 1474 200 Nam
1492 173 1514 200 si
1529 173 1591 208 qttis
1607 173 1680 202 foras

76 225 96 250 ei
111 223 227 255 Sallllettt,
245 229 353 249 servum
365 229 426 249 eum
446 221 508 249 fecit
531 221 661 248 fratribus
687 221 755 253 suis,
774 221 845 247 sicut

77 269 138 296 Esau
151 268 233 296 factus
249 273 301 299 est,
319 272 347 294 ιιι
374 268 488 294 serviret
503 267 580 293 fratri
600 274 649 292 suo
666 265 750 294 Jacoh
765 273 772 292 :
792 273 843 292 tton

76 317 158 351 utique
170 319 195 342 ιιι
213 315 327 350 periret,
354 314 400 341 sed
428 318 456 341 ιιι
469 313 583 340 salutem
609 313 766 340 melioribus
780 313 845 339 obe-

75 361 160 389 diettdo
188 360 370 393 conquireret.
400 358 549 385 Praestatur
564 358 635 384 enim
661 357 738 384 malis
763 356 845 392 pluri-

74 415 148 439 mtttn,
164 411 188 432 et
200 405 388 440 peccatoribus
403 405 447 439 qui
467 404 628 438 semetipsos
650 408 723 430 recte
747 409 845 437 gerere

74 449 194 481 nesciunt,
209 453 237 475 ut
252 456 303 475 non
319 448 496 483 sibimetipsis
513 448 728 479 committantur,
746 447 793 474 sed
815 451 843 473 ut

72 494 134 522 servi
148 493 211 522 flant
226 499 430 525 sanctorum,et
441 493 603 527 subjaceaut
628 493 796 526 melioribus,
815 497 844 519 ut

73 548 120 567 non
142 548 188 568 suo
207 547 288 568 sensu
315 540 396 573 malo,
414 540 460 567 sed
483 539 589 566 illorttm
617 539 687 566 bono
703 543 842 572 regantur.

73 587 166 615 Videtis
177 594 256 621 quant
285 586 369 613 multa
388 585 541 620 benignitas
556 585 614 617 Dei,
632 592 712 619 qttattt
729 584 844 612 abscon-

70 633 115 665 dit,
131 637 156 659 et
182 631 298 659 occultat
325 632 360 659 ab
383 631 495 658 auribus
516 630 601 665 vulgi,
613 635 640 658 et
654 637 738 665 quam
753 629 843 657 verbis

72 677 249 710 asperioribus
266 677 341 711 tegit,
355 685 387 704 ne
400 676 470 704 forte
482 676 670 704 servusmalns
683 682 710 704 et
720 676 843 711 ingratus

69 727 227 757 contemptor
243 723 387 756 elliciatur,
403 730 466 750 cum
480 722 591 749 nimiam
619 721 725 749 Domini
743 721 784 749 sui
798 722 842 749 itt-

72 768 195 797 tellexerit
208 768 368 796 bonitatem.

99 815 124 842 5.
138 814 189 842 Sed
216 814 358 842 videamus
384 814 448 849 qttid
466 813 521 849 egit
543 821 604 841 cum
626 813 842 849 exploratoribus

69 862 113 888 ista
129 860 232 895 sapiens
247 861 389 888 meretrix.
410 860 559 887 Consilium
577 859 617 887 eis
637 860 682 886 dat
697 859 842 894 mysticum

67 911 91 932 et
103 906 215 938 eteieste,
233 905 300 933 nihil
317 905 417 933 habens
437 910 585 932 terrenum.
602 914 612 930 ι
634 904 685 932 Per
703 909 842 937 montana,

69 952 188 986 inquit",
202 951 286 983 abite,
304 960 313 977 i
331 951 414 978 nolite
437 958 485 985 per
513 950 598 977 valles
629 950 767 983 incedere,
791 950 842 978 hu-

69 997 133 1024 milia
151 1003 177 1025 et
187 997 289 1030 deiecta
305 996 429 1030 refugite,
454 1003 513 1031 qua:
524 995 628 1023 excelsa
647 1000 748 1023 suntet
760 995 844 1023 subli-

69 1043 114 1069 mia
129 1043 281 1078 prazdicate.
299 1042 357 1076 Ipsa
378 1047 468 1069 autem
482 1042 586 1076 signum
594 1041 750 1069 coccineum
769 1041 843 1076 ponit

69 1089 91 1115 in
104 1089 179 1116 domo
191 1096 237 1115 sua
255 1095 304 1123 per
320 1087 390 1122 qttud
405 1087 502 1114 salvari
519 1087 552 1114 de
566 1086 672 1113 excidio
687 1086 784 1114 debeat
799 1087 843 1114 ei-

68 1133 158 1161 vitatis.
175 1134 254 1161 Aliud
275 1133 377 1160 nultum
402 1132 452 1160 fuit
471 1133 578 1167 signum
602 1132 672 1166 quod
694 1131 840 1166 acciperet,

68 1179 112 1206 uisi
131 1180 298 1213 coeeineum,
325 1179 396 1214 quod
417 1178 558 1213 sanguinis
584 1177 697 1205 formam
719 1178 840 1213 gerebat.

67 1226 165 1254 Sciebat
179 1228 280 1255 etenint
295 1226 350 1262 (15)
364 1226 428 1261 quia
456 1225 524 1253 nulli
555 1229 627 1253 esset
647 1225 731 1258 salus,
746 1225 798 1252 nisi
815 1225 841 1252 in

66 1273 186 1306 sanguine
197 1272 311 1301 Christi.
329 1273 413 1299 Datttr
429 1271 510 1299 etiattt
529 1271 579 1298 hoc
602 1270 759 1298 mandatum
780 1270 842 1298 huic

66 1324 118 1352 quae
133 1318 268 1352 quondam
295 1317 422 1345 meretrix
449 1316 518 1344 fuit:
539 1325 547 1342 ι
565 1315 676 1349 Omnes,
692 1315 781 1351 inquit
805 1315 840 1349 ⁸⁸,

65 1363 106 1398 qui
121 1364 218 1391 inventi
239 1363 343 1391 fuerint
364 1364 389 1390 in
412 1363 492 1391 domo
509 1368 564 1394 tua,
582 1362 769 1390 salvabuntur.
788 1362 840 1395 Qui

65 1414 145 1437 autem
162 1410 279 1438 exierint
304 1409 338 1436 de
362 1409 452 1440 domo,
475 1408 607 1435 immunes
632 1415 725 1436 sumus
740 1415 790 1436 nos
806 1408 840 1436 ab

66 1456 111 1483 hoc
139 1456 294 1491 juramento
319 1460 372 1483 tuo.
393 1464 402 1481 ι
422 1455 450 1482 Si
480 1454 542 1490 quis
559 1462 624 1489 ergo
649 1454 748 1482 salvari
772 1454 839 1488 vult,

65 1502 145 1530 veniat
162 1504 187 1529 itt
203 1503 275 1530 hatte
299 1503 408 1529 domum
427 1501 507 1537 hujus
526 1508 586 1536 quae
597 1500 734 1535 quondam
751 1508 840 1529 mere-

65 1548 110 1575 trix
125 1548 184 1576 fuit.
201 1548 316 1575 Etiamsi
336 1548 368 1574 de
381 1547 425 1575 illo
434 1547 531 1582 popttlo
543 1546 598 1573 vult
614 1546 713 1581 aliquis
726 1547 838 1581 salvari,
854 1537 875 1566 (ἶ

65 1593 93 1620 ad
107 1594 173 1621 hanc
189 1594 300 1621 domum
317 1593 410 1620 veniat
427 1597 456 1620 ut
469 1593 583 1619 salutent
596 1592 723 1627 consequi
742 1592 837 1627 possit.

64 1638 99 1665 Ad
117 1639 183 1666 hanc
199 1639 294 1666 veniat
319 1639 437 1671 dommn,
454 1637 481 1664 in
498 1645 550 1673 qua
570 1638 672 1666 Christi
686 1638 797 1673 sangttis
811 1638 837 1665 in

64 1685 133 1718 signo
153 1684 350 1719 redemptionis
371 1689 422 1711 est.
448 1684 514 1711 Nam
539 1685 608 1718 apud
632 1684 690 1712 illos
704 1685 748 1720 qui
762 1685 839 1712 dixe-

64 1735 118 1756 runt
132 1730 151 1745 "
173 1738 179 1756 :
200 1740 209 1756 ι
227 1730 346 1764 Sanguis
372 1729 431 1764 ejus
454 1737 535 1764 super
564 1737 612 1756 nos
638 1728 693 1765 (14)
714 1734 740 1757 et
755 1737 838 1764 super

64 1774 125 1801 ﬁlios
135 1781 250 1808 nostros,
273 1785 283 1802 ι
301 1775 401 1802 Cltris‘i
419 1775 531 1810 sanguis
543 1776 570 1802 in
584 1775 836 1804 condemnationem

64 1825 106 1847 est.
121 1820 220 1849 Positus
234 1821 309 1848 enim
324 1821 412 1848 fuerat
425 1821 502 1848 Jesus
519 1821 544 1848 itt
571 1821 675 1848 ruinam
702 1826 729 1848 et
746 1829 837 1849 resur-

64 1866 197 1893 rectionem
210 1867 372 1898 multorum,
382 1871 407 1893 et
422 1866 481 1894 ideo
495 1866 743 1894 contradicentibus
761 1867 838 1902 signo

65 1911 115 1946 ejus
136 1912 250 1940 eﬂieitur
269 1912 382 1947 sanguis
399 1913 457 1947 ejus
476 1912 508 1939 ad
531 1920 649 1947 poenam.
666 1913 838 1941 credentibus

66 1957 92 1983 ad
105 1957 225 1986 salutetn.
242 1957 329 1986 Nemo
343 1965 407 1992 ergo
425 1959 475 1986 sibi
498 1959 668 1992 persuadeat,
696 1967 774 1987 nemo
795 1969 838 1988 se-

62 2005 194 2040 metipsum
218 2006 360 2042 decipiat:
378 2011 454 2032 extra
485 2006 554 2034 hanc
586 2007 707 2039 domum,
733 2007 759 2034 id
796 2014 839 2035 est

92 2074 111 2090 ⁷’
126 2074 215 2109 105.",
233 2076 278 2104 16.
318 2076 341 2092 ⁸ο
356 2076 420 2104 ibid.
433 2075 476 2110 17,
493 2076 535 2103 18.

93 2134 146 2167 (15)
161 2135 240 2161 Aliud
270 2135 374 2161 nullum
399 2135 503 2169 signum
531 2135 581 2168 fuit
602 2135 671 2169 quod
696 2136 835 2169 acciperet,

62 2170 106 2196 nisi
117 2170 273 2200 roceineum,
291 2169 362 2204 quod
376 2171 512 2204 sanguinis
521 2170 634 2204 formant
644 2171 759 2204 gerebat.
768 2170 836 2197 Scie-

63 2205 100 2230 but
112 2205 187 2237 enim,
199 2211 252 2231 etc.
270 2204 397 2231 Clemens
411 2204 552 2231 Romanus
566 2205 678 2238 epistola
695 2205 707 2231 1
727 2206 760 2231 ad
785 2205 836 2232 Co-

64 2239 170 2276 rinthios
183 2241 233 2266 sub
251 2240 333 2276 linem
356 2248 429 2265 nunt.
448 2240 502 2276 1‘27:
515 2240 570 2266 Καὶ
584 2239 748 2276 πριιᾳέθξντο
768 2241 837 2276 αὐτῇ

62 2273 143 2311 aet-tvm
165 2275 292 2311 σημεῖον,
312 2275 390 2311 λὸπως
409 2275 585 2311 κρεμάςῃνὲκ
599 2273 646 2311 ’ἑοῦ
664 2275 739 2311 οἴκου
755 2273 838 2310 αὐτῆξ

62 2310 192 2345 κόμκινθν*
219 2309 356 2345 πρόδηλον
375 2309 580 2342 ποιόῦντεςξότι
601 2310 644 2336 διὰ
658 2310 704 2336 τοῦ
725 2309 838 2345 αἵματός

61 2344 102 2380 ῖρῦ
112 2345 210 2380 Κυρίου
223 2344 360 2380 λῦτρωσις
371 2345 446 2371 ἔσται
460 2346 526 2372 πᾶσι
541 2346 596 2376 τοῖς
609 2344 780 2372 πιστεύουσιν
794 2347 839 2372 καὶ

62 2378 205 2412 ἐλπίζοὺσιν
221 2378 332 2406 ὲπ1.’τὸν
347 2380 422 2407 Θεόν.
440 2390 448 2406 ι
471 2381 502 2407 Ει
520 2380 680 2406 addiderunt
693 2386 721 2406 ut
732 2383 837 2415 signum

65 2414 147 2449 daret;
162 2423 257 2449 nempe
283 2415 433 2442 funicnlnut
456 2415 612 2443 coccineum
627 2414 791 2449 appenderet
806 2417 839 2442 de

63 2448 133 2475 domo
146 2458 191 2476 sua
209 2448 404 2476 :ntauil'csltun
420 2449 558 2481 facientes,
575 2451 645 2483 quod
661 2448 708 2483 per
728 2452 838 2485 sangui-

65 2491 117 2511 ttettt
131 2485 235 2512 Domitii
253 2485 348 2511 futura
363 2489 436 2512 esset
464 2486 611 2518 redemptio
629 2486 762 2512 universis
779 2494 838 2512 cre-

65 2519 180 2547 tlelllilttls
191 2526 217 2547 et
235 2520 414 2553 sperantibus
440 2520 465 2546 in
487 2521 581 2546 Deum.
598 2529 607 2545 ι
621 2520 695 2552 Quot
707 2524 796 2546 attlctn
811 2526 838 2547 et

64 2559 168 2586 quantos
184 2555 380 2588 suffragatores
398 2555 493 2581 habeat
517 2556 575 2581 ltzec
591 2555 674 2589 ﬁgura
693 2559 720 2581 et
737 2554 838 2586 allego-

65 2590 109 2620 ria,
122 2591 198 2618 docet.
210 2589 364 2618 Cotelerius
378 2591 404 2616 itt
417 2589 492 2617 Notis
503 2590 536 2617 ad
552 2590 662 2616 citatum
678 2589 764 2617 lucum
778 2590 838 2618 Cle-

62 2625 158 2651 utentis.

93 2658 143 2694 (14)
167 2659 194 2687 in
211 2665 293 2687 antra
325 2659 405 2686 editis
419 2659 549 2687 omissum
567 2664 607 2686 est
624 2668 633 2684 ι
649 2667 732 2693 super
743 2667 801 2691 nos,
824 2669 833 2685 ι

63 2695 124 2725 quod
141 2695 276 2730 reperitur
289 2696 316 2720 in
335 2695 464 2721 'omnibus
480 2702 544 2722 tnss.
565 2694 649 2720 l’anln
673 2699 737 2730 post,
756 2694 837 2722 iidem

63 2735 118 2755 mss.
134 2729 233 2756 habent
255 2739 260 2755 :
280 2739 289 2755 ι
315 2730 342 2755 in
372 2731 626 2756 eotulentnationent
649 2736 699 2756 est.
731 2729 838 2756 l‘ositus

64 2764 170 2799 eumn...
183 2766 209 2791 in
228 2766 338 2791 ruinam
350 2770 376 2790 et
393 2767 629 2791 t'cmtrreetionetu.
646 2774 654 2790 ι
669 2764 745 2792 Libb.
758 2765 835 2791 editi:

64 2803 85 2821 llt
111 2801 339 2826 eoxutemnatione
364 2805 413 2826 est.
445 2800 551 2827 l'osilus
563 2801 633 2826 cuittt
708 2801 734 2827 itt
760 2800 835 2826 ruina

64 2835 86 2857 et
101 2835 306 2861 resurrectione.
330 2843 340 2858 ι

191 2881 329 2910 ΡΑτιιοι.
351 2880 406 2910 (in.
429 2880 485 2910 ΧΗ

573 2076 594 2092 ⁸¹
613 2077 709 2104 lilattb.
723 2086 808 2112 .xxvu,
821 2083 848 2106 et
860 2078 924 2106 an.
938 2084 968 2104 ιι.

896 219 1006 251 exierit,
1033 220 1126 246 mortis
1139 226 1194 245 sua:
1216 219 1277 253 ipse,
1299 219 1327 246 fit
1351 226 1424 246 reus.
1439 218 1490 245 llic
1512 220 1622 252 sanguis
1640 226 1682 246 est

896 263 1014 297 signant,
1030 265 1092 298 quia
1112 264 1155 291 hie
1178 268 1220 290 est
1243 264 1403 298 purificatio,
1424 271 1483 298 qute
1501 272 1548 298 per
1570 265 1680 299 sangui-

897 317 957 338 netn
973 314 1089 337 constat.
1107 309 1183 342 Quod
1200 314 1289 336 autem
1303 310 1329 336 itt
1351 310 1468 337 fenestra
1483 310 1616 344 dependet
1631 311 1683 338 hoe

896 357 1014 392 signum,
1039 355 1103 382 illud
1130 356 1251 383 arbitror
1272 356 1473 391 indieari,quia
1498 356 1616 384 fenestra
1639 362 1681 384 est

896 411 955 438 qua:
969 402 1102 429 illuminat
1115 401 1236 432 domum.
1251 407 1277 429 et
1291 409 1338 436 per
1357 410 1438 436 quant
1460 410 1512 429 non
1532 402 1678 437 integrum,

895 449 942 476 sed
957 452 1060 475 tantum
1076 451 1206 482 quantum
1226 447 1312 474 oculis
1325 451 1353 474 et
1371 447 1438 474 visui
1458 453 1551 474 nostro
1567 448 1681 476 subiciat

897 494 1006 521 luminis
1018 494 1148 528 capimus.
1165 492 1232 527 Quia
1242 499 1306 528 ergo
1318 497 1345 520 et
1357 493 1509 520 incarnatio
1531 493 1680 521 Salvatoris

896 549 948 567 non
981 540 1059 567 nobis
1085 547 1187 566 merum
1213 538 1327 573 ingessit
1351 542 1378 565 et
1406 539 1541 573 integrum
1568 539 1680 566 Deitatis

898 590 1048 620 aspectum,
1065 586 1111 613 sed
1125 589 1252 620 tanquam
1262 590 1310 618 per
1318 584 1466 612 fenestrant
1486 585 1542 620 (l5)
1557 585 1620 612 fecit
1632 593 1680 613 nos

896 640 943 666 per
958 631 1173 658 incarnationem
1196 637 1274 657 suam
1301 630 1390 656 lumen
1409 629 1521 657 Deitatis
1544 631 1680 666 aspicere,

896 676 997 704 idcirco
1016 676 1080 703 tnihi
1106 675 1212 702 videtur
1229 674 1335 709 signum
1356 674 1451 701 salutis
1469 682 1516 708 per
1531 674 1679 703 fenestram

895 721 987 748 datutn
1008 730 1014 748 :
1032 728 1085 756 quo
1111 721 1189 755 signo
1218 720 1332 747 salutent
1352 726 1553 754 consequantur
1573 729 1680 754 omnes,

894 767 938 801 qui
955 767 980 793 in
996 767 1076 794 domo
1088 766 1146 801 ejus
1159 773 1220 800 qua:
1233 766 1378 800 aliquando
1389 770 1447 793 erat
1462 767 1604 798 meretrix,
1623 767 1682 794 fue-

895 813 950 840 rint
964 813 1077 844 inventi,
1097 812 1217 839 mundati
1231 813 1257 838 in
1272 819 1341 846 aqua
1356 817 1384 839 et
1407 812 1509 847 Spiritu
1532 819 1638 847 sancto,
1654 821 1681 841 et

895 859 922 886 itt
936 857 1067 894 sanguine
1080 857 1184 885 Domini
1200 862 1227 885 et
1242 857 1393 885 Salvatoris
1414 860 1498 886 nostri
1517 859 1580 886 Jesu
1599 861 1679 888 Citri-

894 905 939 937 sti,
953 906 995 932 cui
1013 910 1056 932 est
1073 904 1158 940 gloria
1182 910 1209 931 et
1237 904 1380 938 imperium
1399 904 1425 931 itt
1450 906 1546 932 Stecula
1566 906 1680 934 saeculu-

894 959 963 979 rttm.
977 951 1074 978 Amen.

1189 995 1329 1024 HOMJLIA
1346 996 1390 1023 IV.

1085 1043 1124 1070 De
1137 1045 1251 1070 transitu
1272 1043 1399 1071 Jordattis
1416 1042 1479 1078 (16).

930 1088 955 1115 1.
972 1087 1111 1116 l’eccatori
1126 1088 1233 1122 quidem
1249 1088 1337 1115 omnis
1357 1093 1428 1115 terra
1445 1088 1502 1124 (l7)
1521 1089 1608 1117 hostis
1624 1093 1680 1124 est,

894 1134 965 1162 sicut
988 1134 1021 1162 de
1041 1133 1178 1169 Egyptiis
1199 1133 1329 1168 scriptuut
1346 1138 1387 1161 est
1403 1142 1410 1160 :
1429 1139 1500 1160 terra
1523 1142 1570 1162 eos
1592 1136 1680 1170 impu-

893 1179 1314 1214 gnabat,l]uviusitnpugnabat,
1339 1187 1387 1206 aer
1411 1180 1468 1214 ipse
1494 1180 1676 1215 itnpugnabal.

893 1224 969 1252 Justo
983 1233 1050 1253 vero
1063 1233 1122 1260 qua:
1145 1225 1342 1253 inaccessibilia
1366 1226 1502 1258 videntur,
1528 1227 1606 1261 plana
1619 1227 1676 1254 ciii-

895 1270 1005 1298 ciuntur
1020 1275 1047 1298 et
1061 1270 1202 1306 proclivia.
1227 1270 1300 1298 Mare
1316 1271 1435 1298 Rubrum
1451 1271 1540 1304 justus
1553 1277 1678 1307 tanqttattt

895 1324 943 1352 per
957 1318 1060 1344 aridam
1076 1317 1173 1344 transit
1188 1326 1194 1343 :
1211 1316 1356 1352 Ain-ptius
1375 1325 1439 1344 vero
1456 1318 1478 1345 si
1499 1319 1614 1346 transire
1634 1327 1681 1345 vo-

894 1364 976 1391 luerit
999 1364 1198 1399 snbmergelur,
1215 1370 1265 1391 nec
1281 1364 1326 1390 fiet
1341 1363 1365 1391 ei
1382 1371 1449 1399 aqua
1471 1371 1563 1391 murus
1586 1366 1678 1392 dextra

894 1409 1022 1444 laevaque.
1053 1408 1148 1436 Justus
1173 1409 1279 1436 etiantsi
1307 1416 1427 1437 eremuttt
1458 1410 1615 1437 horribilem
1640 1410 1680 1437 in-

893 1455 1032 1490 grediatur
1060 1460 1088 1483 et
1116 1459 1234 1488 vastam,
1257 1455 1334 1483 cibus
1359 1456 1384 1483 ei
1407 1456 1605 1483 mittistrature
1624 1463 1681 1484 cm-

894 1501 936 1528 lis.
958 1501 995 1528 Ita
1024 1507 1089 1536 ergo
1108 1506 1134 1528 et
1151 1501 1175 1528 itt
1193 1501 1339 1528 Jordanem
1355 1509 1416 1529 arca
1433 1501 1599 1529 Testamenti
1625 1503 1677 1530 dux

892 1553 952 1576 erat
974 1548 1072 1583 popttlo
1102 1548 1146 1574 Dei
1164 1547 1230 1583 (l8).
1255 1547 1386 1575 Consistit
1415 1549 1482 1575 ordo
1506 1550 1680 1577 sacerdotalis

893 1601 920 1622 et
937 1595 1085 1626 Leviticus,
1113 1599 1140 1622 et
1169 1602 1244 1628 aqua:
1279 1594 1350 1621 velut
1379 1595 1558 1622 reverentiam
1582 1603 1679 1630 quam-

893 1639 954 1666 dam
978 1638 1024 1666 Dei
1055 1638 1186 1666 ministris
1200 1638 1354 1666 del‘erentes
1381 1639 1447 1674 (l9),
1472 1646 1580 1667 cursum
1602 1649 1679 1668 snnta

892 1684 972 1721 m5
989 1684 1136 1718 refrenant,
1150 1689 1176 1712 et
1196 1689 1395 1711 coacervantur
1410 1685 1437 1711 itt
1460 1686 1609 1718 cutnulum,
1629 1687 1680 1714 iter

894 1731 940 1757 Dci
962 1730 1059 1765 populo
1085 1730 1224 1757 iunoxittut
1249 1728 1438 1756 conoedentes.
1464 1730 1495 1756 Et
1519 1738 1552 1757 ne
1574 1732 1680 1759 ιιιίιῊὶς

891 1783 952 1803 cum
969 1777 1026 1803 haec
1039 1780 1114 1811 gesta
1128 1776 1175 1802 tibi
1189 1783 1251 1810 erga
1272 1776 1391 1808 priorem
1410 1777 1538 1810 populum
1556 1778 1680 1805 referun-

893 1827 946 1853 tur,
962 1822 1019 1856 tibi,
1040 1822 1201 1854 Christiane,
1219 1822 1262 1856 qui
1277 1828 1325 1855 per
1340 1822 1467 1856 baptismi
1478 1829 1679 1850 sacramentum

892 1867 1017 1895 Iordanis
1033 1867 1133 1894 fluenta
1151 1867 1290 1901 digressus
1301 1875 1341 1899 es,
1358 1867 1464 1895 divinus
1478 1875 1567 1895 sermo
1578 1869 1678 1902 majora

895 1913 979 1940 tnttlto
989 1919 1014 1941 et
1031 1913 1142 1940 celsiora
1157 1913 1300 1947 promittit,
1313 1913 1365 1940 iter
1378 1913 1424 1940 tibi
1446 1920 1493 1948 per
1511 1921 1575 1941 aera
1592 1914 1679 1949 ipsuttt

894 1967 920 1988 et
938 1961 1083 1988 transitum
1096 1959 1326 1995 pollicetur.Audi
1342 1960 1441 1986 etenim
1463 1959 1574 1987 Paulum
1587 1962 1680 1989 dicen-

895 2010 948 2033 tetu
964 2007 996 2033 de
1006 2004 1100 2039 justis:
1112 2013 1121 2030 ι
1141 2004 1297 2038 llapietnur,
1314 2003 1480 2037 iuquit“,in
1498 2003 1613 2031 nubibus
1623 2002 1679 2040 ('21,!)

1008 2075 1030 2091 ⁸²
1048 2076 1055 2102 l
1072 2075 1166 2102 Thess.
1189 2082 1225 2107 tv,
1244 2073 1287 2101 16.

928 2133 982 2170 (l5)
995 2134 1058 2170 lilss.
1073 2143 1082 2159 ι
1101 2133 1258 2170 fenestram.
1270 2131 1367 2170 )_Lli_)_b.
1379 2132 1446 2170 editi
1460 2140 1467 2158 ε
1487 2141 1495 2158 ι
1513 2131 1675 2170 fenestras.»

926 2167 982 2204 (l6)
1002 2169 1038 2195 De
1050 2169 1163 2195 transitu
1173 2167 1311 2204 Iordanis.
1328 2167 1385 2194 Non
1403 2168 1484 2204 alium
1502 2168 1615 2204 titulum
1627 2169 1677 2194 Ita-

853 2199 874 2226 D
890 2199 952 2231 bent
966 2199 1072 2231 codices
1097 2211 1161 2230 tnss.
1191 2202 1369 2236 Saugermau.
1385 2207 1411 2229 et
1437 2203 1631 2230 Gemeticeusis
1650 2209 1678 2229 et

892 2247 960 2266 unus
976 2238 1158 2266 Ebroiceusis.
1171 2238 1199 2264 In
1217 2237 1281 2264 libb.
1297 2243 1374 2264 antea
1390 2238 1471 2264 editis
1487 2237 1603 2272 legitur:
1617 2247 1627 2264 ι
1642 2238 1677 2265 Du

892 2282 924 2302 eo
938 2274 1008 2309 quod
1023 2273 1168 2301 Jurdaneut
1190 2273 1285 2309 transit
1304 2279 1366 2309 arca
1384 2273 1553 2309 'l‘estamenti
1569 2274 1673 2300 Domini

891 2307 953 2337 cuni
965 2309 1152 2336 sacerdotibus
1175 2313 1201 2335 et
1224 2308 1327 2334 Levitis
1342 2313 1367 2334 rt
1381 2308 1491 2342 populo,
1510 2307 1554 2334 tibi
1573 2308 1676 2334 dicitur

891 2346 922 2371 ad
937 2344 1028 2372 Jesunt
1050 2352 1056 2371 :
1083 2343 1109 2369 lu
1136 2343 1179 2370 die
1202 2344 1253 2370 liae
1279 2343 1378 2376 incipio
1402 2343 1522 2370 exaltare
1549 2347 1574 2369 te
1596 2352 1601 2369 :
1628 2343 1672 2369 ubi

891 2379 1045 2413 prtecipitur
1059 2378 1156 2413 populo
1171 2382 1200 2406 ιιι
1222 2378 1300 2414 longe
1322 2378 1358 2405 sit
1373 2378 1407 2405 ab
1422 2385 1485 2405 arca
1505 2377 1672 2405 Testatnenti

891 2417 943 2440 duo
958 2414 1040 2440 millia
1053 2414 1153 2440 ettbita.
1168 2423 1178 2439 ι

926 2449 983 2483 (l7)
1005 2448 1096 2475 Codex
1123 2449 1286 2483 Saugerm.:
1308 2456 1317 2473 ι
1339 2452 1424 2474 terra.
1442 2456 1451 2472 ι
1481 2447 1558 2483 Libb.
1581 2446 1644 2483 editi
1666 2455 1671 2472 :

895 2489 1045 2511 «creatura.
1059 2493 1068 2508 ι
1082 2483 1165 2511 Paulo
1179 2482 1238 2518 post
1253 2483 1279 2510 iu
1296 2483 1389 2510 iisdem
1404 2483 1468 2518 libb.
1484 2482 1564 2508 editis
1579 2482 1671 2518 deest:

895 2529 902 2544 ι
923 2519 1019 2546 fluvius
1046 2516 1264 2553 itttpugnabat....
1279 2518 1377 2545 coelum
1393 2525 1440 2543 eos
1461 2516 1643 2550 impugnabat.
1661 2525 1670 2541 ι

890 2555 936 2580 sed
965 2554 1035 2581 istud
1068 2552 1222 2581 restituitur
1251 2552 1415 2580 auctoritate
1431 2559 1551 2578 ontntutu
1578 2559 1671 2577 mann-

890 2590 1062 2622 scriptorum.

926 2619 981 2658 (18)
993 2623 1071 2651 Libb.
1088 2623 1152 2651 editi
1167 2632 1172 2649 :
1191 2632 1199 2648 ι
1214 2622 1242 2648 1η
1263 2620 1408 2658 Iordanem
1427 2628 1489 2647 arca
1504 2619 1672 2658 Teslantcttti

890 2656 1004 2686 duiterat
1015 2659 1141 2693 populant
1160 2659 1217 2690 Dei,
1233 2666 1243 2683 ι
1255 2657 1302 2684 sed
1314 2663 1408 2683 omnes
1421 2663 1484 2682 mss.
1501 2661 1529 2682 ut
1543 2656 1569 2681 in
1579 2661 1674 2682 nostro

994 2727 1236 2764 Codd._Saugerm.
1260 2730 1286 2753 et
1310 2725 1438 2764 Gemetic.
1460 2724 1674 2764 r_tttiuistrisde-

890 2761 1019 2790 ferentes.
1036 2773 1045 2788 ι
1063 2762 1092 2789 Li
1104 2763 1137 2789 ›ι›.
1153 2761 1217 2789 editi
1235 2771 1242 2789 :
1259 2771 1268 2788 ι
1285 2761 1422 2797 mysteriis
1443 2761 1601 2797 referentes.
1624 2769 1633 2785 ι

925 2797 980 2833 (20)
1004 2799 1035 2824 In
1049 2798 1169 2824 uultibus.
1188 2798 1265 2824 Deest
1283 2794 1397 2824 in‘libb.
1418 2802 1497 2823 antea
1520 2796 1606 2827 editis,
1628 2794 1674 2822 sed

891 2839 1024 2868 reperitur
1039 2833 1065 2859 iu
1085 2832 1210 2859 omnibus
1228 2839 1293 2860 mss.

1480 2877 1517 2905 27
