1902 3052
249 102 301 130 845

982 99 1145 128 OBiGENlS

1805 111 1841 141 8H

248 163 356 191 obviam
370 162 478 191 Christo
491 162 518 190 in
536 169 611 194 aera,
625 165 652 188 et
669 161 705 188 ita
723 168 831 196 semper
840 168 902 196 cum
921 162 1035 190 Domino
1051 165 1073 192 Α
1088 163 1232 198 unicuique
1259 163 1378 191 fidelium
1403 168 1467 192 tttnc
1494 165 1611 199 primum
1633 165 1712 194 Jesus
1726 167 1843 202 exaliatur,

248 211 360 239 erimus.
371 219 384 236 ο
402 209 473 237 Nihil
490 208 600 236 omnino
610 208 732 243 estquod
747 212 847 236 metuat
857 209 957 243 justus,
973 216 1032 236 ont-

249 257 292 285 nis
304 257 329 283 ei
353 260 477 283 creatura
492 253 649 282 famulatur.
666 253 734 280 Audi
758 253 877 288 denique
896 254 1033 288 quomodo

242 303 329 331 {etiam
341 309 388 337 per
405 301 564 336 prophetam
587 299 722 334 promittit
743 299 767 326 ei
786 299 857 326 Deus
878 299 970 327 dicens
982 299 1004 315 ⁸³
1025 307 1032 326 :

251 359 258 374 ι
277 348 440 375 SHranseas
452 353 499 380 per
514 345 614 380 ignem,
625 345 730 372 ﬂamma
747 352 799 371 non
815 344 910 371 aduret
925 348 1033 379 tc.qno—

244 394 317 420 uiam
332 399 382 427 ego
394 391 525 418 Dominus
538 391 609 417 Deus
625 395 696 418 tuus.
717 399 726 416 ι
746 389 840 417 Omnis
855 389 936 424 igitur
957 390 1032 417 locus

244 437 358 473 suscipit
369 436 484 471 justum.
494 441 522 464 et
537 436 626 464 omnis
641 440 767 464 creatura
783 435 893 463 exhibet
907 434 1030 462 'debitum

245 483 413 511 famulatum.
426 481 459 509 Et
470 489 503 509 ne
521 481 661 509 existimes
677 480 732 517 (2f)
749 480 820 516 qttod
837 480 894 507 hazt:
909 480 935 507 in
957 480 1030 515 prio~

245 530 319 558 ribus
333 529 441 565 quidem
454 533 528 563 gesta
551 532 623 561 sunt,
640 528 666 554 in
680 532 706 554 te
721 534 784 554 vero
804 527 850 562 qui
870 533 941 553 nunc
955 526 1031 553 audi-

245 581 288 604 tor
304 576 401 603 horum
419 581 449 601 es
464 572 531 601 nihil
545 573 597 600 tale
610 577 720 607 geratur
734 580 742 600 :
760 571 849 598 omnia
862 571 1032 606 complentur

245 623 272 649 in
290 625 318 650 te
336 620 482 650 secundum
499 618 638 654 mysticam
653 617 795 644 rationem.
808 616 913 643 Etenim
941 620 967 642 tu
983 615 1029 650 qui

245 675 329 704 nuper
356 666 515 695 idololatria:
543 664 662 692 tenebris
684 662 822 690 derelictis
835 662 912 696 cupis
930 661 963 688 ad
983 668 1031 688 au-

243 714 372 744 dientiam
389 711 564 746 divinatlegis
578 711 719 742 accedere.
729 716 800 737 tntttc
816 709 931 744 primum
945 707 1030 743 Egy-

243 766 317 797 ptum
331 758 493 793 derelinquis
506 757 648 793 (2‘2).Cum
659 757 918 785 cateclttnnenorum
930 762 1028 790 aggre-

242 812 321 843 gatus
337 813 366 834 es
385 808 549 836 numero,et
562 803 702 837 praeceptis
716 801 915 829 Ecclesiasticis
935 808 1029 836 parere

1085 217 1146 236 cum
1163 210 1194 237 ad
1226 210 1381 245 mysterium
1403 211 1528 244 baptismi
1551 213 1782 249 pervenilnr(29),
1798 217 1842 250 quia

1085 255 1123 282 sic
1135 260 1161 282 et
1173 256 1304 290 scriptum
1322 260 1364 282 est
1379 255 1414 288 ⁸⁵,
1429 257 1500 290 quod
1518 267 1526 282 I
1550 258 1681 286 exaltavit
1693 259 1763 287 illum
1782 261 1842 294 Deus,

1084 305 1112 328 et
1126 301 1237 328 donavit
1253 301 1277 327 ei
1301 307 1411 333 nomen,
1429 302 1499 336 quod
1513 307 1555 329 est
1571 310 1653 337 super
1667 312 1744 332 omne
1759 313 1842 337 nomen.

1085 349 1113 371 Ill
1129 345 1153 371 in
1171 345 1279 372 nomine
1299 344 1361 373 Jesu
1387 354 1466 373 omne
1486 355 1555 382 genu
1580 348 1705 376 flectatur
1719 351 1843 379 ctelestium

1083 393 1110 417 et
1138 390 1304 417 terrestrium
1328 395 1356 418 et
1378 392 1556 420 infernorutn.
1577 403 1586 419 ι
1610 394 1792 424 Verumtamen
1808 405 1844 431 per

1083 436 1238 464 sacerdotes
1252 436 1393 464 deducitur
1407 438 1531 473 populus,
1544 445 1571 466 et
1588 440 1639 467 iter
1649 441 1705 476 agit
1717 442 1747 469 ad
1765 448 1842 471 terram

1084 483 1303 518 repromissionis
1325 485 1481 520 magisterio
1495 487 1679 515 sacerdotum.
1700 488 1733 515 Et
1745 489 1796 524 quis
1807 490 1843 517 ho-

1084 529 1127 556 die
1141 529 1167 556 in
1181 530 1366 558 sacerdotibus
1379 534 1467 558 tantus
1478 539 1510 559 ac
1527 532 1589 560 talis
1600 538 1651 565 est,
1665 534 1710 568 qui
1725 534 1749 561 in
1761 534 1799 562 ilio
1809 543 1842 562 or-

1082 574 1146 602 dine
1159 580 1296 603 mereatur
1312 576 1433 604 ascribi?
1446 577 1475 604 Si
1491 577 1564 604 enim
1576 578 1611 605 sit
1622 578 1721 613 aliquis
1737 580 1798 611 talis,
1808 588 1841 607 ce-

1084 620 1182 648 dentei
1199 621 1298 649 fluenta
1314 621 1369 658 (30)
1388 622 1525 655 Jordanis,
1541 627 1568 650 et
1589 623 1644 658 ipsa
1673 625 1795 652 elementa
1808 633 1841 651 ve-

1082 666 1224 699 rebuntur,
1240 673 1302 702 pars
1318 674 1449 703 aquarum
1463 667 1580 695 ﬂuminis
1594 673 1742 696 retrorsum
1754 669 1842 701 tesiltet.

1081 719 1113 738 ac
1129 717 1189 747 post
1211 716 1315 748 tergum
1330 714 1496 747 frenabitur,
1514 722 1577 748 pars
1596 722 1660 743 vero
1672 716 1700 742 in
1714 723 1783 743 mare
1803 716 1843 742 sal-

1080 764 1140 784 sum
1162 758 1255 793 rapido
1283 759 1359 794 lapsu
1383 759 1503 796 diﬂ'ugiet
1522 761 1588 796 (5i).
1604 761 1681 794 Quod
1707 766 1789 789 tamen
1806 769 1843 789 nec

1082 804 1166 838 ipsunt
1190 804 1292 840 absque
1317 805 1440 840 mysterii
1466 807 1571 834 ratione
1593 807 1712 834 arbitror
1725 807 1842 841 scriptum,

243 852 360 888 empisti,
375 851 513 886 digressus
535 856 565 876 es
582 855 657 875 mare
670 847 793 875 Rubrum
804 867 812 881 ,
828 851 856 874 et
878 847 904 874 in
926 846 1026 873 deserti
1044 836 1065 864 Β
1078 836 1149 883 quod
1164 857 1227 884 pars
1239 836 1372 885 aquarum
1388 851 1513 880 Jordanis
1531 857 1668 888 mergatur
1684 853 1711 879 in
1725 836 1800 885 mare,
1812 836 1844 879 at;

242 897 404 927 stationibus
417 895 532 930 positus,
548 893 582 921 ad
599 893 759 921 audiendam
773 892 819 919 Dei
833 892 928 926 legem,
943 897 970 918 et
986 891 1027 918 in-

243 944 371 973 tuendum
380 941 483 977 Moysis
496 940 598 968 Vultum
614 946 663 974 per
675 938 786 974 gloriam
803 937 908 966 Domini
923 937 1025 965 revela-

242 995 299 1019 tum
311 989 432 1025 quotidie
451 994 543 1015 vacas.
558 985 587 1013 Si
608 992 671 1012 vero
689 984 722 1012 ad
738 984 884 1019 mysticum
899 984 1025 1018 baptismi

241 1035 349 1062 veneris
368 1033 480 1066 fontem,
502 1036 530 1059 et
555 1030 723 1059 consistente
750 1028 911 1056 sacerdotali
929 1028 986 1063 (25)
999 1032 1026 1055 et

240 1079 361 1108 Levitico
382 1078 476 1105 ordine
491 1076 613 1104 initiatus
630 1075 713 1103 fueris
727 1073 950 1102 venerandisillis
966 1081 1024 1100 ma-

240 1126 398 1161 gnificisque
411 1122 603 1155 sacramentis,
621 1129 682 1157 quae
695 1125 794 1149 norunt
804 1121 842 1148 illi
859 1127 928 1155 quos
945 1127 1027 1148 nosse

240 1173 280 1199 f'as
290 1176 341 1203 est,
355 1175 420 1197 tunc
426 1169 508 1197 etiam
517 1167 687 1195 sacerdotum
698 1165 857 1194 ministeriis
865 1165 981 1193 Jordane
989 1165 1027 1193 di-

239 1224 334 1251 gresso
348 1221 446 1242 terram
460 1212 678 1248 repromissionis
689 1211 813 1244 intrabis,
826 1211 852 1238 in
865 1218 917 1245 qua
929 1215 956 1238 te
965 1214 1026 1246 post

239 1262 350 1297 Moysen
368 1259 423 1295 (Si)
439 1259 552 1294 suscipit
563 1257 643 1286 Iesus
658 1261 685 1285 et
697 1257 753 1292 ipse
771 1257 819 1284 tibi
835 1255 950 1284 efﬁcitur
962 1256 1024 1284 novi

240 1307 346 1336 itineris
360 1308 425 1334 dux.
437 1305 476 1332 Tu
494 1312 559 1332 vero
580 1307 716 1331 tantarum
734 1310 766 1330 ac
787 1301 879 1329 talium
895 1301 1024 1329 virtutum

240 1353 289 1380 Dei
314 1358 427 1383 memor,
443 1349 515 1385 quod
535 1348 583 1377 tibi
606 1355 682 1375 mare
706 1347 819 1374 divisum
837 1349 887 1379 est,
904 1350 933 1374 et
952 1345 1024 1380 quod

239 1405 307 1433 aqua
322 1396 441 1424 llutninis
455 1395 539 1428 stetit,
555 1400 703 1421 conversus
713 1392 747 1420 ad
758 1399 789 1419 ea
800 1392 874 1420 dices
882 1391 905 1408 ⁸⁵
915 1400 922 1418 :
933 1401 942 1418 ι
955 1391 1024 1425 Quid

239 1443 287 1471 tibi
301 1441 516 1476 est,tttare,quod
532 1439 680 1475 fugistilet
695 1444 722 1467 tu
735 1439 873 1472 Jordanis,
883 1439 945 1474 quia
959 1445 1024 1466 con-

241 1495 336 1518 versus
351 1495 381 1516 es
398 1486 567 1515 retrorsum?
579 1485 695 1519 Montes,
713 1485 776 1520 quid
792 1483 848 1521 (25)
868 1483 1023 1512 exsultastis

238 1535 308 1563 sicut
319 1533 431 1566 arietes,
449 1537 476 1560 et
497 1531 580 1560 colles
594 1530 665 1558 sicut
681 1516 742 1566 agni
756 1516 844 1558 oviuni
857 1530 868 1557 ?
888 1539 898 1556 ι
911 1529 965 1557 Sed
978 1536 1021 1557 re-
1036 1516 1057 1545 ο

238 1580 378 1616 spondebit
389 1579 436 1606 tibi
452 1585 541 1606 sermo
555 1577 662 1605 divinus
677 1581 705 1604 et
718 1576 802 1604 dicet:
819 1585 828 1602 ι
843 1576 864 1603 Α
882 1575 950 1603 facie
970 1575 1023 1604 Do-

238 1627 304 1656 mini
319 1630 450 1654 commota
466 1629 507 1652 est
517 1629 600 1656 terra,
615 1631 630 1650 a
644 1623 713 1650 faeie
726 1622 771 1650 Dei
784 1621 880 1654 Iacob,
898 1621 942 1657 qui
957 1629 1023 1650 con-

238 1673 318 1701 vertit
334 1676 436 1707 petram
461 1669 517 1706 (26)
533 1670 560 1696 in
588 1673 712 1704 stagnum
738 1675 824 1702 aquae,
838 1672 863 1694 et
881 1674 973 1702 rupem
993 1668 1020 1695 in

237 1720 324 1748 fontes
337 1723 480 1753 aquarum.
506 1725 514 1741 ι

271 1766 299 1795 2.
314 1764 420 1798 Ouanta
436 1767 497 1790 ante
507 1765 581 1798 gesta
594 1762 669 1789 sunt!
685 1759 757 1787 Mare
770 1758 890 1786 Rubrum
909 1758 1022 1794 pedibus

239 1812 384 1840 transitum
397 1814 449 1842 est,
467 1815 564 1836 manna
578 1807 612 1833 de
630 1806 700 1834 cmlo
719 1805 812 1833 datum
828 1810 881 1837 est,
893 1805 981 1833 fontes
994 1806 1020 1832 in

234 1864 326 1886 eremo
347 1855 459 1890 disrupti
473 1857 547 1886 sunt,
563 1853 606 1880 lex
633 1859 680 1887 per
695 1851 804 1886 Moysen
818 1851 879 1879 data
897 1855 939 1879 est
952 1850 1019 1886 (27),

235 1905 312 1939 signa
339 1907 366 1931 et
390 1900 511 1937 prodigia
538 1898 620 1927 multa
644 1899 672 1926 in
695 1905 787 1925 eremo
807 1902 882 1933 gesta
904 1901 978 1929 sunt,
994 1902 1021 1924 et

235 1957 368 1985 nusquam
382 1948 480 1976 dicitur
495 1946 629 1974 uallatus
642 1952 703 1973 esse
713 1945 803 1972 Jesus.
822 1943 871 1971 Ubi
889 1951 953 1971 vero
964 1942 1021 1970 Jor-

236 1996 314 2025 danis
330 1994 471 2025 transitur,
485 1993 521 2020 ibi
533 1991 631 2020 dicitur
645 1992 678 2018 ad
693 1990 784 2018 Jesum
795 1989 818 2005 ⁸⁵
830 1998 837 2016 :
853 1998 862 2014 ι
876 1989 903 2016 In
914 1989 964 2016 hac
977 1989 1021 2017 die

237 2042 337 2076 incipio
360 2037 491 2068 exaltare‘
505 2043 531 2066 te
557 2038 584 2066 in
610 2041 755 2073 conspectu
777 2035 879 2070 populi.
897 2045 906 2062 ι
928 2034 1020 2069 Neque

235 2089 306 2116 enim
320 2092 382 2115 ante
402 2086 558 2122 mysterium
582 2085 707 2120 baptismi
725 2083 859 2111 exaltatnr
871 2083 960 2115 Jesus,
971 2082 1018 2110 sed

236 2133 362 2162 exaltatio
376 2132 434 2168 ejus
448 2137 473 2160 et
495 2132 623 2160 exultatio
640 2132 666 2158 in
681 2137 826 2167 conspectu
846 2130 936 2166 populi
957 2130 1019 2157 inde

1078 903 1130 930 qtte
1142 896 1167 923 in
1181 897 1388 925 amaritudinem
1401 897 1525 933 proﬂuat,
1535 906 1597 934 pars
1609 906 1671 926 vero
1683 899 1710 926 in
1723 898 1843 926 dulcedine

1077 947 1243 976 perseveret.
1259 941 1286 970 Si
1304 943 1375 970 enim
1401 951 1494 972 omnes
1514 944 1559 979 qui
1578 944 1761 978 baptizantur,
1781 952 1842 971 acce-

1077 991 1149 1022 ptam
1162 988 1217 1024 (32)
1230 989 1348 1016 cwiestis
1366 991 1460 1025 gratia:
1483 990 1653 1018 dulcedinem
1673 991 1843 1022 custodirelll.

1082 1036 1110 1059 et
1127 1032 1216 1061 nullus
1236 1034 1262 1061 in
1284 1039 1458 1068 peccatorum
1477 1035 1685 1062 amaritudinem
1701 1040 1843 1065 verteretur.

1078 1084 1130 1104 non
1146 1077 1238 1111 utique
1259 1083 1332 1105 esset
1348 1078 1480 1113 scriptum
1496 1079 1558 1114 quia
1581 1087 1645 1114 pars
1662 1079 1777 1106 ﬂuminis
1793 1078 1843 1106 salsi

1077 1121 1161 1150 maris
1179 1122 1330 1157 gurgitibus
1350 1122 1444 1152 fuisset
1464 1124 1600 1152 immersa.
1615 1124 1647 1152 Et
1665 1124 1726 1152 ideo
1742 1124 1800 1151 mihi
1813 1123 1844 1150 vi-

1075 1167 1192 1195 deturin
1210 1168 1253 1196 his
1269 1169 1358 1197 verbis
1370 1169 1566 1205 baptizatornm
1579 1170 1698 1198 varietas
1715 1168 1843 1204 designari,

1075 1222 1155 1249 quam
1182 1214 1290 1249 quidem
1308 1222 1356 1242 nos
1374 1215 1456 1251 (quod
1469 1223 1530 1243 cum
1554 1216 1646 1244 dolore
1666 1215 1843 1250 commemoro)

1075 1268 1145 1295 sape
1164 1260 1287 1288 videmus
1306 1261 1442 1293 accidere,
1458 1265 1487 1288 ut
1502 1261 1529 1288 hi
1545 1262 1590 1296 qui
1603 1266 1728 1289 sanctum
1744 1261 1796 1296 (55)
1811 1261 1844 1286 ill-

1074 1306 1173 1341 ptisma
1198 1311 1409 1341 consequuntur,
1439 1314 1500 1334 cntn
1518 1314 1548 1334 se
1576 1314 1685 1334 rursum
1701 1307 1734 1334 ad
1754 1306 1842 1342 negotia

1075 1352 1166 1380 saeculi
1195 1357 1223 1380 et
1237 1352 1377 1380 illecebras
1397 1352 1536 1380 libidinum
1549 1353 1668 1385 tradunt,
1681 1358 1709 1380 et
1721 1360 1779 1380 cum
1793 1359 1843 1378 ava-

1076 1397 1147 1425 ritiae
1159 1397 1261 1425 salsum
1280 1397 1405 1432 poculum
1425 1398 1528 1428 bibunt,
1544 1397 1570 1424 in
1586 1405 1618 1425 ea
1637 1405 1769 1432 aqttarum
1782 1401 1843 1433 parte

1075 1442 1227 1470 formentur
1240 1441 1306 1478 (54),
1323 1449 1383 1476 quae
1398 1442 1424 1469 in
1443 1449 1519 1469 mare
1533 1441 1650 1476 proﬂuit,
1663 1447 1746 1477 atque
1762 1442 1787 1469 in
1799 1442 1842 1467 sal-

1076 1487 1114 1515 sis
1130 1487 1257 1515 lluctibus
1272 1488 1375 1522 deperit
1393 1496 1399 1514 :
1414 1494 1477 1522 pars
1494 1494 1560 1514 vero
1579 1486 1622 1514 illa
1641 1495 1703 1522 qua:
1727 1495 1785 1516 eum
1802 1491 1843 1513 ειη·

1074 1533 1178 1561 bilitate
1197 1538 1339 1568 permanet
1356 1537 1383 1560 et
1397 1533 1567 1560 dulcedinem
1582 1540 1658 1560 suain
1670 1539 1770 1564 servat.
1786 1532 1843 1559 des?-

1073 1583 1136 1613 gnet
1159 1585 1206 1606 eos
1223 1578 1269 1613 qui
1294 1582 1432 1612 acceptum
1450 1578 1495 1606 Dei
1514 1585 1611 1605 munus
1634 1577 1842 1606 indeclinabilitcr

1073 1630 1175 1653 tenent.
1189 1625 1222 1652 Et
1235 1629 1309 1652 recte
1320 1633 1372 1652 una
1394 1633 1458 1660 pars
1477 1629 1518 1652 est
1537 1632 1629 1652 eorum
1644 1625 1690 1659 qui
1707 1624 1841 1652 salvantur.

1073 1671 1135 1706 quia
1153 1676 1180 1699 et
1197 1671 1274 1706 panis
1299 1679 1368 1699 unus
1392 1676 1444 1703 est,
1469 1671 1513 1705 qui
1527 1671 1560 1698 de
1576 1670 1646 1698 eicio
1666 1669 1841 1701 descendit,ct

1073 1717 1119 1744 dat
1146 1716 1208 1744 huic
1231 1715 1332 1743 mundo
1357 1716 1452 1749 vitam,
1466 1720 1492 1742 et
1509 1716 1576 1743 fides
1589 1723 1640 1743 una
1654 1722 1709 1750 est,
1726 1721 1754 1744 et
1774 1721 1841 1742 unum

1072 1761 1216 1796 baptisma,
1232 1764 1261 1788 et
1285 1767 1355 1788 unus
1381 1760 1493 1795 spiritus
1509 1767 1562 1794 quo
1578 1767 1673 1788 omnes
1689 1758 1842 1795 potanturitt

1071 1808 1217 1843 baptismo,
1235 1811 1262 1835 et
1276 1813 1346 1834 unus
1360 1806 1430 1835 Deus
1441 1805 1523 1834 Pater
1541 1806 1674 1833 omnium.
1692 1805 1793 1833 interea
1807 1811 1843 1831 sa-

1071 1853 1215 1881 cerdotaiis
1240 1852 1308 1880 ordo
1328 1857 1370 1880 est
1388 1856 1414 1880 et
1435 1851 1583 1884 Le'viticus,
1604 1851 1650 1886 qui
1666 1852 1719 1879 iter
1733 1850 1841 1879 ostendat

1072 1898 1169 1934 populo
1186 1899 1242 1932 Dei,
1257 1899 1302 1934 qui
1318 1897 1427 1926 exiitde
1439 1898 1565 1933 Egypto.
1583 1898 1633 1933 ipsi
1644 1898 1719 1926 enim
1736 1894 1841 1929 suntqui

1071 1946 1186 1973 edocent
1209 1944 1336 1980 populum
1355 1944 1430 1971 exire
1452 1944 1484 1971 de
1506 1943 1638 1979 Egypto,
1657 1945 1692 1971 de
1719 1941 1841 1971 erroribus

1070 1991 1173 2020 scilicet
1189 1991 1293 2023 mundi,
1315 1995 1342 2017 et
1357 1990 1439 2026 506
1464 1990 1580 2017 transire
1597 1997 1645 2025 per
1668 1996 1788 2017 eremunt
1808 1994 1842 2013 va-

1070 2041 1160 2070 stam,
1192 2037 1219 2064 id
1236 2041 1276 2064 est
1300 2037 1478 2064 tentationum
1503 2043 1604 2072 genera
1631 2035 1741 2062 diversa
1769 2039 1842 2060 trans-

1070 2089 1199 2114 currere,
1225 2089 1314 2117 neque
1339 2082 1430 2109 noceri
1460 2089 1474 2109 ιι
1501 2081 1669 2115 serpentibus
1684 2101 1692 2113 ,
1717 2079 1762 2115 qui
1790 2079 1841 2105 sunt

1071 2136 1176 2157 morsus
1195 2130 1358 2162 daemonum,
1378 2133 1405 2156 et
1427 2127 1557 2155 malarum
1581 2127 1782 2163 suggestionum
1803 2131 1841 2150 ve-

236 2178 484 2207 sumitexordium.
499 2177 526 2205 Si
548 2178 619 2204 enint
635 2184 729 2205 omnes
741 2177 787 2212 qui
807 2177 977 2212 baptizantur
990 2176 1016 2203 itt
1034 2188 1055 2215 ι)
1071 2182 1137 2204 nena
1158 2175 1253 2202 vitare.
1275 2174 1350 2208 Quod
1372 2174 1394 2201 si
1418 2174 1515 2208 aliquis
1539 2173 1608 2200 forte
1631 2178 1777 2207 percussus
1795 2169 1841 2195 fue-

236 2223 344 2251 Christo
359 2222 426 2259 (κίε),
439 2223 466 2250 in
479 2227 567 2251 morte
581 2222 667 2257 ipsius
680 2221 864 2257 baptizantur,
882 2228 954 2249 mors
969 2229 1017 2248 att-

236 2275 290 2297 tem
305 2267 368 2297 Jesu
384 2269 411 2297 in
433 2268 523 2296 crucis
544 2267 711 2295 exaltatione
735 2266 894 2302 completur,
920 2267 1017 2294 merito

269 2328 292 2344 ⁸³
307 2326 367 2354 lsai.
385 2333 451 2359 sui,
463 2325 490 2358 2,
508 2325 536 2352 5.
572 2324 595 2341 ³⁵
610 2324 679 2352 i’sal.
695 2331 772 2357 cxttt,
794 2323 823 2356 5,
841 2323 868 2356 6,
884 2323 910 2356 7,
927 2324 954 2351 8.

270 2374 327 2410 (2|)
344 2374 436 2410 Codex
459 2372 653 2400 Gemcticensis
678 2376 705 2397 et
726 2378 795 2398 unus
819 2370 1012 2400 Ebroicensis:

237 2421 246 2436 ι
267 2413 338 2438 itane
349 2409 498 2436 existimas.
516 2417 525 2433 ι

269 2446 325 2481 (22)
344 2443 475 2481 Gemetic.
492 2452 501 2468 ι
519 2441 693 2481 dereliquisti.
712 2450 720 2466 ι

269 2475 325 2515 (25)
347 2479 418 2507 Idem
430 2486 500 2515 cuin
506 2485 559 2515 uno
579 2475 733 2515 Ebroiccnsi
751 2484 779 2515 τ’]
794 2475 924 2503 confitens
941 2483 955 2502 a
967 2483 1015 2515 ρει-

233 2510 372 2546 cerdoiali.
392 2524 401 2540 ι
418 2518 470 2542 etc.
487 2512 570 2540 Paulo
581 2517 640 2547 post
664 2511 742 2538 codd.
756 2510 896 2547 Sangertn.
917 2515 945 2538 et
963 2510 1017 2547 Ge:

235 2552 325 2578 ntetic.
342 2558 352 2575 ι
374 2550 412 2577 illi
425 2557 492 2584 quos
509 2545 589 2575 nosse
610 2546 652 2574 fas
663 2551 715 2573 est.
729 2553 740 2571 ι
755 2545 832 2572 Libb.
849 2545 912 2573 editi
927 2554 934 2572 :
949 2555 958 2572 ι
978 2546 1015 2572 illi

234 2587 332 2620 quibus
349 2591 427 2612 nosse
442 2584 481 2611 fas
493 2588 544 2620 est.
558 2592 573 2620 Δι

269 2621 324 2655 (‘24)
346 2620 421 2649 Mss..
436 2629 445 2645 ι
466 2618 587 2655 suscipit.
608 2626 617 2643 ι
635 2616 792 2655 i._ib|t._edi_ti
810 2623 845 2655 τι.
859 2616 986 2655 suscepit.
1003 2625 1012 2641 ι

268 2651 324 2689 (25)
346 2655 406 2685 Ms,
423 2651 556 2681 Getnctic.
572 2661 580 2677 ι
597 2652 694 2689 quid.)
714 2651 883 2689 Libb.}:diti:
896 2661 904 2676 ι
922 2651 1014 2689 quia.»

267 2685 323 2724 (26')
342 2690 476 2716 Gemctic.
501 2693 528 2715 et
555 2685 624 2713 unus
652 2686 846 2713 Ebroiccnsis:
870 2695 878 2711 ι
903 2685 1014 2713 solidam

245 2729 347 2751 tetram.
367 2733 376 2748 ι

234 2731 347 2757 petram.
367 2733 376 2748 ι

346 2758 487 2796 Sattgertn.
504 2757 586 2796 «data
603 2762 653 2795 est.
667 2766 683 2796 ιι

269 2789 325 2855 £18)
348 2793 379 2818 ἔνι
396 2789 508 2818 Christo.
523 2792 600 2818 Deest
621 2791 646 2816 in
667 2791 742 2817 libris
761 2795 838 2817 antea
854 2790 946 2818 editis.
962 2789 1015 2817 Sed

234 2828 267 2855 ha
289 2833 347 2855 ctur
364 2827 391 2853 in
405 2827 498 2854 codice
508 2826 700 2854 Gentcticensi.

244 2833 347 2855 ιςιυειυι
364 2835 391 2853 Ill
405 2833 498 2854 COUICE
508 2833 700 2854 ωξιιιοιιρριιδι.

1072 2221 1107 2248 rit
1124 2221 1151 2248 in
1174 2227 1265 2248 eremo
1279 2227 1294 2247 a
1314 2224 1457 2254 serpente,
1479 2223 1510 2246 ut
1535 2217 1681 2246 ostendant
1705 2217 1731 2245 ei
1754 2220 1841 2243 aereum

1071 2272 1222 2303 serpentem
1245 2266 1314 2302 (35)
1330 2266 1356 2294 in
1384 2273 1465 2293 cruce
1489 2272 1649 2300 suspensum
1672 2271 1682 2290 :
1705 2270 1783 2299 quem
1804 2259 1841 2294 qui

999 2323 1020 2339 θη
1034 2323 1090 2351 Jos.
1102 2330 1142 2357 ιιι,
1155 2322 1182 2350 9.
1219 2322 1242 2338 οε
1259 2321 1356 2356 Philip.
1368 2329 1399 2353 ιι,
1414 2321 1441 2352 9,
1456 2320 1498 2348 to.

1101 2369 1158 2410 (g9)
1178 2368 1254 2401 Mss.,
1270 2377 1279 2393 ι
1299 2368 1464 2403 pervenitur.
1490 2375 1500 2392 ι
1519 2365 1598 2394 Libb.
1621 2365 1686 2394 editi
1703 2375 1710 2393 :
1728 2374 1738 2392 ι
1757 2370 1841 2400 perve-

1066 2409 1146 2431 nertt.
1157 2413 1166 2430 ι

1101 2438 1163 2474 (50)
1185 2438 1326 2474 Sangcrnt.
1343 2443 1370 2465 et
1387 2435 1646 2474 unusdEbroicensis
1660 2444 1695 2474 ξ]
1716 2434 1820 2462 ﬂuenta.
1831 2441 1839 2456 ι

1102 2470 1158 2507 (Si)
1178 2470 1310 2501 Gemetic.
1326 2478 1353 2500 ct
1367 2480 1437 2499 unus
1455 2472 1565 2507 Ehroic.
1587 2479 1596 2496 ι
1609 2470 1734 2507 desiliet.
1752 2479 1762 2496 I

1101 2506 1157 2543 (5‘2)
1179 2508 1258 2536 Iidem
1277 2517 1286 2532 ι
1301 2512 1450 2541 acceptant.
1463 2506 1557 2543 LLibb.
1572 2506 1655 2543 editi:
1676 2514 1686 2531 ι
1699 2509 1814 2538 accepta.
1830 2511 1839 2527 ι

1102 2541 1159 2579 (55)
1179 2544 1321 2579 Sangertn.
1339 2547 1367 2569 et
1381 2549 1451 2579 unus
1466 2541 1635 2579 Ebroicensis
1646 2548 1654 2568 :
1665 2544 1820 2579 t_sattottttn.
1830 2545 1838 2560 ι

1067 2575 1223 2605 Ιιὶιὶὺίθάἰιί
1238 2575 1249 2603 ἷ
1263 2586 1273 2603 ε
1291 2577 1448 2605 secundant.
1469 2587 1477 2603 ι
1497 2576 1579 2603 i’aulo
1597 2579 1658 2610 post
1684 2575 1760 2610 idem
1771 2579 1839 2610 ιιιεξςι

1064 2613 1220 2676 lt)_ili'iﬂtleill‘it
1239 2613 1390 2640 libidinum.
1410 2621 1419 2638 ι
1438 2611 1515 2640 Libb.
1536 2606 1625 2639 editi:
1647 2620 1656 2636 ι
1674 2609 1800 2637 illecebrn
1815 2606 1840 2632 li-

1085 2656 1172 2676 Itilils.
1192 2661 1201 2673 .

1085 2649 1172 2676 idinis.
1192 2661 1201 2673 Ι

1099 2675 1159 2718 (54)
1177 2683 1251 2714 Mss,
1268 2691 1277 2708 ι
1297 2682 1455 2718 formentur.
1469 2691 1486 2718 Dr
1496 2681 1527 2707 Et
1538 2680 1617 2718 paulo
1628 2684 1688 2715 post
1702 2689 1712 2705 ς
1731 2679 1758 2706 ἱιι
1773 2675 1841 2718 salsis

1063 2711 1188 2746 fluctibus
1212 2711 1324 2751 deperit.
1347 2716 1426 2743 Libb.
1456 2717 1518 2742 (‘tllli
1538 2711 1691 2750 ﬁrmentur,
1716 2719 1745 2742 et
1771 2711 1839 2747 paulo

1065 2759 1124 2788 post
1141 2755 1166 2780 in
1181 2754 1259 2780 salsis
1272 2753 1393 2786 ﬂuctibus
1404 2751 1508 2786 difﬂuit.

1099 2789 1156 2822 (55)
1178 2789 1251 2818 Mss.
1272 2782 1282 2812 ἰ
1307 2794 1406 2813 mreutn
1429 2782 1591 2822 serpentem.
1617 2795 1626 2811 ι
1654 2785 1734 2812 Libb.
1763 2782 1840 2811 editi:

1051 2831 1184 2851 teretnum
1196 2828 1359 2856 serpentem,
1377 2831 1386 2847 ι
1406 2821 1486 2848 male.
