1902 3052
205 135 256 163 817

949 132 1111 160 ORIGENIS

1791 133 1840 160 MS

204 194 416 230 Jesu~httptizati
442 197 506 221 sunt
525 193 550 221 in
571 191 707 220 Iordane:
728 191 764 219 ita
787 196 817 219 ut
840 199 872 219 ea
891 199 952 227 quae
971 193 997 219 in
1013 194 1036 222 Α
1051 182 1133 219 Vides
1148 198 1214 226 ergo
1237 190 1300 225 quia
1326 189 1424 217 Paulus
1448 190 1588 217 accinctos
1611 189 1687 217 novit
1712 197 1770 222 cos,
1799 192 1841 226 qni

205 239 324 269 Iordane
343 246 419 276 gesta
437 239 603 272 referuntur,
628 238 742 267 formam
768 243 878 266 teneant
901 246 996 266 sacra-

205 287 299 320 menti,
314 287 384 321 quod
400 293 449 320 per
474 285 637 320 baptismum
662 285 826 313 celebratur.
845 285 911 313 lllud
931 293 995 313 vero

204 333 275 367 quod
291 332 420 365 scriptum
434 335 476 358 est
488 330 511 347 ⁸⁸
529 339 536 357 :
553 340 563 356 ‹
581 331 614 358 Et
622 329 766 358 ‘l'estiuavit
779 331 893 365 populus
908 336 996 359 trans-

204 377 245 405 ire
263 377 319 412 (46)
335 376 492 410 Jordauem,
509 381 536 404 et
555 376 654 404 factum
670 380 711 404 est
726 384 787 404 cum
803 377 997 411 pertransisset

203 423 291 450 outttis
303 423 426 458 populus,
438 423 546 450 transiit
557 427 585 450 et
598 430 662 450 area
674 423 829 451 testamenti
846 423 962 457 Domini,
983 433 992 451 ι

203 476 257 496 non
273 468 338 496 mitti
353 469 440 497 otiose
462 468 584 496 additum
606 469 714 497 videtur
733 477 748 496 a
775 469 877 504 Spiritu
901 475 996 497 sancto

201 515 273 550 quod
288 515 359 543 dixit
373 516 436 550 quia
450 516 589 544 festinavit
606 516 722 552 populus
738 517 863 544 transire.
875 517 955 545 Unde
970 522 997 546 et

201 567 253 595 ego
270 561 399 592 arbitror,
413 562 476 596 quia
495 562 574 590 nobis
586 569 695 597 quoque
710 563 882 590 venientibus
898 564 931 589 ad
949 563 996 590 ha-

203 606 332 639 ptismum
356 606 518 638 saluta-rem,
546 612 574 635 et
594 607 804 642 suscipientibus
824 613 996 636 sacramenta

204 651 279 678 verbi
308 651 366 683 Dei,
391 659 445 678 non
476 652 563 680 otiose
591 659 641 680 nec
668 652 790 688 segniter
809 660 852 680 res
877 654 994 688 gerenda

202 701 244 724 est
255 697 321 733 (47),
334 697 381 725 sed
393 697 577 725 festinandum
589 703 631 726 est
646 702 673 725 et
684 698 884 733 pet-urgendum
899 706 996 733 usque-

202 751 257 779 quo
274 744 365 771 omnia
383 749 564 772 transeamus.
580 743 711 772 Transire
733 745 805 772 enim
821 744 924 778 omnia,
944 745 995 772 im-

204 791 279 825 plere
294 795 336 818 est
353 791 445 818 omnia
466 798 526 826 qua:
544 792 721 819 mandantur.
740 790 911 818 chtiuemus
932 799 996 826 ergo

204 838 331 870 transire,
359 838 384 865 id
409 841 452 865 est
479 838 628 872 adimplere
656 837 744 872 primo
768 837 839 872 quod
865 837 995 871 Scriptum

204 885 244 908 est
261 881 319 916 (48)
333 889 341 908 '.
358 890 368 907 ι
391 881 466 908 Beati
485 889 616 916 pauperes
634 881 731 916 spiritu
744 881 784 914 '5;

202 927 278 954 omni
291 927 457 962 arrogantia,
470 932 498 955 et
510 927 610 955 Cltristi
627 928 781 955 humilitate
794 932 920 963 suscepta
936 936 997 963 per-

206 974 297 1001 venire
325 974 359 1002 ad
389 974 583 1010 repromissam
611 974 806 1002 beatitudinem
831 982 994 1003 mereatnur.

204 1020 257 1048 Sed
271 1025 298 1048 et
312 1028 374 1048 cum
391 1021 448 1048 hzec
470 1020 684 1055 impleverimus,
698 1028 751 1048 non
774 1020 853 1048 nobis
869 1022 995 1048 standuttt

201 1071 242 1094 est
265 1074 353 1102 neque
370 1066 545 1098 ceSsandum,
562 1067 610 1094 sed
630 1066 796 1094 transeunda
812 1072 875 1094 sunt
895 1072 924 1094 ct
944 1074 997 1094 cat-

202 1117 261 1140 tera
273 1121 333 1147 qua:
347 1118 510 1148 sequuntur,
525 1117 554 1140 ttt
566 1113 721 1140 esuriamus
738 1117 765 1140 ct
781 1113 905 1141 sitiamus
915 1113 996 1147 justi-

202 1158 279 1186 tiam.
297 1157 505 1185 Transeundum
524 1158 601 1186 nobis
618 1163 660 1186 est
679 1159 750 1193 quod
772 1159 906 1193 sequitur,
922 1164 952 1186 ut
969 1160 994 1186 itt

203 1204 255 1231 hoc
267 1203 367 1231 mttndo
379 1203 531 1238 lugeamus.
544 1204 606 1231 Cito
617 1204 699 1232 etiam
714 1204 816 1239 reliqua
831 1205 994 1233 transeunda

203 1254 278 1281 sunt,
296 1254 326 1276 ut
346 1250 477 1277 mansueti
497 1249 656 1282 efﬁciamur,
668 1255 695 1278 et
713 1255 742 1277 ut
765 1252 870 1285 pacilici
886 1259 996 1280 manea-

204 1303 275 1328 mus,
290 1301 315 1322 nt
333 1303 382 1330 per
399 1296 451 1323 hoc
464 1296 509 1323 ﬁlii
523 1297 568 1324 Dei
583 1297 672 1324 vocari
690 1297 835 1332 possimus.
853 1297 997 1326 Festinant-

203 1342 266 1368 dutn
280 1348 388 1376 quoque
399 1342 477 1370 nobis
489 1347 541 1375 est,
557 1348 586 1370 ut
599 1343 816 1377 persecutionum
833 1344 996 1379 (49)tempus

203 1386 305 1414 virtute
318 1387 456 1421 patientia:
472 1391 655 1415 transeamus.
671 1389 794 1423 Cumque
811 1390 868 1418 haec
890 1391 995 1425 singula

203 1438 263 1465 quae
278 1431 311 1458 ad
328 1431 438 1459 virtutis
460 1431 574 1467 gloriam
591 1437 723 1467 spectant,
740 1442 793 1462 non
813 1436 932 1468 segniter
948 1444 996 1464 nec

203 1477 386 1509 remissc,sed
405 1486 466 1505 cunt
483 1478 555 1506 onttti
572 1478 698 1506 instantia
721 1485 748 1507 ct
773 1481 913 1509 celeritate
931 1490 996 1510 ron-

202 1523 377 1558 quisierimus
394 1523 462 1560 (50),
479 1525 531 1552 hoc
549 1525 614 1552 mihi
631 1526 737 1552 videtur
761 1533 822 1554 esse
841 1534 902 1554 eum
920 1528 995 1556 festi-

203 1570 313 1597 natione
329 1571 447 1598 transire
461 1570 618 1598 Jordanem.
631 1571 697 1599 Cutn
716 1580 781 1600 vero
796 1575 995 1609 transierimus,

202 1621 231 1643 et
243 1616 368 1643 obtinere
383 1617 551 1651 potuerimus
567 1625 625 1652 quae
639 1618 762 1646 obtinere
780 1619 922 1654 debemus,
937 1630 996 1649 rur-

202 1669 264 1689 sum
281 1662 358 1690 nobis
372 1662 517 1697 diligentiae
540 1669 568 1691 et
595 1664 708 1692 cautelae
725 1672 789 1692 cura
813 1668 944 1700 succedit,
964 1675 997 1695 uc

203 1708 274 1736 forte
292 1709 471 1745 negligentius
492 1710 658 1745 incedentes,
674 1711 822 1747 improviso
845 1713 936 1748 aliquo
957 1714 997 1741 la-

203 1762 254 1789 psu
271 1754 444 1783 clfundantur
463 1764 572 1791 gressus
595 1757 700 1790 nostri,
728 1758 799 1786 sicut
818 1763 846 1786 et
863 1759 995 1794 Propheta

204 1801 271 1829 dicit
283 1801 306 1817 ⁵⁶
323 1810 330 1829 :
348 1811 357 1829 ι
375 1801 550 1831 Paulomiuus
572 1803 649 1832 elfusi
681 1809 745 1832 sunt
770 1812 880 1839 gressus
901 1808 964 1834 mei.
984 1816 993 1833 ι

203 1845 259 1874 Nec
287 1847 426 1876 remissior
451 1849 530 1877 nobis
552 1848 707 1877 sollicitudo
731 1849 757 1876 in
782 1852 994 1884 conservandis,

204 1899 284 1927 quant
302 1893 328 1920 itt
346 1894 540 1928 conqttirendis
554 1894 633 1922 debet
645 1902 707 1922 esse
722 1895 880 1926 virtutibus.

238 1938 266 1966 2.
280 1939 321 1966 An
339 1947 391 1967 ttoo
407 1940 463 1968 haec
483 1940 531 1968 tibi
545 1941 681 1977 designari
697 1941 823 1969 videntur
836 1943 862 1969 itt
880 1950 912 1970 eo
924 1944 995 1978 qttod

204 1985 303 2012 dicitur
316 1985 350 2019 ’7,
364 1987 427 2021 quia
443 1996 452 2012 ε
472 1988 652 2022 quadraginta
669 1987 752 2015 millia
770 1989 887 2016 virorum
905 1990 996 2017 accin-

204 2029 251 2063 eti,
275 2039 285 2057 ι
303 2032 344 2058 vcl
360 2040 370 2057 ι
388 2033 505 2067 expediti
521 2034 688 2061 transierunt
704 2034 738 2061 ad
751 2042 869 2070 pugnant
887 2035 914 2063 in
930 2043 995 2064 cou-

205 2081 299 2109 spectu
311 2077 416 2105 Domini
427 2079 460 2105 ad
474 2080 678 2114 expugnandam
690 2079 801 2108 Jericho
812 2081 967 2109 civitatem?
982 2091 991 2108 ι

205 2123 385 2158 ltequirautus
398 2125 444 2160 qui
460 2126 504 2153 isti
528 2131 603 2169 sunt,
618 2135 687 2163 qttos
710 2127 851 2161 Scriptura
864 2128 930 2156 dicit
949 2136 995 2157 ac-

203 2168 309 2197 cinctos
326 2169 368 2196 vel
392 2171 544 2205 expeditos.
568 2171 624 2207 Ego
645 2180 677 2200 ex
702 2171 805 2207 uteipso
829 2180 995 2207 prmsumere

1050 237 1188 272 przecincti
1205 241 1268 264 sunt
1292 236 1400 270 cingulo
1422 237 1554 264 veritatis.
1580 236 1666 271 Igitur
1685 238 1769 263 etiam
1795 245 1842 263 no-

1051 287 1136 309 strunt
1153 290 1213 310 esse
1223 282 1358 316 cingulum
1368 282 1467 309 veritas
1476 283 1564 316 debet,
1580 283 1602 310 si
1617 287 1708 310 tamen
1721 290 1843 310 servave-

1050 329 1136 356 rimus
1162 329 1266 357 militia:
1296 330 1377 365 hujus
1401 335 1428 357 et
1452 330 1552 365 cinguli
1576 334 1793 357 sacramentum.
1815 329 1841 355 Si

1051 376 1124 403 enint
1140 376 1241 403 veritas
1255 380 1298 404 est
1316 376 1453 412 cingulum
1466 381 1594 404 nostrum
1615 382 1669 410 quo
1692 375 1726 401 ad
1743 375 1842 401 Christi

1050 422 1174 449 militiam
1198 422 1346 459 cingimur,
1359 423 1381 450 si
1395 421 1503 457 quando
1530 421 1628 449 falsum
1654 421 1804 455 loquimur,
1819 426 1843 447 ct

1050 469 1223 496 mendacium
1246 469 1279 496 de
1307 476 1355 496 ore
1381 471 1476 496 nostro
1502 467 1645 503 procedit,
1667 467 1843 502 discingimur

1050 521 1065 541 a
1090 514 1184 542 militia
1207 514 1330 546 Christi,
1353 518 1380 541 et
1403 513 1494 542 balteo
1520 514 1644 541 veritatis
1665 513 1841 541 exsolvimttr.

1051 559 1120 594 Ergo
1137 559 1159 587 si
1178 560 1204 586 in
1222 559 1338 587 veritate
1355 566 1465 591 sumus,
1489 566 1583 586 sumus
1606 559 1688 587 cincti
1707 569 1714 587 :
1734 559 1757 586 si
1782 566 1843 584 vero

1050 605 1078 632 in
1094 605 1224 638 falsitate,
1240 605 1378 633 discincti.
1390 605 1444 633 Sed
1457 612 1507 633 nos
1523 606 1661 633 imitemur
1676 605 1766 640 potius
1779 605 1843 631 istos

1050 650 1231 685 quadraginta
1247 651 1330 678 millia
1347 652 1420 681 viros
1435 654 1574 681 accinctos
1590 652 1771 687 procedentes
1787 651 1842 684 (5|)

1050 697 1083 723 ad
1100 697 1199 724 bellum
1215 696 1242 723 itt
1261 702 1406 731 conspectu
1421 699 1538 731 Domini,
1554 703 1581 726 ct
1597 705 1705 733 semper
1718 698 1805 724 simus
1819 697 1842 723 iu

1050 743 1164 770 veritate
1184 743 1329 771 succittcti.
1345 744 1397 771 Sed
1415 752 1448 772 tte
1469 745 1532 772 illud
1551 745 1658 779 quidem
1674 745 1764 771 otiose
1778 751 1843 778 prm-

1051 793 1125 815 tcrco
1151 788 1222 822 quod
1248 789 1322 815 addit
1343 789 1495 827 Scriptura,
1519 789 1582 824 quia
1608 788 1725 816 accincti
1751 795 1844 821 procc-

1050 833 1117 860 duttt
1130 833 1186 869 (52)
1204 833 1229 860 in
1242 839 1388 868 conspectu
1405 834 1521 861 Dontini.
1539 834 1596 861 Non
1614 834 1686 861 enim
1707 832 1807 866 sttﬂicit
1822 838 1844 859 tr

805 889 814 906 ι
828 886 857 908 ut
871 882 994 916 deposita
1011 879 1032 905 Β
1047 881 1119 915 apttd
1142 881 1263 908 homines
1281 881 1366 908 videri
1397 888 1508 908 scrvare
1531 881 1685 907 veritatem.
1711 879 1845 906 Possibile

1049 935 1165 962 namque
1176 932 1216 955 est
1233 927 1327 954 fallere
1349 927 1482 959 homines,
1495 931 1521 954 et
1543 933 1667 954 veraceut
1685 925 1785 956 videri,
1801 925 1845 952 sed

1049 981 1103 1000 uott
1119 980 1151 1000 ex
1166 980 1199 1000 eo
1214 972 1243 999 itt
1258 972 1374 999 veritate
1389 972 1546 999 succinctus
1566 979 1605 1004 es,
1628 971 1681 998 nisi
1695 971 1764 998 etin
1782 978 1846 996 enn-

1048 1025 1140 1054 spectu
1171 1019 1278 1046 Dontini
1302 1019 1456 1046 servaveris
1483 1019 1638 1049 veritatem,
1663 1017 1689 1043 id
1713 1022 1767 1048 cst,
1792 1025 1846 1043 ιιοη

1047 1067 1136 1094 solum
1154 1075 1214 1101 qua:
1227 1074 1294 1094 voee
1312 1067 1435 1094 homines
1452 1067 1577 1099 audiunt,
1589 1066 1636 1092 scd
1652 1069 1680 1092 et
1694 1071 1726 1091 ea
1741 1072 1807 1099 qure
1821 1064 1846 1090 in

1047 1113 1131 1140 corde
1145 1113 1273 1147 perspicit
1288 1113 1370 1145 Deus,
1387 1117 1416 1140 ut
1431 1113 1497 1140 nihil
1513 1113 1548 1140 sit
1567 1113 1593 1139 in
1608 1111 1691 1139 corde
1709 1111 1847 1142 fucatunt,

1049 1160 1199 1187 secundum
1223 1161 1294 1195 quod
1312 1159 1446 1194 Propheta
1461 1159 1526 1187 dicit
1542 1162 1575 1186 de
1595 1158 1694 1186 talibus
1704 1158 1749 1184 ’9;
1768 1167 1778 1183 ι
1797 1157 1848 1191 Qui

1047 1206 1193 1240 loquuntur
1220 1213 1314 1240 pacem
1338 1214 1400 1234 cum
1427 1206 1550 1240 proximo
1568 1213 1627 1236 suo,
1652 1204 1724 1231 mala
1753 1209 1847 1231 autem

1047 1256 1109 1279 sunt
1124 1252 1149 1278 in
1166 1252 1295 1280 cordibus
1306 1260 1410 1280 eorum.
1430 1262 1438 1278 ι
1454 1252 1563 1287 Absque
1578 1251 1620 1278 his
1633 1258 1699 1285 ergo
1717 1251 1850 1278 omnibus

1047 1305 1107 1325 esse
1124 1297 1205 1325 debet
1216 1299 1261 1332 qui
1280 1298 1337 1325 vult
1359 1298 1500 1325 accinctus
1524 1297 1551 1324 in
1569 1300 1716 1331 conspectu
1738 1296 1849 1323 Domini

1048 1345 1194 1378 procedece
1217 1345 1249 1371 ad
1272 1344 1480 1380 expugnandam
1505 1343 1632 1375 Jericho,
1660 1343 1726 1377 quia
1754 1348 1850 1370 trans-

1049 1394 1143 1417 etttttes
1159 1389 1306 1418 Iordanem
1323 1390 1434 1417 ﬂuvium
1450 1390 1483 1416 ad
1501 1397 1606 1425 pugnas
1620 1394 1646 1416 et
1667 1389 1740 1416 bella
1759 1394 1852 1415 trans-

1048 1436 1129 1464 imus.
1147 1436 1195 1464 Vis
1211 1437 1308 1464 iterum
1326 1437 1432 1464 discere
1447 1444 1507 1471 qua:
1527 1443 1576 1463 nos
1601 1443 1698 1470 pugnae
1719 1440 1784 1470 post
1805 1435 1852 1462 ba-

1048 1483 1188 1516 ptismum,
1208 1490 1268 1517 quat
1283 1482 1354 1510 bella
1374 1482 1542 1517 suscipiunt?
1557 1481 1614 1509 Noli
1637 1489 1651 1507 a
1668 1489 1723 1511 me.
1747 1482 1798 1508 sed
1819 1482 1852 1508 ab

1049 1529 1107 1563 ipso
1122 1535 1215 1556 rursus
1229 1528 1304 1555 disce
1328 1528 1448 1562 apostolo
1472 1527 1566 1560 Paulo,
1583 1527 1640 1562 ipse
1657 1531 1685 1553 te
1705 1527 1791 1554 docet
1810 1527 1853 1553 di-

1049 1581 1114 1601 cens
1127 1575 1134 1589 ‘
1152 1585 1158 1601 :
1176 1584 1185 1600 ι
1206 1574 1262 1602 Νοη
1277 1575 1349 1602 enim
1369 1573 1446 1601 nobis
1461 1582 1551 1609 pugna
1575 1578 1616 1600 est
1636 1573 1770 1601 adversus
1789 1582 1853 1601 car-

1049 1628 1110 1647 nem
1125 1626 1152 1648 et
1171 1621 1342 1655 sanguinem,
1358 1620 1406 1647 sed
1421 1620 1550 1646 adversus
1565 1619 1737 1654 principatus
1757 1625 1788 1646 et
1805 1621 1855 1646 ad-

1049 1675 1143 1694 versus
1163 1671 1322 1701 potestates,
1347 1667 1478 1693 adversus
1502 1665 1580 1700 hujus
1604 1665 1696 1692 utundi
1723 1671 1854 1693 rectores

1050 1713 1222 1740 tenebrarum
1242 1713 1349 1744 harant,
1365 1712 1494 1740 adversus
1515 1711 1646 1746 spiritalia
1671 1712 1808 1746 nequitiae
1826 1713 1854 1739 in

1048 1759 1214 1788 celestibus.
1230 1768 1240 1785 ›
1251 1759 1355 1786 Forma:
1367 1763 1428 1786 suttt
1440 1763 1467 1785 et
1480 1758 1573 1792 ﬁgura:
1583 1765 1643 1793 qua:
1653 1758 1758 1792 scripta
1772 1765 1851 1785 sunt.

1048 1806 1086 1833 lta
1105 1806 1177 1833 enim
1196 1805 1263 1832 dicit
1277 1804 1423 1839 Apostolus
1435 1805 1445 1820 '
1463 1811 1470 1831 :
1487 1814 1496 1830 (
1515 1804 1577 1832 ﬂare
1599 1804 1672 1831 eniut
1702 1805 1800 1831 omnia
1825 1806 1853 1830 in

1048 1853 1135 1888 ﬁgura
1159 1852 1352 1887 contingebant
1379 1851 1449 1878 illis:
1464 1851 1566 1885 scripta
1585 1856 1648 1877 sunt
1668 1855 1761 1878 autem
1784 1858 1853 1885 pro-

1047 1904 1107 1933 pter
1128 1907 1177 1926 nos
1204 1899 1270 1933 (55),
1299 1899 1324 1925 in
1347 1905 1416 1933 quos
1445 1898 1511 1925 lines
1533 1897 1693 1925 surculorum
1728 1899 1853 1927 devene‘

1048 1951 1121 1972 runt.
1145 1954 1154 1970 ι
1171 1945 1200 1971 Si
1214 1952 1278 1979 ergo
1294 1949 1404 1978 propter
1422 1952 1470 1971 nos
1493 1943 1594 1977 scripta
1617 1948 1692 1975 sunt,
1707 1951 1760 1979 age
1782 1945 1852 1978 quid

1047 1992 1157 2019 cessas?
1178 1991 1313 2018 Exeatuus
1327 1991 1359 2016 ad
1378 1990 1489 2021 bellum,
1505 1994 1533 2016 ιιι
1547 1994 1717 2024 expugnetur
1731 1998 1746 2016 a
1768 1992 1850 2017 nobis

1046 2037 1143 2065 civitas
1159 2037 1238 2071 hujus
1254 2036 1347 2064 mundi
1361 2035 1469 2063 malitia:
1484 2035 1552 2071 (54),
1566 2040 1595 2061 ttt
1611 2036 1714 2069 peccati
1727 2037 1851 2070 superba

1047 2083 1146 2111 mantia
1166 2083 1349 2111 destruantur.
1367 2081 1560 2115 Circutnspieis
1576 2081 1645 2108 forte
1659 2089 1716 2116 quo
1730 2083 1784 2109 tibi
1802 2083 1849 2109 iti-

1047 2137 1112 2157 nere
1128 2129 1354 2164 progrediendum
1371 2129 1416 2159 sit.
1430 2128 1475 2163 qui
1493 2136 1604 2162 campus
1618 2128 1783 2155 certaminis
1799 2137 1851 2156 ex-

1046 2176 1188 2210 petendus.
1205 2175 1309 2202 Novum
1327 2174 1374 2201 tibi
1386 2174 1504 2202 fortasse
1515 2174 1651 2201 videbitur
1665 2174 1742 2207 quod
1759 2175 1851 2201 dictu-

206 2216 308 2250 aliquid
325 2221 354 2243 et
375 2218 553 2252 pronuntiare
576 2226 628 2246 non
654 2219 751 2247 audeo.
766 2219 888 2253 Apostoli
908 2221 994 2255 magis
1010 2227 1032 2254 D
1047 2229 1092 2249 rtts
1105 2229 1175 2255 sum,
1191 2221 1238 2249 sed
1256 2226 1345 2248 tamen
1363 2229 1458 2249 verum
1480 2225 1532 2253 est,
1552 2225 1651 2254 prmter
1667 2221 1850 2256 temetipsum

206 2260 303 2289 litteris
317 2262 464 2290 doceamur
486 2263 513 2290 itt
534 2264 642 2292 talibus.
663 2264 712 2298 Qui
735 2269 799 2292 sunt
815 2266 860 2292 isti
879 2266 993 2294 accincti

205 2307 288 2337 Paulo
302 2315 455 2344 exportante
469 2310 615 2339 discamus.
632 2311 703 2338 Audi
720 2312 777 2346 ipse
789 2312 854 2347 quid
869 2312 935 2340 dicit
948 2312 971 2329 ⁹⁸
984 2321 991 2340 :

207 2365 216 2380 ι
238 2355 330 2385 Eslote
343 2364 410 2393 ergo
424 2358 538 2386 accincti
553 2358 661 2386 lumbos
675 2363 779 2386 vestros
793 2358 820 2385 in
838 2360 962 2387 veritate.
981 2369 990 2386 ι

239 2415 488 2454 f‘Jos.tv,10,7H.
527 2417 733 2454 {‘Mattlt.v,_5.
771 2417 1023 2454 "Psal.t.xxut,2.

205 2451 214 2467 ’
229 2451 328 2487 Epltes.
353 2460 388 2486 vt,
416 2453 460 2481 t2.
507 2455 516 2470 '
531 2453 541 2480 Ι
559 2454 620 2481 Cor.
637 2461 664 2483 tt.
682 2452 725 2480 Η.

240 2497 296 2534 (46)
310 2498 507 2528 Gemeticensis
517 2504 544 2528 et
555 2507 624 2527 unus
635 2499 818 2532 Ebroicensis,
829 2508 838 2525 ί
852 2499 993 2528 transire.)

206 2532 282 2562 Libb.
301 2536 378 2569 editi,
397 2545 407 2562 ε
423 2541 451 2563 et
463 2536 581 2563 truttsiit.
600 2544 610 2561 ι

240 2569 296 2604 (47)
316 2569 366 2601 Re;
385 2572 499 2606 gerenda
513 2575 562 2598 est.
580 2569 656 2598 Unus
671 2569 851 2606 Ebroiccnsis,
862 2578 879 2606 Vl
896 2577 994 2604 gerett~

204 2603 266 2630 dum
278 2603 319 2632 est
328 2613 351 2638 ς)
363 2603 431 2634 alter
438 2605 608 2634 Ebroicensis
619 2613 679 2633 cutn
688 2605 879 2638 Gemeticensi,
891 2603 995 2633 (trans-

204 2639 320 2666 eundum
334 2645 385 2669 est.
402 2651 411 2668 ι

225 2673 296 2713 ,(48)
316 2674 408 2704 Codex
423 2676 619 2713 Ceutcticensis
636 2685 643 2704 :
662 2687 670 2703 ι
692 2676 821 2713 Transire
845 2683 910 2713 ergo
933 2682 993 2702 om-

205 2712 250 2746 nia
266 2717 326 2746 quae
350 2712 514 2738 ntaudatttur
534 2712 701 2739 festinemus.
726 2712 794 2746 Ergo
814 2712 930 2739 transire
952 2715 993 2738 est

205 2743 352 2782 adimplere
359 2747 453 2782 primp
466 2747 536 2779 quod
550 2748 680 2782 scriptum
696 2752 748 2776 cst.
762 2743 777 2772 ἶ

238 2776 296 2814 (A9)
311 2776 399 2808 Codex
427 2776 580 2815 Satigerm.,
602 2776 614 2807 ἱ
636 2788 750 2817 tempus.
778 2792 787 2808 ι
813 2781 889 2809 Libb.
916 2781 991 2813 editi,

240 2815 354 2840 pondus.
375 2825 385 2840 ι

207 2820 217 2837 ι
239 2820 354 2848 pondus.
375 2825 385 2841 ι

240 2848 297 2884 (50)
315 2849 405 2878 Codex
431 2849 623 2879 Gcmeticeusis
649 2859 708 2879 cum
733 2860 785 2880 uno
811 2851 991 2884 Ehroicensi.

1050 2268 1222 2295 extrinsecus
1234 2267 1302 2295 nihil
1314 2267 1447 2302 requiras.
1458 2267 1529 2294 lntra
1544 2271 1570 2294 te
1580 2272 1622 2294 est
1633 2267 1760 2301 pradinnt
1774 2269 1851 2302 quot

1047 2319 1174 2350 gesturus
1200 2321 1251 2341 es:
1268 2313 1431 2341 intrinsecus
1454 2318 1496 2341 est
1519 2313 1589 2340 tuala
1605 2313 1764 2345 aediﬁcatio,
1787 2322 1853 2347 qua:

1047 2361 1200 2389 subruenda
1217 2364 1259 2389 est
1272 2368 1279 2387 :
1297 2361 1383 2388 hostis
1397 2365 1459 2388 tuus
1480 2360 1512 2388 de
1526 2364 1572 2387 tuo
1585 2359 1670 2395 ωε
1683 2362 1770 2388 corde
1783 2368 1853 2394 pro-

1062 2420 1084 2436 °"
1097 2418 1154 2447 Jos.
1166 2426 1203 2452 tv,
1219 2419 1260 2446 i5.
1290 2419 1313 2434 “
1329 2418 1429 2453 Ephcs.
1444 2425 1481 2449 vt,
1497 2417 1540 2445 M.
1579 2417 1601 2433 ’⁸³
1615 2416 1688 2444 Psal.
1702 2426 1792 2451 xxvu,
1819 2418 1852 2445 3.

1051 2510 1061 2527 ε
1079 2500 1316 2535 conquisierimus.
1342 2509 1351 2526 ι
1379 2499 1458 2527 Libb.
1483 2498 1557 2530 editi,
1575 2508 1594 2535 r
1609 2500 1815 2533 conquirimus.
1842 2511 1852 2525 I

1083 2534 1148 2572 (51)
1163 2535 1240 2564 Libb.
1262 2535 1344 2572 editi.
1361 2544 1370 2560 ι
1388 2535 1508 2572 virorum
1538 2534 1730 2562 accinctorum
1752 2543 1854 2570 prore-

1047 2571 1180 2600 dentium.
1198 2580 1207 2596 ι
1222 2571 1269 2598 scd
1286 2578 1350 2597 mss.
1368 2576 1398 2596 ut
1414 2571 1440 2596 in
1451 2574 1544 2596 nostro
1559 2573 1647 2596 textu.

1082 2606 1138 2642 (52)
1157 2605 1318 2642 Procedunt.
1335 2606 1415 2642 Deest
1440 2607 1465 2642 in
1494 2604 1569 2642 libris
1591 2605 1785 2642 antcheditis.
1798 2608 1854 2632 sed

1046 2639 1181 2676 reperitur
1200 2642 1225 2668 itt
1243 2641 1336 2668 codice
1357 2639 1537 2676 Gettteticettsi
1552 2643 1580 2676 et
1593 2646 1651 2676 uno
1669 2639 1854 2668 Ebroicensi.

1082 2674 1138 2712 (55)
1153 2677 1263 2710 Propter
1277 2684 1334 2703 nos.
1351 2675 1442 2703 Codex
1455 2674 1665 2707 Gemeticeusis,
1679 2683 1690 2702 ι
1705 2677 1741 2704 ad
1756 2683 1852 2703 corre-

1047 2713 1167 2746 ptiunem
1185 2715 1315 2739 nostram.
1337 2720 1346 2737 ι

1083 2747 1139 2782 (54)
1154 2746 1231 2782 Libb.
1247 2746 1312 2773 editi
1328 2755 1333 2772 :
1349 2755 1358 2771 ι
1376 2744 1601 2782 Uthoppugnetur
1620 2752 1637 2782 tt
1652 2745 1737 2772 uoltis
1750 2746 1857 2773 civitas

1046 2779 1132 2817 prima
1149 2781 1228 2817 hujus
1248 2781 1337 2807 mttudi
1363 2779 1472 2807 malitia.
1491 2789 1501 2806 ι
1513 2779 1605 2808 Codex
1622 2780 1854 2816 Sango-unmea-

1047 2819 1086 2845 sis
1103 2821 1132 2844 ut
1147 2818 1173 2845 in
1187 2823 1280 2845 nostro
1298 2821 1382 2844 textu.
