1902 3052
79 128 126 156 859

575 127 609 156 IN
633 128 764 157 LIBRUM
781 127 864 156 JESU
878 127 971 157 NAVE
984 129 1126 158 llOMlLlA
1143 129 1173 158 V.

1651 134 1704 162 850

78 187 152 213 cedit.
167 185 223 214 Non
248 194 305 214 utea
320 195 370 215 vox
385 188 445 221 ista,
463 188 510 216 scd
525 189 627 217 Chriin
639 196 690 219 est.
707 191 775 219 Audi
792 191 864 219 enim
879 192 901 219 A
915 191 978 225 quia
1002 191 1048 220 ilie
1065 193 1110 228 qui
1138 193 1164 220 in
1187 192 1245 228 lege
1266 192 1390 222 eruditus
1413 197 1465 226 est,
1478 198 1505 222 ct
1530 202 1577 229 per
1596 195 1704 230 Moysen

79 233 157 266 ipsum
173 233 307 260 dicentem
325 234 335 250 ³
349 241 357 261 2
374 244 383 260 ‹
397 235 433 261 De
447 235 528 262 corde
541 236 614 264 enim
625 239 774 272 procedunt
792 241 866 275 cogi-

79 280 189 307 tationes
205 279 291 313 maiae,
306 280 451 308 homicidia
464 303 471 315 ,
499 283 642 316 adulteria,
660 285 863 321 fornicationes,

79 325 154 358 furta,
171 325 238 353 falsa
264 327 432 361 testimonia,
446 328 631 364 blasphemiae.
652 340 661 356 ι
679 331 761 360 Vides
777 341 864 368 quan-

77 375 117 396 tus
128 374 154 396 et
169 370 257 405 qualis
271 373 408 399 exercitus
421 374 540 401 hostium
557 379 664 404 tuorum
677 378 820 407 adversum
839 385 865 407 te

78 417 107 443 dc
119 422 163 444 tuo
174 418 259 446 corde
273 420 413 453 procedit?
430 420 475 448 lsti
492 422 570 450 nobis
586 424 672 457 prima
695 429 785 460 strage
801 426 863 454 fun-

78 462 150 489 dendi
166 470 240 497 sunt,
258 464 300 492 isti
325 465 410 500 prima
428 467 486 494 acie
508 470 708 501 prosternendi.
725 470 826 499 llorunt
841 473 863 500 si

77 509 203 536 subruere
218 513 315 539 mantia
344 513 470 549 ipsosque
481 517 514 544 ad
532 517 744 546 internecionem
758 520 863 548 eatdere

75 556 230 589 poterimus,
246 558 281 585 ita
296 563 388 587 utnon
406 561 591 597 relinquamus
605 572 637 592 ex
651 566 691 593 eis
704 565 749 600 qui
764 574 863 594 renun-

76 601 120 628 tiet
134 603 174 630 vel
188 604 312 638 respiret,
330 606 352 632 si
369 605 424 640 jam
447 608 536 636 nullus
548 616 581 636 el
596 610 628 638 iis
641 618 754 644 prorsus
774 611 800 639 in
816 619 863 638 no-

75 648 135 674 stris
148 649 358 683 cogitationibus
381 653 517 682 rcdivivus
543 656 675 690 eruperit,
696 661 760 684 tunc
785 658 862 686 nobis

77 701 121 727 per
133 693 224 721 Jesum
247 696 357 725 dabitur
376 699 421 726 illa
434 700 552 735 requies,
570 707 599 729 ut
619 705 804 739 unusquisque
821 713 863 732 re-

74 740 193 774 quiescat
213 743 262 770 sub
287 744 364 772 vinea
385 753 432 773 sua
452 752 479 773 et
503 748 553 775 sub
577 750 630 776 ﬁcu
651 758 710 784 sua,
723 758 784 778 cum
805 752 860 787 jam

75 794 123 813 non
146 787 182 815 sit
204 789 249 823 qui
270 795 408 819 exterreat
427 792 498 821 ﬁlios
512 795 607 823 lsracl.

106 833 132 891 ἴ).
149 834 341 865 Verumtamen
358 843 502 868 transeunt
517 839 663 870 Iordanem
680 846 860 881 quadraginta
877 863 899 891 Β

120 880 150 891 η»
402 889 406 891 _
563 888 569 891 _
620 889 626 891 Α
656 889 661 891 _

73 879 152 907 millia
175 881 295 909 virorum
321 889 488 913 armatorum
511 888 626 915 accincti
655 889 681 916 in
713 879 860 926 conspectu

74 925 176 953 Domini
200 928 233 954 ad
258 929 367 964 bellum,
388 936 415 958 et
437 937 502 961 tunc
525 935 591 962 dicit
612 935 753 971 Scriptura
765 925 788 971 ‘,
799 940 860 973 quia

75 981 84 997 ι
103 973 127 999 in
143 973 187 1001 die
199 974 241 1002 illa
262 977 391 1005 cxaltavit
407 978 538 1008 Dominus
558 980 651 1009 Jesnm
670 982 697 1011 in
713 990 860 1020 conspectu

75 1020 153 1047 totius
165 1022 273 1056 generis
287 1023 404 1052 ﬁliorum
425 1024 528 1054 Israel?
543 1037 552 1053 ι
567 1028 659 1056 Fuerit
681 1031 790 1064 quidem
808 1032 860 1060 ista

72 1066 125 1101 (55)
140 1067 271 1096 exaltatio
292 1069 347 1098 ﬁlio
362 1071 444 1105 Nave,
464 1077 494 1100 ut
514 1073 567 1100 dux
585 1075 674 1109 populi
700 1076 770 1105 illius
790 1079 860 1113 apud

72 1122 116 1142 eos
141 1123 211 1150 quos
237 1118 358 1152 regebat,
385 1121 547 1155 magniﬁcus
571 1122 745 1151 haberetur:
768 1130 861 1153 noster

72 1169 133 1189 vero
144 1162 226 1190 Jesus
241 1163 370 1193 Dominus
385 1173 471 1199 meus,
488 1168 542 1195 dux
558 1172 585 1196 et
598 1173 688 1197 rector
702 1170 792 1205 populi
811 1171 861 1198 hu-

70 1207 119 1240 ius.
136 1210 274 1244 quomodo
285 1211 420 1239 exaltatur
434 1212 459 1239 in
482 1219 628 1248 conspectu
643 1216 732 1244 omnis
753 1218 861 1251 generis

72 1255 187 1282 ﬁliorum
210 1257 301 1288 Israel,
319 1258 469 1286 videamus.
492 1259 548 1295 Ego
572 1260 691 1288 arbitror
715 1262 777 1296 quia
804 1263 861 1297 ipse

70 1307 175 1335 semper
188 1303 259 1336 apud
276 1302 384 1331 Patrem
398 1304 533 1333 exaltatus
547 1309 589 1333 est
609 1309 635 1332 et
655 1308 790 1336 excelsus.
806 1309 860 1337 Sed

69 1346 119 1374 hoc
135 1355 205 1381 opus
219 1354 270 1380 est,
283 1354 313 1376 ut
337 1350 363 1377 in
384 1356 529 1386 conspectu
550 1358 643 1382 nostro
665 1355 765 1382 exaltet
785 1355 860 1383 illum

70 1392 149 1419 Deus.
163 1393 306 1421 Exaltatur
316 1399 406 1423 autem
427 1396 453 1423 in
468 1403 614 1432 conspectu
629 1406 701 1433 meo,
718 1407 779 1427 cum
793 1401 860 1428 mihi

68 1439 222 1467 sublimitas
251 1445 279 1468 et
307 1441 442 1469 celsitudo
469 1442 617 1471 divinitatis
645 1444 704 1478 ejus
729 1446 858 1480 aperitur.

69 1485 183 1516 Quando
198 1493 263 1519 ergo
283 1486 348 1513 mihi
365 1487 472 1515 excelsa
491 1487 549 1523 ejus
567 1489 624 1525 (56)
637 1490 764 1519 divinitas
785 1499 861 1520 reve-

916 237 1027 265 edoctus
1052 238 1149 272 ahjccit
1174 239 1335 266 idololatrim
1357 246 1474 272 errores,
1500 239 1704 268 simulacrorum

915 283 1135 317 superstitionem
1149 285 1305 319 cultumque
1318 285 1451 320 deposuit.
1463 284 1525 313 llaec
1537 290 1578 312 est
1589 286 1705 313 cireum-

915 328 982 356 cisio
997 330 1083 364 prima
1101 337 1149 365 per
1170 330 1266 365 legem.
1288 330 1317 358 Si
1333 338 1396 359 vero
1419 331 1441 358 is
1463 332 1554 359 veniat
1573 340 1588 359 a
1605 333 1662 367 lege
1679 339 1706 361 et

915 375 1053 410 prophetis
1070 377 1103 403 ad
1116 377 1298 412 evangelicam
1314 378 1406 410 ﬁdem,
1421 383 1491 417 tunc
1509 379 1607 414 accipit
1622 380 1704 406 etiam

915 422 1062 449 secundam
1093 423 1330 451 circumcisioucm
1358 432 1407 459 per
1434 429 1538 460 petram
1555 446 1562 457 ,
1589 426 1634 460 qui
1662 431 1705 455 est

914 467 1049 502 Christus,
1065 473 1092 496 et
1108 469 1259 504 completur
1275 470 1327 498 hoc
1339 472 1412 505 quod
1434 472 1502 499 dixit
1524 472 1653 501 Dominus
1670 473 1705 500 ad

913 512 1027 541 Jesum"
1043 523 1049 541 :
1066 523 1075 540 ι
1091 514 1177 542 llodie
1190 515 1289 543 abstuli
1304 516 1478 552 opprobrium
1495 517 1603 554 Egypti
1615 527 1629 546 τι
1644 519 1706 548 ﬁliis

916 557 1006 585 Israel.
1027 567 1036 584 I
1052 558 1130 586 Sicut
1148 565 1237 587 autent
1257 561 1324 588 dixit
1337 561 1526 596 Apostolus“:
1546 573 1555 589 ‹
1573 564 1706 592 Dibebant

913 607 1004 631 autem
1019 604 1051 632 de
1071 605 1188 640 spiritali
1214 606 1336 641 sequenti
1362 614 1409 635 eos
1430 613 1519 642 petra,
1543 614 1618 644 petra
1640 619 1705 638 vero

913 655 973 677 erat
986 650 1130 679 Christus:
1148 661 1158 678 ι
1174 652 1210 679 ita
1229 653 1310 680 etiam
1328 661 1378 682 nos
1400 655 1426 681 in
1451 655 1502 683 hoc
1518 655 1577 684 loco
1596 663 1704 691 compc-

914 700 1002 723 tenter
1015 704 1158 731 possumus
1178 698 1269 726 dicere
1283 710 1288 727 ;
1304 699 1464 729 Circumcisi
1482 706 1545 729 sunt
1562 706 1652 730 autem
1671 703 1704 730 dc

913 742 1027 776 spiritali
1051 744 1174 778 sequenti
1196 749 1285 779 petra,
1310 749 1385 779 petra
1401 752 1466 774 vero
1490 751 1550 774 erat
1567 746 1702 776 Christus.

912 788 969 815 Nisi
985 788 1056 816 enim
1071 788 1132 824 quis
1147 789 1230 818 fuerit
1243 798 1291 826 per
1311 791 1485 827 Evangeliqu
1509 793 1624 820 secunda
1650 793 1704 820 cir-

912 835 1078 863 cumcisione
1091 841 1232 872 purgatus,
1248 845 1300 865 non
1318 842 1406 872 potest
1426 839 1602 874 opprobrium
1616 838 1703 874 Egy-

913 881 962 916 pti,
985 881 1012 909 id
1030 886 1081 915 est,
1100 882 1241 910 illecebras
1262 883 1443 919 corporalium
1466 884 1601 918 deponere
1625 885 1704 913 vitio-

914 935 986 954 l’llln.
1107 934 1113 939 ⁸

948 974 975 1002 6.
990 975 1133 1003 Videamus
1145 980 1234 1003 tamen
1246 977 1324 1010 quale
1338 977 1374 1004 sit
1389 976 1440 1004 hoc
1453 976 1539 1012 ipsum
1551 977 1622 1012 quod
1637 977 1704 1005 dici-

912 1026 966 1053 tur,
979 1021 1041 1055 quia
1057 1030 1067 1048 (
1082 1022 1163 1050 hodie
1178 1022 1277 1050 abstuli
1291 1023 1465 1058 opprobrium
1479 1031 1495 1050 a
1509 1023 1571 1052 ﬁliis
1584 1023 1675 1051 Israel.
1691 1033 1701 1050 ι

912 1068 1013 1097 Omnes
1038 1069 1161 1097 homines
1189 1069 1296 1097 etiamsi
1312 1077 1345 1098 ex
1371 1069 1429 1106 lege
1452 1070 1573 1103 veniant,
1597 1071 1703 1098 etiamsi

912 1123 960 1151 per
973 1115 1081 1151 Moysen
1106 1116 1203 1143 eruditi
1219 1117 1283 1150 sint,
1301 1117 1402 1144 habent
1419 1121 1507 1144 tamen
1526 1117 1702 1152 opprobrium

911 1161 1018 1196 [Egypti
1035 1162 1060 1188 in
1075 1163 1226 1198 semetipsis
1239 1162 1307 1198 (60),
1324 1163 1497 1198 opprobrium
1516 1167 1702 1198 peccatorum.

911 1207 977 1241 Quis
992 1208 1045 1235 erit
1057 1208 1153 1236 similis
1166 1208 1250 1236 Paulo
1265 1209 1346 1236 etiam
1369 1209 1514 1237 secundum
1527 1209 1593 1244 legis
1607 1209 1702 1237 obser-

914 1255 1126 1282 vantiam?Audi
1140 1255 1259 1290 denique
1275 1255 1361 1291 ipsum
1376 1255 1510 1284 dicentem
1523 1256 1534 1272 ’
1549 1265 1555 1284 :
1572 1265 1581 1282 ι
1600 1256 1703 1284 Secun-

912 1301 974 1327 dum
994 1301 1128 1336 justitiam
1153 1308 1213 1335 qua:
1234 1301 1261 1328 in
1285 1301 1345 1336 lege
1369 1306 1421 1335 est,
1446 1306 1622 1330 conversatus
1643 1303 1703 1330 sine

911 1346 1032 1379 querela.
1051 1355 1060 1372 ι
1080 1345 1138 1381 lpse
1165 1351 1256 1374 tamen
1276 1346 1332 1383 (61)
1350 1347 1507 1382 pronuntiat
1523 1352 1551 1375 et
1568 1347 1633 1375 dicit
1653 1347 1675 1364 '°
1693 1357 1701 1374 :

914 1401 923 1417 ι
943 1391 1054 1420 Fuimus
1068 1393 1139 1419 enim
1153 1396 1181 1420 et
1196 1400 1246 1420 nos
1263 1392 1408 1427 aliquando
1428 1393 1596 1428 insipientes,
1611 1394 1701 1421 inore-

911 1437 979 1470 duli,
993 1442 1126 1471 errantes,
1144 1438 1294 1466 servientes
1308 1437 1364 1474 (62)
1381 1438 1524 1466 desideriis
1536 1444 1563 1466 ct
1579 1439 1703 1475 volupta-

912 1483 984 1512 tibus
1002 1484 1094 1517 variis,
1108 1484 1135 1511 in
1152 1484 1255 1511 malitia
1272 1488 1300 1511 et
1317 1483 1430 1518 invidia,
1453 1483 1566 1512 odibilcs
1577 1505 1585 1518 ,
1609 1486 1702 1514 odien-

69 1528 121 1555 lata
139 1530 201 1557 est?
223 1535 286 1557 tune
304 1531 429 1565 profecto
454 1540 516 1560 cum
539 1532 686 1562 Jordanem
706 1536 859 1569 transirem,

921 1538 954 1559 es
982 1530 1108 1558 invicem.
1134 1540 1145 1557 ν
1169 1530 1226 1558 Νοη
1248 1530 1296 1557 tibi
1324 1530 1450 1558 videntur
1473 1530 1531 1558 haec
1556 1531 1704 1566 opprobria

69 1579 94 1600 ct
107 1576 192 1604 variis
206 1581 440 1605 sacramentorum
469 1579 645 1608 munimentis
659 1580 748 1609 futura
771 1589 861 1609 arma-

70 1626 114 1646 rer
129 1621 163 1647 ad
181 1621 284 1655 prtclia.

102 1669 129 1696 ι.
148 1679 158 1695 ι
178 1669 212 1696 Ει
230 1670 388 1704 timuerunt,
413 1671 500 1706 inquit
514 1672 534 1704 ',
548 1672 651 1706 Iesum,
669 1674 740 1701 sicut
765 1674 863 1702 timue-

70 1719 129 1741 rant
146 1714 268 1750 Moysen.
290 1725 299 1742 ι
317 1715 412 1744 Ontnis
428 1717 473 1751 qui
489 1717 539 1745 sub
555 1718 614 1753 lego
626 1723 677 1751 cst,
693 1719 770 1747 timet
789 1719 861 1756 Moy-

68 1766 114 1786 scn
131 1768 139 1787 :
155 1767 219 1787 cum
241 1767 306 1787 vero
329 1761 362 1788 ad
385 1761 558 1796 Evangelium
578 1769 611 1790 ex
631 1763 690 1799 lege
711 1765 860 1798 transierit,

70 1809 171 1831 mutata
189 1805 363 1832 observantia
381 1811 502 1834 mutatur
515 1811 542 1835 et
554 1808 644 1842 timor,
658 1809 730 1837 sicut.
745 1810 862 1844 Aposto-

69 1849 109 1877 lus
122 1850 191 1878 dicit
204 1850 214 1865 ⁸
229 1859 236 1877 :
253 1860 262 1876 ‹
278 1850 332 1885 Ego
355 1857 446 1879 autetn
468 1859 516 1886 per
544 1853 641 1889 legem,
663 1855 714 1890 legi
740 1860 862 1884 tnortnns

68 1903 139 1930 sum,
169 1901 201 1924 ut
228 1897 282 1924 Deo
306 1898 405 1930 vivam,
433 1905 493 1925 cum
519 1899 626 1927 Christo
655 1901 780 1929 conﬁxus
802 1909 861 1930 sum

67 1943 142 1970 cruci
161 1943 233 1978 (57).
253 1943 320 1971 Vivo
334 1948 424 1972 autem
436 1944 491 1977 jam
507 1952 560 1972 non
582 1953 642 1981 ego,
664 1945 727 1974 vivit
747 1955 812 1975 vero
835 1947 862 1976 in

68 1996 110 2015 me
125 1988 264 2016 Christus.
282 1998 292 2016 ι

100 2035 127 2063 5.
147 2035 217 2063 Post
234 2035 290 2063 lucc
308 2035 419 2071 jttbetur
434 2036 505 2064 ﬁlius
522 2036 594 2065 Nave
609 2037 699 2066 facere
714 2039 814 2067 cultros
829 2048 862 2068 ex

67 2087 157 2115 petra,
173 2086 202 2109 et
215 2082 313 2109 sedens
330 2082 527 2110 circumcidere
546 2083 615 2111 ﬁlios
634 2084 716 2112 Israel
731 2087 861 2114 secundo.

65 2128 172 2156 Vellem
197 2137 247 2163 ego
263 2129 320 2164 (58)
343 2129 369 2156 in
398 2129 450 2157 hoc
474 2129 532 2157 loco
558 2132 714 2165 percontari
738 2132 861 2167 Iudaeos,

64 2176 206 2209 quomodo
218 2179 306 2210 potest
314 2176 375 2210 quis
384 2176 500 2204 secundo
511 2176 566 2211 (59)
577 2177 733 2205 circumcidi
746 2179 862 2207 circum-

63 2222 170 2249 cisione
190 2221 304 2249 carnali.
326 2221 417 2248 Semel
429 2222 500 2249 enim
515 2222 691 2250 circumcisus
705 2224 768 2259 quis
789 2225 860 2252 ultra

65 2275 118 2295 non
147 2268 236 2295 habet
258 2268 329 2302 quod
349 2268 468 2295 secundo
488 2268 575 2302 possit
602 2269 716 2297 auferri.
743 2270 764 2298 A
781 2271 859 2299 nobis

63 2321 130 2341 vero
141 2313 244 2348 quibus
256 2313 355 2340 dicitur
365 2313 428 2348 quia
443 2313 484 2340 lex
500 2313 630 2348 spiritalis
644 2318 696 2348 est,
708 2316 768 2344 vide
779 2324 859 2351 quam

63 2357 145 2392 digne
159 2363 189 2385 et
205 2357 400 2385 convenienter
413 2357 464 2385 ista
483 2357 632 2386 solvantur.
656 2359 776 2388 Dicimus
787 2362 859 2389 enim

912 1583 983 1608 esse,
996 1581 1024 1604 et
1042 1575 1187 1611 opprobria
1204 1574 1337 1611 Egypti?
1352 1575 1405 1603 Sed
1420 1583 1452 1602 ex
1469 1583 1523 1611 quo
1537 1576 1610 1604 venit
1623 1576 1704 1604 Chri-

912 1628 981 1655 stus,
1001 1626 1029 1650 ct
1042 1622 1116 1650 dedit
1140 1621 1217 1650 nobis
1239 1622 1384 1649 secundam
1407 1621 1641 1650 circumcisionem
1656 1630 1704 1658 per

914 1668 1076 1704 baptismum
1099 1667 1325 1703 regenerationis,
1342 1671 1370 1695 et
1386 1667 1510 1702 purgavit
1531 1667 1637 1696 animas
1655 1676 1704 1696 no-

913 1719 996 1748 stras,
1012 1713 1163 1748 abjecimus
1185 1714 1243 1741 haze
1263 1713 1366 1746 omnia,
1382 1717 1410 1740 et
1427 1719 1476 1747 pro
1498 1713 1531 1741 iis
1555 1715 1704 1750 assumpsi-

914 1768 973 1788 mus
996 1761 1168 1789 conscientia:
1187 1761 1266 1788 bona:
1285 1759 1503 1794 astipulationem
1526 1760 1552 1787 in
1579 1760 1701 1788 Domino.

914 1807 990 1834 Tunc
1012 1815 1061 1842 per
1085 1806 1232 1835 secundam
1260 1805 1497 1833 circumcisionem
1522 1805 1612 1834 ablata
1640 1813 1704 1834 Sunt

914 1854 992 1881 nobis
1006 1853 1150 1888 opprobria
1167 1851 1288 1888 (Egypti,
1304 1856 1332 1879 et
1349 1855 1463 1886 purgata
1484 1855 1548 1878 sunt
1562 1852 1626 1880 vitia
1641 1860 1704 1887 pec-

914 1904 1046 1927 catorum.
1064 1899 1148 1927 Nemo
1160 1906 1225 1934 ergo
1239 1899 1261 1926 si
1276 1899 1380 1932 integre
1394 1905 1543 1926 conversus
1556 1902 1609 1932 est,
1625 1899 1648 1926 si
1669 1907 1702 1926 ex

913 1945 996 1973 corde
1009 1944 1146 1980 paenituit,
1162 1943 1184 1971 si
1206 1943 1320 1971 ﬁdeliter
1339 1942 1466 1971 Jordanis
1483 1943 1582 1971 ﬂuenta
1600 1944 1704 1979 digres-

913 1998 959 2019 sus
972 1995 1024 2023 est,
1045 1990 1068 2017 si
1094 1990 1214 2018 secumla
1239 1997 1286 2024 per
1299 1989 1473 2025 Evangelium
1496 1990 1703 2019 circmncisione

914 2042 1042 2073 purgatus
1053 2041 1105 2070 est,
1128 2036 1325 2072 praeteritorum
1350 2040 1452 2064 metuat
1471 2037 1618 2072 opprobria
1636 2038 1702 2066 deli-

912 2087 1030 2111 ctorum.
1052 2083 1134 2110 Audis
1147 2083 1210 2118 quia
1227 2082 1307 2111 hodie
1327 2083 1439 2111 abstulit
1452 2083 1509 2119 (65)
1523 2092 1537 2111 a
1559 2089 1584 2112 te
1602 2092 1702 2120 oppro-

913 2129 1002 2157 brium
1017 2127 1139 2163 A‘lgypti.
1161 2128 1218 2156 Hoc
1233 2132 1259 2156 et
1273 2128 1299 2155 in
1315 2127 1468 2163 Evangeliis
1490 2130 1627 2164 signiﬁcat
1650 2130 1703 2158 Do-

913 2174 1004 2202 minus
1020 2182 1080 2201 Clltll
1107 2173 1173 2201 dicit
1186 2174 1231 2201 ἰε
1251 2182 1261 2199 ι
1282 2173 1405 2201 Retrtissa
1430 2180 1494 2202 sunt
1517 2175 1564 2203 tibi
1591 2180 1702 2210 peccata

877 2213 899 2241 1)
915 2224 970 2254 tua,
982 2220 1029 2248 sed
1048 2220 1103 2255 jam
1119 2220 1172 2247 noli
1190 2227 1313 2254 peccare,
1327 2228 1361 2248 ne
1381 2221 1446 2256 quid
1466 2221 1584 2249 deterius
1601 2223 1646 2249 tibi
1658 2230 1704 2249 ac-

913 2267 994 2295 cidat.
1008 2276 1017 2293 »
1030 2266 1058 2294 Si
1074 2266 1145 2293 enim
1159 2271 1220 2301 post
1236 2267 1424 2296 remissionem
1444 2273 1617 2303 peccatorum
1633 2268 1703 2296 ultra

914 2320 967 2341 non
983 2319 1089 2348 pecces,
1101 2319 1166 2339 vere
1179 2312 1296 2340 ablatum
1309 2317 1350 2341 est
1366 2321 1381 2340 a
1396 2319 1422 2341 te
1435 2315 1609 2349 opprobrium
1621 2314 1704 2350 Egy-

914 2359 963 2395 pti.
977 2359 1005 2387 Si
1018 2366 1083 2386 vero
1100 2358 1198 2386 iterum
1220 2359 1387 2394 peccaveris,
1400 2359 1499 2387 iterum
1520 2361 1546 2388 in
1565 2365 1592 2388 te
1610 2365 1702 2389 vetera

98 2427 110 2443 ³
120 2427 222 2466 Matth.
236 2434 280 2459 xv,
295 2427 338 2466 l_9.
397 2426 452 2466 J_os.
466 2435 503 2461 tv,
519 2427 560 2462 14,
576 2429 610 2466 __’
625 2428 733 2466 Jos._tv,
745 2430 788 2458 H.
824 2430 838 2466 7'
852 2431 861 2459 (

925 2438 944 2466 ι,
962 2429 1006 2463 19,
1022 2428 1068 2457 20.
1103 2427 1183 2456 'Jos.
1201 2435 1228 2462 v,
1250 2427 1277 2455 9.
1316 2428 1326 2444 ⁵
1340 2427 1350 2455 l
1364 2427 1426 2456 Cor.
1446 2436 1472 2463 κ,
1488 2429 1516 2456 lt.
1553 2427 1643 2456 'Phil.
1658 2435 1701 2456 Ill.

62 2462 90 2488 6.
131 2462 156 2478 ¹⁰
173 2462 230 2489 ’l‘it.
246 2470 287 2493 Ill,
304 2462 331 2490 5.
368 2462 388 2478 ¹¹
410 2463 475 2490 Luc.
495 2471 542 2496 νη,
569 2463 614 2496 49,
631 2469 659 2491 et
681 2464 758 2492 Joan.
776 2473 803 2498 v,
820 2465 864 2500 14,

99 2521 158 2556 (55)
177 2521 246 2548 Ista.
266 2521 346 2549 Deest
359 2521 386 2549 in
402 2521 466 2551 libb.
484 2528 563 2551 antea
579 2524 668 2558 editis,
681 2525 728 2552 sed
742 2526 861 2554 restitui-

63 2561 108 2583 tur
125 2564 141 2582 e
160 2564 229 2582 utsii.

98 2591 158 2626 (56)
178 2590 259 2626 Ejus.
277 2592 353 2619 Deest
369 2593 450 2620 etiam
467 2593 494 2620 in
511 2593 575 2620 libb.
588 2594 679 2626 editis,
691 2596 737 2622 sed
748 2595 863 2622 habetur

61 2627 88 2653 in
103 2625 188 2653 'mss.
215 2625 300 2653 Paulo
315 2632 375 2660 post
398 2635 475 2660 mss.,
488 2639 497 2654 ι
509 2628 653 2656 Iordanem
677 2630 831 2658 transirem.
849 2640 859 2657 ι

60 2661 142 2688 Lilih.
158 2661 239 2694 editi,
255 2671 264 2687 ι
278 2662 423 2690 Jordanem
442 2664 605 2691 transierim.
627 2673 640 2689 ιΔ

95 2695 258 2733 (δη-μεθ,
274 2707 283 2723 ι
304 2699 426 2726 conﬁxus
454 2707 513 2726 sunt
538 2700 622 2726 cruci.
646 2709 654 2725 I
675 2699 752 2727 Libb.
782 2700 859 2733 editi,

60 2740 72 2758 ι
93 2731 248 2759 cruciﬁxus
261 2740 329 2759 sum.
356 2742 365 2758 ι

96 2766 157 2801 (58)
178 2765 277 2806 Vellera
296 2769 488 2806 ego,_etc._Sic
513 2770 610 2797 habent
637 2770 715 2806 codd.
743 2772 859 2806 Sanger-

59 2800 210 2828 tnancnsis
223 2806 248 2827 et
258 2800 452 2831 Gctitcticensis
463 2812 525 2831 cum
537 2814 590 2833 uno
603 2805 770 2833 Ehroiccnsi.
781 2800 858 2834 Libh.

60 2837 128 2864 editi
145 2845 152 2865 :
169 2845 180 2862 ι
200 2835 286 2866 Velim
305 2847 370 2872 ergo
392 2841 419 2867 in
445 2840 496 2868 hoc
517 2840 576 2868 loco
605 2843 755 2875 [ercontari
777 2850 791 2870 a
811 2842 859 2870 Ju-

913 2527 1110 2597 dailgﬁ).(20dex
1132 2559 1338 2590 Gcmeticensis,
1357 2568 1366 2585 I
1384 2558 1539 2586 circumcidi
1564 2557 1611 2592 qui
1632 2557 1701 2587 ultra

915 2596 1080 2634 nonﬂl‘tal’get,
1098 2599 1178 2634 »_et_c.
1226 2629 1246 2634 _
1315 2629 1348 2634 Η
1471 2628 1476 2634 _
1511 2629 1516 2634 _

949 2630 1005 2668 (60)
1022 2626 1196 2668 Opprabrium
1209 2629 1320 2668 /E_gy_pti
1339 2628 1540 2668 in_semetipsis:
1564 2626 1627 2655 Haec
1642 2628 1700 2668 __de-

913 2664 977 2693 sunt
991 2664 1016 2693 in
1033 2665 1109 2693 libris
1125 2669 1201 2692 antea
1219 2664 1309 2697 editis,
1332 2664 1379 2692 sed
1401 2668 1511 2692 exstant
1532 2665 1558 2690 in
1574 2664 1700 2691 omnibus

914 2709 978 2729 IIISS.

949 2736 1004 2774 (ei)
1022 2735 1097 2774 ἕης.)
1117 2743 1126 2760 σ
1143 2739 1243 2774 tamen.
1259 2743 1269 2760 ι
1286 2734 1366 2774 bibit:
1378 2733 1453 2774 editi,
1469 2742 1480 2774 ι
1496 2738 1600 2774 autem.
1617 2743 1627 2760 ι

949 2769 1004 2805 (62)
1019 2771 1176 2798 Serviemes.
1195 2770 1274 2797 Deest
1292 2769 1317 2796 in
1339 2769 1415 2797 libris
1436 2773 1517 2796 antea
1536 2769 1628 2802 editis,
1651 2769 1698 2796 sed

914 2805 1285 2843 ltahe_tnr_inomnibusmss.
1366 2839 1392 2843 Ν
1438 2839 1443 2843 _
1513 2839 1518 2843 _
1583 2838 1590 2843 _
1647 2837 1662 2843 υ

948 2841 1005 2873 (65)
1018 2840 1212 2869 Cetncticcnsis
1224 2848 1285 2869 cum
1299 2847 1353 2868 uno
1365 2839 1531 2873 Ebroicensi,
1545 2837 1673 2867 oabsteli.
1687 2847 1698 2864 ι
