1902 3052
188 123 236 151 8M

929 113 1088 143 ORIGENIS

1767 101 1815 128 832

190 179 364 208 revolvuntur
381 179 438 215 (64)
452 177 598 213 opprobria
617 178 651 209 η,
671 184 705 204 eo
718 176 804 212 magis
827 183 880 210 quo
895 174 977 201 ntulto
992 176 1015 203 Α
1030 179 1083 207 que
1101 173 1186 198 mater
1198 173 1241 197 est
1255 168 1400 215 Egyptus,
1414 172 1446 193 ex
1469 171 1522 199 qua
1548 166 1654 215 certum
1667 163 1710 213 est
1722 158 1816 211 huius-

189 225 302 261 majoris
328 224 450 253 criminis
465 227 506 250 est
534 222 632 249 Filium
663 221 710 249 Dei
741 220 922 250 conculcare,
952 222 980 245 et

191 272 349 307 sanguinem
366 269 521 298 testamenti
542 268 673 303 polltttunt
686 267 743 302 (65)
756 267 874 297 dttcere,
896 272 978 299 quam

191 318 279 354 legem
301 316 399 352 Moysis
413 314 560 350 negligere.
587 314 670 342 Multo
698 313 769 340 enim
797 312 908 347 majoris
933 317 980 344 op-

191 363 293 400 prohrii
315 366 366 393 est,
390 360 436 395 qui
462 364 522 394 post
545 360 735 394 Evangelinm,
758 365 839 393 quam
861 357 904 384 ille
933 356 978 391 qui

191 409 242 437 sub
275 409 333 443 lege
363 407 469 442 positus
507 405 675 438 fornicatur,
708 405 770 440 quia
801 404 852 432 isto
884 404 979 431 tollens

190 453 272 492 409
286 453 407 481 membra
422 452 534 485 Christi,
550 451 614 478 facit
630 459 661 479 ea
675 450 796 478 membra
813 449 975 478 meretricis.

191 499 273 528 Vides
285 507 351 535 ergo
363 507 445 535 quam
463 498 589 533 graviora
608 503 635 526 et
651 497 830 525 Cumulatiora
848 497 874 524 in
891 501 918 524 te
931 503 979 531 op-

190 545 311 582 probria,
341 546 363 573 si
389 545 552 580 neglexeris,
576 543 761 572 revolvantur.
784 543 902 578 Denique
921 542 977 577 jam

191 599 272 620 nemo
289 597 315 619 te
335 598 411 618 reum
433 590 520 625 stupri
535 590 635 624 arguit,
652 589 700 617 sed
713 588 850 624 sacrilegii
876 587 979 615 scelere

191 639 367 668 condemnat.
381 637 443 670 quia
463 636 564 664 dicitttr
580 636 613 662 ad
627 639 652 662 te
662 635 701 662 ηε
715 644 724 660 ‹
743 635 783 662 An
795 634 905 662 nescitis
916 633 978 668 quia

191 691 306 718 corpora
326 687 413 710 vestra
439 681 569 716 templum
586 681 631 708 Dei
652 680 734 708 sunt?
759 680 786 708 Si
804 680 865 714 quis
888 684 978 706 autent

192 729 322 764 templum
348 728 394 754 Dei
418 727 572 759 violaverit,
601 727 737 761 disperdet
768 726 842 753 illum
860 725 940 753 Deus.
963 733 972 750 ι

193 774 256 802 Haec
271 773 379 801 etiamsi
398 774 472 808 prius
498 773 654 808 ignorabas,
676 779 749 800 nunc
775 776 864 800 tamen
880 780 912 799 ex
927 779 980 803 quo

195 826 220 845 m
234 819 347 849 auribus
363 819 418 846 tuis
433 819 484 846 ista
499 820 582 845 verba
608 818 747 850 dicuntur,
764 823 791 845 et
805 819 831 844 in
845 825 892 845 cor
905 822 978 844 ttutnt

193 864 380 898 hujuscemodi
397 864 520 891 doctrina
535 863 743 895 transfunditur,
755 864 823 890 scito
835 867 862 890 te
876 863 918 889 his
932 870 981 889 au-

193 911 258 938 ditis
285 910 413 946 templum
435 911 481 938 Dei
507 916 533 938 cl
560 911 710 938 membrum
731 911 832 938 Christi
847 917 908 937 esse
924 910 981 943 jam

195 955 307 983 l'aclum.
335 954 403 982 Vide
427 961 557 990 quantum
585 955 735 990 profeceris
757 962 792 982 ex
820 955 983 982 homunculo

197 1007 308 1029 terreno
322 1001 389 1037 (66).
413 1002 440 1029 In
464 1002 593 1037 templum
620 1001 666 1029 Dei
684 1009 843 1036 progressus
868 1008 896 1029 es
923 1001 983 1029 sine

194 1047 288 1079 dubio,
303 1047 329 1074 in
347 1055 401 1082 quo
427 1048 550 1075 habitare
571 1048 649 1075 debet
668 1047 738 1075 Deus
753 1055 760 1074 :
776 1052 802 1074 et
819 1047 864 1082 qui
881 1054 944 1075 caro
957 1051 984 1075 et

194 1094 305 1128 sanguis
329 1093 555 1128 eras,profecisti
572 1098 601 1120 ιιι
628 1094 779 1121 membrum
805 1093 905 1121 Christi
932 1093 981 1120 sis.

194 1141 248 1169 Sed
264 1142 333 1169 sicut
346 1150 460 1178 magnus
484 1146 527 1169 est
541 1141 593 1169 iste
609 1140 759 1176 profectus,
779 1141 814 1168 ita
830 1145 858 1168 et
878 1141 981 1168 disces-

194 1195 240 1214 sus
270 1187 412 1220 terribilis,
430 1192 511 1222 atque
532 1187 742 1214 irremediabilis
763 1194 832 1221 pene
857 1186 913 1221 (67)
941 1186 979 1214 la—

194 1241 268 1268 psus.
279 1233 338 1265 tam
350 1234 398 1265 tibi
415 1233 487 1261 enim
505 1240 558 1260 non
571 1232 634 1259 licet
648 1232 747 1267 templo
762 1232 809 1260 Dei
824 1232 874 1264 uti,
888 1232 939 1259 nisi
951 1233 976 1260 in

195 1280 354 1313 sanctitate,
368 1288 418 1308 nec
432 1280 552 1307 mentbra
565 1278 666 1306 Christi
692 1282 724 1306 ad
750 1279 892 1314 indignum
908 1286 982 1306 revo-

195 1333 260 1353 care
282 1326 433 1361 negotium.
454 1326 488 1353 Et
501 1326 560 1354 ideo
580 1326 603 1353 si
617 1325 726 1360 quando
743 1329 768 1351 te
788 1325 866 1351 mala:
880 1332 983 1352 concu-

195 1371 336 1405 piscentia:
349 1371 437 1405 pulsat
448 1371 587 1405 illecebra,
603 1378 709 1398 memor
729 1371 826 1398 horum
840 1377 900 1405 qua:
913 1378 984 1398 nunc

197 1417 284 1449 audis,
305 1417 375 1444 hosti
388 1417 559 1449 illioccnrre,
573 1418 618 1453 qui
638 1417 671 1445 dc
688 1422 714 1444 te
725 1419 794 1451 Ipso,
815 1417 865 1444 hoc
892 1422 934 1445 est
951 1417 984 1444 de

198 1469 245 1491 tuo
260 1464 344 1491 corde
366 1464 499 1498 procedit,
514 1469 542 1491 et
558 1464 654 1491 resiste
676 1463 701 1490 ei
726 1463 753 1490 in
771 1463 869 1490 talibus
882 1462 983 1493 verbis.

1031 205 1103 244 modi
1128 215 1273 251 opprobria
1303 212 1434 248 pullulare
1454 217 1462 238 ε
1481 217 1541 245 qua:
1570 209 1594 236 si
1624 207 1740 235 transito
1763 205 1816 238 iant

1030 262 1148 290 Jordane
1169 260 1333 295 susceperis,
1350 263 1377 286 et
1393 258 1426 285 iis
1443 262 1468 284 to
1492 262 1588 283 rursus
1611 253 1717 289 laqueis
1731 252 1817 286 illiga-

1030 310 1112 340 veris,
1138 314 1225 336 tecum
1240 306 1299 333 sitte
1320 304 1401 331 dubio
1418 301 1563 337 opprobria
1578 299 1690 335 Egypti
1718 297 1816 324 trahis.

1031 355 1084 382 Sed
1098 354 1119 381 si
1134 353 1244 388 quando
1260 357 1286 378 te
1301 349 1363 377 talis
1382 347 1528 376 curiositas
1551 344 1706 380 interpellat
1733 347 1762 369 et
1785 342 1818 368 de

1031 401 1112 428 corde
1129 404 1177 427 tuo
1203 396 1359 433 hujusmodi
1380 395 1469 423 hostis
1488 392 1625 426 erumpit,
1644 391 1689 418 dic
1699 390 1736 423 ei,
1754 388 1817 424 quia

1030 447 1122 474 Jesum
1136 446 1231 473 ducem
1259 450 1370 479 sequor,
1394 443 1422 470 in
1437 442 1514 475 cuius
1529 442 1665 475 potestate
1679 442 1743 465 sunt
1757 444 1818 471 qua:

1031 493 1122 520 futura
1145 496 1219 519 sunt.
1242 490 1311 524 Quid
1339 488 1405 517 mihi
1431 488 1503 515 scire
1531 494 1592 521 qua:
1613 485 1704 512 futura
1729 482 1819 511 sunt?

1030 540 1203 573 Quaecunque
1228 536 1273 564 ille
1296 535 1364 568 vult,
1382 535 1441 562 haec
1466 533 1556 561 futura
1572 535 1646 559 sunt.
1676 531 1740 558 Ideo
1753 537 1819 564 ergo

1031 591 1061 613 ut
1080 586 1107 612 in
1135 584 1214 612 nobis
1225 590 1291 610 vere
1315 581 1431 610 secunda
1449 578 1622 607 circumcisio
1635 577 1818 611 compleatur,

1030 640 1079 667 per
1090 638 1170 666 quant
1182 634 1274 656 vetera
1292 626 1401 662 Egypti
1425 624 1573 660 opprobria
1589 623 1769 658 deponamus,
1786 621 1820 648 ab

1032 678 1074 705 his
1098 675 1225 703 omnibus
1243 672 1377 709 segregati
1404 677 1517 706 prorsus
1543 676 1605 696 esse
1619 668 1762 700 debemus,
1790 673 1820 694 ut

1031 721 1168 758 puriﬁcati
1186 727 1301 754 corpore
1321 722 1350 746 et
1368 717 1451 745 corde
1473 722 1554 751 puras
1571 715 1652 741 etiam
1668 721 1766 740 manus
1782 712 1820 739 le-

1031 775 1127 796 vemus
1142 767 1176 794 ad
1202 767 1298 798 Deum,
1314 770 1383 799 puro
1400 769 1507 797 qnoqttc
1521 768 1580 793 ore,
1592 764 1619 787 et
1638 760 1761 794 purgatis
1780 758 1820 785 la-

1034 814 1096 846 biis,
1111 820 1143 840 ac
1168 816 1259 839 mente
1281 811 1399 842 sincera,
1414 814 1496 843 prece
1520 811 1547 833 et
1559 806 1664 833 aclibus
1683 804 1822 840 gloriﬁce-

1035 867 1094 886 mus
1109 859 1192 885 Detttn
1213 858 1240 884 in
1252 856 1362 884 Christo
1376 854 1439 882 Jesu
1454 853 1569 881 Domino
1587 857 1680 880 nostro
1690 851 1760 886 (69),
1775 857 1823 877 cu—

1031 906 1077 941 jus
1089 909 1131 932 est
1144 907 1264 939 potestas
1289 906 1316 929 et
1329 900 1472 935 imperium
1493 901 1519 929 in
1531 899 1629 928 secula
1644 897 1821 926 saculorum.

1033 952 1128 979 Amen.

1322 995 1464 1025 HOMILIA
1487 994 1528 1022 Vl.

1035 1064 1072 1092 De
1099 1065 1201 1092 Pascha
1223 1065 1294 1098 quod
1310 1064 1427 1098 fecerunt
1443 1062 1493 1095 ﬁlii
1516 1061 1603 1089 Israel
1615 1060 1641 1098 in
1655 1058 1783 1098 Gafguln,
1802 1061 1826 1082 et

1068 1101 1197 1135 quomodo
1208 1093 1399 1134 fructus'lerrm
1412 1093 1702 1135 ceperwttueregioue'
1719 1093 1823 1135 pulmn-

1072 1128 1138 1162 rum.
1161 1135 1197 1161 De
1208 1128 1330 1169 'prt'ncipe
1353 1128 1493 1169 uirtutium
1504 1128 1731 1169 militiat’Damini
1753 1128 1825 1169 ΠΟ),

1069 1171 1113 1197 ubi
1127 1163 1225 1196 dicitur
1238 1163 1372 1196 miletum
1385 1168 1406 1183 ¹⁸
1419 1176 1428 1194 ;
1446 1177 1454 1193 t
1475 1166 1552 1193 Solve
1569 1167 1778 1192 calceamenlum
1793 1163 1826 1188 de

1068 1206 1176 1239 pedibus
1188 1206 1251 1232 luis.
1269 1204 1352 1231 Locus
1366 1206 1434 1230 enim
1446 1203 1472 1229 in
1485 1209 1535 1237 quo
1555 1207 1620 1232 stas,
1634 1204 1707 1226 terra
1728 1203 1826 1225 sancta

1069 1245 1118 1268 est.
1147 1250 1156 1266 ι

1071 1318 1096 1345 l.
1111 1317 1161 1351 Qui
1177 1324 1230 1344 non
1245 1316 1403 1343 obedientes
1419 1314 1527 1341 fuerunt
1551 1310 1686 1338 mandatis
1703 1307 1829 1340 Domini,

1035 1363 1219 1391 incircumcisi
1243 1362 1381 1390 dicuntur.
1400 1361 1437 1388 Ex
1452 1367 1506 1395 qtto
1527 1357 1686 1392 intelligitur
1702 1355 1764 1382 illos
1779 1362 1825 1389 ap-

1035 1410 1129 1446 pellari
1154 1409 1369 1440 incircumcisos,
1393 1406 1439 1441 qui
1465 1413 1518 1432 non
1536 1403 1668 1434 obediunt
1685 1400 1831 1428 mandati:

1037 1445 1142 1484 Domini
1155 1455 1224 1491 (7i).
1251 1454 1304 1482 Sed
1328 1458 1415 1480 tamen
1441 1455 1468 1478 et
1483 1448 1662 1478 circumcisos
1686 1451 1714 1474 et
1742 1445 1831 1472 incir-

196 1513 224 1535 el
236 1509 292 1542 die,
305 1510 370 1549 quia
389 1517 442 1536 non
454 1517 514 1536 sum
530 1516 606 1536 meus
621 1518 627 1535 :
641 1512 746 1542 emptus
762 1509 834 1535 enim
845 1515 904 1535 sum
919 1515 981 1542 pre-
997 1510 1020 1541 ρ
1037 1501 1183 1533 cumcisos,
1210 1499 1273 1534 quia
1289 1505 1396 1525 omnem
1420 1496 1539 1523 animam
1555 1493 1642 1528 diligit
1663 1491 1748 1522 Deus,
1773 1498 1830 1516 non

1022 1543 1024 1545 ν
1094 1547 1099 1549 _
1173 1547 1179 1549 _
1228 1546 1245 1549 _.
1308 1544 1314 1549 .
1365 1542 1399 1549 ιι.
1419 1543 1437 1549 ι.
1490 1542 1496 1548 -
1543 1539 1554 1549 1
1576 1547 1629 1549 μην,
1670 1537 1714 1549 -..ε
1732 1543 1830 1549 Ana—1.-

199 1555 235 1582 tio
258 1555 400 1590 sanguinis
421 1554 522 1582 Christi
546 1559 573 1581 et
596 1555 748 1583 membrum
774 1554 859 1588 ipsius
873 1552 984 1581 ein-ctus

199 1609 270 1628 sum.
285 1601 342 1628 Non
368 1601 433 1629 licet
457 1601 521 1628 mihi
540 1600 634 1628 tollere
653 1600 802 1627 membrum
817 1599 929 1631 Christi,
957 1605 986 1626 ct

199 1645 290 1673 facere
316 1646 465 1678 membrum
480 1646 643 1674 meretricis.
663 1645 710 1672 Dic
726 1646 762 1678 ei,
778 1645 840 1679 quia
856 1645 985 1679 templum

201 1692 247 1719 Dei
266 1691 379 1719 eﬂ‘ectus
393 1699 463 1723 sutn,
478 1699 531 1718 non
544 1690 608 1717 mihi
622 1690 684 1718 licet
700 1689 869 1717 immundum
884 1689 986 1724 aliquid

200 1737 264 1765 illuc
290 1737 429 1770 inducere,
445 1744 493 1764 nec
522 1736 565 1763 l'as
588 1740 630 1763 est
648 1736 714 1762 ntihi
735 1735 839 1762 violare
857 1735 985 1770 templum

200 1783 250 1811 Dei
265 1792 271 1810 :
289 1784 379 1813 sedet
402 1783 467 1810 illttd
485 1783 563 1816 adde,
577 1782 706 1817 quoniam
727 1792 736 1807 ι
755 1781 800 1816 qui
825 1781 985 1812 fornicatur,

200 1828 228 1855 in
252 1835 353 1862 corpus
368 1835 448 1855 suum
470 1833 563 1862 peccat
578 1827 622 1855 “z
645 1837 655 1853 ι
673 1835 724 1855 non
751 1827 778 1854 in
799 1827 869 1854 istud
888 1833 988 1861 corpus

203 1873 301 1906 solum,
324 1873 395 1907 quod
417 1873 547 1908 templum
565 1873 610 1900 Dei
628 1872 754 1900 elfectttm
771 1877 823 1905 cst,
838 1873 885 1900 sed
908 1876 936 1899 et
961 1871 986 1898 in

201 1919 266 1946 illud
288 1921 359 1954 quod
385 1919 495 1952 dicitur,
529 1920 592 1955 quia
627 1919 717 1947 omnis
745 1919 865 1946 Ecclesia
889 1925 988 1952 corpus

201 1967 303 1995 Christi
316 1972 357 1995 est
370 1968 394 1983 “
408 1977 415 1994 :
431 1972 459 1995 et
472 1968 498 1996 itt
514 1975 621 1996 omnem
646 1967 794 1995 Ecclesiam
811 1967 918 1994 videtur
942 1967 989 1993 de-

201 2014 341 2046 linquere,
357 2015 404 2049 qui
429 2022 529 2049 corpus
543 2023 621 2042 suum
646 2014 835 2046 maculaverit,
853 2014 916 2049 quia
942 2022 990 2048 per

203 2068 288 2088 unum
316 2061 467 2089 membrum
486 2061 590 2089 macula
605 2061 631 2088 in
647 2068 727 2088 omne
742 2068 841 2094 corpus
863 2058 991 2087 dimtndi-

204 2113 259 2134 ηπ.
275 2106 322 2133 Est
344 2111 372 2134 et
387 2106 453 2133 illud
468 2107 643 2141 opprobrium
659 2106 780 2142 Egypti,
797 2105 882 2140 quod,
896 2105 917 2133 si
942 2113 991 2132 ue-

204 2151 336 2186 glexeris,
361 2151 443 2178 etiam
468 2155 528 2186 post
548 2150 676 2179 Iordanis
699 2151 857 2185 transitum,
878 2156 904 2177 et
928 2155 991 2185 post

203 2197 332 2232 baptismi
355 2198 501 2225 secundam
526 2197 775 2229 circumcisionem.
793 2201 906 2224 vetusta:
922 2204 990 2224 cou-

206 2243 358 2271 suetudinis
376 2243 512 2271 inustione
526 2243 681 2278 suggeritur
695 2243 762 2278 (68),
778 2243 924 2270 obsorvare
946 2251 994 2271 au-

206 2291 294 2324 guria,
308 2290 447 2325 requirere
458 2290 598 2318 stellarum
613 2297 719 2321 cursus,
733 2294 760 2316 et
780 2294 894 2317 eventus
912 2297 946 2317 ex
961 2288 995 2316 iis

207 2335 360 2363 futurorum
377 2335 483 2367 rimari,
504 2342 615 2362 servare
639 2334 743 2362 somnia
760 2334 921 2369 ueterisque
943 2333 994 2360 hu-

204 2382 325 2419 jusmodi
335 2381 576 2417 superstitionibus
590 2380 754 2415 implicariJ
768 2380 908 2408 iololatrize
916 2388 995 2408 nam-

244 2453 267 2469 "
281 2451 362 2481 Hebr.
378 2460 404 2485 Χ.
414 2451 460 2480 29.

208 2496 236 2519 ν,
255 2487 284 2521 8,
303 2487 331 2514 9.

523 2451 564 2478 ¹³1
584 2451 648 2479 Cor.
662 2458 701 2484 vt,
714 2450 758 2484 l9,
771 2458 811 2483 tu,
829 2450 872 2477 l7.

242 2558 395 2593 (65);lidem
412 2564 491 2587 mss..
505 2564 516 2583 ι
534 2556 717 2593 revolventur.
735 2564 744 2581 ι

256 2591 302 2626 65)
317 2593 399 2620 Iidem
418 2600 496 2624 mss.,
513 2601 522 2618 ι
539 2591 668 2626 polluere.
686 2599 696 2616 ι

258 2630 302 2658 66)
319 2629 400 2657 Iidem
419 2636 484 2656 mss.
501 2637 510 2653 ι
526 2633 615 2655 terrae.
633 2637 643 2652 ι

259 2664 304 2696 6⁵1)
324 2663 404 2691 Parte.
424 2663 503 2691 Deest
521 2663 546 2689 in
569 2661 701 2689 Gemetie.
714 2665 742 2688 et
759 2668 813 2696 uno
828 2659 998 2687 Ebroicensi.

248 2695 308 2731 λεδ)
325 2698 408 2725 Iidem
430 2706 493 2726 mss.
514 2708 523 2723 ι
543 2697 643 2723 inustio
658 2702 683 2723 te
693 2695 824 2731 suggerit.
844 2704 854 2720 ι

250 2728 305 2768 (63η
328 2733 385 2760 Duo
400 2733 575 2768 Ebroiecnses
590 2741 596 2758 :
614 2741 625 2759 ι
647 2728 789 2768 Dominum
808 2734 929 2768 nostran
953 2728 996 2755 Je-

214 2762 272 2796 sunt
284 2762 431 2796 Christum.
454 2777 463 2793 ι
483 2766 613 2794 Gemetic.
633 2775 642 2791 ‹
665 2766 747 2793 Detttn
765 2770 886 2792 nostrum
900 2762 992 2791 Jesunt

213 2804 361 2831 Christum.
388 2811 398 2827 ν
421 2801 480 2828 Mox
502 2803 583 2829 codex
613 2803 756 2836 Sangernt.
773 2809 782 2826 ‹
809 2799 958 2836 cttjttsest.
972 2808 990 2836 _|

214 2838 291 2866 Libb.
317 2842 396 2864 antea
413 2837 479 2864 editi
497 2846 502 2862 :
521 2845 530 2862 ε
555 2837 597 2864 cui
621 2834 682 2864 esti
695 2846 705 2862 ι
725 2835 801 2864 Unus
822 2834 994 2863 Ebroieensis

930 2449 952 2466 ”
967 2449 976 2477 Ι
990 2449 1052 2477 Cor.
1070 2457 1113 2485 v1,
1126 2449 1168 2476 18.

1038 1547 1145 1582 penitus
1164 1544 1338 1579 derelinqnit.
1365 1542 1439 1570 Misit
1455 1542 1526 1569 enim
1541 1539 1645 1571 Iesum,
1668 1537 1715 1572 qui
1731 1543 1832 1564 omnes

1037 1592 1117 1621 simul
1144 1592 1239 1627 dignos
1266 1589 1474 1618 circumcideret
1497 1591 1525 1614 ct
1552 1585 1687 1617 indignos,
1715 1587 1744 1610 et
1773 1590 1830 1608 non

1039 1640 1122 1667 ﬁlium
1136 1639 1209 1665 Nave
1224 1637 1328 1669 Jestun,
1348 1644 1401 1663 non
1419 1634 1490 1662 ettint
1505 1640 1567 1660 vera
1585 1636 1613 1658 et
1632 1629 1756 1665 perfecta
1773 1628 1833 1654 eir-

1038 1685 1206 1713 cumcisione
1229 1684 1275 1711 ille
1299 1681 1426 1718 populum
1452 1677 1635 1710 circumcidit,
1662 1675 1709 1702 sed
1732 1673 1831 1701 Jcsurn

1038 1732 1178 1760 Christum
1198 1731 1340 1758 Dominum
1361 1735 1388 1756 et
1420 1727 1589 1755 Salvatorem
1614 1729 1736 1752 nostrum
1758 1722 1832 1757 (72).

1040 1778 1090 1805 llic
1103 1777 1174 1804 enim
1195 1781 1248 1808 est,
1275 1775 1323 1811 qtti
1340 1782 1404 1802 vere
1421 1781 1435 1800 a
1449 1772 1526 1800 nobis
1542 1770 1719 1806 pollutionem
1734 1767 1834 1794 abstu-

1040 1825 1070 1851 lit
1086 1824 1176 1851 caruis
1192 1828 1220 1850 et
1237 1822 1351 1850 abscidit
1368 1820 1435 1856 (73),
1457 1825 1485 1847 et
1512 1826 1527 1846 a
1541 1818 1623 1846 corde
1639 1821 1720 1850 atque
1735 1815 1832 1841 anima

1041 1875 1132 1898 nostra
1150 1873 1323 1904 peccatorum
1351 1866 1557 1902 inquinamenta
1582 1861 1718 1898 purgavit.
1746 1860 1833 1888 Deni-

1041 1924 1094 1951 que
1109 1916 1170 1942 audi
1187 1915 1252 1949 quid
1267 1914 1332 1942 dicit
1347 1912 1488 1948 Scriptura
1507 1911 1540 1937 de
1567 1909 1601 1936 iis
1618 1908 1663 1943 qui
1682 1914 1731 1942 per
1755 1906 1833 1934 Nave

1041 1964 1125 1991 tilium
1141 1961 1394 1997 praeﬁgurabantnr.
1421 1968 1431 1985 ι
1449 1956 1610 1986 Circumcisi
1629 1959 1734 1986 autem,
1755 1963 1764 1979 ι
1785 1954 1832 1981 in-

1042 2010 1101 2046 qttit
1119 2009 1151 2040 ιτ,
1170 2017 1179 2033 ‹
1206 2007 1252 2034 ﬁlii
1277 2006 1360 2034 lsrael
1380 2005 1575 2040 requieverunt
1597 2004 1623 2031 in
1640 2003 1735 2030 eodem
1756 2001 1831 2031 loco.

1042 2056 1167 2084 sedentes
1183 2054 1210 2081 in
1226 2053 1325 2081 castris
1344 2058 1429 2087 usque
1446 2051 1509 2078 dum
1531 2053 1704 2080 sanarentur,
1723 2052 1751 2074 et
1767 2053 1833 2073 tunc

1043 2104 1110 2132 dixit
1121 2101 1250 2130 Dominus
1266 2100 1298 2127 ad
1312 2099 1404 2127 Jesurn
1423 2109 1430 2126 :
1446 2097 1587 2126 Hodierno
1602 2096 1646 2123 die
1657 2094 1759 2122 abstuli
1777 2101 1832 2128 op-

1043 2149 1185 2184 probrium
1202 2146 1310 2182 Egypti
1323 2153 1338 2173 a
1352 2144 1438 2172 vobis.
1460 2153 1469 2170 ι
1490 2143 1548 2171 Non
1572 2141 1645 2169 enim
1666 2139 1767 2168 sullicit
1781 2147 1832 2167 no-

1045 2196 1087 2223 bis
1102 2192 1272 2224 circumcidi,
1290 2191 1337 2219 sed
1352 2195 1378 2218 et
1399 2194 1460 2225 post
1478 2188 1712 2217 circumcisionem
1724 2186 1833 2217 sanari,

1045 2241 1071 2268 id
1083 2246 1126 2268 est
1141 2246 1283 2274 nsqueqtto
1297 2238 1379 2265 etiam
1393 2236 1552 2264 cicatricem
1579 2234 1665 2269 ipsam
1682 2231 1832 2260 circumci-

1045 2287 1130 2316 sionis
1158 2286 1257 2313 vulnus
1282 2284 1411 2312 obducat.
1437 2282 1553 2316 Quando
1581 2287 1646 2315 ergo
1663 2278 1779 2307 cicatrix
1806 2278 1833 2303 in

1045 2333 1156 2361 vulnere
1173 2335 1272 2360 nostra:
1283 2328 1502 2360 circumcisionis
1525 2326 1668 2354 obducitur
1682 2324 1695 2351 2
1725 2324 1783 2358 Ego
1796 2323 1833 2350 ita

1044 2379 1175 2412 arbitror,
1191 2378 1263 2413 quod
1279 2376 1438 2405 circumcidi
1454 2382 1503 2410 per
1521 2373 1612 2401 Jesum
1631 2376 1768 2402 nostrum,
1783 2371 1835 2397 hoc

1217 2448 1239 2465 "
1253 2447 1357 2476 Coloss.
1370 2445 1453 2478 1,21.
1494 2444 1516 2460 ¹⁶
1529 2443 1587 2473 Jos.
1601 2450 1630 2476 v,
1644 2441 1687 2469 16.
1711 2460 1719 2464 -
1734 2440 1757 2456 ¹⁷
1775 2438 1835 2469 lus.

1056 2552 1154 2580 ibidem
1172 2552 1255 2579 habet
1268 2560 1275 2578 :
1290 2559 1300 2576 ι
1317 2550 1457 2584 imperium
1470 2556 1530 2577 cum
1547 2552 1640 2576 sancto
1653 2546 1768 2584 Spiritu.
1789 2554 1800 2571 ι

1090 2588 1146 2620 (70)
1167 2587 1229 2614 Post
1254 2581 1380 2613 vocem't
1403 2585 1516 2620 Domini.
1540 2593 1550 2610 ›
1570 2584 1596 2611 in
1617 2581 1696 2620 codd:
1717 2581 1835 2620 Cerneti-

1053 2616 1181 2649 censi'et
1206 2621 1363 2648 Ehroicensi
1389 2627 1443 2647 uno
1457 2619 1588 2646 additur:
1608 2628 1617 2644 ι
1633 2623 1659 2645 et
1683 2616 1808 2644 Jericho.
1827 2626 1834 2641 I

1052 2658 1164 2690 Reliqua
1181 2658 1289 2684 desunt.

1087 2686 1143 2723 (7l)
1161 2692 1247 2719 Iidem
1262 2699 1326 2718 mss.
1344 2700 1353 2716 ι
1372 2689 1424 2717 Sed
1446 2694 1471 2715 et
1487 2687 1705 2718 iucircumcisos,
1729 2686 1834 2723 αξιίει.)

1087 2721 1155 2763 (ἹΞ)
1185 2727 1265 2754 Iidem
1296 2734 1361 2753 utss.
1389 2734 1398 2750 ‹
1425 2724 1518 2752 Jesum
1542 2723 1711 2750 Nazarennm
1743 2721 1836 2749 Domi-

1048 2772 1122 2791 Ιιυιη.
1152 2772 1162 2788 ι

1085 2798 1142 2833 (75)
1155 2797 1237 2825 lident
1254 2805 1294 2825 :-¢
1310 2795 1485 2830 pollutionem
1503 2794 1595 2821 carnis
1613 2792 1743 2820 abscidit.
1761 2802 1771 2818 ι
