1896 3052
60 141 108 168 853

545 135 578 163 ΙΝ
596 136 724 164 LIBRUM
741 135 822 163 JESU
841 134 934 162 NAVE
953 134 1094 162 HOMILIA
1114 133 1158 162 VI.

1629 135 1677 163 εει

60 206 100 229 est
120 199 192 227 vitiis
208 206 314 233 carere,
331 198 417 226 malas
441 198 655 226 consuetudines
681 201 708 225 et
724 197 839 232 pessima
856 199 878 226 Α
894 196 943 223 bus
958 201 1001 223 est
1013 203 1094 230 quem
1111 196 1145 223 de
1155 195 1273 232 Egypto
1287 200 1419 224 exeuntes
1433 195 1574 224 nobiscum
1588 201 1680 231 porta-

62 247 177 273 institula
195 246 339 280 deponere,
368 245 456 272 itedos
469 249 495 272 et
516 245 668 273 inconditos
688 251 787 274 mores.
814 248 841 270 et

65 291 186 327 quidquid
210 292 244 319 ab
261 291 414 319 honestatis
429 296 454 319 et
469 291 579 326 pietatis
595 291 686 327 regula
711 291 841 318 abhorret

61 337 226 364 abscindere.
246 337 299 365 Sed
326 338 376 364 hoc
392 345 454 364 curn
483 337 510 364 in
526 337 610 365 initiis
636 338 762 370 facimus,
783 337 839 371 ipsa

61 384 184 412 novitatis
206 384 407 420 quodammodo
431 383 590 411 diiiicultate
616 383 838 419 constringimur,

61 435 85 457 et
101 431 176 465 quasi
193 438 255 458 cum
283 430 377 458 labore
399 430 516 465 quodam
534 435 562 457 et
577 430 670 464 dolore
680 430 776 462 animi,
794 437 839 457 ve-

62 476 122 503 teris
140 476 345 504 consuetudinis
363 475 457 510 culpas
472 475 578 503 novella
595 475 766 503 institutione
780 483 838 502 mu-

62 528 154 549 tamus.
171 523 202 549 Et
220 522 280 550 ideo
299 527 351 555 est,
365 527 394 549 ut
409 522 475 555 dixi,
492 521 575 558 ηιο
591 522 714 556 quaedam
727 520 840 549 diiiicui-

61 572 99 594 tas
126 568 151 594 in
169 567 263 599 initiis,
288 571 316 595 ut
330 568 374 595 vix
400 575 525 602 aegreque
542 572 684 602 amputare
706 567 840 602 possimus

61 614 141 646 prima
157 613 226 649 (74),
246 617 274 640 et
299 613 419 640 secunda
437 613 586 648 suscipere.
608 612 666 640 Hoc
688 620 753 648 ergo
773 613 838 641 mihi

61 658 161 685 videtur
175 663 281 692 tempus
295 665 368 690 esse,
386 663 439 691 quo
456 657 528 685 velut
541 657 568 685 in
584 657 679 686 dolore
692 658 838 685 circumci-

60 703 138 731 sionis
162 707 263 731 nostra:
278 703 396 731 dicimur
410 703 539 735 residere,
557 710 700 738 usqueqoo
721 704 838 732 obducta

60 750 180 778 cicatrice
195 757 336 777 sauemur.
365 749 532 778 Obducimus
553 755 643 778 autem
670 750 838 782 cicatricem.

59 796 180 830 cumjam
199 805 267 824 nova
286 797 409 824 instituta
427 797 531 832 absque
546 796 705 824 diiiicultale
717 797 838 831 comple-

59 849 124 874 mus,
135 846 163 869 et
183 842 211 868 in
227 849 306 869 usum
323 842 401 870 nobis
414 843 542 874 vertitur,
569 844 641 877 quod
657 843 732 877 prius
760 841 837 877 quasi

59 887 188 915 insolitum
211 895 244 915 ac
267 887 374 916 dilIicile
388 888 540 916 videbatur.
569 889 602 916 Et
621 893 685 916 tunc
700 895 764 916 vere
783 888 837 922 jam

57 934 138 961 sanati
166 934 294 967 dicimur,
316 942 377 961 cum
401 934 474 962 vitiis
497 939 622 962 carentes
637 935 752 962 virtutes
769 943 838 963 novo

58 987 104 1006 usu
115 979 243 1006 vertimus
255 979 282 1006 in
296 983 433 1006 naturam.
448 979 480 1006 Et
495 979 532 1006 ita
548 980 655 1007 demum
681 980 780 1008 merito
805 981 838 1009 ad

59 1033 103 1053 nos
125 1026 191 1053 dicit
216 1033 306 1053 sermo
330 1026 438 1054 divinus
464 1033 495 1054 ea
521 1034 582 1061 quae
608 1031 758 1061 sequuntur
781 1027 804 1043 ιε
831 1039 836 1054 ;

60 1080 68 1097 ι
90 1071 219 1099 Hodierna
240 1072 282 1099 die
302 1072 401 1099 abstuli
427 1073 603 1107 opprobriutn
624 1073 735 1108 Egypti
755 1081 770 1101 a
791 1081 837 1102 vo-

57 1117 116 1145 bis:
135 1127 144 1143 ι
161 1118 225 1152 quia
248 1122 426 1153 posteaquam
451 1118 570 1146 ablatum
593 1124 634 1146 est
660 1120 836 1154 opprobrium

57 1161 170 1199 .‘Egypti,
187 1168 252 1191 tunc
273 1163 374 1192 dicitttr
388 1164 409 1180 "
426 1173 433 1191 :
452 1173 462 1190 ι
482 1164 516 1192 Et
537 1164 663 1192 fecerunt
680 1165 727 1192 tilii
754 1166 838 1193 Israel

57 1209 152 1243 pascha
169 1214 267 1244 quarta
281 1209 385 1237 decima
401 1209 444 1237 die
468 1210 570 1238 mensis
586 1210 668 1245 primi
690 1210 836 1246 (75).)Non

56 1254 122 1281 cnim
137 1258 200 1282 ante
217 1255 454 1283 circumcisionem
475 1256 573 1291 pascha
591 1256 680 1283 facere
698 1261 839 1291 poterant,

56 1301 98 1328 sed
115 1309 202 1336 neque
217 1302 310 1329 statim
327 1306 388 1336 post
410 1302 645 1331 circumcisionem
662 1310 760 1330 carnes
774 1303 836 1337 agni

55 1347 200 1380 comedere,
215 1351 364 1381 antequam
389 1353 563 1376 sanarentur.
578 1348 633 1376 Sed
658 1354 836 1384 posteaquam

55 1393 132 1420 sanati
145 1397 220 1425 sunt,
241 1393 342 1420 dicitur
354 1393 418 1428 quia
431 1393 553 1421 fecerunt
569 1394 671 1429 pascha
689 1395 737 1422 iiiii
753 1395 836 1422 Israel

55 1439 251 1473 quartadecima
277 1439 320 1466 die
344 1440 457 1467 mensis.
475 1440 555 1468 Vides
579 1447 644 1475 ergo
666 1441 730 1476 quia
757 1449 837 1470 nemo

58 1483 202 1512 immundus
220 1485 288 1512 facit
312 1485 423 1519 pascha,
439 1492 519 1512 nemo
544 1485 763 1519 incircumcisus,
788 1487 835 1515 sed

59 1530 202 1565 quicunque
222 1531 340 1558 mundus
359 1531 443 1558 fuerit
463 1536 489 1559 et
516 1532 706 1565 circumcisus,
721 1533 793 1560 sicttt
809 1538 836 1561 et
849 1544 872 1574 ε

58 1577 193 1612 Apostolus
207 1579 405 1613 interpretatur
415 1578 510 1606 dicens
520 1579 544 1595 ὀ
561 1590 566 1606 :
583 1589 593 1605 ι
614 1579 719 1607 Etenim
735 1580 834 1614 pascha

58 1629 170 1652 nostrum
191 1624 348 1652 immolatus
371 1629 413 1652 est
425 1625 560 1653 Christus.
585 1624 681 1660 Itaque
700 1626 772 1654 diem
793 1626 834 1653 l'e-

58 1675 123 1698 stum
140 1671 319 1704 celebremus,
337 1678 390 1698 non
407 1671 434 1698 in
449 1671 582 1698 fermento
598 1672 694 1704 veteri,
708 1679 796 1707 neque
809 1672 836 1698 in

58 1717 180 1746 fermento
206 1718 318 1746 malitia:
338 1721 365 1745 et
389 1717 518 1752 nequitiae
532 1717 600 1753 (76),
619 1718 667 1745 sed
681 1718 708 1745 in
732 1717 836 1753 azymis

57 1763 214 1792 sinceritatis
242 1768 271 1791 et
295 1764 432 1791 veritatis.
460 1772 470 1790 ο
500 1763 554 1791 Sed
579 1768 607 1791 et
632 1769 697 1791 tunc
724 1765 834 1800 quidem

57 1821 153 1854 quando
173 1822 240 1849 exiit
266 1821 379 1856 populus
400 1821 434 1848 de
459 1825 531 1849 terra
557 1821 685 1857 Egypti,
716 1823 836 1857 portavit

57 1874 169 1899 sparsum
185 1868 212 1895 in
225 1867 397 1895 vestimentis
408 1867 475 1894 suis.
493 1867 561 1895 Cum
586 1873 677 1895 autem
692 1868 837 1897 defecisset

58 1920 182 1947 sparsum,
205 1918 233 1941 et
258 1921 344 1949 panes
363 1921 417 1941 non
443 1914 585 1947 haberent,
602 1914 670 1949 pluit
685 1915 740 1943 illis
763 1915 836 1943 Deus

59 1966 156 1987 manna.
174 1960 242 1989 Cum
270 1964 361 1988 autem
376 1965 510 1988 venerunt
523 1961 557 1988 ad
584 1966 684 1989 terram
700 1966 834 1996 sanctam,

57 2010 81 2032 et
97 2005 197 2034 fruetus
217 2011 397 2042 perceperunt
417 1999 567 2042 provincia:
579 2008 743 2042 palmarum,
757 2008 835 2036 defe—

58 2052 135 2080 citeis
147 2060 255 2086 manna,
273 2057 302 2080 et
318 2057 382 2080 tunc
398 2053 480 2080 edere
493 2057 638 2088 cmperunt
650 2053 683 2081 de
701 2053 837 2082 fructibus

57 2104 137 2127 terra).
162 2100 257 2135 Itaque
280 2100 331 2126 tria
349 2106 450 2133 genera
482 2099 537 2135 (77)
565 2099 689 2127 ciborum
721 2108 836 2135 genera-

58 2145 113 2172 liter
140 2146 340 2174 describuntur.
365 2144 453 2173 Unum
478 2145 588 2180 quidem
613 2153 667 2181 quo
698 2149 836 2175 vescimur

57 2200 176 2223 exeuntes
191 2196 224 2223 de
237 2201 308 2223 terra
323 2194 447 2230 Egypti,
465 2194 511 2222 sed
527 2194 579 2221 hoc
594 2194 627 2220 ad
639 2201 751 2228 parvum
765 2199 833 2222 tem-

59 2248 102 2274 pus
115 2241 218 2269 suiIicit.
237 2241 299 2268 Post
314 2241 365 2268 hoc
383 2244 473 2268 autem
499 2246 598 2266 manna
613 2239 748 2268 succedit.
767 2238 835 2267 'I‘er-

60 2286 118 2314 tium
130 2295 191 2315 vero
216 2287 271 2321 jam
288 2287 321 2314 de
339 2291 410 2314 terra
428 2290 522 2313 sancta
548 2286 673 2321 capimus
702 2287 832 2314 fructum.

61 2331 84 2357 In
99 2333 192 2366 quibus
203 2331 364 2360 diii'crcntiis
379 2332 420 2366 (ut
434 2339 500 2359 mea:
513 2332 659 2366 parvitatis
678 2331 833 2360 intellectus

61 2380 212 2414 assequitur)
228 2379 292 2406 illud
305 2377 425 2406 arbitror
444 2377 570 2410 indicari,
581 2378 653 2412 quod
670 2378 774 2413 primus
793 2379 835 2406 ci-

895 241 991 271 vimus,
1006 248 1088 275 parva
1104 242 1162 269 inec
1171 242 1288 269 eruditio
1304 240 1443 270 sacularis
1456 241 1524 277 (τε).
1535 246 1582 269 aut
1596 242 1680 270 etiam

891 288 914 315 si
926 287 987 322 quis
1007 288 1077 316 forte
1091 288 1182 323 attigit
1206 287 1360 316 liberalium
1376 289 1529 316 litterarum
1543 289 1680 324 cognitio-

893 341 955 361 nem
972 334 1041 369 (79),
1059 341 1118 368 qua:
1132 334 1260 369 exiguum
1277 334 1380 369 aliquid
1393 334 1490 369 juvare
1508 341 1557 362 nos
1580 339 1680 370 potest.

892 378 919 405 In
934 386 1027 406 eremo
1049 387 1114 407 vero
1131 380 1225 414 positi,
1251 380 1279 407 id
1296 385 1349 413 est,
1364 380 1390 407 in
1412 380 1464 408 hoc
1492 380 1519 408 in
1539 388 1594 415 quo
1609 387 1681 407 nunc

891 432 985 452 sumus
1006 425 1067 452 vitae
1080 430 1164 458 statu,
1179 433 1277 453 manna
1304 426 1451 459 vescimur,
1464 433 1513 461 per
1533 426 1585 454 hoc
1607 425 1679 460 quod

892 470 990 498 divina
1014 470 1081 506 legis
1110 471 1339 499 instructionibus
1363 472 1516 500 erudimur.
1538 471 1589 505 Qui
1613 478 1680 499 vero

893 517 1023 544 meruerit
1040 521 1140 545 terram
1165 518 1385 553 repromissionis
1402 518 1517 552 intrare,
1533 519 1559 546 id
1579 523 1631 551 est,
1645 524 1678 546 ea

892 571 952 599 quae
971 572 986 591 a
1014 564 1155 593 Salvatore
1179 566 1346 600 repromissa
1370 569 1434 594 sunt
1457 565 1608 601 consequi,
1633 565 1679 594 ille

891 610 947 637 edit
964 610 1069 638 I'ructus
1083 618 1099 638 e
1120 611 1233 646 regione
1256 611 1420 646 palmarum.
1443 611 1513 639 Vere
1533 612 1605 640 enim
1625 611 1680 639 I'ru-

890 660 964 682 ctum
979 655 1076 690 palma:
1089 657 1217 688 inveniet,
1228 657 1273 691 qui
1286 657 1393 685 devicto
1405 657 1482 685 hoste
1495 656 1528 684 ad
1545 657 1678 691 promissa

890 702 1054 737 pervenerit.
1075 702 1185 730 Certum
1202 710 1319 738 namque
1342 708 1396 736 est,
1421 704 1492 739 quod
1508 707 1679 739 quantacun-

889 755 942 782 que
956 747 1000 775 illa
1016 752 1089 782 sunt,
1106 755 1167 783 qua
1181 748 1295 776 nuncin
1317 749 1376 785 lege
1389 749 1448 782 Dei,
1460 749 1502 778 vel
1520 749 1620 777 divinis
1631 749 1677 777 lit-

891 793 956 821 teris
970 794 1124 830 intelligere
1137 802 1284 830 possumus
1302 800 1349 823 aut
1361 796 1473 829 sentire,
1487 796 1574 824 multo
1593 796 1678 824 subli-

890 839 977 867 miora
991 844 1020 867 et
1036 840 1190 868 excelsiora
1211 846 1293 869 erunt
1316 841 1371 874 illa,
1395 849 1456 877 quae
1468 847 1599 871 cessante
1609 843 1678 871 teni-

890 890 981 920 gmate
998 885 1071 913 facie
1085 886 1119 914 ad
1133 885 1232 914 faciem
1249 887 1336 915 sancti
1351 887 1453 922 quique
1469 888 1562 916 videre
1588 894 1675 915 mere-

889 931 1002 964 buntur,
1023 932 1086 966 quia
1112 939 1173 966 qua:
1202 942 1212 958 ι
1233 932 1328 961 oculus
1351 941 1404 961 non
1432 933 1513 966 vidit.
1537 941 1589 962 nec
1603 934 1678 961 auris

888 976 1001 1009 audivit,
1017 984 1067 1005 nec
1081 978 1108 1004 in
1122 978 1296 1006 corhominis
1309 979 1474 1014 ascendit",
1488 989 1498 1007 ι
1514 980 1571 1008 haec
1584 989 1594 1006 ι
1608 987 1678 1015 pric-

889 1023 997 1057 paravit
1020 1023 1091 1051 Deus
1117 1024 1150 1051 iis
1167 1025 1212 1059 qui
1227 1025 1342 1060 diligunt
1357 1032 1420 1053 eum
1438 1026 1507 1061 (80).
1525 1036 1535 1051 ι
1560 1025 1638 1060 Quod
1654 1026 1677 1054 si

888 1070 1035 1097 secundum
1058 1069 1176 1098 litteram
1197 1071 1283 1099 solam
1309 1072 1482 1108 intelligenda
1507 1073 1542 1101 sit
1565 1073 1619 1105 lex,
1638 1074 1678 1101 in-

889 1114 1034 1142 veniuntur
1048 1114 1105 1150 (8i)
1131 1115 1190 1143 sine
1205 1116 1287 1144 dubio
1298 1115 1345 1144 lilii
1361 1116 1455 1150 Israel,
1477 1125 1539 1144 curn
1558 1117 1678 1145 meliori-

888 1161 940 1189 bus
958 1165 1099 1189 uterentur
1124 1161 1237 1197 (manna
1256 1162 1356 1198 quippe
1380 1163 1413 1190 de
1434 1162 1504 1191 casio
1519 1163 1674 1200 capiebant)

887 1215 919 1235 ex
939 1207 1155 1242 repromissione
1166 1208 1303 1236 deteriora
1317 1208 1466 1244 accepisse,
1489 1209 1589 1245 quibus
1600 1212 1677 1245 prius

886 1253 1063 1290 Egyptiacis
1087 1254 1280 1282 deﬁcientibus
1297 1255 1379 1289 cibis,
1395 1255 1491 1283 melior
1506 1256 1600 1291 utique
1614 1264 1676 1285 suc-

887 1304 1008 1327 cesserat
1031 1299 1109 1327 cibus
1131 1307 1229 1327 manna
1243 1300 1277 1327 de
1297 1301 1376 1328 caelo.
1393 1300 1426 1328 Et
1448 1302 1584 1336 quomodo
1606 1309 1678 1330 nunc

888 1344 1026 1379 putabitur
1034 1344 1147 1371 meliore
1160 1344 1221 1372 cibo
1234 1349 1360 1373 cessante
1370 1345 1536 1374 successisse
1547 1346 1676 1380 deterior,

886 1390 939 1417 nisi
955 1389 1018 1424 quia
1048 1389 1133 1423 major
1152 1393 1181 1417 et
1207 1389 1299 1418 verior
1319 1390 1389 1417 ratio
1405 1390 1433 1417 in
1445 1391 1560 1425 spiritali
1577 1391 1677 1419 intelli-

886 1435 986 1470 gentia,
1002 1442 1084 1470 quam
1104 1435 1130 1462 in
1151 1438 1226 1462 textu
1242 1434 1341 1463 litterae
1357 1435 1572 1470 deprehenditur
1584 1437 1597 1463 τ
1619 1437 1672 1465 Sed

888 1480 998 1508 interim
1019 1486 1197 1516 posteaquam
1221 1480 1372 1509 introduxit
1394 1480 1473 1508 Iesus
1493 1482 1622 1517 populant
1650 1483 1676 1510 in

889 1530 990 1553 terram
1007 1530 1143 1558 sanctam,
1167 1530 1231 1553 tunc
1242 1524 1405 1560 expugnatis
1420 1524 1477 1560 (εἳ)
1491 1526 1618 1554 omnibus
1632 1533 1678 1554 ce-

889 1571 978 1600 lebrat
987 1570 1106 1599 Pascha.

923 1641 950 1668 3.
967 1649 976 1665 ι
992 1639 1026 1667 Et
1040 1639 1140 1668 factum
1155 1645 1197 1668 est
1216 1648 1277 1668 cum
1293 1644 1367 1668 esset
1379 1641 1458 1669 Jesus
1473 1641 1498 1668 in
1517 1640 1627 1670 Iericho
1642 1641 1676 1674 ",

889 1687 1041 1721 respiciens
1057 1686 1146 1714 oculis
1160 1687 1228 1714 vidit
1238 1686 1378 1715 hominem
1396 1691 1514 1715 stantem
1528 1691 1625 1716 contra
1637 1695 1676 1720 sc,

887 1738 915 1760 et
932 1733 1038 1769 gladius
1053 1733 1211 1768 evaginatus
1226 1738 1287 1760 erat
1309 1733 1336 1760 in
1357 1741 1438 1761 manu
1457 1733 1527 1767 ejus.
1552 1732 1586 1760 Et
1600 1741 1678 1761 acce—

888 1781 954 1807 dens
972 1778 1051 1807 Iesus
1068 1778 1137 1806 dixit
1150 1779 1173 1806 ei
1192 1787 1199 1806 :
1213 1778 1311 1807 Noster
1324 1786 1364 1812 es,
1379 1786 1412 1806 an
1430 1779 1651 1807 adversariorum
1666 1780 1678 1807 ?

888 1826 922 1852 At
943 1825 990 1853 ille
1013 1825 1105 1853 dixit:
1124 1825 1180 1860 Ego
1205 1832 1266 1852 sum
1290 1825 1418 1861 princeps
1439 1825 1544 1853 militiae
1566 1826 1677 1854 virtutis

888 1871 994 1900 Domini
1010 1880 1017 1898 :
1032 1878 1103 1899 nunc
1116 1871 1212 1899 adveni
1226 1870 1293 1907 (83).
1308 1880 1318 1897 ι
1336 1871 1497 1906 Respiciens
1508 1879 1573 1906 ergo
1590 1873 1677 1900 oculis

887 1917 961 1945 videt
981 1917 1133 1952 principem
1153 1915 1258 1944 militiae
1276 1917 1386 1945 virtutis
1407 1917 1526 1950 Domini,
1545 1919 1676 1953 tanquam

883 1964 934 1999 qui
952 1963 1028 1999 prius
1040 1971 1092 1991 non
1110 1963 1275 1998 respexerit,
1291 1963 1338 1991 sed
1355 1968 1431 1996 tunc,
1448 1971 1509 1992 cum
1524 1964 1676 1999 principem

879 1999 993 2037 “militiae
1011 2008 1116 2036 Domini
1132 2009 1241 2037 visurus
1257 2012 1339 2037 esset.
1359 2009 1444 2043 Quem
1457 2013 1546 2037 tamen
1559 2017 1620 2037 cum
1636 2010 1677 2037 νὶ-

888 2059 974 2088 disset
995 2059 1089 2092 Iesus,
1113 2067 1165 2087 non
1180 2066 1242 2087 eum
1259 2057 1333 2085 velut
1348 2063 1520 2085 communem
1539 2057 1675 2084 hominem

887 2105 966 2138 vidit,
983 2106 1030 2133 sed
1048 2105 1181 2133 intellexit
1200 2105 1327 2133 virtutem
1354 2110 1415 2132 esse
1429 2103 1585 2138 quamdam.
1602 2102 1674 2130 Non-

890 2152 954 2178 dum
972 2152 1045 2179 enim
1059 2151 1116 2187 (84)
1134 2155 1227 2179 certus
1241 2155 1284 2179 est
1298 2158 1332 2179 ex
1353 2149 1452 2178 divinis
1465 2149 1622 2182 virtutibus,
1640 2157 1674 2177 an

887 2205 920 2224 ex
931 2197 1077 2225 contrariis
1091 2204 1145 2224 una
1162 2197 1198 2224 sit
1214 2203 1273 2231 quae
1296 2196 1415 2229 videtur,
1433 2200 1460 2222 et
1479 2195 1541 2223 ideo
1556 2195 1676 2222 interro-

889 2248 945 2278 gat,
961 2247 989 2270 et
1011 2243 1145 2278 perquirit
1168 2243 1260 2271 dicens
1275 2251 1283 2270 :
1304 2251 1313 2268 t
1330 2241 1428 2271 Noster
1445 2250 1486 2276 es,
1502 2250 1534 2269 an
1550 2242 1677 2270 adversa-

890 2289 1015 2317 riorum?
1036 2298 1045 2315 ι
1069 2290 1102 2316 At
1116 2289 1160 2316 ille
1178 2289 1237 2316 ait:
1253 2298 1263 2315 ‹
1287 2288 1343 2324 Ego
1358 2296 1416 2317 sum
1431 2288 1557 2323 princeps
1575 2287 1677 2315 militias

889 2336 997 2363 virtutis
1010 2335 1127 2369 Domini,
1142 2342 1213 2363 nunc
1232 2334 1339 2363 adveni.
1356 2343 1366 2360 ι
1386 2334 1419 2362 Ει
1433 2341 1496 2362 cum
1521 2334 1573 2362 hoc
1586 2335 1677 2362 audis—

889 2387 930 2409 set
945 2380 1013 2416 (85),
1028 2380 1153 2408 adoravit
1165 2379 1290 2414 Iesus,et
1304 2380 1372 2408 dixit
1384 2380 1408 2396 "
1425 2389 1431 2407 :
1449 2389 1459 2406 ι
1478 2379 1601 2414 Domine,
1612 2380 1676 2415 quid

91 2449 111 2466 “
119 2449 172 2477 Jos.
188 2458 213 2483 v,
232 2450 259 2477 9.
298 2449 319 2465 "
332 2448 389 2476 Jos.
402 2457 428 2482 v,
444 2447 486 2476 I0.
525 2448 548 2464 '°
560 2447 571 2474 ι
582 2448 643 2480 Cor,
658 2456 684 2481 ν,
705 2448 730 2481 7,
744 2446 771 2476 8.
806 2451 828 2466 "

908 2459 930 2479 r.
947 2459 978 2484 ιι,
990 2450 1017 2478 9.
1053 2450 1075 2466 ²¹
1089 2450 1144 2478 Jos.
1163 2458 1189 2485 v,
1205 2450 1247 2483 15,
1264 2450 1307 2478 ιι.
1345 2450 1368 2466 ’³
1384 2450 1441 2478 Jos.
1454 2457 1481 2482 ν,
1494 2449 1537 2477 id.

91 2509 142 2544 (id)
157 2509 262 2537 Iidem:
282 2518 290 2534 ι
314 2508 340 2535 in
358 2508 444 2536 initiis
466 2515 566 2535 exuere
587 2513 667 2544 atque
693 2514 836 2544 amputare

61 2551 104 2571 nos
117 2551 191 2578 posse
204 2545 303 2578 prima.
328 2553 337 2569 ι

91 2577 143 2613 ('15)
160 2577 256 2607 Primi.
268 2579 349 2607 Deest
366 2578 391 2605 in
405 2578 546 2613 Sangerm.
565 2577 797 2606 etGemcticensi.

92 2613 145 2655 (76)
170 2613 233 2642 Mss.
257 2624 266 2640 ι
291 2615 429 2649 nequitiaz.
449 2623 458 2639 ι
478 2613 555 2641 Libb.
572 2613 639 2641 editi
655 2623 661 2641 :
679 2623 688 2640 ι
711 2614 832 2649 maligni-

63 2652 246 2719 un(I'I'.l)('lodex
265 2683 481 2714 Gemeticensis:
500 2691 510 2709 ι
527 2683 576 2711 tria
592 2690 704 2718 genera.
728 2693 736 2709 ι
755 2683 833 2712 Libb.

62 2718 118 2754 cdili
134 2729 140 2746 :
159 2729 168 2745 t
185 2725 240 2747 tres
251 2721 365 2754 species.
385 2729 394 2745 ι

76 2753 143 2793 ,(78)
168 2753 323 2782 διυειιιιιγὶι.
348 2754 424 2782 Unus
452 2753 624 2782 Ebroiccusis
651 2761 657 2780 :

65 2796 80 2814 ΙἸ
98 2808 103 2814 .

84 2796 144 2860 809)
159 2824 324 2852 Gcmctic.ct
343 2826 394 2852 duo
411 2825 609 2852 Ebroiceuscs:
627 2833 636 2850 ί
654 2824 806 2860 scientiam.
824 2833 833 2848 )

93 2859 143 2894 (80)
157 2861 246 2888 Codex
264 2860 396 2889 Gctuctic.
415 2869 424 2886 ι
443 2861 603 2893 ascendunt,
621 2869 629 2885 ι
646 2863 673 2887 ct
685 2859 763 2894 paulo
776 2863 837 2892 post

688 2763 696 2780 ι
723 2753 834 2782 schola-

892 2520 902 2536 (
923 2510 994 2537 Deus
1014 2509 1192 2545 diligentibus
1206 2517 1246 2537 se.
1263 2519 1272 2535 ι

924 2546 981 2582 (ξι)
996 2545 1070 2582 idem
1087 2552 1094 2571 :
1111 2554 1120 2571 ‹
1142 2545 1324 2582 invenientur.
1344 2554 1353 2571 ι

925 2549 966 2582 (si
998 2549 1070 2572 idem
1087 2552 1094 2571 :
1111 2554 1120 2571 ‹
1142 2549 1324 2572 invenientur.
1344 2554 1353 2571 ι

925 2549 981 2616 (82)
993 2580 1149 2616 Sangerm‘.,
1164 2580 1296 2608 Gemetie.
1307 2585 1334 2607 et
1348 2586 1418 2607 unus
1431 2578 1590 2616 Ebroicens.
1604 2588 1676 2609 rex-

888 2617 1023 2651 pugnatis.
1046 2625 1056 2642 ι
1075 2615 1152 2643 Libb.
1170 2615 1234 2643 editi
1257 2622 1265 2642 :
1290 2623 1299 2640 t
1314 2615 1479 2651 expurgatis.
1494 2624 1505 2642 ι
1518 2615 1587 2643 Ibid.
1603 2617 1675 2645 San-

887 2650 972 2686 gcrm.
994 2650 1163 2686 ("CCICDI'iInl
1177 2651 1287 2686 pascha.
1310 2660 1321 2676 ι

922 2685 976 2721 (85)
1005 2685 1083 2721 Nunc
1107 2686 1211 2712 adveni.
1230 2685 1310 2713 Deest
1338 2685 1367 2721 i_n_
1387 2685 1452 2713 libb.
1479 2690 1559 2713 antea
1579 2686 1671 2720 editis,

891 2719 936 2748 sed
952 2719 1067 2748 habetur
1079 2720 1104 2746 in
1119 2721 1247 2748 omnibus
1266 2727 1331 2749 mss.
1344 2719 1403 2748 lion
1421 2721 1448 2749 in
1462 2722 1522 2749 cod.
1540 2719 1674 2751 Gemelic.

890 2756 966 2783 deest
985 2764 993 2781 ι
1014 2755 1172 2788 respiciens.
1190 2765 1199 2781 ι

924 2790 979 2824 (84)
1009 2790 1185 2825 Saugertuau.
1217 2800 1225 2815 ι
1244 2791 1326 2819 enim.
1353 2800 1362 2816 ι
1388 2789 1570 2821 Libb.cditi:
1600 2802 1609 2819 ι
1633 2797 1676 2820 la—

891 2833 964 2853 IIICII.
997 2835 1006 2849 ι

926 2858 981 2895 (85)
999 2859 1069 2887 Idem
1087 2868 1094 2888 ζ
1115 2869 1123 2886 t
1148 2859 1270 2889 dixisset.
1293 2870 1302 2887 ›
