1902 3052
232 122 284 149 855
957 122 983 150 0]

1102 123 1117 150 5
1807 123 1853 150 856

235 180 359 215 praeripis
381 188 460 209 servo
484 182 554 209 tuo?
572 192 580 208 ι
605 183 673 215 Quid
693 187 734 210 est
749 184 820 218 quod
844 191 893 211 nos
906 192 954 219 pcr
971 185 1021 211 hoc
1036 186 1057 213 A
1073 184 1105 211 de
1123 184 1248 218 paradiso
1276 184 1302 211 in
1327 183 1406 218 hujus
1429 183 1520 210 mutuli
1543 183 1667 210 exsilium
1697 187 1790 210 trusus
1805 190 1853 210 est.

233 227 329 254 edocet
350 226 448 255 Jcsus?
471 227 536 254 Illud
558 228 616 255 sine
641 228 724 255 dubio
740 229 810 262 quod
829 229 894 256 dicit
907 235 1015 265 aposto-
1070 230 1122 257 Sed
1139 234 1166 257 et
1181 230 1244 257 cmci
1258 230 1281 246 ³ο
1293 230 1337 264 qui
1352 234 1430 257 erant
1447 230 1474 256 in
1495 228 1615 261 Jericho,
1630 230 1664 256 ad
1687 237 1760 264 quos
1786 230 1855 256 venit

235 272 276 299 lus
291 272 335 299 ’δε
355 281 363 298 ι
385 272 473 300 Nolite
486 273 560 300 omni
581 274 688 309 spiritui
702 275 824 308 credere,
842 276 888 303 sed
905 277 1016 309 probate
1070 273 1148 300 Jesus
1163 279 1191 300 ut
1217 274 1320 302 faceret
1336 281 1384 301 eos
1401 273 1501 305 videre,
1525 273 1639 301 fortunam
1660 274 1794 307 gerebant
1813 281 1854 300 co-

233 319 345 352 spiritus
361 319 382 345 si
396 327 428 346 cx
445 320 498 346 Deo
515 324 586 347 sunt.
609 329 618 346 ι
636 320 766 355 Cognovit
790 329 855 357 ergo
870 322 948 349 Jesus
965 331 1015 350 non
1070 327 1128 346 rum
1145 320 1190 354 qui
1205 320 1230 346 in
1247 320 1299 347 hoc
1316 319 1416 347 mundo
1433 319 1555 346 eteoitate
1569 319 1729 354 ignorantiae
1747 326 1854 353 preme»

233 363 319 390 solum
337 365 407 397 quod
431 372 463 392 ex
487 364 543 392 Deo
567 370 628 398 est,
649 367 696 393 sed
715 367 777 401 quia
804 367 873 395 Deus
890 373 939 395 est.
959 368 1015 395 Non
1067 365 1177 398 bantur,
1192 366 1225 392 ad
1240 373 1308 400 quos
1324 365 1396 393 venit
1408 365 1494 392 Filius
1506 365 1564 392 Dei.
1581 365 1642 392 llaec
1655 373 1721 400 ergo
1732 364 1853 397 Jericlio,

233 409 304 436 enim
321 410 471 443 adorasset,
489 412 539 439 nisi
564 412 718 446 agnovisset
745 413 838 440 Deum.
860 413 925 447 Quis
943 414 1015 441 enim
1067 411 1094 439 id
1108 417 1150 439 est
1173 412 1288 439 mundus
1312 412 1356 440 hic
1380 419 1493 439 casurus
1513 416 1565 439 est.
1582 411 1790 439 Consummatio
1814 417 1853 438 et-

232 457 301 483 ειιίυε
329 462 370 484 εει
394 458 519 492 princeps
546 458 648 485 militia!
664 459 796 486 Virtutum
822 459 938 493 Domini,
963 460 1015 488 nisi
1067 457 1138 484 enim
1148 457 1238 484 steculi
1251 456 1308 490 jam
1323 457 1534 484 dudumsanctis
1548 456 1731 484 voluminibus
1747 455 1853 491 pervul-

234 502 362 530 Dominus
389 507 482 531 noster
507 503 585 531 Jesus
604 503 753 532 Christus?
780 504 875 532 Omnis
901 513 1016 541 namque
1066 508 1127 538 gata
1146 507 1198 531 est.
1214 503 1352 536 Quomodo
1364 510 1430 537 ergo
1442 503 1466 530 ei
1493 502 1693 530 00nsummatio
1718 501 1852 529 dabitur?

231 547 293 575 caeli
308 549 415 582 militia,
432 549 489 577 sive
512 550 613 585 angeli,
631 551 688 578 sive
704 551 870 586 archangeli,
887 552 944 579 sive
959 554 982 579 vi

1105 549 1164 577 ibus
1179 549 1308 584 organis?
1323 548 1449 581 Vocibus,
1467 548 1566 583 inquit,
1583 549 1721 576 tubarum.
1734 547 1853 581 Quarum

232 597 315 625 lules,
329 595 387 621 sive
400 595 612 629 dominationes,
630 596 688 624 sive
704 597 885 632 principatus,
899 598 956 625 sive
968 606 1016 633 ρο-
1068 594 1321 622 tubarum?Paulus
1337 594 1383 621 tibi
1398 594 1493 622 secreti
1507 594 1586 628 huius
1601 593 1697 628 prodat
1712 600 1852 620 arcanum.

231 644 354 671 testates,
371 640 461 667 omnia
476 640 534 668 hmc
546 648 606 675 qua:
622 648 671 676 per
689 642 775 676 ipsum
793 643 861 670 facta
876 648 949 676 sunt,
966 645 1014 672 sub
1065 639 1136 666 Audi
1152 639 1209 674 ipse
1229 640 1294 674 quid
1309 640 1381 667 dicat
1398 647 1406 666 :
1426 648 1435 665 ι
1453 638 1548 672 Canet,
1578 638 1666 673 inquit
1684 638 1720 670 ³¹,
1741 639 1818 670 tuba,
1830 643 1853 664 et

232 685 291 720 ipso
309 686 431 720 principe
451 687 578 721 militant,
593 688 639 723 qui
652 693 693 716 est
708 689 860 724 principum
878 691 983 726 princh

1100 685 1166 712 )rtui
1185 685 1231 720 qui
1247 685 1273 712 in
1288 684 1397 713 Christo
1422 688 1498 717 sunt,
1519 689 1664 719 resurgunt
1687 683 1851 717 incorrupti,

229 731 311 766 etqui
321 730 435 767 largitur
446 732 612 768 principibus
622 733 881 770 principatumese
892 740 931 763 est
942 737 1014 763 enim
1065 736 1093 758 et
1106 731 1163 765 ipse
1182 730 1312 758 Dominus
1326 732 1352 757 in
1366 729 1454 765 jussu,
1469 729 1496 756 in
1509 736 1575 757 voce
1597 729 1768 764 archangeli,
1785 733 1814 756 et
1829 729 1853 755 in

231 776 279 809 qui
292 776 357 804 dicit
374 777 401 803 in
419 777 563 812 Evangelio
575 779 617 805 "1
636 787 645 805 ι
666 779 729 807 Esto
741 785 900 814 potestatem
913 781 981 808 habe

1102 784 1130 803 va
1154 775 1200 804 Dei
1218 775 1366 804 descendet
1389 776 1422 804 de
1445 775 1527 803 caelo.
1546 782 1555 799 ι
1577 774 1655 802 Tunc
1681 781 1748 810 ergo
1774 773 1853 802 Jesus

229 829 308 856 supra
329 822 409 858 41],
429 823 522 852 decem
540 825 673 853 civitates,
694 835 703 852 ι
717 826 750 853 Ει
766 827 828 854 alibi
845 837 852 855 ε
874 837 883 853 ι
897 828 961 855 Εειο
986 833 1013 855 ω
1031 854 1049 858 η
1067 822 1196 850 Dominus
1211 827 1303 850 noster
1316 829 1377 849 cum
1393 821 1464 850 tubis
1488 822 1580 850 vincet
1597 820 1707 848 Jcricho
1740 824 1768 848 ct
1794 828 1855 854 pro-

230 854 503 901 potcslal-ebI—habens
512 876 594 904 supra
609 871 727 906 quinique
737 873 872 901 civitates.
887 883 896 900 ι
912 874 961 902 Hic
973 880 1013 903 σει
1031 854 1051 881 Β
1066 872 1170 896 sternet
1181 875 1254 901 eam,
1269 868 1306 896 ita
1320 872 1350 896 ul.
1363 876 1396 896 ex
1411 875 1442 895 ea
1463 868 1593 896 meretrix
1608 867 1665 895 sola
1681 867 1816 900 salvetur,
1831 873 1856 893 et

229 914 274 948 qui
291 920 404 949 accepto
416 922 501 949 regno
516 922 655 950 regressus
669 923 720 945 est,
1065 913 1156 942 omnis
1169 914 1264 941 domus
1277 913 1346 948 ejus.
1367 913 1472 946 Veniet,
1491 913 1588 948 inquit,
1612 913 1746 940 Dominus
1761 918 1856 940 noster

263 959 291 986 5.
308 958 361 986 Sed
377 959 486 987 interim
502 959 642 988 videamus
656 968 715 996 quae
726 969 846 996 praesens
857 963 936 991 lectio
949 970 1014 998 sug-
1063 960 1154 993 Jesus,
1171 965 1199 987 et
1223 959 1249 987 in
1266 960 1393 987 tubarum
1418 966 1485 987 voce
1508 960 1607 986 veniet.
1633 959 1686 986 Sed
1707 958 1767 992 jam
1787 966 1858 985 nunc

227 1006 310 1038 gerit.
334 1005 362 1032 ln
386 1005 496 1034 Jericho
511 1009 552 1033 est
565 1005 655 1039 Jesns,
673 1007 760 1035 adhuc
773 1007 867 1035 hostes
888 1008 1014 1037 obtinent
1064 1012 1174 1033 oremus
1186 1010 1216 1033 ut
1233 1005 1326 1032 veniat
1349 1008 1376 1032 et
1388 1004 1510 1032 destruat
1535 1004 1675 1036 tnundum,
1691 1004 1739 1039 qui
1754 1004 1784 1031 in
1802 1011 1858 1030 ma-

227 1052 379 1083 civitatem,
398 1053 517 1080 nondum
531 1053 597 1081 victi
614 1059 688 1087 sunt,
703 1059 730 1081 et
741 1055 796 1089 jam
811 1059 901 1082 tamen
912 1055 1013 1082 dicitur
1064 1050 1139 1086 ligno
1153 1051 1256 1086 Ροείῑιιε
1270 1055 1312 1079 εει
1325 1051 1359 1084 ³¹ι
1375 1055 1402 1078 el
1415 1052 1505 1078 οηιηίίὶ
1531 1057 1591 1085 cll"ﬁ
1611 1050 1637 1076 in
1659 1048 1763 1076 mundi?
1780 1053 1856 1081 ευιιιι

228 1097 259 1123 :Id
271 1097 363 1125 Jesum
376 1098 435 1125 “:t
453 1099 534 1126 Solve
547 1099 763 1127 caleeamentum
778 1100 811 1127 de
822 1100 934 1135 pedibus
948 1101 1011 1135 tuis,
1063 1098 1127 1133 quia
1141 1106 1156 1123 Α
1175 1104 1255 1125 omne
1277 1098 1350 1132 quod
1377 1097 1404 1124 in
1427 1097 1527 1124 lnundO
1551 1100 1605 1128 εει»
1632 1095 1858 1130 concupisce!“iii

226 1143 302 1171 locus
319 1144 391 1171 enim
407 1145 433 1172 in
450 1152 504 1179 quo
520 1150 579 1173 stas
592 1150 664 1173 terra
684 1151 779 1174 sancta
792 1151 844 1174 est,
866 1156 876 1173 ι
892 1147 925 1174 Ει
945 1154 1013 1182 quo-
1067 1142 1159 1170 carnis
1170 1147 1223 1175 est,
1238 1147 1265 1170 et
1279 1141 1502 1176 concupiscentia
1523 1141 1664 1169 oculorum
1679 1140 1728 1167 ³³.»
1739 1140 1794 1168 Ista
1809 1140 1857 1168 de-

225 1189 305 1217 modo
317 1189 427 1219 Jericho
443 1195 513 1219 terra
530 1196 624 1220 sancta
636 1195 690 1226 est,
708 1199 767 1227 qua:
784 1193 818 1221 ab
835 1193 958 1221 hostibus
974 1200 1014 1220 ι-θ-
1063 1193 1162 1221 struat,
1174 1189 1225 1216 ista
1236 1187 1403 1223 jamjamque
1414 1187 1559 1220 dissolvat,
1572 1187 1659 1215 salvet
1676 1191 1770 1213 autem
1787 1186 1858 1213 hanc

225 1236 347 1264 tinetur?
359 1236 412 1265 Sed
424 1245 459 1264 ne
471 1237 542 1265 forte
563 1238 613 1265 hoc
631 1238 666 1266 sit
682 1239 754 1273 quod
777 1238 922 1271 indicatur,
949 1239 1011 1273 quia
1063 1236 1150 1262 solam
1165 1242 1225 1269 quae
1239 1233 1427 1269 exploratores
1438 1233 1497 1268 ejus
1512 1234 1641 1269 suseepit,
1658 1240 1721 1268 quae
1733 1233 1857 1267 Aposto-

224 1287 388 1315 quocunque
415 1282 520 1309 venerit
549 1281 675 1317 princeps
701 1282 804 1310 militia:
824 1283 932 1311 virtutis
956 1284 1011 1311 Do-
1066 1281 1106 1308 los
1119 1281 1178 1316 ejus
1190 1281 1216 1307 in
1232 1280 1284 1307 lide
1296 1284 1323 1307 et
1341 1279 1496 1308 obedientia
1523 1285 1659 1315 receptos,
1675 1280 1702 1306 in
1720 1279 1851 1314 superio-

225 1326 302 1358 mini,
323 1326 477 1354 sanctificat
496 1327 597 1360 locum,
611 1328 674 1362 quia
694 1335 744 1356 nec
767 1328 824 1363 ipsa
841 1328 950 1357 Jericho
970 1329 1011 1357 lo-
1064 1327 1140 1355 ribus
1163 1325 1319 1359 collocavit,
1342 1329 1371 1353 et
1392 1325 1521 1360 adiungat
1534 1330 1563 1353 et
1575 1326 1662 1353 societ
1678 1328 1856 1355 meretricem

223 1379 273 1399 cus
286 1376 348 1400 erat
361 1377 472 1401 sanctus
488 1381 496 1401 :
511 1373 557 1401 sed
569 1374 632 1409 quia
645 1374 771 1409 princeps
787 1375 889 1402 militiae
907 1375 1012 1403 Domini
1064 1373 1134 1400 hanc
1152 1379 1212 1400 cum
1241 1371 1323 1399 domo
1345 1371 1439 1399 Israel.
1468 1371 1521 1399 Sed
1543 1371 1598 1405 jam
1613 1379 1666 1399 non
1684 1377 1855 1407 repetamus,

223 1418 298 1444 venit
311 1417 385 1450 illuc,
399 1418 474 1446 locus
489 1419 587 1446 dicitur
599 1424 721 1447 sanctus.
737 1419 794 1455 Ego
804 1421 885 1448 etiam
897 1422 1011 1456 amplius
1064 1426 1114 1446 nec
1134 1423 1294 1453 ιερυιθιιπυε
1307 1417 1331 1444 εί
1345 1422 1464 1445 “lenm
1480 1417 1597 1452 ευιμθιιιο
1618 1417 1777 1452 Aliquando
1801 1427 1856 1446 me-

223 1463 327 1498 aliquid
339 1464 423 1497 audeo
437 1469 464 1493 et
478 1464 623 1500 dico,quia
632 1465 713 1493 etiam
730 1466 835 1502 Moyses
853 1466 897 1494 ubi
910 1468 1009 1502 stabat,
1063 1465 1148 1492 retrix
1165 1464 1225 1498 fuit,
1241 1471 1312 1491 nunc
1335 1467 1426 1490 autern
1445 1463 1492 1490 uni
1513 1464 1571 1490 viro
1589 1469 1664 1491 casto
1677 1465 1758 1498 virgo
1777 1470 1853 1492 casta

223 1515 272 1541 per
285 1509 403 1544 seipsum
413 1517 465 1538 non
481 1515 540 1538 erat
556 1511 633 1539 locus
645 1515 767 1546 sanctus,
779 1512 827 1540 sed
835 1513 898 1548 quia
918 1513 1010 1540 Demi-
1024 1526 1046 1557 ο
1063 1511 1185 1546 copulata
1202 1514 1242 1538 est
1253 1508 1372 1537 Christo.
1390 1509 1459 1536 Audi
1483 1509 1638 1545 Apostolum
1665 1510 1806 1537 dicentem
1824 1512 1855 1536 de

224 1563 274 1582 nus
286 1555 375 1583 stabat
385 1563 445 1584 cum
462 1555 564 1592 Moyse,
579 1558 722 1592 praesentia
736 1557 840 1586 Domini
857 1559 1011 1586 sanctiﬁca-
1030 1555 1038 1557 ⁷
1062 1565 1093 1585 ea
1108 1557 1132 1574 ³⁸
1147 1566 1154 1585 :
1176 1567 1185 1584 ι
1201 1556 1288 1584 Statui
1302 1561 1393 1582 autem
1410 1557 1462 1582 hoc
1475 1556 1573 1590 ipsum,
1587 1555 1631 1582 uni
1646 1555 1705 1582 viro
1717 1555 1854 1591 virginem

224 1605 300 1629 verat
323 1601 424 1634 locum,
448 1608 475 1630 et
501 1603 562 1631 ideo
583 1603 683 1631 dicitur
696 1603 728 1632 ad
745 1612 804 1631 eum
823 1605 845 1621 ⁸⁷
862 1614 870 1634 :
890 1614 898 1631 ι
930 1605 1011 1634 Solve
1061 1609 1163 1632 castam
1178 1611 1224 1631 vos
1237 1603 1366 1630 exhibere
1380 1602 1499 1630 Christo.
1519 1611 1529 1628 ι
1549 1600 1588 1628 Ex
1604 1602 1659 1635 ipsa
1674 1607 1736 1629 erat
1754 1608 1784 1629 et
1811 1602 1855 1629 ille

223 1646 369 1682 corrigiam
383 1647 561 1676 calceamenti
575 1648 625 1682 tui,
641 1648 717 1678 locus
734 1650 806 1677 enim
828 1650 854 1678 in
872 1658 926 1686 quo
952 1657 1009 1679 stas
1061 1651 1118 1685 ipse
1133 1649 1179 1684 qui
1193 1649 1300 1676 dicebat
1313 1648 1335 1664 ³⁸
1352 1658 1358 1675 ;
1375 1656 1384 1673 ι
1403 1647 1515 1675 Fuimus
1528 1648 1600 1674 enim
1611 1652 1637 1674 et
1647 1654 1697 1674 nos
1706 1647 1854 1681 aliquando

224 1698 298 1720 terra
316 1699 409 1721 sancta
435 1699 487 1722 est.
507 1704 516 1721 ι
539 1695 613 1724 Unde
628 1700 655 1724 et
673 1704 723 1724 nos
744 1697 767 1724 si
781 1698 836 1725 vita
855 1702 882 1725 et
905 1700 1009 1728 meritis
1060 1697 1229 1732 insipientes,
1246 1694 1388 1726 increduli.
1406 1700 1542 1724 errantes,
1566 1693 1720 1721 servientes
1745 1693 1854 1721 deside-

222 1739 383 1767 arcedamus
396 1740 428 1767 ad
444 1740 538 1773 Deum,
550 1745 577 1769 et
592 1741 665 1776 digni
682 1742 832 1770 elliciamur
852 1748 880 1770 ut
899 1745 1010 1772 assistat
1060 1743 1108 1770 riis
1121 1747 1148 1770 et
1166 1741 1352 1776 voluptatibus
1364 1740 1458 1767 variis.
1472 1749 1480 1765 ι
1495 1739 1539 1767 Vis
1554 1739 1643 1767 adhuc
1654 1739 1797 1774 copiosius
1814 1741 1853 1766 di-

223 1783 301 1812 nobis
315 1784 398 1818 Deus,
411 1785 512 1812 dicitur
523 1785 605 1813 etiam
622 1786 655 1813 ad
666 1794 715 1813 nos
728 1791 756 1814 ut
771 1787 909 1816 solvamus
928 1796 943 1816 a
960 1797 1007 1824 pe-
1059 1796 1146 1821 scere,
1159 1788 1294 1823 quomodo
1319 1787 1448 1814 meretrix
1472 1786 1531 1821 jam
1557 1793 1609 1812 non
1634 1785 1670 1812 sil
1698 1786 1854 1812 meretrix?

221 1831 300 1858 dibus
311 1831 409 1858 anima
426 1836 537 1864 nostrae,
554 1831 576 1859 si
595 1832 659 1867 quid
676 1832 702 1860 in
715 1833 755 1860 eis
767 1833 864 1861 vinculi
886 1835 1007 1862 mortalis
1058 1835 1128 1863 Audi
1142 1835 1229 1862 adlmc
1246 1834 1359 1861 Paulum
1376 1834 1510 1862 dicentem
1527 1833 1549 1849 "
1565 1842 1572 1860 :
1591 1841 1600 1858 ι
1615 1832 1649 1860 Ει
1664 1833 1722 1860 haec
1741 1834 1851 1867 quidem

221 1884 356 1904 annexum
372 1881 422 1905 est.
441 1876 487 1905 Isti
502 1878 573 1905 enim
598 1883 659 1906 sunt
675 1879 767 1914 pedes,
783 1887 851 1914 quos
872 1880 942 1907 lavat
961 1880 1007 1908 Je-
1059 1881 1160 1913 fuistis,
1174 1880 1220 1908 sed
1250 1880 1335 1908 abluti
1351 1879 1428 1912 estis;
1449 1878 1496 1906 sed
1521 1877 1685 1905 sanctilicati
1704 1879 1773 1905 estis
1793 1877 1852 1912 (87)

220 1931 266 1951 sus
285 1923 320 1957 ",
335 1932 402 1959 quos
424 1925 477 1952 nisi
506 1926 614 1959 laverit,
635 1933 688 1953 non
714 1927 875 1955 habebimus
903 1932 1006 1961 partem
1058 1927 1084 1954 in
1099 1927 1206 1954 nomine
1221 1926 1327 1953 Domini
1349 1925 1434 1953 nostri
1452 1924 1515 1952 Jesu
1529 1924 1643 1957 Christi,
1657 1928 1685 1951 et
1700 1925 1728 1951 in
1745 1924 1850 1958 Spiritu

220 1978 281 1997 cum
296 1977 338 1997 eo.
355 1969 431 2003 Quod
444 1971 466 1998 si
481 1979 546 2006 ergo
563 1972 598 1999 ab
612 1973 702 1999 anima
723 1977 814 2000 nostra
830 1978 857 1999 et.
882 1974 1007 2002 sensibus
1058 1973 1106 2000 Dei
1121 1972 1270 2001 nostrinlit
1283 1973 1356 2000 enim
1377 1977 1468 2007 posset
1482 1971 1608 2004 evadere,
1630 1978 1664 1998 ne
1689 1978 1753 1998 cum
1781 1969 1851 1997 Jeri-

219 2022 300 2041 omne
312 2014 449 2042 vinculum
463 2023 535 2043 curae
547 2016 668 2044 mortalis
680 2016 738 2052 (86)
752 2017 928 2051 absolvimus,
943 2027 1007 2047 con-
1057 2020 1108 2047 cbo
1124 2020 1260 2052 interiret,
1291 2019 1486 2046 validissimum
1511 2018 1545 2045 ab
1567 2016 1791 2052 exploratoribus
1812 2016 1849 2043 si-

220 2059 296 2086 tinuo
313 2060 429 2087 libenter
444 2061 526 2088 etiam
541 2061 619 2089 nobis
631 2062 720 2089 aderit
743 2067 770 2090 et
792 2063 901 2090 assistet
923 2063 1004 2092 Deus.
1057 2073 1138 2100 gttutn
1167 2065 1264 2092 salutis
1291 2065 1412 2099 accepit,
1443 2069 1564 2100 spartum
1595 2064 1767 2090 coccineum.
1799 2062 1848 2090 Per

253 2104 280 2131 4.
295 2104 360 2138 Qum
377 2110 466 2133 autem
480 2111 542 2133 sunt
563 2107 589 2133 in
608 2109 839 2143 consequentibus
856 2109 1004 2139 videamus.
1056 2110 1156 2137 Christi
1171 2111 1274 2137 etenim
1298 2111 1458 2145 sanguinem
1487 2109 1609 2137 Ecclesia
1637 2109 1695 2137 haec
1718 2109 1847 2136 universa

220 2149 412 2177 Circumdatur
434 2149 555 2183 Iericho,
572 2153 720 2187 expugnari
747 2161 805 2180 eam
824 2161 934 2182 necesse
951 2162 1003 2184 est.
1057 2156 1189 2189 salvatur,
1208 2157 1233 2183 in
1252 2157 1312 2191 ipso
1328 2155 1391 2183 Jesu
1414 2156 1524 2184 Christo
1545 2155 1659 2183 Domino
1679 2160 1788 2187 nostro,
1806 2155 1847 2181 cui

219 2195 362 2228 Quomodo
378 2203 444 2230 ergo
472 2202 644 2231 expugnatur
659 2197 792 2226 Jerirbo?
815 2200 927 2228 Gladius
949 2209 1002 2229 non
1021 2199 1042 2226 Ι)
1057 2207 1098 2228 est
1112 2202 1197 2237 gloria
1215 2207 1242 2229 et
1264 2203 1406 2237 imperium
1426 2203 1483 2239 (88)
1508 2204 1534 2230 in
1557 2201 1656 2230 saecula
1671 2200 1845 2229 saculorum.

218 2241 342 2268 educitur
354 2242 485 2269 adversus
497 2251 567 2275 eam,
582 2243 653 2271 aries
667 2252 718 2271 non
734 2245 868 2281 dirigitur,
886 2255 935 2275 nec
951 2249 1001 2276 tela
1055 2249 1152 2275 Amen.

218 2288 372 2320 vibrantur,
390 2289 460 2315 tnbtr
478 2288 649 2317 solummodo
668 2291 852 2320 sacerdotales
869 2293 1001 2321 adhiben-
1344 2293 1483 2321 llOMlLlA
1503 2293 1559 2321 Vll-

219 2339 272 2368 tur,
287 2338 315 2360 et
328 2334 369 2361 his
385 2332 494 2362 Jericlto
508 2336 577 2362 muri
594 2336 772 2365 subruuntur.
790 2337 818 2365 In
833 2339 916 2374 ﬁgura
931 2341 1002 2368 enim
1058 2338 1096 2366 De
1109 2338 1215 2366 Iericho
1227 2339 1358 2374 quomodo
1373 2344 1449 2372 capta
1469 2344 1518 2366 est.
1547 2337 1580 2365 Et
1594 2338 1632 2365 uti
1651 2338 1777 2372 prwcepit
1801 2337 1846 2364 Je-

217 2379 308 2406 mundi
322 2380 384 2414 poni
403 2379 512 2408 Jericho
529 2383 554 2408 in
577 2382 725 2418 Scripturis
746 2373 903 2419 frequenter
928 2385 968 2413 im

217 2427 305 2441 "hunc
332 2426 398 2441 Νηηι
419 2431 441 2441 ιιι
464 2427 490 2441 2η
508 2427 652 2441 υ..-..,.,.ιι,.
673 2428 695 2441 II
722 2430 790 2441 ...η-λι
809 2430 904 2441 νιξ-ξ..,ᾼ
921 2432 927 2441 I
944 2440 949 2441 γ

1093 2382 1138 2400 sus
1159 2373 1343 2408 ﬁliis'lsracl,
1371 2379 1401 2400 at
1426 2373 1458 2400 de
1483 2376 1650 2400 anathemate
1677 2381 1730 2400 non
1756 2381 1844 2399 surna-

1095 2415 1149 2435 rent
1162 2409 1230 2441 (89).
1254 2408 1287 2434 Et
1303 2409 1376 2435 llaab
1398 2410 1529 2441 quomodo
1543 2408 1644 2435 saluata
1656 2413 1706 2434 est.
1723 2407 1757 2434 Et
1772 2410 1805 2434 de
1816 2416 1844 2434 cu

216 2410 399 2453 niuium-Nam
417 2431 444 2454 et
464 2427 490 2454 in
507 2410 653 2462 Evangelio
673 2428 695 2444 “
719 2410 905 2464 quod-dicitur

1095 2415 1149 2435 rent
1162 2410 1230 2443 (89).
1254 2410 1287 2434 Et
1303 2410 1376 2435 llaab
1398 2410 1529 2443 quomodo
1543 2410 1644 2435 saluata
1656 2413 1706 2434 est.
1723 2410 1757 2434 Et
1772 2410 1805 2434 de
1816 2416 1844 2434 cu

1093 2445 1134 2478 qui
1147 2444 1252 2476 furatus
1259 2448 1296 2470 est
1304 2451 1336 2470 ea:
1349 2443 1514 2471 anathemate
1525 2444 1641 2478 tinguant
1655 2451 1765 2470 auream
1776 2443 1844 2478 (90).

216 2473 249 2500 de
261 2472 410 2500 Jerusalem
427 2473 453 2501 in
467 2473 578 2502 Jcricho
597 2474 770 2503 descendisse
794 2481 821 2503 et
834 2476 860 2503 in
883 2476 1002 2506 latrones
1090 2472 1113 2505 ἐι
1127 2472 1255 2505 tlextralia
1269 2487 1346 2513 para.

216 2520 374 2554 incurrisse,
396 2520 483 2547 forma
506 2521 566 2548 sine
590 2521 672 2549 dubio
698 2526 759 2548 crat
777 2522 848 2550 illius
863 2524 939 2557 Adae,
957 2525 1003 2560 qui
1092 2525 1117 2552 l.
1133 2523 1244 2552 Jericho
1271 2525 1343 2552 tubis
1368 2524 1510 2552 subruitur
1534 2524 1721 2552 sacerdotum.
1745 2523 1843 2551 Statim

247 2566 292 2603 '7‘7l
312 2566 390 2594 Joan.
411 2575 449 2598 tv,
476 2567 498 2594 l.
556 2567 578 2583 "
593 2567 658 2594 Luc.
674 2569 849 2603 “1,717.20.
905 2571 928 2586 ³⁸
943 2570 998 2598 Jos.

1091 2591 1098 2598 .
1150 2572 1172 2588 ³⁷
1197 2572 1282 2599 Exod.
1299 2579 1341 2603 ιιι,
1354 2571 1381 2598 5.
1438 2571 1461 2587 ³⁸
1471 2570 1550 2598 Joan.
1565 2577 1625 2597 xm.
1685 2570 1709 2586 "
1729 2569 1798 2597 Luc.
1815 2578 1839 2596 ι.

215 2600 237 2615 ³⁸
254 2601 349 2629 Μ.ιιιιι.
364 2610 411 2629 xx.
447 2603 467 2618 ³¹
482 2603 489 2629 l
504 2605 565 2630 Cor.
580 2611 624 2634 xv,
640 2603 687 2634 52,
699 2608 725 2631 et
740 2602 748 2629 l
765 2604 863 2632 Thess.
881 2613 917 2637 tv,
929 2606 956 2633 5.
995 2607 1018 2622 ³¹
1031 2600 1042 2633 Ἰ
1059 2606 1137 2634 Joan.
1154 2615 1179 2639 v,
1206 2608 1247 2634 l9.
1286 2606 1309 2622 ³³
1333 2600 1342 2632 l
1367 2605 1447 2634 Joan.
1463 2614 1495 2639 tt,
1513 2606 1555 2633 l6.
1595 2605 1618 2621 ³⁵
1632 2604 1652 2632 ll
1664 2604 1731 2633 Cor.
1749 2613 1783 2639 tt,
1801 2606 1841 2633 ll.

215 2634 236 2650 ³⁵
252 2637 304 2664 Ἰ’ἱι.
325 2645 366 2670 ιιι,
379 2639 407 2665 5.
445 2638 467 2653 ³⁸
485 2638 494 2664 l
510 2639 572 2665 Cor.
589 2646 626 2669 vt.
647 2638 690 2666 ll.

322 2683 393 2722 Idem
410 2691 418 2710 :
440 2693 449 2709 ι
464 2685 648 2722 mortalitatis.
668 2694 696 2722 p7_
878 2721 881 2722 7
923 2721 926 2722 7
1054 2687 1155 2722 Spiritu
1172 2692 1276 2714 sancto.
1301 2696 1311 2712 ι

251 2717 307 2757 (ξξἸ)
326 2718 377 2757 Sed
390 2719 559 2757 7sanctiﬁcati
583 2721 653 2757 estis.
675 2720 737 2748 lltec
753 2722 850 2757 desunt
877 2721 902 2748 in
922 2721 999 2749 libris
1075 2717 1147 2756 ’(89)
1163 2722 1196 2749 Et
1217 2724 1254 2749 uti
1275 2723 1396 2757 prterepit
1407 2722 1486 2750 Jews
1499 2723 1564 2757 ﬁliis
1578 2722 1676 2754 Israel,
1691 2729 1720 2750 ut
1732 2725 1768 2752 de
1780 2733 1843 2751 tma-

214 2752 306 2791 cditis,
323 2753 369 2780 scd
390 2754 514 2791 leguntur
532 2755 557 2781 in
575 2756 660 2782 tribus
678 2763 743 2783 mss.
769 2756 928 2791 Sangertn.,
945 2757 998 2785 Ge-
1054 2752 1166 2784 themate
1189 2766 1240 2784 non
1261 2752 1402 2785 attinerent.
1419 2757 1481 2785 llaec
1499 2752 1699 2786 'desiderantur
1713 2760 1740 2786 in
1760 2760 1843 2788 tribus

215 2787 305 2827 morie.
321 2793 349 2827 7e7t
365 2787 602 2827 Itno’Ebroieensi.
630 2825 647 2827 77
704 2826 707 2827 7
829 2787 841 2791 ”
920 2787 924 2789 Ἴ
1054 2793 1314 2827 mss.Sangerman.,
1334 2792 1466 2820 Cetnetic.
1481 2798 1507 2820 et
1523 2800 1576 2820 uno
1590 2793 1769 2824 Ebroiceusi.

250 2822 306 2858 (88)
320 2822 386 2850 l’ost
398 2824 535 2858 imperium
549 2832 618 2852 unus
629 2825 883 2855 Ebroiccnsisaddit
900 2836 925 2854 ι(
939 2835 1000 2856 cum
1090 2827 1144 2864 (90)
1165 2822 1312 2864 sangermf
1327 2837 1335 2854 ι
1355 2828 1474 2863 regulam
1491 2835 1611 2856 auream.
1630 2837 1640 2854 ι
