1902 3052
71 133 118 161 Βῖἲ]

562 131 595 158 IN
615 130 744 158 LIBRUM
761 129 843 158 IESU
861 129 953 157 NAVE
965 129 1106 157 IIOMILIA
1123 130 1178 157 VII.

1637 131 1688 159 858

71 194 138 220 cnim
152 200 180 220 ut
193 192 318 219 tubarum
331 191 443 226 clangor
455 191 602 226 increpuit,
622 199 761 219 murorqu
781 191 856 224 deie-
871 192 891 221 A
907 190 953 217 sed
972 199 1054 217 unum
1071 190 1255 218 tantummodo
1267 189 1402 218 hominem
1418 190 1482 218 facit
1501 191 1618 220 beatum.
1642 193 1688 221 Sic

70 244 126 266 rtus
138 243 179 266 est
193 238 320 266 ambitus.
336 238 494 265 Dixeramus
516 238 598 265 etiam
621 243 648 264 et
672 238 759 272 prius,
781 237 852 271 quod

70 283 174 311 Iericho
185 284 299 310 formam
311 283 401 310 szeculi
416 283 558 318 praesentis
571 283 705 313 obtineat,
717 283 792 315 cujus
811 290 854 309 ro-

72 331 120 357 bur
130 335 157 357 et
171 329 339 357 munitnenta
350 329 563 357 sacerdotalibus
579 329 650 355 tubis
661 328 783 355 videmus
793 334 854 355 esse

69 377 215 403 destructa.
239 375 368 403 Firmitas
397 382 514 409 namque
530 379 556 402 et
571 374 736 402 munimenta
754 373 853 407 quibus

70 422 140 449 velut
153 422 239 448 muris
257 422 372 449 mundus
388 421 438 449 iste
461 421 600 448 nitebatur
626 420 694 455 (9i),
720 419 851 447 idolorum

70 469 155 496 cultus
172 473 242 501 eral,
266 468 464 498 divinationum
487 467 596 494 fallacia
619 471 678 493 arte
699 466 850 492 daemonum

71 513 232 544 ministrata.
251 520 384 548 augurum
406 517 487 547 atque
506 511 677 545 aruspicum,
699 516 852 544 magorum-

68 566 119 592 que
130 562 294 591 commenta,
307 558 404 593 quibus
415 558 540 585 omnibus
555 557 629 585 velut
641 556 726 584 muris
742 555 851 582 validis-

68 604 142 631 simis
155 604 329 632 ambiebatur
347 605 391 632 hic
417 604 544 631 mundus.
566 603 677 638 Insuper
697 603 779 631 etiam
808 603 849 630 di-

69 652 149 679 versis
165 651 385 686 philosophorum
397 650 478 687 ‘12
494 650 667 686 dogmatibus
688 655 715 678 et
729 650 850 677 eminen-

70 697 177 724 tissimis
195 697 393 725 assertionibus
403 703 435 723 ac
449 695 677 730 disputationibus
694 695 763 731 (92),
778 695 850 723 velut

68 743 185 777 proceris
214 743 374 778 quibusdam
396 747 423 771 et
442 742 559 770 robustis
576 742 696 770 turribus
721 742 849 769 ﬁrmaba-

68 793 117 814 tur.
133 787 252 815 Veniens
273 794 339 816 vero
363 787 495 815 Dominus
509 792 601 815 IIOSlel'
617 787 695 815 Iesus
711 787 847 821 Christus,

66 833 196 868 cujus-ille
217 833 293 868 prior
309 833 383 861 ﬁlius
407 833 481 861 Nave
503 834 665 868 designabat
688 833 847 866 adventum,

66 879 144 906 mittit
166 879 322 906 sacerdotes
348 879 483 912 apostolos
509 886 574 907 suos
598 884 738 914 portantes
769 881 849 908 tubas

64 923 192 955 ductiles,
219 923 421 957 przedicationis
448 923 621 958 magnificam
653 925 849 959 caelestemque

64 969 223 996 doctrinam.
252 969 424 997 Saccrdotali
449 970 512 997 tuba
528 970 634 1004 primus
653 971 680 997 in
698 971 848 1007 Evangelia

63 1022 109 1041 suo
127 1014 271 1043 Matthzeus
287 1015 434 1050 increpuit.
451 1015 558 1044 Marcus
585 1024 703 1052 quoque,
716 1017 804 1045 Lucas
819 1023 848 1045 ct

63 1058 175 1087 Joannes
198 1060 257 1088 suis
269 1060 384 1095 singulis
397 1060 469 1089 tubis
493 1062 711 1089 sacerdotalibus
738 1062 847 1090 cecine-

65 1113 130 1134 runt.
148 1107 246 1136 Petrus
257 1109 338 1136 etiam
355 1109 459 1137 duabus
473 1109 529 1145 (95)
538 1109 721 1145 Epistolarum
736 1119 847 1139 suarum

64 1159 186 1188 personat
198 1155 284 1182 tubis.
298 1154 417 1184 Iacobus
429 1163 538 1191 quoque
552 1160 580 1184 et
592 1156 686 1184 Iudas.
702 1157 783 1184 Addit
805 1159 847 1185 ui-

64 1200 203 1227 hilominus
219 1201 310 1228 adhuc
323 1205 351 1229 et
373 1201 493 1230 Joannes
507 1202 571 1230 tuba
595 1209 694 1230 canere
718 1210 766 1238 per
782 1203 846 1238 Epi-

63 1246 141 1274 stolas
159 1254 223 1274 suas
244 1252 272 1275 et
294 1247 498 1283 Apocalypsim,
514 1252 542 1276 et
554 1248 642 1276 Lucas
662 1249 845 1284 apostolorum

62 1295 132 1322 gesta
148 1291 317 1319 describens.
335 1291 490 1319 Novissime
503 1297 593 1320 autem
607 1292 652 1320 ille
666 1294 788 1327 veniens,
800 1294 845 1328 qui

63 1334 129 1363 dixit
143 1335 165 1354 ³⁷
187 1346 193 1363 :
214 1346 224 1362 ι
247 1337 316 1365 Ρυιυ
332 1342 425 1365 autem
438 1345 489 1366 nos
504 1337 577 1366 Deus
594 1338 758 1367 novissimos
780 1347 846 1374 apo-

62 1380 142 1409 stolos
154 1383 285 1417 ostendit,
302 1393 311 1409 ι
331 1389 359 1411 et
380 1384 406 1412 in
430 1385 638 1420 quatuordecim
666 1385 843 1419 cpistolarum

62 1433 166 1455 suarum
185 1427 333 1459 Iulminaus
346 1430 428 1464 tubis,
448 1438 542 1459 muros
559 1430 680 1464 Iericho,
702 1436 729 1459 et
749 1439 844 1460 omnes

63 1472 218 1502 idololatriae
249 1476 400 1509 machinas,
426 1481 454 1504 et
474 1477 698 1512 philosophorum
716 1478 842 1512 dogmata

63 1525 142 1554 usque
162 1521 195 1548 ad
210 1521 387 1550 fundamenta
400 1522 508 1557 deiecit.

93 1566 118 1592 2.
132 1566 218 1595 Movet
233 1574 276 1594 me
287 1575 352 1596 sane
365 1568 446 1596 etiam
463 1569 605 1605 illudquod
619 1569 733 1598 historia
749 1569 842 1604 refert,

61 1612 118 1645 quia
134 1620 185 1640 non
202 1613 291 1640 solum
309 1615 466 1642 sacerdotes
478 1615 550 1643 tubis
560 1616 729 1648 cecinerunt,
748 1621 776 1643 ut
796 1623 844 1643 ca-

61 1658 148 1686 dereut
164 1660 235 1686 muri
254 1658 374 1693 Iericho,
389 1661 435 1687 sed
449 1666 476 1688 et
495 1662 587 1690 audita
607 1669 675 1690 voce
691 1662 761 1689 tubae
776 1662 844 1689 dici-

62 1707 101 1729 tur
114 1705 257 1733 univcrsus
273 1705 387 1740 populus
406 1706 524 1734 ululasse
541 1707 645 1734 ululatu
661 1715 770 1741 magno,
790 1708 842 1740 vel,

62 1749 126 1776 sicut
142 1750 168 1777 in
183 1751 245 1778 aliis
259 1752 463 1786 exemplaribus
474 1753 603 1785 habetur,
614 1753 745 1787 jubilasse
759 1754 844 1787 jubilo

63 1802 162 1830 magno.
181 1796 211 1823 Et
227 1798 354 1831 quamvis
366 1799 416 1824 iste
429 1805 519 1826 sermo
532 1798 681 1834 improprie
700 1799 845 1827 translatus

61 1846 116 1868 esse
127 1842 261 1876 videatur,
274 1843 432 1878 ἀλαλαγμός
446 1845 518 1872 enim
545 1845 572 1872 in
595 1846 691 1873 Graeco
713 1846 844 1881 scriptum

61 1889 110 1917 est,
123 1887 192 1920 quod
218 1895 306 1921 neque
325 1888 452 1922 jubilum,
476 1897 564 1925 neque
588 1889 718 1917 ululatum
738 1891 845 1925 proprie

63 1930 202 1965 signiﬁcat,
218 1932 267 1959 sed
281 1932 354 1960 illam
367 1934 455 1969 magis
465 1935 583 1962 ostendit
595 1942 700 1967 vocem,
714 1943 767 1970 qua
781 1935 844 1964 belli

61 1979 176 2012 tempore
187 1979 327 2007 exercitus
338 1979 484 2007 clamorem
495 1988 644 2009 consonum
661 1981 769 2013 tollens,
783 1989 846 2009 una-

62 2022 164 2051 nimiter
175 2032 236 2053 sese
251 2025 389 2053 cohortari
403 2027 437 2053 ad
451 2026 573 2062 praelium
587 2027 656 2054 solet
670 2036 676 2055 :
696 2031 785 2054 tamen
801 2028 845 2055 hic

62 2076 148 2098 sermo
162 2071 188 2098 in
205 2071 355 2106 Scripturis
374 2072 502 2106 jubilatio
518 2073 606 2107 magis
628 2081 709 2108 quam
734 2074 846 2102 ululatio

61 2117 196 2144 consuevit
207 2117 331 2151 inscribi,
346 2123 375 2145 ut
386 2118 422 2146 ibi
434 2118 458 2134 "‘
472 2126 478 2144 :
496 2127 505 2144 ι
522 2117 640 2146 Iubilate
650 2119 776 2152 Domino,
788 2126 846 2146 om-

62 2160 100 2188 nis
124 2167 207 2190 terra.
227 2173 237 2190 r
253 2163 286 2191 Et
313 2164 412 2191 iterum
436 2164 458 2180 "
481 2172 488 2191 :
508 2173 517 2190 ι
546 2164 646 2192 Beatus
673 2165 787 2200 populus
800 2166 844 2200 qui

904 237 975 263 enim
996 237 1063 264 dicit
1077 237 1100 252 ὀ
1119 245 1125 263 :
1141 246 1150 262 ι
1173 237 1271 263 Beatus
1284 237 1326 263 vir
1341 237 1386 271 qui
1411 237 1487 265 timet
1506 237 1658 266 Dominum.
1675 249 1685 265 ι

904 281 974 308 Alibi
988 282 1069 309 etiam
1083 282 1173 316 plures
1185 281 1253 309 ﬁunt
1269 283 1338 310 beati
1357 282 1391 316 δι,
1407 284 1475 310 sicut
1487 291 1618 318 pauperes
1631 285 1688 319 spi-

905 327 967 359 ritu,
988 327 1029 354 vel
1054 328 1199 360 mansueti,
1224 328 1266 355 vel
1294 328 1411 363 paciﬁci,
1429 329 1470 356 Vel
1485 330 1578 356 mundi
1594 330 1687 357 corde.

905 372 953 400 llic
965 377 1055 400 autem
1072 373 1212 401 beatitudo
1229 374 1339 408 profusa
1354 379 1406 406 est,
1427 379 1454 401 ct
1481 380 1554 402 tanta
1577 375 1620 403 hic
1640 384 1688 404 ne-

903 420 961 447 scio
979 428 1039 454 qua:
1055 427 1137 447 causa
1153 420 1329 447 beatitudinis
1353 421 1499 454 indicatur,
1522 425 1550 447 ut
1575 422 1688 449 univer~

902 473 961 492 sum
990 465 1092 500 pariter
1113 466 1240 500 populum
1268 466 1349 494 faciat
1378 467 1497 500 beatum,
1518 468 1564 502 qui
1595 471 1686 495 tamen

903 511 998 538 scierit
1021 511 1222 545 jubilationem.
1254 511 1331 540 Unde
1355 512 1419 539 mihi
1435 513 1541 540 videtur
1563 513 1688 547 jubilatio

903 557 955 583 ista
974 556 1096 584 iudicare
1116 558 1261 592 quemdam
1281 559 1436 585 concordiae
1457 564 1485 585 et
1503 558 1688 586 unauimitatis

902 602 1040 630 affectum.
1053 603 1103 636 Qui
1118 604 1141 631 si
1157 604 1257 631 incidat
1274 605 1301 631 iu
1315 605 1383 632 duos
1400 604 1513 643 vel,trcs
1529 604 1629 632 Christi
1648 605 1688 632 di-

901 649 1029 683 scipulos,
1039 649 1129 676 omnia
1143 657 1312 685 quacunque
1326 650 1454 684 petierint
1469 650 1494 677 iu
1511 650 1619 678 nomine
1632 650 1689 678 Sal-

901 695 1013 728 vatoris,
1032 700 1143 730 praestat
1163 696 1204 723 eis
1221 695 1302 723 Pater
1314 695 1445 724 caelestis.
1466 696 1495 724 Si
1520 704 1584 724 vero
1613 700 1686 724 t:tuta

901 741 982 768 fuerit
997 742 1145 774 beatitudo,
1172 746 1202 768 ut
1228 742 1370 769 universus
1395 742 1510 777 populus
1534 750 1648 770 concors
1660 747 1688 770 et

900 787 1038 815 unanimis
1056 792 1176 820 maneat,
1194 792 1222 814 ut
1237 788 1330 815 eadem
1344 788 1437 815 dicant
1451 789 1579 816 omuesin
1591 791 1687 816 eodem

901 838 982 860 sensu
1012 837 1094 867 atque
1111 834 1137 860 in
1159 833 1253 860 eadem
1270 835 1403 861 sententia
1419 839 1619 869 permanentes,
1637 835 1688 862 isto

866 866 886 894 Β
903 878 947 905 tali
963 866 1061 913 popqu
1079 886 1174 906 vocem
1191 878 1357 906 unanimiter
1370 866 1505 913 elevante,
1521 881 1567 907 fiet
1581 866 1638 915 (95)
1654 881 1686 907 il-

899 926 945 953 lud
959 926 1029 960 quod
1043 925 1176 959 scriptum
1195 930 1236 953 est
1258 926 1284 952 in
1308 925 1424 953 Actibus
1442 926 1629 960 apostolorum
1653 927 1687 959 ",

899 971 964 1006 quia
979 976 1057 998 terra:
1077 975 1166 998 motus
1179 971 1266 999 factus
1280 976 1322 999 est
1333 979 1457 1007 magnus,
1474 973 1518 1000 ubi
1540 978 1602 1000 tunc
1620 981 1687 1000 una—

899 1016 987 1043 nimes
1006 1016 1123 1043 orabant
1140 1016 1253 1051 apostoli
1278 1024 1339 1043 cum
1361 1016 1532 1049 mulieribus,
1550 1021 1577 1044 et
1602 1017 1686 1044 Maria

899 1066 986 1088 matre
1004 1061 1067 1089 Iesu
1083 1069 1090 1087 :
1106 1066 1133 1088 et
1152 1066 1231 1088 teme
1256 1066 1332 1088 motu
1357 1061 1431 1089 facto
1451 1063 1633 1094 destruentur,
1659 1067 1687 1090 et

898 1109 997 1136 cadent
1012 1108 1102 1135 omnia
1125 1115 1186 1142 qua:
1205 1112 1313 1135 terrena
1328 1112 1402 1142 sunt,
1426 1116 1460 1136 ae
1483 1109 1599 1136 mundus
1628 1110 1687 1144 ipse

898 1155 1084 1182 subvertetur.
1098 1154 1169 1181 Audi
1182 1154 1299 1188 denique
1311 1153 1455 1180 Dominum
1472 1158 1498 1182 et
1514 1154 1684 1184 Salvatorem

898 1206 1022 1229 nostrum
1039 1200 1072 1228 ad
1093 1200 1144 1227 hoc
1161 1200 1247 1234 ipsum
1274 1206 1338 1226 suos
1363 1199 1464 1227 milites
1485 1200 1685 1236 cohortantem,

897 1247 1033 1282 quomodo
1049 1245 1168 1274 dicit":
1187 1254 1196 1270 ι
1221 1245 1429 1279 Conlidite,ego
1442 1245 1494 1272 vici
1509 1247 1650 1273 mundum.
1673 1257 1684 1273 ι

896 1294 944 1321 Illo
958 1301 1023 1329 ergo
1038 1293 1105 1320 duce
1119 1292 1175 1325 jam
1193 1292 1271 1319 nobis
1283 1292 1370 1318 victus
1378 1295 1420 1318 est
1433 1291 1563 1324 mundus,
1574 1297 1602 1319 et
1616 1294 1684 1319 tnuri

896 1340 953 1376 ejus
965 1339 1075 1374 collapsi
1093 1343 1167 1370 sunt,
1184 1337 1283 1373 quibus
1308 1337 1431 1364 homines
1445 1337 1539 1364 steculi
1563 1338 1687 1365 niteban-

896 1390 951 1413 tur.
975 1385 1029 1413 Sed
1045 1389 1073 1412 et
1088 1384 1273 1419 unusquisque
1291 1388 1414 1410 nostrum
1439 1383 1520 1410 debet
1542 1383 1568 1410 in
1585 1388 1685 1411 semct-

895 1433 954 1466 ipso
979 1432 1029 1459 ista
1049 1430 1196 1466 complere.
1220 1430 1308 1457 [Iabes
1328 1429 1355 1456 in
1371 1434 1397 1456 te
1410 1428 1503 1456 Iesum
1524 1429 1619 1456 ducent
1637 1437 1686 1464 per

896 1478 987 1510 fidem,
1000 1478 1043 1506 fac
1056 1477 1102 1504 tibi
1118 1477 1197 1504 tubas
1211 1475 1338 1507 ducliles,
1365 1475 1386 1502 si
1414 1475 1544 1503 sacerdos
1561 1482 1606 1508 es;
1632 1475 1687 1503 imo

858 1533 881 1563 ρ
897 1525 959 1560 quia
973 1524 1100 1551 sacerdos
1117 1530 1146 1551 es
1165 1522 1243 1558 (gens
1257 1522 1329 1549 enim
1349 1521 1447 1556 regalis
1469 1521 1582 1549 effectus
1595 1529 1634 1554 es,
1652 1525 1680 1549 et

897 1572 1080 1599 sacerdotium
1105 1575 1255 1598 sanctum:
1281 1569 1313 1596 de
1332 1574 1356 1596 te
1381 1568 1453 1596 enim
1477 1568 1607 1602 scriptum
1633 1569 1686 1603 est)

898 1618 940 1645 l‘ac
966 1617 1012 1644 tibi
1039 1617 1117 1644 tubas
1142 1616 1257 1644 ductiles
1274 1615 1331 1650 (96)
1347 1621 1380 1642 ex
1403 1613 1554 1649 Scripturis
1574 1614 1685 1647 sanctis,

899 1664 960 1691 inde
973 1664 1025 1691 duc
1037 1670 1145 1697 sensus,
1159 1662 1223 1690 inde
1235 1668 1386 1693 sermones,
1404 1665 1544 1695 propterea
1557 1660 1629 1686 enim
1645 1664 1687 1686 tn-

899 1711 939 1737 ba:
961 1709 1074 1737 ductiles
1095 1708 1275 1744 appellantur.
1293 1706 1320 1733 lu
1348 1706 1413 1740 ipsis
1436 1713 1522 1737 cane,
1547 1705 1572 1732 id
1597 1710 1639 1732 est
1659 1705 1685 1732 in

899 1756 1011 1791 psalmis
1029 1759 1056 1783 et
1071 1754 1189 1790 hymnis,
1204 1754 1231 1781 in
1246 1753 1363 1781 Canticis
1377 1751 1547 1787 spiritalibus
1565 1758 1643 1784 canc,
1656 1751 1683 1778 in

899 1801 1063 1837 propheticis
1072 1800 1259 1832 sacramentis,
1271 1800 1297 1827 in
1308 1799 1446 1834 mysteriis
1454 1797 1531 1831 legis,
1543 1797 1569 1823 in
1579 1803 1686 1831 aposto-

898 1848 959 1876 licis
983 1847 1155 1882 dogmatibus
1175 1853 1252 1873 cane.
1279 1845 1312 1872 Et
1329 1846 1352 1873 si
1378 1846 1404 1872 in
1431 1845 1533 1873 talibus
1550 1845 1686 1872 cecineris

899 1893 982 1925 tubis,
995 1897 1022 1919 et
1035 1891 1135 1926 septies
1148 1898 1239 1918 arcam
1253 1890 1418 1918 Testameuti
1431 1889 1641 1922 eireumtulcris,
1659 1889 1684 1915 id

899 1944 952 1972 est,
966 1938 989 1966 si
1014 1937 1082 1972 legis
1106 1937 1220 1972 mystica
1238 1940 1371 1971 praecepta
1394 1935 1429 1963 ab
1451 1934 1617 1969 evangelieis
1632 1942 1685 1961 non

899 1991 1008 2020 separes
1024 1983 1097 2010 tubis
1111 1990 1119 2010 :
1133 1983 1155 2010 si
1168 1982 1249 2009 etiam
1261 1981 1431 2016 jubilationis
1447 1985 1609 2008 concentum
1623 1979 1680 2013 (97)

899 2032 933 2059 de
945 2030 1086 2065 temetipso
1102 2029 1206 2064 exigas,
1220 2029 1244 2056 id
1257 2034 1298 2056 est
1312 2027 1505 2062 cogitationum
1518 2032 1545 2054 et
1556 2033 1684 2054 sensuum

901 2083 1007 2105 tuorum
1022 2076 1135 2112 populus
1148 2076 1193 2110 qui
1207 2075 1277 2102 intra
1294 2079 1320 2102 te
1338 2079 1391 2106 est,
1402 2074 1563 2102 concordem
1580 2081 1686 2108 semper

899 2128 928 2151 et
945 2129 1094 2151 consonam
1107 2120 1228 2156 proferat
1245 2128 1349 2153 vocem,
1364 2124 1392 2147 et
1406 2128 1459 2147 non
1474 2118 1619 2154 aliquando
1641 2126 1685 2146 vc-

901 2175 960 2196 rum
977 2167 1064 2198 dicas,
1092 2165 1239 2201 aliquando
1266 2172 1390 2200 persona:
1412 2164 1532 2199 potentis
1561 2163 1686 2191 adulatus

61 2208 107 2234 εεῖι
131 2208 328 2243 Iubilalioncm-
347 2220 356 2236 ι
381 2211 458 2244 Quod
471 2211 552 2238 etiam
582 2219 624 2239 me
648 2216 787 2246 permovet
801 2212 844 2239 di-
861 2210 884 2238 Ι)
899 2213 1041 2242 mendacio
1056 2212 1215 2244 tuaculeris,
1233 2212 1254 2239 si
1271 2219 1323 2239 non
1340 2216 1366 2239 te
1385 2211 1534 2246 aliquando
1558 2209 1684 2237 blandum

61 2257 139 2286 ctum,
154 2256 218 2290 quid
244 2256 315 2284 istud
331 2261 435 2284 tantum
450 2258 486 2284 sit
505 2257 595 2292 operis
609 2257 665 2293 (9.5)
680 2257 752 2292 quod
778 2257 842 2285 bea-

61 2303 112 2327 tum
125 2302 250 2337 populum
267 2302 358 2330 faciat.
375 2303 432 2330 Non
452 2303 529 2334 dixit,
544 2303 606 2338 quia
620 2304 714 2331 beatus
728 2304 842 2339 populus

62 2346 101 2379 qui
114 2347 164 2373 scit
175 2348 316 2382 mysteria,
330 2348 372 2376 vel
383 2349 429 2383 qui
443 2349 493 2376 scit
507 2349 568 2376 coeli
585 2357 617 2376 ac
637 2354 715 2377 terra:
729 2354 756 2376 et
770 2349 843 2377 side-

63 2400 116 2420 rum
129 2394 260 2421 ralioneut
277 2402 284 2420 :
310 2397 357 2422 sed
374 2404 384 2421 ‹
411 2395 517 2428 beatus,
544 2395 643 2430 inquit,
664 2396 779 2430 populus
798 2397 844 2431 qui

61 2438 317 2471 scitjubilatiouetu.
336 2450 344 2466 ι
361 2440 388 2467 In
404 2441 464 2469 aliis
483 2443 564 2468 timor
578 2441 624 2468 Dei
644 2442 750 2469 beatum
763 2442 839 2473 facit.

893 2260 1018 2289 remissio
1030 2259 1123 2291 faciat,
1147 2258 1294 2294 aliquando
1320 2258 1460 2286 iracundia
1483 2257 1681 2286 truculentum.

894 2307 916 2334 si
934 2313 987 2334 non
1005 2312 1138 2340 arrogans
1151 2312 1214 2339 erga
1227 2303 1360 2336 modicos,
1370 2307 1397 2331 et
1408 2303 1477 2338 apud
1489 2302 1622 2337 superbos
1638 2301 1685 2328 ltu-

896 2353 967 2380 milis
983 2352 1143 2384 inveniaris,
1164 2351 1281 2384 denique
1296 2350 1318 2378 si
1334 2357 1386 2376 non
1398 2356 1487 2384 pugna
1505 2349 1577 2376 intra
1592 2353 1618 2375 te
1638 2354 1685 2382 κθ

899 2400 980 2432 ritur,
993 2399 1056 2425 dum
1081 2397 1249 2432 concupiscit
1269 2403 1334 2423 caro
1355 2397 1486 2423 adversus
1504 2394 1640 2429 spiritum,
1657 2397 1684 2420 et

896 2444 1009 2479 spiritus
1020 2443 1149 2470 adversus
1160 2450 1269 2470 carnem
1284 2450 1291 2470 :
1309 2442 1331 2469 si
1349 2442 1405 2468 haec
1423 2441 1492 2468 intra
1511 2439 1604 2473 tejam
1619 2446 1684 2466 cou-

93 2519 198 2550 "lCor.
213 2530 250 2556 tv,
263 2523 290 2550 9.
322 2523 344 2539 ³³³
356 2522 428 2550 Psal.
441 2530 466 2557 ε,
480 2523 505 2550 1.
538 2523 560 2539 ’τ’
571 2523 644 2551 Psal.
655 2531 766 2557 Luxu,
781 2524 825 2551 16.

903 2524 949 2552 sal.
963 2532 1030 2552 cxu.
1045 2525 1070 2551 I.
1100 2524 1120 2540 “
1135 2523 1231 2551 Matth.
1241 2531 1268 2551 v.
1298 2524 1320 2539 δ’
1331 2523 1391 2550 Act.
1405 2530 1423 2550 I.
1452 2521 1561 2549 “Ioan.
1572 2528 1626 2553 xw,
1637 2520 1683 2548 35.

93 2600 146 2636 (9|)
161 2601 216 2629 Isle
231 2603 370 2630 nitebatur.
387 2603 461 2631 Unus
476 2603 665 2631 Ebroieensis:
686 2613 695 2630 ι
716 2604 766 2632 iste
780 2610 839 2632 utc-

63 2634 148 2662 batur.
167 2646 177 2662 ι
195 2638 393 2665 Gemeticeusis
413 2647 420 2665 :
435 2648 445 2664 ί
467 2639 671 2666 instituebatur.
687 2649 697 2665 ι

93 2669 146 2705 (92)
162 2671 251 2699 Codex
274 2672 470 2700 Gemeticeusis
487 2681 548 2700 cum
574 2681 628 2700 uno
650 2674 812 2701 Ebroiceusi
833 2685 839 2701 :

63 2713 76 2743 ί
89 2707 280 2743 assertionibus
296 2709 518 2742 disputationum.
537 2717 546 2735 ι
574 2708 636 2736 Mox
654 2709 726 2736 idem
739 2709 839 2737 Geme-

61 2741 110 2776 tic.)
123 2749 132 2764 ι
153 2742 223 2769 velut
242 2741 410 2776 proceribus.
432 2753 442 2769 ι

161 2775 277 2815 pilabat.
292 2778 488 2815 Gcmcliceusis
504 2787 511 2815 :_
529 2788 538 2804 ι
556 2786 589 2805 ex
603 2778 698 2806 tribus.
720 2789 728 2805 ι

161 2811 234 2852 _I«_leut
254 2820 259 2837 :
278 2822 286 2838 I
305 2814 373 2852 tanti
388 2814 424 2852 sit
437 2813 537 2852 operis.
556 2823 566 2839 ι

94 2844 147 2880 (95)
159 2845 230 2874 Idem
249 2856 255 2873 :
278 2856 288 2874 ι
304 2848 349 2876 isti
367 2844 581 2877 tali...'clcvanti
597 2848 652 2877 lict.
673 2858 683 2874 ι

931 2605 987 2640 (96)
1007 2604 1036 2632 Si
1057 2605 1181 2631 sacerdos
1196 2612 1233 2636 es,
1254 2604 1306 2630 into
1329 2603 1401 2640 quia_
1415 2602 1537 2640 sacerdos
1562 2609 1599 2634 et,
1620 2609 1682 2640 geris

894 2637 963 2666 enim
978 2637 1078 2674 regalis
1094 2639 1201 2673 e/I‘ectus
1221 2647 1260 2674 u_,
1274 2643 1298 2664 el
1309 2637 1484 2674 sacerdotium
1493 2641 1636 2674 sanctumi
1650 2637 1682 2663 de

895 2680 918 2701 te
931 2675 1001 2701 enim
1012 2671 1149 2708 ’δενὶριᾱὶηι
1162 2678 1200 2700 est
1214 2682 1223 2701 :
1236 2672 1357 2708 Γίωνιίὺὶ
1381 2673 1464 2708 tubas
1480 2671 1601 2708 ductiles.
1616 2671 1679 2698 Ilaec

893 2711 982 2736 omnia
1000 2709 1188 2736 desiderantur
1203 2709 1230 2735 iu
1246 2707 1323 2734 libris
1337 2712 1417 2734 antea
1433 2707 1530 2740 editis,
1543 2707 1591 2734 sed
1605 2713 1679 2741 παρὰ

895 2745 1003 2771 riuntnr
1020 2745 1045 2771 in
1060 2743 1188 2770 omnibus
1202 2750 1267 2770 mss.

929 2779 1106 2819 (iiDCemct.
1135 2783 1162 2805 et
1190 2786 1259 2819 unus
1284 2777 1456 2818 Ebroicensis
1472 2785 1508 2819 ενι
1532 2777 1580 2804 sed
1598 2776 1680 2819 etiam

883 2811 1052 2846 jubilationis
1066 2815 1098 2840 de
1118 2813 1260 2847 temetipso
1272 2813 1366 2846 exigas
1383 2818 1556 2841 concentum.
1576 2821 1586 2838 ι
1599 2811 1677 2838 Libb.

886 2850 951 2877 editi
965 2857 1014 2884 pro
1031 2858 1042 2876 ε
1057 2854 1248 2880 concentum,»
1267 2849 1367 2876 habent
1387 2857 1396 2874 ε
1415 2855 1590 2877 consensum.
1609 2857 1618 2873 ι
