1896 3052
37 116 108 143 861

572 116 604 144 ΙΝ
624 115 755 144 LIBRUM
771 114 855 143 JESU
873 113 968 141 NAVE
984 112 1127 141 llOMlLIA
1139 111 1195 140 Vll.

1647 113 1701 141 εδει

36 183 95 204 est
113 177 241 204 omnium
257 182 349 213 caput,
364 177 408 205 hic
423 177 540 205 ellicitur
552 178 578 205 in
607 182 699 212 caput.
718 177 757 205 Illi
786 177 858 205 enim
873 178 895 206 Α
911 180 966 208 ιιρι,
985 175 1124 202 Christum
1140 174 1209 209 (16),
1223 173 1301 207 cujus
1315 173 1437 206 corporis
1455 179 1493 207 tu,
1510 174 1554 208 qui
1570 173 1699 202 Ecclesia

38 228 235 258 negaverunt
247 224 389 252 Christum
404 223 509 256 Jcsutn,
526 229 552 252 et
566 223 653 252 επεσιί
667 230 731 252 sunt
745 225 771 252 in
787 232 854 252 cau-

36 270 138 304 dam,
154 275 184 298 et
197 271 244 307 qui
257 275 336 298 erant
348 270 441 305 primi,
457 270 521 298 facti
539 276 603 298 sunt
619 271 768 298 novissimi.

85 316 124 344 6.
149 316 206 344 Sed
221 321 248 345 et
276 317 342 344 illud
359 324 412 344 non
441 317 528 345 otiose
543 317 580 353 (9)
613 317 854 346 transcurrendum

37 369 111 396 est.
126 363 204 399 quod
216 372 271 392 uno
286 368 417 399 peccante
433 364 473 391 ira
492 372 575 399 super
599 372 707 392 onmem
726 363 854 399 populum

38 411 150 437 venit.
170 411 226 438 [loc
239 411 345 446 quando
357 412 456 439 accidit
473 410 530 447 (10)
543 411 555 438 ?
568 412 675 446 quando
699 412 855 439 sacerdotes

34 458 98 490 qui
127 458 230 492 popqu
240 463 370 492 praesunt,
389 466 452 493 erga
474 459 662 494 delinquentes
678 459 788 493 benigni
804 466 852 486 vo-

35 503 118 531 lunt.
134 505 239 538 videri,
253 510 279 532 et
293 509 418 533 verentes
434 506 605 541 peccantium
618 505 724 540 linguas
740 513 772 532 ne
785 505 854 533 forte

36 550 130 577 male
141 551 178 578 de
195 551 236 578 eis
251 551 406 586 loquantur,
433 551 611 579 sacerdotalis
636 551 789 579 severitatis
805 552 855 578 im-

35 604 212 626 memores.
228 597 321 625 nolunt
349 598 462 632 implere
486 598 557 633 quod
586 598 718 633 scriptum
747 602 788 625 est
809 598 852 626 ’δε

38 652 50 668 ι
80 643 259 671 Peccantem
273 651 364 672 coram
379 645 506 673 omnibus
523 652 623 680 argue,
640 649 668 672 ut
687 646 777 673 cmteri
794 653 853 673 me-

36 693 110 715 tum
126 690 151 723 (1
162 689 188 721 l)
204 690 330 722 habeant,
350 700 360 717 ι
379 694 406 718 et
419 691 516 718 iterum
531 691 554 707 "
572 701 578 719 :
595 701 604 718 ι
619 691 732 719 Auferte
751 691 851 719 malum

33 743 76 763 ex
93 736 182 763 vobis
195 736 273 770 ipsis.
292 746 301 762 ι
323 737 378 765 Nec
394 737 451 765 zelo
465 737 510 765 Dei
532 739 658 766 succensi
677 738 733 774 (Ιὲ)
745 738 854 765 Ῐιιιίιιιιι-

36 787 93 809 tur
115 781 281 816 Apostolum
303 783 438 811 dicentem
451 785 474 801 "
497 793 504 812 :
535 794 544 809 ι
562 783 672 812 Tradidi
694 784 851 818 hujusntodi

34 829 198 855 hominem
213 828 323 856 Satanas
339 830 364 857 in
383 830 524 858 interitum
551 831 653 863 carnis,
677 836 706 857 nt
738 831 848 865 spiritus

34 874 148 901 salvus
167 875 225 902 nat.
242 885 252 902 ι
271 875 363 910 Neque
379 876 442 904 illud
464 877 650 912 evangelicum
667 877 778 912 implere
792 881 850 904 stu-

34 921 129 953 dent,
147 921 235 958 414
249 927 278 949 ιιι
289 923 310 949 si
328 923 444 951 viderint
455 929 623 959 peccantem,
639 924 727 959 primo
743 928 851 952 secrete

33 968 231 999 conveniant.
249 973 313 1003 post
326 969 409 996 etiam
432 970 537 998 duobus
549 971 590 998 vel
618 971 704 998 tribus
723 971 846 997 arbitris.

32 1013 165 1046 Quodsi
180 1016 386 1050 contempserit,
409 1021 436 1044 et
457 1023 518 1050 post
545 1017 673 1045 Ecclesiae
697 1019 848 1052 correptio-

33 1068 109 1087 nem
125 1060 187 1096 (l5)
205 1069 258 1088 non
277 1062 359 1090 fuerit
374 1064 547 1095 emendatus,
566 1065 598 1091 dc
618 1064 737 1092 Ecclesia
756 1065 849 1098 expul-

32 1113 103 1132 sum
118 1105 200 1133 velut.
216 1107 343 1142 gentilem
355 1108 474 1136 habeant
492 1118 523 1137 ac
536 1111 720 1144 publicanum.
737 1112 768 1138 Et
784 1113 846 1138 dum

35 1152 90 1178 uni
107 1158 244 1186 parcunt,
270 1154 403 1182 universa!
425 1155 554 1183 Ecclesia:
575 1157 724 1184 moliuntur
751 1157 847 1184 interi-

36 1202 104 1224 tum
123 1198 198 1234 (M).
217 1198 281 1232 Quae
302 1199 351 1227 ista
366 1200 474 1228 bonitas
491 1202 502 1228 ?
516 1210 577 1236 qua:
594 1203 645 1230 ista
659 1203 845 1230 misericordia

31 1247 93 1274 est.
110 1245 161 1278 uni
178 1253 299 1279 parcere,
320 1252 347 1273 et
364 1255 457 1274 omnes
479 1248 504 1275 in
520 1249 669 1276 discrimen
686 1250 821 1277 adducere
835 1249 846 1276 7

34 1288 190 1316 l’olluitur
208 1292 281 1318 enim
302 1300 334 1320 ex
352 1301 404 1321 uno
418 1299 559 1328 peccatore
573 1295 698 1330 populus.
716 1296 793 1324 Sicut
810 1304 843 1324 cx

33 1343 94 1362 una
112 1343 171 1363 ove
186 1338 309 1365 morbida
324 1347 389 1375 grex
404 1340 547 1368 universus
563 1342 692 1375 inﬁcitur,
705 1342 745 1370 sic
760 1343 843 1369 ctiam

32 1388 98 1407 uno
118 1381 164 1408 vel
183 1382 348 1415 fornicantc,
371 1385 412 1411 vel
429 1386 500 1412 aliud
519 1386 700 1422 quodcunque
731 1388 844 1415 sceleris

31 1427 317 1464 committente(l5),
334 1429 408 1464 plebs
426 1431 552 1458 universa
572 1433 713 1467 polluitur.
729 1434 761 1461 Et
782 1434 843 1462 ideo

31 1473 230 1501 observemus
245 1482 294 1502 nos
312 1475 441 1509 invicem,
453 1482 480 1504 ct
498 1477 715 1513 uniuscujusque
731 1487 843 1507 conver-

910 221 1051 257 prtesidcs,
1063 220 1158 247 oculus
1171 228 1211 252 es,
1230 224 1371 254 propterea
1385 220 1479 254 utique
1492 225 1521 247 ut
1531 217 1622 247 otnnia
1641 220 1697 247 cir-

911 267 1089 301 cumspicias,
1110 266 1202 293 omnia
1223 266 1441 297 circumlustres.
1472 266 1556 293 etiam
1583 270 1698 293 ventura

909 314 1070 348 praevidens.
1083 313 1181 340 Pastor
1193 320 1234 345 es,
1248 311 1322 339 vides
1332 312 1453 340 oviculas
1468 312 1572 339 Domini
1590 312 1698 347 ignaras

907 360 1020 394 periculi
1036 359 1100 386 l‘i-rri
1127 359 1159 386 ad
1181 358 1346 393 praecipitia,
1364 362 1391 386 et
1411 366 1459 394 per
1481 363 1615 393 praerupta
1631 365 1698 393 pen-

907 407 972 433 dere
988 406 1054 442 (l7),
1073 413 1126 433 non
1137 405 1260 433 occurris
1275 405 1288 431 ?
1301 413 1354 433 non
1378 405 1510 433 revocas?
1527 412 1580 432 non
1599 405 1696 432 saltem

907 461 973 481 voce
1003 453 1114 480 cohibes
1131 453 1188 488 (18)
1208 457 1236 480 et
1260 453 1441 487 correptionis
1461 451 1580 479 clamore
1604 451 1695 479 deter-

908 508 952 528 res
964 501 976 530 τ
990 500 1037 527 Sic
1049 500 1192 527 immemor
1202 507 1232 527 es
1246 499 1302 535 (l9)
1324 499 1458 528 Dominici
1481 498 1647 526 sacramenti
1658 497 1694 530 θ’,

906 551 936 574 ιιι
954 555 1016 574 cum
1029 546 1073 573 ille
1084 547 1224 575 derelictis
1245 547 1392 581 nonaginta
1411 553 1505 573 novem
1520 546 1546 572 in
1574 545 1695 572 caelesti-

906 593 967 625 bus,
993 597 1104 627 propter
1123 601 1202 620 uuam
1234 593 1370 621 oviculam
1396 600 1457 627 quae
1484 596 1635 625 erraverat,
1661 591 1695 618 ad

907 645 1008 666 terram
1024 639 1079 674 (20)
1096 639 1280 673 descenderit,
1294 643 1323 666 et
1335 639 1472 666 inventam
1487 638 1637 665 vectaverit
1648 637 1696 665 Inl-

906 686 989 713 meris
1002 685 1059 713 suis
1074 686 1107 712 ad
1124 685 1237 717 malunt,
1252 693 1302 713 nos
1313 686 1340 712 in
1356 685 1429 713 nullo
1451 691 1568 719 prorsus
1590 684 1617 710 in
1644 691 1694 710 ru-

905 732 999 759 randis
1010 732 1124 760 oviculis
1139 732 1261 767 magistri
1276 732 1393 766 pastoris
1420 738 1568 764 sequantur
1598 737 1694 756 exent-

905 777 1079 812 plumHlat-c
1097 786 1149 805 non
1166 777 1227 804 ideo
1253 777 1380 808 dicimus,
1406 781 1435 804 ut
1459 784 1509 811 pro
1536 776 1586 803 lcvi
1614 776 1693 810 culpa

905 824 1005 859 aliquis
1017 824 1193 851 abscindatur
1207 823 1267 858 (2l)
1285 832 1294 850 :
1309 824 1356 851 sed
1371 824 1392 851 si
1419 823 1489 850 forte
1511 822 1694 850 commonitus

902 871 965 906 quis
976 876 1003 899 et
1016 876 1159 906 correptus
1183 878 1234 905 pro
1249 870 1348 898 delicto
1372 870 1457 897 semel
1475 875 1501 897 et
1528 870 1625 896 iterum
1659 876 1693 896 ac

904 919 994 950 tertio,
1017 918 1084 945 nihil
1112 918 1315 945 emendationis
1329 917 1616 949 ostenderit,utamur
1639 924 1693 943 me.

902 966 955 993 dici
968 965 1122 1000 disciplina.
1142 964 1170 992 Si
1186 965 1248 992 oleo
1264 965 1442 999 perunximus
1456 984 1464 997 ,
1488 964 1510 991 si
1535 963 1692 998 emplastris

901 1013 1095 1047 mitigavimns,
1109 1013 1131 1039 si
1144 1013 1308 1047 malagmate
1323 1012 1509 1043 mollivimus,
1526 1018 1574 1038 nec
1600 1015 1690 1036 itum-Ii

900 1059 973 1087 cedit
989 1058 1195 1086 medicamentis
1208 1058 1325 1085 tumoris
1337 1057 1450 1090 duritia,
1464 1057 1552 1084 solum
1567 1061 1690 1090 superest

901 1105 1051 1133 remedium
1066 1106 1098 1133 de
1114 1105 1221 1133 ecandi.
1236 1104 1282 1132 Sic
1305 1105 1377 1132 enim
1406 1104 1537 1131 Dominus
1565 1103 1630 1129 dicit
1644 1103 1666 1118 ⁵⁸
1681 1112 1688 1129 :

903 1162 911 1178 ι
929 1152 957 1180 Si
971 1153 1082 1180 dextera
1098 1159 1194 1178 manus
1207 1157 1252 1178 tua
1269 1151 1498 1178 scandalizaverit
1515 1154 1541 1176 te
1552 1170 1559 1182 ,
1579 1150 1690 1177 abscide

899 1207 971 1232 eam,
984 1203 1010 1226 et
1030 1198 1132 1233 projice
1143 1198 1192 1225 abs
1211 1203 1247 1225 te.
1265 1206 1274 1223 ι
1292 1196 1484 1231 Nttnqnidnsm
1513 1203 1609 1222 manus
1626 1203 1683 1223 cor-

899 1246 973 1280 poris
986 1245 1069 1272 nostri
1087 1244 1232 1278 aliquando
1254 1243 1421 1270 scandalizat
1441 1251 1500 1275 nos,
1528 1247 1557 1269 ut
1577 1243 1610 1269 de
1637 1243 1688 1270 hac.

898 1299 978 1319 manu
995 1291 1118 1326 corporis
1134 1290 1310 1324 Evangelium
1324 1289 1398 1317 dicat
1424 1298 1431 1315 :
1459 1298 1467 1315 I
1485 1289 1602 1316 Abscide
1625 1295 1687 1316 eam

896 1343 924 1365 et
941 1337 1042 1372 projice
1057 1337 1107 1364 abs
1127 1337 1171 1363 te?
1188 1345 1196 1362 ι
1213 1336 1266 1363 Sed
1278 1335 1329 1363 hoc
1343 1340 1386 1362 est
1398 1334 1454 1371 (ΞΩ)
1473 1335 1544 1370 quod
1560 1334 1643 1367 dicit,
1658 1338 1690 1362 ut

895 1391 946 1418 ego
959 1384 1004 1418 qui
1018 1383 1111 1410 videor
1127 1382 1174 1409 tibi
1192 1389 1288 1408 manus
1301 1388 1362 1409 esse
1374 1381 1498 1413 dextera,
1516 1385 1544 1408 et
1564 1379 1683 1415 presyh-

896 1434 936 1457 ter
949 1429 1084 1461 nominor,
1098 1434 1125 1456 et
1150 1429 1262 1455 verbum
1289 1427 1335 1454 Dei
1362 1427 1455 1454 videor
1477 1427 1638 1462 praedicare,
1663 1425 1687 1453 si

895 1475 996 1511 aliquid
1012 1480 1107 1503 contra
1121 1474 1335 1502 ecclesiasticam
1349 1472 1518 1507 disciplinam
1533 1491 1540 1504 ,
1553 1476 1580 1499 et
1596 1472 1687 1499 Evan-

31 1520 114 1546 satio
127 1524 198 1546 nota
213 1519 258 1552 sit,
278 1521 399 1548 maxime
429 1523 618 1550 sacerdotibus
640 1528 668 1550 ct
697 1524 839 1554 ministris.
854 1527 876 1556 ε
894 1522 956 1557 getii
987 1521 1108 1556 regulam
1141 1527 1265 1553 gessero,
1290 1520 1325 1547 ita
1349 1524 1378 1546 ut
1403 1518 1560 1546 scandalum
1593 1517 1640 1545 libi
1659 1523 1687 1545 et

32 1565 98 1592 Nec
114 1569 219 1599 putent
237 1572 267 1592 se
281 1570 356 1593 recte
372 1560 474 1598 dicere,
486 1566 554 1599 Quid
569 1568 621 1596 hoc
646 1569 680 1596 ad
709 1576 751 1596 me
778 1577 839 1604 spe-

31 1615 96 1638 ctat
115 1611 139 1638 si
156 1610 227 1638 alius
243 1612 312 1640 male
324 1613 381 1647 agit
392 1613 405 1640 ?
418 1613 474 1641 lloc
487 1618 529 1641 est
540 1614 631 1642 dicere
648 1621 729 1649 caput
742 1617 775 1643 ad
790 1625 838 1651 pe-

32 1658 98 1688 des.
110 1657 185 1690 Quid
197 1658 231 1685 ad
247 1666 290 1685 me
306 1659 421 1693 pertinet
439 1660 462 1687 si
477 1660 590 1687 dolent?
609 1660 637 1688 Si
653 1661 724 1688 male
737 1662 840 1690 habent

32 1705 125 1738 pedes
143 1704 209 1736 mei,
223 1711 276 1732 non
295 1713 355 1733 mea
380 1706 514 1740 interest,
542 1707 688 1735 dummodo
710 1713 790 1743 caput
811 1709 837 1736 in

32 1749 165 1777 sanitate
179 1750 315 1784 perduret.
332 1752 385 1779 Aut
404 1752 426 1780 si
446 1753 520 1780 dicat
533 1753 629 1780 oculus
649 1754 742 1780 manui
759 1752 837 1781 :Non

34 1794 157 1829 indigeo
174 1803 255 1830 opera
269 1800 325 1830 tua,
341 1797 404 1832 quid
420 1798 453 1825 ad
477 1807 520 1827 me
537 1799 654 1833 pertinet
683 1799 705 1827 si
738 1798 813 1826 doles
827 1799 840 1826 Ῡ

33 1841 64 1869 Si
82 1841 233 1869 vulnerata
249 1850 297 1877 es,
337 1844 458 1879 nunquid
472 1854 523 1881 ego
538 1845 634 1873 oculus
655 1845 839 1874 conturbabor

32 1895 66 1916 ex
92 1887 262 1923 agritudine
276 1891 396 1918 manus?
422 1891 487 1919 Tale
499 1899 564 1927 ergo
578 1893 702 1927 estquod
721 1896 804 1928 agunt
823 1891 840 1919 ii

33 1934 83 1968 qui
104 1933 241 1962 Ecclesiis
259 1941 396 1970 praesunt,
410 1945 462 1965 non
485 1938 636 1974 cogitantes
664 1937 727 1974 quia
753 1945 835 1966 unum

33 1987 145 2015 corpus
162 1987 256 2009 sumus
281 1989 379 2011 omnes
397 1985 442 2019 qui
465 1986 613 2019 credimus,
637 1993 721 2013 unum
749 1985 835 2012 Deum

33 2026 191 2059 habentes,
210 2028 255 2062 qui
271 2036 322 2056 nos
336 2029 362 2057 in
376 2031 482 2059 unitate
497 2031 661 2068 constringit
689 2035 718 2059 et
748 2031 835 2059 conti-

72 2105 100 2121 ”
116 2106 124 2133 Ι
143 2106 216 2135 Tim.
229 2116 255 2141 v,
269 2108 314 2138 20.
353 2111 376 2127 "
392 2110 401 2138 Ι
416 2112 479 2140 Cor.
499 2121 524 2146 v,
537 2113 580 2141 l5.
620 2113 644 2129 ⁵⁸
655 2113 721 2141 ibid.
737 2114 764 2141 5.
803 2114 826 2130 "
843 2113 910 2141 Luc.
922 2120 968 2140 xv.
1006 2112 1029 2128 ³⁸
1046 2111 1143 2139 Matth.
1161 2119 1187 2144 v,
1202 2111 1247 2139 50.

71 2186 118 2227 (εξ)
134 2186 191 2227 εει(
205 2192 231 2217 et
245 2188 312 2227 i_l_lud
327 2198 378 2227 non
393 2191 488 2223 otiose.
503 2196 558 2220 etc.
574 2193 682 2221 Citatur
695 2194 739 2222 hic
760 2194 836 2222 locus
923 2193 979 2227 (l6)
1004 2193 1069 2222 Mss.
1092 2203 1100 2220 ι
1121 2193 1269 2221 Christum.
1297 2202 1307 2219 ι
1335 2192 1413 2220 Libb.
1436 2192 1502 2220 editi
1529 2201 1537 2220 :

34 2223 74 2262 ab
90 2221 166 2262 Jqpa
179 2222 368 2262 Aurelianensi
381 2221 510 2262 episcopo
526 2228 574 2255 lib.
591 2236 599 2255 ι
618 2229 655 2256 οε
671 2221 837 2258 institutione

32 2256 145 2288 laicali.
161 2265 220 2291 cap.
239 2258 283 2286 l8.
398 2256 405 2261 '
477 2256 484 2262 '
555 2273 560 2276 .

71 2301 288 2347 (lmfemetic.
308 2315 317 2331 ι
338 2306 515 2347 ᾕρελιιιιςιιι-ιιο
531 2308 647 2347 accidit?
664 2311 833 2347 i_Sangcrm.

33 2338 275 2400 :ctgpiﬂu’omodo
286 2341 406 2369 accidit?
416 2338 432 2368 ἰ
444 2342 521 2371 Libb.
534 2344 598 2371 editi
619 2353 626 2372 :
645 2354 654 2371 ι
682 2345 735 2373 hoc
748 2338 837 2381 Tmodo

73 2408 138 2444 (ΙΙ)
168 2408 246 2443 Mss.,
268 2419 277 2436 ι
301 2417 417 2441 metum.
445 2422 455 2439 ι
477 2412 557 2442 Libb.
581 2414 646 2442 editi
675 2423 681 2440 :

35 2451 112 2471 rem.
132 2452 143 2469 I

73 2488 137 2529 (ιι-2)
149 2488 256 2529 Codex_
273 2489 474 2529 Gemcticensis
492 2503 498 2521 :
527 2502 536 2519 ι
563 2494 698 2523 succensi.
716 2504 725 2521 ι
756 2495 834 2523 Libb.

34 2525 108 2552 editi
125 2533 133 2551 :
155 2532 166 2550 ι
182 2525 345 2553 ιιιιεςίιιειί.»

72 2559 136 2595 (15)
154 2558 256 2602 Οιιιῃςε
275 2568 341 2602 mss.
359 2571 368 2587 ι
388 2566 417 2589 et
447 2568 508 2598 post
535 2564 834 2602 Ecclesiarrcorreptio-

36 2603 115 2635 nem.
142 2604 153 2621 ι
176 2595 256 2623 Libb.
268 2596 334 2623 editi
352 2605 358 2624 :
378 2605 388 2622 ι
404 2602 431 2625 et
449 2595 517 2633 post
540 2599 596 2627 lucc
615 2600 744 2628 Ecclesia:
764 2595 832 2629 ’θοι-

37 2635 177 2665 repttone.
191 2640 201 2656 ι

73 2666 134 2700 (H')
149 2666 374 2706 gemeticensis:
404 2678 413 2694 ι
431 2674 457 2696 et
470 2669 534 2696 dum
555 2678 606 2698 non
629 2676 744 2705 purgant
770 2672 832 2699 uui-

38 2709 131 2734 vcrsa,
149 2701 280 2729 Ecclesiae
297 2702 445 2732 tnoliuntnr
460 2705 610 2733 interitum.
629 2701 640 2732 ἱ

73 2749 132 2783 (l5)
146 2749 244 2786 Ideni:
264 2757 273 2786 ς
292 2751 332 2777 sic
347 2751 429 2779 etiam
448 2758 496 2786 per
521 2760 603 2779 unum
627 2753 668 2780 vel
702 2753 834 2781 fornican-

40 2788 95 2846 ἐξω
123 2785 166 2813 vel
197 2784 271 2813 aliud
301 2784 481 2821 quodcunque
513 2787 625 2816 sei-leris
661 2790 832 2817 committen-

56 2826 102 2846 ηυ-
121 2829 131 2846 ι

56 2826 102 2847 B’ll.
121 2829 131 2847 ι

712 2425 721 2441 ι
754 2415 834 2444 timo-

893 1567 1023 1595 Ecclesite
1037 1566 1096 1602 (25)
1128 1566 1237 1598 faciam,
1262 1566 1288 1593 in
1315 1573 1369 1593 uno
1401 1573 1533 1593 consensu
1563 1564 1684 1592 Ecclesia

895 1615 1022 1641 universa
1038 1613 1200 1648 conspirans
1214 1613 1324 1640 excidat
1338 1620 1381 1639 me
1394 1613 1534 1639 dexteram
1547 1620 1624 1639 suam
1637 1631 1645 1643 ,
1657 1617 1686 1640 et

893 1660 1018 1696 projiciat
1031 1667 1045 1686 a
1059 1667 1100 1688 se.
1118 1659 1233 1694 Expedit
1253 1660 1325 1686 enim
1353 1659 1401 1686 tibi
1426 1663 1455 1686 et
1480 1658 1611 1686 Ecclesiae
1627 1657 1687 1693 (ﬁl)

893 1706 995 1740 absque
1012 1713 1054 1733 me
1071 1713 1151 1732 manu
1176 1710 1232 1736 tua,
1248 1712 1308 1739 quze
1324 1704 1393 1732 male
1407 1705 1514 1740 agendo
1527 1704 1686 1732 scandalum

892 1752 956 1785 feci,
970 1753 1088 1780 introire
1107 1752 1134 1779 in
1159 1759 1271 1787 regnum
1290 1752 1441 1784 cmlorum,
1464 1758 1545 1786 qttam
1576 1757 1686 1778 mecum

893 1799 933 1827 ire
949 1799 975 1826 in
989 1799 1153 1834 gehennam.
1165 1798 1227 1825 llmc
1248 1798 1351 1825 idcirco
1367 1798 1493 1828 diximus,
1518 1797 1580 1832 quia
1611 1797 1684 1823 vide-

894 1852 956 1872 mus
984 1845 1010 1871 in
1035 1843 1186 1879 Scripturis
1214 1844 1316 1871 sanctis
1346 1843 1455 1876 referri,
1477 1843 1548 1878 quod
1570 1847 1684 1877 propter

894 1898 978 1918 unum
994 1895 1150 1926 peccantem
1170 1890 1313 1916 anathema
1341 1889 1405 1917 facti
1431 1894 1495 1917 sunt
1518 1889 1565 1916 lilii
1587 1888 1682 1922 Israel,

893 1937 930 1964 ita
943 1941 973 1964 ut
990 1937 1164 1964 vincerentur
1178 1935 1212 1963 ab
1227 1935 1361 1963 hostibus.

925 1983 953 2009 7.
971 1982 1026 2010 Sed
1041 1982 1181 2009 videamus
1197 1986 1225 2009 ct
1246 1982 1332 2017 ipsum
1356 1986 1498 2016 peccatum
1523 1982 1581 2016 eius
1599 1980 1683 2016 quale

889 2029 926 2057 sit
942 2037 949 2055 :
964 2029 1083 2057 Furatus
1096 2033 1150 2062 est,
1167 2029 1255 2064 inquit
1266 2029 1300 2062 ",
1313 2029 1431 2064 linguam
1445 2035 1568 2062 auream,
1584 2033 1613 2056 et
1631 2035 1682 2062 po—

1289 2112 1311 2128 "
1323 2110 1379 2139 los.
1392 2119 1440 2144 vn,
1456 2111 1501 2139 21.

1564 2203 1574 2219 σ
1594 2193 1678 2221 Cht‘i-

892 2233 960 2255 sttts.
981 2238 990 2254 ι

927 2263 982 2298 (Π)
1002 2263 1198 2290 Gcmeticensis
1220 2272 1226 2289 :
1247 2273 1255 2288 ι
1289 2265 1322 2290 ad
1349 2267 1482 2298 prmrupta
1516 2263 1645 2297 pendere.
1663 2274 1674 2291 ι

891 2298 967 2326 Unus
981 2298 1154 2326 Ehroicensis
1169 2307 1176 2324 :
1201 2308 1210 2324 ι
1227 2299 1259 2325 ad
1272 2303 1405 2332 prmrupt'a
1420 2299 1540 2326 tendere.
1559 2307 1569 2324 ι

926 2333 983 2369 (18)
998 2333 1134 2369 Gemetic.
1154 2342 1162 2359 ι
1184 2333 1321 2369 prohibes.
1341 2342 1350 2359 ι

926 2367 982 2402 (19)
996 2367 1097 2395 Omnes
1111 2376 1176 2395 mss.
1201 2378 1210 2393 ι
1229 2368 1269 2396 sic
1283 2368 1425 2395 immemor
1439 2374 1481 2395 es.
1498 2377 1508 2394 ι
1525 2367 1603 2396 Libb.
1624 2370 1677 2397 edi-

891 2404 909 2430 ti
924 2412 930 2429 :
949 2413 958 2428 ι
977 2403 1016 2430 sic
1033 2411 1138 2431 memor
1157 2410 1197 2430 es.
1215 2413 1225 2429 ι

925 2438 982 2473 (20)
999 2438 1180 2473 διιιικειιιιιιιι.
1191 2448 1200 2464 ι
1218 2438 1251 2465 ad
1267 2442 1380 2473 terram.
1401 2446 1411 2463 ι
1426 2437 1502 2465 Libb.
1516 2437 1581 2465 editi
1594 2445 1603 2465 :
1614 2447 1627 2464 ς
1640 2440 1673 2466 ad

889 2479 988 2501 terras.
1005 2483 1014 2498 ι
1031 2472 1131 2501 Ibidem
1145 2474 1230 2501 codex
1257 2472 1389 2500 Gemetic.
1419 2482 1428 2498 ι
1444 2472 1582 2500 inventam
1596 2481 1680 2501 ravo--

887 2509 996 2536 caverit
1012 2508 1133 2536 humeris
1146 2509 1212 2536 suis.
1229 2517 1240 2535 ι

895 2578 901 2604 1
923 2543 980 2579 (21)
994 2543 1312 2578 Sangermaneusiscum
1323 2542 1560 2572 unoEbroicensi:
1573 2551 1582 2569 ι
1603 2543 1674 2571 exci-

905 2584 974 2604 tllltl.
996 2588 1005 2603 ι

886 2584 974 2605 (lilllll'.
996 2588 1005 2603 Ι

924 2613 981 2649 (ὲΞ)
994 2613 1074 2640 Libb.
1095 2617 1174 2641 antea
1190 2613 1256 2640 editi
1273 2623 1279 2640 :
1299 2622 1308 2649 ι
1329 2621 1363 2640 an
1379 2613 1412 2649 de
1433 2612 1484 2649 hac
1501 2620 1618 2649 manu...
1635 2613 1674 2640 di-

887 2647 946 2676 cit:
971 2649 1105 2676 Abscindc
1128 2656 1187 2675 eam
1208 2652 1235 2674 et
1254 2648 1352 2682 projice
1367 2648 1416 2675 abs
1435 2648 1484 2676 te?
1508 2647 1565 2676 Hoc
1586 2653 1639 2676 est.
1659 2657 1670 2675 ι

888 2683 940 2711 Sed
955 2692 1050 2711 omnes
1067 2691 1131 2710 mss.
1150 2689 1178 2710 ut
1195 2683 1220 2709 in
1234 2690 1327 2710 nostro
1342 2688 1427 2710 textu.

924 2719 980 2754 (ἳό)
995 2719 1096 2754 Omnes
1113 2727 1179 2746 mss.
1195 2728 1203 2744 ι
1222 2719 1270 2747 tibi
1281 2723 1308 2747 et
1318 2718 1457 2747 Ecclesiae.
1472 2728 1480 2745 ι
1512 2718 1591 2749 Libb.
1614 2719 1672 2747 edi-

889 2754 907 2780 ti
924 2763 931 2780 :
950 2764 959 2779 ι
986 2754 1031 2780 tibi
1051 2753 1188 2780 Ecclesitc.
1204 2762 1213 2778 ι

925 2789 982 2825 (24)
1000 2790 1100 2825 Onmes
1116 2795 1181 2816 mss.
1207 2788 1305 2818 iterum
1323 2800 1329 2818 :
1349 2800 1358 2817 ι
1383 2789 1431 2818 tibi
1457 2794 1485 2818 et
1500 2789 1637 2819 Ecclesiae.
1658 2799 1670 2817 ι

887 2824 966 2852 Libb.
986 2824 1050 2852 editi
1065 2828 1093 2850 ιιι
1112 2831 1204 2858 supra.
