  <div class='ocr_page' id='page_1' title='image "/cluster/home/n/w/nwhite01/storage/ocr_20150623/12/njp.32101077772422/460.png"; bbox 0 0 1902 3052; ppageno 0'>
   <div class='ocr_carea' id='block_1_1' title="bbox 39 121 89 147">
    <p class='ocr_par' dir='ltr' id='par_1_1' title="bbox 39 121 89 147">
     <span class='ocr_line' id='line_1_1' title="bbox 39 121 89 147; baseline -0.02 0"><span class='ocrx_word' id='word_1_1' title='bbox 39 121 89 147; x_wconf 70' lang='lat'><strong>895</strong></span> 
     </span>
    </p>
   </div>
   <div class='ocr_carea' id='block_1_2' title="bbox 538 114 1164 144">
    <p class='ocr_par' dir='ltr' id='par_1_2' title="bbox 538 114 1164 144">
     <span class='ocr_line' id='line_1_2' title="bbox 538 114 1164 144; baseline 0.002 -2"><span class='ocrx_word' id='word_1_2' title='bbox 538 115 571 142; x_wconf 82' lang='grc' dir='ltr'><strong>ΙΝ</strong></span> <span class='ocrx_word' id='word_1_3' title='bbox 592 114 721 143; x_wconf 74' lang='lat' dir='ltr'><strong>LIBRUM</strong></span> <span class='ocrx_word' id='word_1_4' title='bbox 733 115 816 143; x_wconf 86' lang='lat' dir='ltr'><strong>JESU</strong></span> <span class='ocrx_word' id='word_1_5' title='bbox 830 115 925 143; x_wconf 80' lang='lat' dir='ltr'><strong>NAVE</strong></span> <span class='ocrx_word' id='word_1_6' title='bbox 940 115 1081 143; x_wconf 65' lang='lat' dir='ltr'><strong>llOMlLlA</strong></span> <span class='ocrx_word' id='word_1_7' title='bbox 1097 115 1164 144; x_wconf 73' lang='lat' dir='ltr'><strong>Vlll.</strong></span> 
     </span>
    </p>
   </div>
   <div class='ocr_carea' id='block_1_3' title="bbox 1613 120 1666 147">
    <p class='ocr_par' dir='ltr' id='par_1_3' title="bbox 1613 120 1666 147">
     <span class='ocr_line' id='line_1_3' title="bbox 1613 120 1666 147; baseline 0 0"><span class='ocrx_word' id='word_1_8' title='bbox 1613 120 1666 147; x_wconf 74' lang='lat'><strong>866</strong></span> 
     </span>
    </p>
   </div>
   <div class='ocr_carea' id='block_1_4' title="bbox 40 173 1665 211">
    <p class='ocr_par' dir='ltr' id='par_1_4' title="bbox 40 173 1665 211">
     <span class='ocr_line' id='line_1_4' title="bbox 40 173 1665 211; baseline 0.002 -9"><span class='ocrx_word' id='word_1_9' title='bbox 40 177 138 210; x_wconf 83' lang='lat' dir='ltr'><strong>pulum,</strong></span> <span class='ocrx_word' id='word_1_10' title='bbox 155 179 181 202; x_wconf 93' lang='lat' dir='ltr'><strong>et</strong></span> <span class='ocrx_word' id='word_1_11' title='bbox 197 175 267 202; x_wconf 80' lang='lat' dir='ltr'><strong>alios</strong></span> <span class='ocrx_word' id='word_1_12' title='bbox 292 173 403 210; x_wconf 81' lang='lat' dir='ltr'><strong>quidem</strong></span> <span class='ocrx_word' id='word_1_13' title='bbox 426 175 453 200; x_wconf 92' lang='lat' dir='ltr'><strong>lu</strong></span> <span class='ocrx_word' id='word_1_14' title='bbox 482 173 576 209; x_wconf 73' lang='lat' dir='ltr'><strong>primis</strong></span> <span class='ocrx_word' id='word_1_15' title='bbox 591 174 698 204; x_wconf 83' lang='lat' dir='ltr'><strong>statuit.</strong></span> <span class='ocrx_word' id='word_1_16' title='bbox 712 174 780 200; x_wconf 87' lang='lat' dir='ltr'><strong>alios</strong></span> <span class='ocrx_word' id='word_1_17' title='bbox 797 175 823 200; x_wconf 91' lang='lat' dir='ltr'><strong>iu</strong></span> <span class='ocrx_word' id='word_1_18' title='bbox 839 177 861 204; x_wconf 86' lang='grc' dir='ltr'>Λ</span> <span class='ocrx_word' id='word_1_19' title='bbox 878 174 940 208; x_wconf 85' lang='lat' dir='ltr'><strong>quia</strong></span> <span class='ocrx_word' id='word_1_20' title='bbox 955 179 981 202; x_wconf 89' lang='lat' dir='ltr'><strong>et</strong></span> <span class='ocrx_word' id='word_1_21' title='bbox 997 175 1040 202; x_wconf 93' lang='lat' dir='ltr'><strong>hic</strong></span> <span class='ocrx_word' id='word_1_22' title='bbox 1054 175 1201 209; x_wconf 75' lang='lat' dir='ltr'><strong>Apostolus</strong></span> <span class='ocrx_word' id='word_1_23' title='bbox 1215 175 1272 211; x_wconf 70' lang='grc'>(54)</span> <span class='ocrx_word' id='word_1_24' title='bbox 1284 175 1419 211; x_wconf 83' lang='lat' dir='ltr'><strong>duplicem</strong></span> <span class='ocrx_word' id='word_1_25' title='bbox 1442 177 1531 204; x_wconf 85' lang='lat' dir='ltr'><strong>crucis</strong></span> <span class='ocrx_word' id='word_1_26' title='bbox 1546 178 1665 211; x_wconf 85' lang='lat' dir='ltr'><strong>prodidit</strong></span> 
     </span>
    </p>
   </div>
   <div class='ocr_carea' id='block_1_5' title="bbox 39 220 829 256">
    <p class='ocr_par' dir='ltr' id='par_1_5' title="bbox 39 220 829 256">
     <span class='ocr_line' id='line_1_5' title="bbox 39 220 829 256; baseline -0.003 -8"><span class='ocrx_word' id='word_1_27' title='bbox 39 222 244 256; x_wconf 81' lang='lat' dir='ltr'><strong>posterioribus,</strong></span> <span class='ocrx_word' id='word_1_28' title='bbox 259 221 305 255; x_wconf 87' lang='lat' dir='ltr'><strong>qui</strong></span> <span class='ocrx_word' id='word_1_29' title='bbox 332 227 364 247; x_wconf 81' lang='lat' dir='ltr'><strong>ex</strong></span> <span class='ocrx_word' id='word_1_30' title='bbox 384 221 521 254; x_wconf 89' lang='lat' dir='ltr'><strong>insperato</strong></span> <span class='ocrx_word' id='word_1_31' title='bbox 538 225 599 253; x_wconf 89' lang='lat' dir='ltr'><strong>post</strong></span> <span class='ocrx_word' id='word_1_32' title='bbox 623 224 698 254; x_wconf 81' lang='lat' dir='ltr'><strong>terga</strong></span> <span class='ocrx_word' id='word_1_33' title='bbox 719 220 829 246; x_wconf 86' lang='lat' dir='ltr'><strong>vcniaut</strong></span> 
     </span>
    </p>
   </div>
   <div class='ocr_carea' id='block_1_6' title="bbox 41 263 827 300">
    <p class='ocr_par' dir='ltr' id='par_1_6' title="bbox 41 263 827 300">
     <span class='ocr_line' id='line_1_6' title="bbox 41 263 827 300; baseline -0.004 -5"><span class='ocrx_word' id='word_1_34' title='bbox 41 268 217 296; x_wconf 82' lang='lat' dir='ltr'><strong>inimicorum.</strong></span> <span class='ocrx_word' id='word_1_35' title='bbox 235 267 268 294; x_wconf 83' lang='lat' dir='ltr'><strong>Et</strong></span> <span class='ocrx_word' id='word_1_36' title='bbox 284 266 346 294; x_wconf 84' lang='lat' dir='ltr'><strong>vide</strong></span> <span class='ocrx_word' id='word_1_37' title='bbox 367 266 389 294; x_wconf 87' lang='lat' dir='ltr'><strong>si</strong></span> <span class='ocrx_word' id='word_1_38' title='bbox 415 273 467 293; x_wconf 92' lang='lat' dir='ltr'><strong>non</strong></span> <span class='ocrx_word' id='word_1_39' title='bbox 493 263 581 300; x_wconf 88' lang='lat' dir='ltr'><strong>prima</strong></span> <span class='ocrx_word' id='word_1_40' title='bbox 597 273 661 300; x_wconf 86' lang='lat' dir='ltr'><strong>pars</strong></span> <span class='ocrx_word' id='word_1_41' title='bbox 675 271 717 293; x_wconf 88' lang='lat' dir='ltr'><strong>est</strong></span> <span class='ocrx_word' id='word_1_42' title='bbox 736 266 827 300; x_wconf 81' lang='lat' dir='ltr'><strong>populi</strong></span> 
     </span>
    </p>
   </div>
   <div class='ocr_carea' id='block_1_7' title="bbox 41 312 829 350">
    <p class='ocr_par' dir='ltr' id='par_1_7' title="bbox 41 312 829 350">
     <span class='ocr_line' id='line_1_7' title="bbox 41 312 829 350; baseline -0.005 -7"><span class='ocrx_word' id='word_1_43' title='bbox 41 317 81 344; x_wconf 90' lang='lat' dir='ltr'><strong>illa</strong></span> <span class='ocrx_word' id='word_1_44' title='bbox 102 316 134 343; x_wconf 89' lang='lat' dir='ltr'><strong>de</strong></span> <span class='ocrx_word' id='word_1_45' title='bbox 149 323 201 350; x_wconf 87' lang='lat' dir='ltr'><strong>qua</strong></span> <span class='ocrx_word' id='word_1_46' title='bbox 217 315 282 341; x_wconf 90' lang='lat' dir='ltr'><strong>dicit</strong></span> <span class='ocrx_word' id='word_1_47' title='bbox 295 314 317 330; x_wconf 75' lang='lat'>“</span> <span class='ocrx_word' id='word_1_48' title='bbox 332 322 338 340; x_wconf 92' lang='lat'><strong>:</strong></span> <span class='ocrx_word' id='word_1_49' title='bbox 354 323 362 339; x_wconf 84' lang='grc' dir='ltr'><strong>ι</strong></span> <span class='ocrx_word' id='word_1_50' title='bbox 376 312 435 340; x_wconf 91' lang='lat' dir='ltr'><strong>Non</strong></span> <span class='ocrx_word' id='word_1_51' title='bbox 454 313 515 340; x_wconf 88' lang='lat' dir='ltr'><strong>veni</strong></span> <span class='ocrx_word' id='word_1_52' title='bbox 540 313 590 340; x_wconf 87' lang='lat' dir='ltr'><strong>nisi</strong></span> <span class='ocrx_word' id='word_1_53' title='bbox 605 313 638 339; x_wconf 87' lang='lat' dir='ltr'><strong>ad</strong></span> <span class='ocrx_word' id='word_1_54' title='bbox 657 321 722 340; x_wconf 85' lang='lat' dir='ltr'><strong>oves</strong></span> <span class='ocrx_word' id='word_1_55' title='bbox 740 313 829 347; x_wconf 86' lang='lat' dir='ltr'><strong>perdi-</strong></span> 
     </span>
    </p>
   </div>
   <div class='ocr_carea' id='block_1_8' title="bbox 41 356 826 392">
    <p class='ocr_par' dir='ltr' id='par_1_8' title="bbox 41 356 826 392">
     <span class='ocr_line' id='line_1_8' title="bbox 41 356 826 392; baseline -0.005 -6"><span class='ocrx_word' id='word_1_56' title='bbox 41 366 79 386; x_wconf 84' lang='lat' dir='ltr'><strong>tas</strong></span> <span class='ocrx_word' id='word_1_57' title='bbox 95 359 191 385; x_wconf 81' lang='lat' dir='ltr'><strong>demus</strong></span> <span class='ocrx_word' id='word_1_58' title='bbox 214 357 315 389; x_wconf 81' lang='lat' dir='ltr'><strong>lsracl;</strong></span> <span class='ocrx_word' id='word_1_59' title='bbox 338 366 347 383; x_wconf 80' lang='grc' dir='ltr'><strong>ι</strong></span> <span class='ocrx_word' id='word_1_60' title='bbox 367 361 393 383; x_wconf 88' lang='lat' dir='ltr'><strong>ct</strong></span> <span class='ocrx_word' id='word_1_61' title='bbox 406 357 438 383; x_wconf 89' lang='lat' dir='ltr'><strong>de</strong></span> <span class='ocrx_word' id='word_1_62' title='bbox 459 363 512 390; x_wconf 89' lang='lat' dir='ltr'><strong>qua</strong></span> <span class='ocrx_word' id='word_1_63' title='bbox 532 357 599 384; x_wconf 91' lang='lat' dir='ltr'><strong>dicit</strong></span> <span class='ocrx_word' id='word_1_64' title='bbox 615 356 826 392; x_wconf 70' lang='lat' dir='ltr'><strong>Paulus“(30):</strong></span> 
     </span>
    </p>
   </div>
   <div class='ocr_carea' id='block_1_9' title="bbox 43 401 827 436">
    <p class='ocr_par' dir='ltr' id='par_1_9' title="bbox 43 401 827 436">
     <span class='ocr_line' id='line_1_9' title="bbox 43 401 827 436; baseline -0.001 -6"><span class='ocrx_word' id='word_1_65' title='bbox 43 413 51 429; x_wconf 82' lang='grc' dir='ltr'><strong>ι</strong></span> <span class='ocrx_word' id='word_1_66' title='bbox 64 403 155 430; x_wconf 85' lang='lat' dir='ltr'><strong>Gratia</strong></span> <span class='ocrx_word' id='word_1_67' title='bbox 186 407 276 429; x_wconf 88' lang='lat' dir='ltr'><strong>autem</strong></span> <span class='ocrx_word' id='word_1_68' title='bbox 300 407 327 429; x_wconf 92' lang='lat' dir='ltr'><strong>et</strong></span> <span class='ocrx_word' id='word_1_69' title='bbox 358 409 408 436; x_wconf 83' lang='lat' dir='ltr'><strong>pax</strong></span> <span class='ocrx_word' id='word_1_70' title='bbox 425 401 499 428; x_wconf 83' lang='lat' dir='ltr'><strong>eiuui</strong></span> <span class='ocrx_word' id='word_1_71' title='bbox 519 401 623 429; x_wconf 87' lang='lat' dir='ltr'><strong>homini</strong></span> <span class='ocrx_word' id='word_1_72' title='bbox 637 402 761 436; x_wconf 91' lang='lat' dir='ltr'><strong>operanti</strong></span> <span class='ocrx_word' id='word_1_73' title='bbox 778 402 827 429; x_wconf 90' lang='lat' dir='ltr'><strong>bo-</strong></span> 
     </span>
    </p>
   </div>
   <div class='ocr_carea' id='block_1_10' title="bbox 42 447 827 482">
    <p class='ocr_par' dir='ltr' id='par_1_10' title="bbox 42 447 827 482">
     <span class='ocr_line' id='line_1_10' title="bbox 42 447 827 482; baseline 0 -6"><span class='ocrx_word' id='word_1_74' title='bbox 42 458 100 477; x_wconf 90' lang='lat' dir='ltr'><strong>nmn</strong></span> <span class='ocrx_word' id='word_1_75' title='bbox 120 447 233 475; x_wconf 72' lang='lat' dir='ltr'><strong>:Judzeo</strong></span> <span class='ocrx_word' id='word_1_76' title='bbox 258 448 386 482; x_wconf 89' lang='lat' dir='ltr'><strong>primum,</strong></span> <span class='ocrx_word' id='word_1_77' title='bbox 405 452 468 475; x_wconf 87' lang='lat' dir='ltr'><strong>tunc</strong></span> <span class='ocrx_word' id='word_1_78' title='bbox 496 447 578 475; x_wconf 90' lang='lat' dir='ltr'><strong>etiam</strong></span> <span class='ocrx_word' id='word_1_79' title='bbox 606 454 633 476; x_wconf 93' lang='lat' dir='ltr'><strong>ct</strong></span> <span class='ocrx_word' id='word_1_80' title='bbox 657 448 786 481; x_wconf 67' lang='lat' dir='ltr'><strong>Graeco,»</strong></span> <span class='ocrx_word' id='word_1_81' title='bbox 801 449 827 476; x_wconf 88' lang='lat' dir='ltr'><strong>id</strong></span> 
     </span>
    </p>
   </div>
   <div class='ocr_carea' id='block_1_11' title="bbox 39 493 826 530">
    <p class='ocr_par' dir='ltr' id='par_1_11' title="bbox 39 493 826 530">
     <span class='ocr_line' id='line_1_11' title="bbox 39 493 826 530; baseline -0.003 -6"><span class='ocrx_word' id='word_1_82' title='bbox 39 501 77 524; x_wconf 87' lang='lat' dir='ltr'><strong>est</strong></span> <span class='ocrx_word' id='word_1_83' title='bbox 96 495 189 530; x_wconf 76' lang='lat' dir='ltr'><strong>gentili</strong></span> <span class='ocrx_word' id='word_1_84' title='bbox 214 494 372 530; x_wconf 77' lang='lat' dir='ltr'><strong>posteriori.</strong></span> <span class='ocrx_word' id='word_1_85' title='bbox 388 493 443 522; x_wconf 85' lang='lat' dir='ltr'><strong>Iste</strong></span> <span class='ocrx_word' id='word_1_86' title='bbox 458 501 522 529; x_wconf 86' lang='lat' dir='ltr'><strong>ergo</strong></span> <span class='ocrx_word' id='word_1_87' title='bbox 541 493 657 529; x_wconf 89' lang='lat' dir='ltr'><strong>populus</strong></span> <span class='ocrx_word' id='word_1_88' title='bbox 679 498 722 522; x_wconf 87' lang='lat' dir='ltr'><strong>est</strong></span> <span class='ocrx_word' id='word_1_89' title='bbox 736 495 782 529; x_wconf 89' lang='lat' dir='ltr'><strong>qui</strong></span> <span class='ocrx_word' id='word_1_90' title='bbox 800 496 826 522; x_wconf 93' lang='lat' dir='ltr'><strong>iu</strong></span> 
     </span>
    </p>
   </div>
   <div class='ocr_carea' id='block_1_12' title="bbox 39 538 828 576">
    <p class='ocr_par' dir='ltr' id='par_1_12' title="bbox 39 538 828 576">
     <span class='ocr_line' id='line_1_12' title="bbox 39 538 828 576; baseline -0.003 -7"><span class='ocrx_word' id='word_1_91' title='bbox 39 542 130 576; x_wconf 85' lang='lat' dir='ltr'><strong>primis</strong></span> <span class='ocrx_word' id='word_1_92' title='bbox 144 541 285 573; x_wconf 76' lang='lat' dir='ltr'><strong>statuitur,</strong></span> <span class='ocrx_word' id='word_1_93' title='bbox 304 545 330 567; x_wconf 92' lang='lat' dir='ltr'><strong>et</strong></span> <span class='ocrx_word' id='word_1_94' title='bbox 343 540 421 574; x_wconf 90' lang='lat' dir='ltr'><strong>quasi</strong></span> <span class='ocrx_word' id='word_1_95' title='bbox 443 539 551 575; x_wconf 80' lang='lat' dir='ltr'><strong>fugiens</strong></span> <span class='ocrx_word' id='word_1_96' title='bbox 566 547 628 567; x_wconf 86' lang='lat' dir='ltr'><strong>cum</strong></span> <span class='ocrx_word' id='word_1_97' title='bbox 643 538 720 567; x_wconf 88' lang='lat' dir='ltr'><strong>Jesu.</strong></span> <span class='ocrx_word' id='word_1_98' title='bbox 734 539 828 568; x_wconf 86' lang='lat' dir='ltr'><strong>Poste-</strong></span> 
     </span>
    </p>
   </div>
   <div class='ocr_carea' id='block_1_13' title="bbox 39 585 824 621">
    <p class='ocr_par' dir='ltr' id='par_1_13' title="bbox 39 585 824 621">
     <span class='ocr_line' id='line_1_13' title="bbox 39 585 824 621; baseline 0 -8"><span class='ocrx_word' id='word_1_99' title='bbox 39 587 90 613; x_wconf 91' lang='lat' dir='ltr'><strong>rior</strong></span> <span class='ocrx_word' id='word_1_100' title='bbox 104 594 168 614; x_wconf 86' lang='lat' dir='ltr'><strong>vero</strong></span> <span class='ocrx_word' id='word_1_101' title='bbox 184 587 298 621; x_wconf 87' lang='lat' dir='ltr'><strong>populus</strong></span> <span class='ocrx_word' id='word_1_102' title='bbox 306 589 360 620; x_wconf 81' lang='lat' dir='ltr'><strong>est,</strong></span> <span class='ocrx_word' id='word_1_103' title='bbox 375 586 420 620; x_wconf 93' lang='lat' dir='ltr'><strong>qui</strong></span> <span class='ocrx_word' id='word_1_104' title='bbox 435 593 469 613; x_wconf 80' lang='lat' dir='ltr'><strong>ex</strong></span> <span class='ocrx_word' id='word_1_105' title='bbox 484 585 612 620; x_wconf 73' lang='lat' dir='ltr'><strong>gentibus</strong></span> <span class='ocrx_word' id='word_1_106' title='bbox 628 591 824 621; x_wconf 76' lang='lat' dir='ltr'><strong>congregatur;</strong></span> 
     </span>
    </p>
   </div>
   <div class='ocr_carea' id='block_1_14' title="bbox 40 632 827 668">
    <p class='ocr_par' dir='ltr' id='par_1_14' title="bbox 40 632 827 668">
     <span class='ocr_line' id='line_1_14' title="bbox 40 632 827 668; baseline 0 -8"><span class='ocrx_word' id='word_1_107' title='bbox 40 635 135 668; x_wconf 82' lang='lat' dir='ltr'><strong>quique</strong></span> <span class='ocrx_word' id='word_1_108' title='bbox 144 641 177 660; x_wconf 86' lang='lat' dir='ltr'><strong>ex</strong></span> <span class='ocrx_word' id='word_1_109' title='bbox 203 634 342 667; x_wconf 88' lang='lat' dir='ltr'><strong>insperato</strong></span> <span class='ocrx_word' id='word_1_110' title='bbox 368 633 510 659; x_wconf 89' lang='lat' dir='ltr'><strong>venientes</strong></span> <span class='ocrx_word' id='word_1_111' title='bbox 522 632 597 666; x_wconf 85' lang='lat' dir='ltr'><strong>(quis</strong></span> <span class='ocrx_word' id='word_1_112' title='bbox 613 632 685 659; x_wconf 90' lang='lat' dir='ltr'><strong>enim</strong></span> <span class='ocrx_word' id='word_1_113' title='bbox 702 638 827 666; x_wconf 84' lang='lat' dir='ltr'><strong>speraret</strong></span> 
     </span>
    </p>
   </div>
   <div class='ocr_carea' id='block_1_15' title="bbox 39 679 825 715">
    <p class='ocr_par' dir='ltr' id='par_1_15' title="bbox 39 679 825 715">
     <span class='ocr_line' id='line_1_15' title="bbox 39 679 825 715; baseline -0.001 -8"><span class='ocrx_word' id='word_1_114' title='bbox 39 685 126 715; x_wconf 79' lang='lat' dir='ltr'><strong>gentes</strong></span> <span class='ocrx_word' id='word_1_115' title='bbox 141 679 254 715; x_wconf 85' lang='lat' dir='ltr'><strong>salvari)</strong></span> <span class='ocrx_word' id='word_1_116' title='bbox 269 679 361 707; x_wconf 90' lang='lat' dir='ltr'><strong>acrius</strong></span> <span class='ocrx_word' id='word_1_117' title='bbox 379 684 440 713; x_wconf 91' lang='lat' dir='ltr'><strong>post</strong></span> <span class='ocrx_word' id='word_1_118' title='bbox 454 684 558 714; x_wconf 84' lang='lat' dir='ltr'><strong>tergum</strong></span> <span class='ocrx_word' id='word_1_119' title='bbox 581 679 754 707; x_wconf 87' lang='lat' dir='ltr'><strong>adversarios</strong></span> <span class='ocrx_word' id='word_1_120' title='bbox 772 687 825 706; x_wconf 67' lang='lat' dir='ltr'><strong>cre-</strong></span> 
     </span>
    </p>
   </div>
   <div class='ocr_carea' id='block_1_16' title="bbox 39 723 827 758">
    <p class='ocr_par' dir='ltr' id='par_1_16' title="bbox 39 723 827 758">
     <span class='ocr_line' id='line_1_16' title="bbox 39 723 827 758; baseline 0 -6"><span class='ocrx_word' id='word_1_121' title='bbox 39 726 114 757; x_wconf 92' lang='lat' dir='ltr'><strong>duut;</strong></span> <span class='ocrx_word' id='word_1_122' title='bbox 128 729 154 752; x_wconf 91' lang='lat' dir='ltr'><strong>et</strong></span> <span class='ocrx_word' id='word_1_123' title='bbox 174 725 215 751; x_wconf 87' lang='lat' dir='ltr'><strong>sic</strong></span> <span class='ocrx_word' id='word_1_124' title='bbox 231 729 345 758; x_wconf 87' lang='lat' dir='ltr'><strong>uterque</strong></span> <span class='ocrx_word' id='word_1_125' title='bbox 369 723 486 758; x_wconf 83' lang='lat' dir='ltr'><strong>populus</strong></span> <span class='ocrx_word' id='word_1_126' title='bbox 513 723 629 750; x_wconf 89' lang='lat' dir='ltr'><strong>mediam</strong></span> <span class='ocrx_word' id='word_1_127' title='bbox 647 728 762 750; x_wconf 92' lang='lat' dir='ltr'><strong>turmam</strong></span> <span class='ocrx_word' id='word_1_128' title='bbox 776 724 827 752; x_wconf 70' lang='lat' dir='ltr'><strong>da:-</strong></span> 
     </span>
    </p>
   </div>
   <div class='ocr_carea' id='block_1_17' title="bbox 40 768 826 798">
    <p class='ocr_par' dir='ltr' id='par_1_17' title="bbox 40 768 826 798">
     <span class='ocr_line' id='line_1_17' title="bbox 40 768 826 798; baseline 0.001 -1"><span class='ocrx_word' id='word_1_129' title='bbox 40 778 144 797; x_wconf 81' lang='lat' dir='ltr'><strong>tuunum</strong></span> <span class='ocrx_word' id='word_1_130' title='bbox 169 769 327 797; x_wconf 87' lang='lat' dir='ltr'><strong>conclusam</strong></span> <span class='ocrx_word' id='word_1_131' title='bbox 353 769 451 796; x_wconf 84' lang='lat' dir='ltr'><strong>sternit</strong></span> <span class='ocrx_word' id='word_1_132' title='bbox 467 773 494 796; x_wconf 89' lang='lat' dir='ltr'><strong>et</strong></span> <span class='ocrx_word' id='word_1_133' title='bbox 514 769 609 796; x_wconf 89' lang='lat' dir='ltr'><strong>vincit.</strong></span> <span class='ocrx_word' id='word_1_134' title='bbox 630 768 684 796; x_wconf 91' lang='lat' dir='ltr'><strong>Sed</strong></span> <span class='ocrx_word' id='word_1_135' title='bbox 710 769 826 798; x_wconf 82' lang='lat' dir='ltr'><strong>fortasse</strong></span> 
     </span>
    </p>
   </div>
   <div class='ocr_carea' id='block_1_18' title="bbox 39 814 825 850">
    <p class='ocr_par' dir='ltr' id='par_1_18' title="bbox 39 814 825 850">
     <span class='ocr_line' id='line_1_18' title="bbox 39 814 825 850; baseline 0.003 -10"><span class='ocrx_word' id='word_1_136' title='bbox 39 816 109 843; x_wconf 84' lang='lat' dir='ltr'><strong>dicas</strong></span> <span class='ocrx_word' id='word_1_137' title='bbox 131 816 210 847; x_wconf 91' lang='lat' dir='ltr'><strong>mihi,</strong></span> <span class='ocrx_word' id='word_1_138' title='bbox 224 815 364 849; x_wconf 85' lang='lat' dir='ltr'><strong>Quomodo</strong></span> <span class='ocrx_word' id='word_1_139' title='bbox 389 822 455 850; x_wconf 80' lang='lat' dir='ltr'><strong>ergo</strong></span> <span class='ocrx_word' id='word_1_140' title='bbox 481 815 560 850; x_wconf 61' lang='lat' dir='ltr'><strong>quasi</strong></span> <span class='ocrx_word' id='word_1_141' title='bbox 586 814 693 849; x_wconf 81' lang='lat' dir='ltr'><strong>fugiens</strong></span> <span class='ocrx_word' id='word_1_142' title='bbox 714 816 825 850; x_wconf 89' lang='lat' dir='ltr'><strong>ponitur</strong></span> 
     </span>
    </p>
   </div>
   <div class='ocr_carea' id='block_1_19' title="bbox 39 860 822 897">
    <p class='ocr_par' dir='ltr' id='par_1_19' title="bbox 39 860 822 897">
     <span class='ocr_line' id='line_1_19' title="bbox 39 860 822 897; baseline 0.003 -10"><span class='ocrx_word' id='word_1_143' title='bbox 39 861 148 895; x_wconf 86' lang='lat' dir='ltr'><strong>populus</strong></span> <span class='ocrx_word' id='word_1_144' title='bbox 163 860 261 896; x_wconf 81' lang='lat' dir='ltr'><strong>prior?</strong></span> <span class='ocrx_word' id='word_1_145' title='bbox 277 861 362 888; x_wconf 90' lang='lat' dir='ltr'><strong>Valde</strong></span> <span class='ocrx_word' id='word_1_146' title='bbox 374 867 584 897; x_wconf 82' lang='lat' dir='ltr'><strong>consequenter.</strong></span> <span class='ocrx_word' id='word_1_147' title='bbox 600 860 707 895; x_wconf 83' lang='lat' dir='ltr'><strong>Fugere</strong></span> <span class='ocrx_word' id='word_1_148' title='bbox 720 862 822 889; x_wconf 87' lang='lat' dir='ltr'><strong>etenitu</strong></span> 
     </span>
    </p>
   </div>
   <div class='ocr_carea' id='block_1_20' title="bbox 39 907 824 944">
    <p class='ocr_par' dir='ltr' id='par_1_20' title="bbox 39 907 824 944">
     <span class='ocr_line' id='line_1_20' title="bbox 39 907 824 944; baseline 0.004 -11"><span class='ocrx_word' id='word_1_149' title='bbox 39 907 84 934; x_wconf 82' lang='lat' dir='ltr'><strong>visi</strong></span> <span class='ocrx_word' id='word_1_150' title='bbox 100 912 161 935; x_wconf 85' lang='lat' dir='ltr'><strong>sunt</strong></span> <span class='ocrx_word' id='word_1_151' title='bbox 175 908 222 942; x_wconf 91' lang='lat' dir='ltr'><strong>qui</strong></span> <span class='ocrx_word' id='word_1_152' title='bbox 241 913 393 943; x_wconf 86' lang='lat' dir='ltr'><strong>sequuntur</strong></span> <span class='ocrx_word' id='word_1_153' title='bbox 403 908 507 941; x_wconf 82' lang='lat' dir='ltr'><strong>Jesum,</strong></span> <span class='ocrx_word' id='word_1_154' title='bbox 524 917 538 936; x_wconf 87' lang='lat' dir='ltr'><strong>a</strong></span> <span class='ocrx_word' id='word_1_155' title='bbox 553 908 684 944; x_wconf 81' lang='lat' dir='ltr'><strong>legalibus</strong></span> <span class='ocrx_word' id='word_1_156' title='bbox 695 909 824 937; x_wconf 85' lang='lat' dir='ltr'><strong>oneribus</strong></span> 
     </span>
    </p>
   </div>
   <div class='ocr_carea' id='block_1_21' title="bbox 39 953 823 987">
    <p class='ocr_par' dir='ltr' id='par_1_21' title="bbox 39 953 823 987">
     <span class='ocr_line' id='line_1_21' title="bbox 39 953 823 987; baseline 0.001 -8"><span class='ocrx_word' id='word_1_157' title='bbox 39 958 62 979; x_wconf 88' lang='lat' dir='ltr'><strong>et</strong></span> <span class='ocrx_word' id='word_1_158' title='bbox 82 953 235 987; x_wconf 67' lang='lat' dir='ltr'><strong>praeceptis.</strong></span> <span class='ocrx_word' id='word_1_159' title='bbox 251 953 284 980; x_wconf 92' lang='lat' dir='ltr'><strong>ab</strong></span> <span class='ocrx_word' id='word_1_160' title='bbox 305 953 497 980; x_wconf 83' lang='lat' dir='ltr'><strong>observatione</strong></span> <span class='ocrx_word' id='word_1_161' title='bbox 520 953 644 986; x_wconf 90' lang='lat' dir='ltr'><strong>Sabbati,</strong></span> <span class='ocrx_word' id='word_1_162' title='bbox 669 961 683 979; x_wconf 91' lang='lat' dir='ltr'><strong>a</strong></span> <span class='ocrx_word' id='word_1_163' title='bbox 701 954 823 981; x_wconf 91' lang='lat' dir='ltr'><strong>circum-</strong></span> 
     </span>
    </p>
   </div>
   <div class='ocr_carea' id='block_1_22' title="bbox 39 998 821 1032">
    <p class='ocr_par' dir='ltr' id='par_1_22' title="bbox 39 998 821 1032">
     <span class='ocr_line' id='line_1_22' title="bbox 39 998 821 1032; baseline 0.004 -8"><span class='ocrx_word' id='word_1_164' title='bbox 39 998 136 1025; x_wconf 85' lang='lat' dir='ltr'><strong>cisioue</strong></span> <span class='ocrx_word' id='word_1_165' title='bbox 163 998 269 1031; x_wconf 88' lang='lat' dir='ltr'><strong>carnis,</strong></span> <span class='ocrx_word' id='word_1_166' title='bbox 285 998 484 1032; x_wconf 83' lang='lat' dir='ltr'><strong>ajngulatioue</strong></span> <span class='ocrx_word' id='word_1_167' title='bbox 508 999 671 1027; x_wconf 85' lang='lat' dir='ltr'><strong>hostiarum.</strong></span> <span class='ocrx_word' id='word_1_168' title='bbox 690 999 744 1027; x_wconf 90' lang='lat' dir='ltr'><strong>Sed</strong></span> <span class='ocrx_word' id='word_1_169' title='bbox 771 1000 821 1028; x_wconf 88' lang='lat' dir='ltr'><strong>ite-</strong></span> 
     </span>
    </p>
   </div>
   <div class='ocr_carea' id='block_1_23' title="bbox 39 1044 824 1081">
    <p class='ocr_par' dir='ltr' id='par_1_23' title="bbox 39 1044 824 1081">
     <span class='ocr_line' id='line_1_23' title="bbox 39 1044 824 1081; baseline 0.005 -11"><span class='ocrx_word' id='word_1_170' title='bbox 39 1052 92 1070; x_wconf 90' lang='lat' dir='ltr'><strong>rum</strong></span> <span class='ocrx_word' id='word_1_171' title='bbox 107 1051 158 1071; x_wconf 92' lang='lat' dir='ltr'><strong>non</strong></span> <span class='ocrx_word' id='word_1_172' title='bbox 178 1044 249 1079; x_wconf 80' lang='lat' dir='ltr'><strong>fugit</strong></span> <span class='ocrx_word' id='word_1_173' title='bbox 264 1045 308 1079; x_wconf 89' lang='lat' dir='ltr'><strong>qui</strong></span> <span class='ocrx_word' id='word_1_174' title='bbox 323 1051 433 1073; x_wconf 88' lang='lat' dir='ltr'><strong>secutus</strong></span> <span class='ocrx_word' id='word_1_175' title='bbox 453 1050 495 1073; x_wconf 88' lang='lat' dir='ltr'><strong>est</strong></span> <span class='ocrx_word' id='word_1_176' title='bbox 508 1045 657 1078; x_wconf 85' lang='lat' dir='ltr'><strong>Christum,</strong></span> <span class='ocrx_word' id='word_1_177' title='bbox 679 1046 824 1081; x_wconf 87' lang='lat' dir='ltr'><strong>perfectio-</strong></span> 
     </span>
    </p>
   </div>
   <div class='ocr_carea' id='block_1_24' title="bbox 40 1089 439 1124">
    <p class='ocr_par' dir='ltr' id='par_1_24' title="bbox 40 1089 439 1124">
     <span class='ocr_line' id='line_1_24' title="bbox 40 1089 439 1124; baseline 0.008 -10"><span class='ocrx_word' id='word_1_178' title='bbox 40 1096 94 1115; x_wconf 88' lang='lat' dir='ltr'><strong>nem</strong></span> <span class='ocrx_word' id='word_1_179' title='bbox 108 1093 134 1116; x_wconf 90' lang='lat' dir='ltr'><strong>et</strong></span> <span class='ocrx_word' id='word_1_180' title='bbox 147 1089 346 1123; x_wconf 90' lang='lat' dir='ltr'><strong>plenitudinem</strong></span> <span class='ocrx_word' id='word_1_181' title='bbox 362 1090 439 1124; x_wconf 84' lang='lat' dir='ltr'><strong>legis.</strong></span> 
     </span>
    </p>
   </div>
   <div class='ocr_carea' id='block_1_25' title="bbox 69 1134 824 1173">
    <p class='ocr_par' dir='ltr' id='par_1_25' title="bbox 69 1134 824 1173">
     <span class='ocr_line' id='line_1_25' title="bbox 69 1134 824 1173; baseline 0.005 -12"><span class='ocrx_word' id='word_1_182' title='bbox 69 1135 93 1161; x_wconf 82' lang='lat'><strong>5.</strong></span> <span class='ocrx_word' id='word_1_183' title='bbox 110 1134 173 1162; x_wconf 91' lang='lat' dir='ltr'><strong>Post</strong></span> <span class='ocrx_word' id='word_1_184' title='bbox 194 1134 288 1162; x_wconf 82' lang='lat' dir='ltr'><strong>omnia</strong></span> <span class='ocrx_word' id='word_1_185' title='bbox 311 1139 413 1167; x_wconf 88' lang='lat' dir='ltr'><strong>autem,</strong></span> <span class='ocrx_word' id='word_1_186' title='bbox 426 1135 509 1162; x_wconf 87' lang='lat' dir='ltr'><strong>etiam</strong></span> <span class='ocrx_word' id='word_1_187' title='bbox 538 1142 585 1163; x_wconf 89' lang='lat' dir='ltr'><strong>rex</strong></span> <span class='ocrx_word' id='word_1_188' title='bbox 614 1136 673 1172; x_wconf 73' lang='lat' dir='ltr'><strong>[lay</strong></span> <span class='ocrx_word' id='word_1_189' title='bbox 692 1137 719 1164; x_wconf 92' lang='lat' dir='ltr'><strong>in</strong></span> <span class='ocrx_word' id='word_1_190' title='bbox 749 1137 824 1173; x_wconf 89' lang='lat' dir='ltr'><strong>ligno</strong></span> 
     </span>
    </p>
   </div>
   <div class='ocr_carea' id='block_1_26' title="bbox 44 1180 825 1220">
    <p class='ocr_par' dir='ltr' id='par_1_26' title="bbox 44 1180 825 1220">
     <span class='ocr_line' id='line_1_26' title="bbox 44 1180 825 1220; baseline 0.009 -15"><span class='ocrx_word' id='word_1_191' title='bbox 44 1180 145 1212; x_wconf 76' lang='lat' dir='ltr'><strong>gemino</strong></span> <span class='ocrx_word' id='word_1_192' title='bbox 160 1180 264 1207; x_wconf 86' lang='lat' dir='ltr'><strong>dicitur</strong></span> <span class='ocrx_word' id='word_1_193' title='bbox 281 1188 342 1208; x_wconf 91' lang='lat' dir='ltr'><strong>esse</strong></span> <span class='ocrx_word' id='word_1_194' title='bbox 361 1188 521 1215; x_wconf 81' lang='lat' dir='ltr'><strong>suspensus.</strong></span> <span class='ocrx_word' id='word_1_195' title='bbox 538 1181 596 1209; x_wconf 86' lang='lat' dir='ltr'><strong>Hoc</strong></span> <span class='ocrx_word' id='word_1_196' title='bbox 612 1183 637 1210; x_wconf 95' lang='lat' dir='ltr'><strong>in</strong></span> <span class='ocrx_word' id='word_1_197' title='bbox 651 1183 710 1211; x_wconf 90' lang='lat' dir='ltr'><strong>loco</strong></span> <span class='ocrx_word' id='word_1_198' title='bbox 724 1189 825 1220; x_wconf 86' lang='lat' dir='ltr'><strong>myste-</strong></span> 
     </span>
    </p>
   </div>
   <div class='ocr_carea' id='block_1_27' title="bbox 41 1224 826 1260">
    <p class='ocr_par' dir='ltr' id='par_1_27' title="bbox 41 1224 826 1260">
     <span class='ocr_line' id='line_1_27' title="bbox 41 1224 826 1260; baseline 0.011 -12"><span class='ocrx_word' id='word_1_199' title='bbox 41 1224 103 1250; x_wconf 88' lang='lat' dir='ltr'><strong>rium</strong></span> <span class='ocrx_word' id='word_1_200' title='bbox 120 1225 221 1259; x_wconf 76' lang='lat' dir='ltr'><strong>tegitur</strong></span> <span class='ocrx_word' id='word_1_201' title='bbox 240 1225 297 1260; x_wconf 77' lang='grc'>(51)</span> <span class='ocrx_word' id='word_1_202' title='bbox 316 1225 534 1260; x_wconf 81' lang='lat' dir='ltr'><strong>quatnplurimos</strong></span> <span class='ocrx_word' id='word_1_203' title='bbox 557 1226 644 1256; x_wconf 89' lang='lat' dir='ltr'><strong>latens</strong></span> <span class='ocrx_word' id='word_1_204' title='bbox 658 1237 664 1255; x_wconf 92' lang='lat'>:</span> <span class='ocrx_word' id='word_1_205' title='bbox 677 1229 726 1256; x_wconf 88' lang='lat' dir='ltr'><strong>sed</strong></span> <span class='ocrx_word' id='word_1_206' title='bbox 742 1237 826 1257; x_wconf 84' lang='lat' dir='ltr'><strong>orau-</strong></span> 
     </span>
    </p>
   </div>
   <div class='ocr_carea' id='block_1_28' title="bbox 40 1269 824 1308">
    <p class='ocr_par' dir='ltr' id='par_1_28' title="bbox 40 1269 824 1308">
     <span class='ocr_line' id='line_1_28' title="bbox 40 1269 824 1308; baseline 0.01 -14"><span class='ocrx_word' id='word_1_207' title='bbox 40 1269 105 1297; x_wconf 88' lang='lat' dir='ltr'><strong>tibus</strong></span> <span class='ocrx_word' id='word_1_208' title='bbox 121 1270 197 1297; x_wconf 82' lang='lat' dir='ltr'><strong>vobis</strong></span> <span class='ocrx_word' id='word_1_209' title='bbox 213 1270 381 1298; x_wconf 84' lang='lat' dir='ltr'><strong>tentabimus</strong></span> <span class='ocrx_word' id='word_1_210' title='bbox 404 1271 471 1304; x_wconf 66' lang='lat' dir='ltr'><strong>haec,</strong></span> <span class='ocrx_word' id='word_1_211' title='bbox 492 1279 545 1299; x_wconf 92' lang='lat' dir='ltr'><strong>non</strong></span> <span class='ocrx_word' id='word_1_212' title='bbox 571 1274 672 1300; x_wconf 88' lang='lat' dir='ltr'><strong>nostris</strong></span> <span class='ocrx_word' id='word_1_213' title='bbox 685 1275 824 1308; x_wconf 88' lang='lat' dir='ltr'><strong>opinioni-</strong></span> 
     </span>
    </p>
   </div>
   <div class='ocr_carea' id='block_1_29' title="bbox 41 1315 824 1353">
    <p class='ocr_par' dir='ltr' id='par_1_29' title="bbox 41 1315 824 1353">
     <span class='ocr_line' id='line_1_29' title="bbox 41 1315 824 1353; baseline 0.008 -12"><span class='ocrx_word' id='word_1_214' title='bbox 41 1315 94 1347; x_wconf 92' lang='lat' dir='ltr'><strong>bus,</strong></span> <span class='ocrx_word' id='word_1_215' title='bbox 118 1315 163 1343; x_wconf 87' lang='lat' dir='ltr'><strong>sed</strong></span> <span class='ocrx_word' id='word_1_216' title='bbox 189 1316 290 1343; x_wconf 66' lang='lat' dir='ltr'><strong>divinae</strong></span> <span class='ocrx_word' id='word_1_217' title='bbox 306 1315 457 1351; x_wconf 81' lang='lat' dir='ltr'><strong>Scriptura:</strong></span> <span class='ocrx_word' id='word_1_218' title='bbox 486 1318 650 1346; x_wconf 81' lang='lat' dir='ltr'><strong>testimoniis</strong></span> <span class='ocrx_word' id='word_1_219' title='bbox 666 1320 781 1353; x_wconf 88' lang='lat' dir='ltr'><strong>aperire.</strong></span> <span class='ocrx_word' id='word_1_220' title='bbox 797 1319 824 1348; x_wconf 93' lang='lat' dir='ltr'><strong>ln</strong></span> 
     </span>
    </p>
   </div>
   <div class='ocr_carea' id='block_1_30' title="bbox 40 1362 826 1401">
    <p class='ocr_par' dir='ltr' id='par_1_30' title="bbox 40 1362 826 1401">
     <span class='ocr_line' id='line_1_30' title="bbox 40 1362 826 1401; baseline 0.009 -14"><span class='ocrx_word' id='word_1_221' title='bbox 40 1362 218 1395; x_wconf 83' lang='lat' dir='ltr'><strong>superioribus</strong></span> <span class='ocrx_word' id='word_1_222' title='bbox 231 1362 350 1391; x_wconf 89' lang='lat' dir='ltr'><strong>diximus</strong></span> <span class='ocrx_word' id='word_1_223' title='bbox 367 1370 457 1397; x_wconf 81' lang='lat' dir='ltr'><strong>regem</strong></span> <span class='ocrx_word' id='word_1_224' title='bbox 473 1363 531 1399; x_wconf 84' lang='lat' dir='ltr'><strong>Hay</strong></span> <span class='ocrx_word' id='word_1_225' title='bbox 544 1364 652 1393; x_wconf 87' lang='lat' dir='ltr'><strong>diabolo</strong></span> <span class='ocrx_word' id='word_1_226' title='bbox 669 1373 750 1401; x_wconf 88' lang='lat' dir='ltr'><strong>posse</strong></span> <span class='ocrx_word' id='word_1_227' title='bbox 761 1374 826 1394; x_wconf 90' lang='lat' dir='ltr'><strong>con-</strong></span> 
     </span>
    </p>
   </div>
   <div class='ocr_carea' id='block_1_31' title="bbox 41 1405 825 1450">
    <p class='ocr_par' dir='ltr' id='par_1_31' title="bbox 41 1405 825 1450">
     <span class='ocr_line' id='line_1_31' title="bbox 41 1405 825 1450; baseline 0.013 -19"><span class='ocrx_word' id='word_1_228' title='bbox 41 1405 114 1433; x_wconf 83' lang='lat' dir='ltr'><strong>ferri:</strong></span> <span class='ocrx_word' id='word_1_229' title='bbox 127 1407 171 1435; x_wconf 89' lang='lat' dir='ltr'><strong>hic</strong></span> <span class='ocrx_word' id='word_1_230' title='bbox 190 1409 330 1443; x_wconf 88' lang='lat' dir='ltr'><strong>quomodo</strong></span> <span class='ocrx_word' id='word_1_231' title='bbox 346 1409 372 1436; x_wconf 92' lang='lat' dir='ltr'><strong>in</strong></span> <span class='ocrx_word' id='word_1_232' title='bbox 397 1409 473 1445; x_wconf 81' lang='lat' dir='ltr'><strong>ligno</strong></span> <span class='ocrx_word' id='word_1_233' title='bbox 485 1412 593 1445; x_wconf 81' lang='lat' dir='ltr'><strong>gemino</strong></span> <span class='ocrx_word' id='word_1_234' title='bbox 605 1419 752 1447; x_wconf 86' lang='lat' dir='ltr'><strong>suspensus</strong></span> <span class='ocrx_word' id='word_1_235' title='bbox 768 1413 825 1450; x_wconf 74' lang='lat'><strong>(&#39;52)</strong></span> 
     </span>
    </p>
   </div>
   <div class='ocr_carea' id='block_1_32' title="bbox 42 1452 825 1489">
    <p class='ocr_par' dir='ltr' id='par_1_32' title="bbox 42 1452 825 1489">
     <span class='ocr_line' id='line_1_32' title="bbox 42 1452 825 1489; baseline 0.01 -11"><span class='ocrx_word' id='word_1_236' title='bbox 42 1452 82 1484; x_wconf 80' lang='lat' dir='ltr'><strong>sit,</strong></span> <span class='ocrx_word' id='word_1_237' title='bbox 97 1460 184 1488; x_wconf 70' lang='lat' dir='ltr'><strong>operae</strong></span> <span class='ocrx_word' id='word_1_238' title='bbox 198 1455 318 1489; x_wconf 85' lang='lat' dir='ltr'><strong>pretium</strong></span> <span class='ocrx_word' id='word_1_239' title='bbox 337 1460 380 1482; x_wconf 90' lang='lat' dir='ltr'><strong>est</strong></span> <span class='ocrx_word' id='word_1_240' title='bbox 397 1464 526 1484; x_wconf 86' lang='lat' dir='ltr'><strong>noscere.</strong></span> <span class='ocrx_word' id='word_1_241' title='bbox 545 1457 618 1484; x_wconf 87' lang='lat' dir='ltr'><strong>Crux</strong></span> <span class='ocrx_word' id='word_1_242' title='bbox 643 1458 751 1485; x_wconf 87' lang='lat' dir='ltr'><strong>Domini</strong></span> <span class='ocrx_word' id='word_1_243' title='bbox 775 1467 825 1486; x_wconf 90' lang='lat' dir='ltr'><strong>no-</strong></span> 
     </span>
    </p>
   </div>
   <div class='ocr_carea' id='block_1_33' title="bbox 42 1497 862 1549">
    <p class='ocr_par' dir='ltr' id='par_1_33' title="bbox 42 1497 862 1549">
     <span class='ocr_line' id='line_1_33' title="bbox 42 1497 862 1549; baseline 0.01 -25"><span class='ocrx_word' id='word_1_244' title='bbox 42 1498 85 1524; x_wconf 76' lang='lat' dir='ltr'><strong>stri</strong></span> <span class='ocrx_word' id='word_1_245' title='bbox 101 1497 162 1526; x_wconf 86' lang='lat' dir='ltr'><strong>.lesu</strong></span> <span class='ocrx_word' id='word_1_246' title='bbox 177 1499 262 1536; x_wconf 65' lang='grc'><strong>416</strong></span> <span class='ocrx_word' id='word_1_247' title='bbox 272 1501 372 1528; x_wconf 86' lang='lat' dir='ltr'><strong>Christi</strong></span> <span class='ocrx_word' id='word_1_248' title='bbox 395 1502 502 1537; x_wconf 77' lang='lat' dir='ltr'><strong>gemina</strong></span> <span class='ocrx_word' id='word_1_249' title='bbox 526 1502 586 1529; x_wconf 90' lang='lat' dir='ltr'><strong>fuit.</strong></span> <span class='ocrx_word' id='word_1_250' title='bbox 601 1503 685 1530; x_wconf 83' lang='lat' dir='ltr'><strong>Mirus</strong></span> <span class='ocrx_word' id='word_1_251' title='bbox 704 1504 751 1532; x_wconf 87' lang='lat' dir='ltr'><strong>tibi</strong></span> <span class='ocrx_word' id='word_1_252' title='bbox 767 1512 825 1532; x_wconf 89' lang='lat' dir='ltr'><strong>ser—</strong></span> <span class='ocrx_word' id='word_1_253' title='bbox 841 1521 862 1549; x_wconf 67' lang='grc' dir='ltr'>ο</span> 
     </span>
    </p>
   </div>
   <div class='ocr_carea' id='block_1_34' title="bbox 43 1545 827 1584">
    <p class='ocr_par' dir='ltr' id='par_1_34' title="bbox 43 1545 827 1584">
     <span class='ocr_line' id='line_1_34' title="bbox 43 1545 827 1584; baseline 0.01 -14"><span class='ocrx_word' id='word_1_254' title='bbox 43 1551 82 1570; x_wconf 81' lang='grc' dir='ltr'>ιιιο</span> <span class='ocrx_word' id='word_1_255' title='bbox 94 1545 205 1573; x_wconf 78' lang='lat' dir='ltr'><strong>fortasse</strong></span> <span class='ocrx_word' id='word_1_256' title='bbox 222 1552 250 1573; x_wconf 90' lang='lat' dir='ltr'><strong>et</strong></span> <span class='ocrx_word' id='word_1_257' title='bbox 266 1554 351 1574; x_wconf 88' lang='lat' dir='ltr'><strong>novus</strong></span> <span class='ocrx_word' id='word_1_258' title='bbox 366 1548 484 1580; x_wconf 88' lang='lat' dir='ltr'><strong>videtur,</strong></span> <span class='ocrx_word' id='word_1_259' title='bbox 495 1548 566 1582; x_wconf 90' lang='lat' dir='ltr'><strong>quod</strong></span> <span class='ocrx_word' id='word_1_260' title='bbox 582 1549 644 1575; x_wconf 85' lang='lat' dir='ltr'><strong>dico</strong></span> <span class='ocrx_word' id='word_1_261' title='bbox 657 1557 725 1576; x_wconf 82' lang='lat' dir='ltr'><strong>crux</strong></span> <span class='ocrx_word' id='word_1_262' title='bbox 741 1551 827 1584; x_wconf 83' lang='lat' dir='ltr'><strong>gemi-</strong></span> 
     </span>
    </p>
   </div>
   <div class='ocr_carea' id='block_1_35' title="bbox 43 1591 825 1633">
    <p class='ocr_par' dir='ltr' id='par_1_35' title="bbox 43 1591 825 1633">
     <span class='ocr_line' id='line_1_35' title="bbox 43 1591 825 1633; baseline 0.013 -17"><span class='ocrx_word' id='word_1_263' title='bbox 43 1599 72 1617; x_wconf 83' lang='lat' dir='ltr'><strong>ua</strong></span> <span class='ocrx_word' id='word_1_264' title='bbox 88 1591 134 1619; x_wconf 92' lang='lat' dir='ltr'><strong>fuit</strong></span> <span class='ocrx_word' id='word_1_265' title='bbox 149 1601 156 1619; x_wconf 91' lang='lat'><strong>:</strong></span> <span class='ocrx_word' id='word_1_266' title='bbox 171 1593 222 1620; x_wconf 93' lang='lat' dir='ltr'><strong>hoc</strong></span> <span class='ocrx_word' id='word_1_267' title='bbox 235 1597 289 1626; x_wconf 88' lang='lat' dir='ltr'><strong>est,</strong></span> <span class='ocrx_word' id='word_1_268' title='bbox 302 1595 409 1628; x_wconf 76' lang='lat' dir='ltr'><strong>gemina</strong></span> <span class='ocrx_word' id='word_1_269' title='bbox 423 1595 527 1624; x_wconf 85' lang='lat' dir='ltr'><strong>ratione</strong></span> <span class='ocrx_word' id='word_1_270' title='bbox 541 1599 649 1624; x_wconf 86' lang='lat' dir='ltr'><strong>constat</strong></span> <span class='ocrx_word' id='word_1_271' title='bbox 663 1601 690 1624; x_wconf 92' lang='lat' dir='ltr'><strong>et</strong></span> <span class='ocrx_word' id='word_1_272' title='bbox 704 1598 825 1633; x_wconf 86' lang='lat' dir='ltr'><strong>duplici:</strong></span> 
     </span>
    </p>
   </div>
   <div class='ocr_carea' id='block_1_36' title="bbox 42 1636 826 1674">
    <p class='ocr_par' dir='ltr' id='par_1_36' title="bbox 42 1636 826 1674">
     <span class='ocr_line' id='line_1_36' title="bbox 42 1636 826 1674; baseline 0.013 -12"><span class='ocrx_word' id='word_1_273' title='bbox 42 1636 99 1670; x_wconf 85' lang='lat' dir='ltr'><strong>quia</strong></span> <span class='ocrx_word' id='word_1_274' title='bbox 123 1638 269 1665; x_wconf 86' lang='lat' dir='ltr'><strong>visibiliter</strong></span> <span class='ocrx_word' id='word_1_275' title='bbox 285 1639 394 1674; x_wconf 85' lang='lat' dir='ltr'><strong>quidem</strong></span> <span class='ocrx_word' id='word_1_276' title='bbox 418 1640 503 1668; x_wconf 86' lang='lat' dir='ltr'><strong>Filius</strong></span> <span class='ocrx_word' id='word_1_277' title='bbox 523 1641 570 1669; x_wconf 85' lang='lat' dir='ltr'><strong>Dei</strong></span> <span class='ocrx_word' id='word_1_278' title='bbox 588 1641 614 1669; x_wconf 93' lang='lat' dir='ltr'><strong>in</strong></span> <span class='ocrx_word' id='word_1_279' title='bbox 633 1650 717 1671; x_wconf 88' lang='lat' dir='ltr'><strong>carne</strong></span> <span class='ocrx_word' id='word_1_280' title='bbox 736 1645 826 1672; x_wconf 90' lang='lat' dir='ltr'><strong>eruci-</strong></span> 
     </span>
    </p>
   </div>
   <div class='ocr_carea' id='block_1_37' title="bbox 44 1681 827 1719">
    <p class='ocr_par' dir='ltr' id='par_1_37' title="bbox 44 1681 827 1719">
     <span class='ocr_line' id='line_1_37' title="bbox 44 1681 827 1719; baseline 0.015 -13"><span class='ocrx_word' id='word_1_281' title='bbox 44 1681 108 1710; x_wconf 79' lang='lat' dir='ltr'><strong>tixus</strong></span> <span class='ocrx_word' id='word_1_282' title='bbox 124 1688 183 1711; x_wconf 87' lang='lat' dir='ltr'><strong>est:</strong></span> <span class='ocrx_word' id='word_1_283' title='bbox 198 1684 376 1712; x_wconf 80' lang='lat' dir='ltr'><strong>invisibiliter</strong></span> <span class='ocrx_word' id='word_1_284' title='bbox 403 1693 467 1713; x_wconf 89' lang='lat' dir='ltr'><strong>vero</strong></span> <span class='ocrx_word' id='word_1_285' title='bbox 487 1687 513 1714; x_wconf 92' lang='lat' dir='ltr'><strong>in</strong></span> <span class='ocrx_word' id='word_1_286' title='bbox 540 1695 571 1715; x_wconf 89' lang='lat' dir='ltr'><strong>ea</strong></span> <span class='ocrx_word' id='word_1_287' title='bbox 599 1696 682 1716; x_wconf 87' lang='lat' dir='ltr'><strong>cruce</strong></span> <span class='ocrx_word' id='word_1_288' title='bbox 704 1689 827 1719; x_wconf 87' lang='lat' dir='ltr'><strong>diabolus</strong></span> 
     </span>
    </p>
   </div>
   <div class='ocr_carea' id='block_1_38' title="bbox 43 1727 827 1765">
    <p class='ocr_par' dir='ltr' id='par_1_38' title="bbox 43 1727 827 1765">
     <span class='ocr_line' id='line_1_38' title="bbox 43 1727 827 1765; baseline 0.018 -16"><span class='ocrx_word' id='word_1_289' title='bbox 43 1731 97 1751; x_wconf 91' lang='lat' dir='ltr'><strong>eum</strong></span> <span class='ocrx_word' id='word_1_290' title='bbox 122 1727 325 1762; x_wconf 82' lang='lat' dir='ltr'><strong>principatibus</strong></span> <span class='ocrx_word' id='word_1_291' title='bbox 346 1729 404 1756; x_wconf 84' lang='lat' dir='ltr'><strong>suis</strong></span> <span class='ocrx_word' id='word_1_292' title='bbox 421 1735 448 1757; x_wconf 92' lang='lat' dir='ltr'><strong>et</strong></span> <span class='ocrx_word' id='word_1_293' title='bbox 463 1733 645 1765; x_wconf 81' lang='lat' dir='ltr'><strong>potestatibus</strong></span> <span class='ocrx_word' id='word_1_294' title='bbox 669 1733 764 1762; x_wconf 83' lang='lat' dir='ltr'><strong>afIixus</strong></span> <span class='ocrx_word' id='word_1_295' title='bbox 785 1740 827 1763; x_wconf 89' lang='lat' dir='ltr'><strong>est</strong></span> 
     </span>
    </p>
   </div>
   <div class='ocr_carea' id='block_1_39' title="bbox 44 1768 826 1809">
    <p class='ocr_par' dir='ltr' id='par_1_39' title="bbox 44 1768 826 1809">
     <span class='ocr_line' id='line_1_39' title="bbox 44 1768 826 1809; baseline 0.018 -16"><span class='ocrx_word' id='word_1_296' title='bbox 44 1768 120 1796; x_wconf 74' lang='lat' dir='ltr'><strong>cruci.</strong></span> <span class='ocrx_word' id='word_1_297' title='bbox 142 1770 199 1797; x_wconf 82' lang='lat' dir='ltr'><strong>Non</strong></span> <span class='ocrx_word' id='word_1_298' title='bbox 223 1771 269 1798; x_wconf 88' lang='lat' dir='ltr'><strong>tibi</strong></span> <span class='ocrx_word' id='word_1_299' title='bbox 283 1772 333 1799; x_wconf 88' lang='lat' dir='ltr'><strong>hoc</strong></span> <span class='ocrx_word' id='word_1_300' title='bbox 347 1773 484 1801; x_wconf 88' lang='lat' dir='ltr'><strong>videbitur</strong></span> <span class='ocrx_word' id='word_1_301' title='bbox 504 1783 609 1809; x_wconf 88' lang='lat' dir='ltr'><strong>verum,</strong></span> <span class='ocrx_word' id='word_1_302' title='bbox 628 1777 651 1804; x_wconf 92' lang='lat' dir='ltr'><strong>si</strong></span> <span class='ocrx_word' id='word_1_303' title='bbox 665 1778 712 1805; x_wconf 88' lang='lat' dir='ltr'><strong>tibi</strong></span> <span class='ocrx_word' id='word_1_304' title='bbox 729 1779 826 1807; x_wconf 92' lang='lat' dir='ltr'><strong>horum</strong></span> 
     </span>
    </p>
   </div>
   <div class='ocr_carea' id='block_1_40' title="bbox 45 1814 828 1858">
    <p class='ocr_par' dir='ltr' id='par_1_40' title="bbox 45 1814 828 1858">
     <span class='ocr_line' id='line_1_40' title="bbox 45 1814 828 1858; baseline 0.015 -20"><span class='ocrx_word' id='word_1_305' title='bbox 45 1814 133 1840; x_wconf 77' lang='lat' dir='ltr'><strong>testem</strong></span> <span class='ocrx_word' id='word_1_306' title='bbox 150 1815 307 1848; x_wconf 79' lang='lat' dir='ltr'><strong>produxero</strong></span> <span class='ocrx_word' id='word_1_307' title='bbox 331 1817 482 1851; x_wconf 86' lang='lat' dir='ltr'><strong>apostolum</strong></span> <span class='ocrx_word' id='word_1_308' title='bbox 509 1818 643 1847; x_wconf 91' lang='lat' dir='ltr'><strong>Paulum?</strong></span> <span class='ocrx_word' id='word_1_309' title='bbox 667 1821 735 1849; x_wconf 87' lang='lat' dir='ltr'><strong>Audi</strong></span> <span class='ocrx_word' id='word_1_310' title='bbox 763 1830 828 1858; x_wconf 84' lang='lat' dir='ltr'><strong>ergo</strong></span> 
     </span>
    </p>
   </div>
   <div class='ocr_carea' id='block_1_41' title="bbox 44 1857 826 1902">
    <p class='ocr_par' dir='ltr' id='par_1_41' title="bbox 44 1857 826 1902">
     <span class='ocr_line' id='line_1_41' title="bbox 44 1857 826 1902; baseline 0.014 -18"><span class='ocrx_word' id='word_1_311' title='bbox 44 1857 74 1883; x_wconf 85' lang='lat' dir='ltr'><strong>de</strong></span> <span class='ocrx_word' id='word_1_312' title='bbox 85 1858 115 1886; x_wconf 91' lang='lat' dir='ltr'><strong>iis</strong></span> <span class='ocrx_word' id='word_1_313' title='bbox 130 1861 195 1894; x_wconf 89' lang='lat' dir='ltr'><strong>quid</strong></span> <span class='ocrx_word' id='word_1_314' title='bbox 219 1862 277 1896; x_wconf 91' lang='lat' dir='ltr'><strong>ipse</strong></span> <span class='ocrx_word' id='word_1_315' title='bbox 296 1863 454 1896; x_wconf 89' lang='lat' dir='ltr'><strong>pr0nuutiat</strong></span> <span class='ocrx_word' id='word_1_316' title='bbox 469 1872 475 1889; x_wconf 87' lang='lat'><strong>:</strong></span> <span class='ocrx_word' id='word_1_317' title='bbox 493 1864 590 1897; x_wconf 79' lang='lat' dir='ltr'><strong>lQllOd</strong></span> <span class='ocrx_word' id='word_1_318' title='bbox 613 1871 683 1899; x_wconf 89' lang='lat' dir='ltr'><strong>erat,</strong></span> <span class='ocrx_word' id='word_1_319' title='bbox 696 1866 783 1902; x_wconf 87' lang='lat' dir='ltr'><strong>inquit</strong></span> <span class='ocrx_word' id='word_1_320' title='bbox 794 1857 826 1901; x_wconf 61' lang='grc' dir='ltr'><strong>έδ,</strong></span> 
     </span>
    </p>
   </div>
   <div class='ocr_carea' id='block_1_42' title="bbox 44 1906 828 1947">
    <p class='ocr_par' dir='ltr' id='par_1_42' title="bbox 44 1906 828 1947">
     <span class='ocr_line' id='line_1_42' title="bbox 44 1906 828 1947; baseline 0.014 -17"><span class='ocrx_word' id='word_1_321' title='bbox 44 1906 203 1934; x_wconf 83' lang='lat' dir='ltr'><strong>contrarium</strong></span> <span class='ocrx_word' id='word_1_322' title='bbox 220 1907 310 1940; x_wconf 84' lang='lat' dir='ltr'><strong>nobis,</strong></span> <span class='ocrx_word' id='word_1_323' title='bbox 322 1908 385 1935; x_wconf 86' lang='lat' dir='ltr'><strong>tulit</strong></span> <span class='ocrx_word' id='word_1_324' title='bbox 400 1908 464 1936; x_wconf 84' lang='lat' dir='ltr'><strong>illud</strong></span> <span class='ocrx_word' id='word_1_325' title='bbox 474 1909 507 1937; x_wconf 87' lang='lat' dir='ltr'><strong>de</strong></span> <span class='ocrx_word' id='word_1_326' title='bbox 521 1911 620 1944; x_wconf 84' lang='lat' dir='ltr'><strong>medio,</strong></span> <span class='ocrx_word' id='word_1_327' title='bbox 631 1911 742 1947; x_wconf 77' lang='lat' dir='ltr'><strong>afﬁgcns</strong></span> <span class='ocrx_word' id='word_1_328' title='bbox 753 1914 828 1941; x_wconf 82' lang='lat' dir='ltr'><strong>cruci</strong></span> 
     </span>
    </p>
   </div>
   <div class='ocr_carea' id='block_1_43' title="bbox 46 1954 829 1992">
    <p class='ocr_par' dir='ltr' id='par_1_43' title="bbox 46 1954 829 1992">
     <span class='ocr_line' id='line_1_43' title="bbox 46 1954 829 1992; baseline 0.015 -17"><span class='ocrx_word' id='word_1_329' title='bbox 46 1956 105 1983; x_wconf 70' lang='lat' dir='ltr'><strong>sum,</strong></span> <span class='ocrx_word' id='word_1_330' title='bbox 121 1959 224 1980; x_wconf 85' lang='lat' dir='ltr'><strong>exuens</strong></span> <span class='ocrx_word' id='word_1_331' title='bbox 248 1954 418 1989; x_wconf 73' lang='lat' dir='ltr'><strong>principatus</strong></span> <span class='ocrx_word' id='word_1_332' title='bbox 432 1960 459 1982; x_wconf 88' lang='lat' dir='ltr'><strong>et</strong></span> <span class='ocrx_word' id='word_1_333' title='bbox 479 1961 629 1991; x_wconf 88' lang='lat' dir='ltr'><strong>potestates</strong></span> <span class='ocrx_word' id='word_1_334' title='bbox 651 1959 779 1992; x_wconf 88' lang='lat' dir='ltr'><strong>traduxit,</strong></span> <span class='ocrx_word' id='word_1_335' title='bbox 797 1960 829 1987; x_wconf 90' lang='lat' dir='ltr'><strong>li-</strong></span> 
     </span>
    </p>
   </div>
   <div class='ocr_carea' id='block_1_44' title="bbox 45 1995 828 2037">
    <p class='ocr_par' dir='ltr' id='par_1_44' title="bbox 45 1995 828 2037">
     <span class='ocr_line' id='line_1_44' title="bbox 45 1995 828 2037; baseline 0.015 -15"><span class='ocrx_word' id='word_1_336' title='bbox 45 1995 102 2023; x_wconf 86' lang='lat' dir='ltr'><strong>bere</strong></span> <span class='ocrx_word' id='word_1_337' title='bbox 117 1998 288 2033; x_wconf 86' lang='lat' dir='ltr'><strong>triumphans</strong></span> <span class='ocrx_word' id='word_1_338' title='bbox 309 2008 357 2027; x_wconf 88' lang='lat' dir='ltr'><strong>eas</strong></span> <span class='ocrx_word' id='word_1_339' title='bbox 374 2001 400 2028; x_wconf 94' lang='lat' dir='ltr'><strong>in</strong></span> <span class='ocrx_word' id='word_1_340' title='bbox 417 2001 490 2037; x_wconf 82' lang='lat' dir='ltr'><strong>ligno</strong></span> <span class='ocrx_word' id='word_1_341' title='bbox 501 2003 608 2037; x_wconf 84' lang='lat' dir='ltr'><strong>crucis;</strong></span> <span class='ocrx_word' id='word_1_342' title='bbox 622 2014 631 2030; x_wconf 77' lang='grc' dir='ltr'><strong>ι</strong></span> <span class='ocrx_word' id='word_1_343' title='bbox 648 2003 711 2032; x_wconf 85' lang='lat' dir='ltr'><strong>licet</strong></span> <span class='ocrx_word' id='word_1_344' title='bbox 728 2006 754 2032; x_wconf 93' lang='lat' dir='ltr'><strong>in</strong></span> <span class='ocrx_word' id='word_1_345' title='bbox 768 2006 828 2034; x_wconf 89' lang='lat' dir='ltr'><strong>aliis</strong></span> 
     </span>
    </p>
   </div>
   <div class='ocr_carea' id='block_1_45' title="bbox 44 2043 828 2084">
    <p class='ocr_par' dir='ltr' id='par_1_45' title="bbox 44 2043 828 2084">
     <span class='ocr_line' id='line_1_45' title="bbox 44 2043 828 2084; baseline 0.014 -16"><span class='ocrx_word' id='word_1_346' title='bbox 44 2043 238 2078; x_wconf 80' lang='lat' dir='ltr'><strong>exetnplaribus</strong></span> <span class='ocrx_word' id='word_1_347' title='bbox 266 2046 400 2074; x_wconf 85' lang='lat' dir='ltr'><strong>habeatur</strong></span> <span class='ocrx_word' id='word_1_348' title='bbox 430 2056 436 2074; x_wconf 88' lang='lat'>:</span> <span class='ocrx_word' id='word_1_349' title='bbox 468 2058 476 2074; x_wconf 77' lang='grc' dir='ltr'><strong>ι</strong></span> <span class='ocrx_word' id='word_1_350' title='bbox 492 2049 662 2084; x_wconf 83' lang='lat' dir='ltr'><strong>triumphans</strong></span> <span class='ocrx_word' id='word_1_351' title='bbox 685 2051 711 2078; x_wconf 95' lang='lat' dir='ltr'><strong>in</strong></span> <span class='ocrx_word' id='word_1_352' title='bbox 729 2057 828 2079; x_wconf 90' lang='lat' dir='ltr'><strong>semet-</strong></span> 
     </span>
    </p>
   </div>
   <div class='ocr_carea' id='block_1_46' title="bbox 46 2087 829 2132">
    <p class='ocr_par' dir='ltr' id='par_1_46' title="bbox 46 2087 829 2132">
     <span class='ocr_line' id='line_1_46' title="bbox 46 2087 829 2132; baseline 0.015 -18"><span class='ocrx_word' id='word_1_353' title='bbox 46 2087 132 2123; x_wconf 63' lang='lat' dir='ltr'><strong>ipso,»</strong></span> <span class='ocrx_word' id='word_1_354' title='bbox 152 2092 199 2119; x_wconf 87' lang='lat' dir='ltr'><strong>sed</strong></span> <span class='ocrx_word' id='word_1_355' title='bbox 221 2093 292 2127; x_wconf 87' lang='lat' dir='ltr'><strong>apud</strong></span> <span class='ocrx_word' id='word_1_356' title='bbox 308 2093 419 2121; x_wconf 81' lang='lat' dir='ltr'><strong>Graecos</strong></span> <span class='ocrx_word' id='word_1_357' title='bbox 433 2095 558 2128; x_wconf 85' lang='lat' dir='ltr'><strong>habetur,</strong></span> <span class='ocrx_word' id='word_1_358' title='bbox 579 2106 588 2122; x_wconf 84' lang='grc' dir='ltr'><strong>ι</strong></span> <span class='ocrx_word' id='word_1_359' title='bbox 604 2097 629 2123; x_wconf 89' lang='lat' dir='ltr'><strong>in</strong></span> <span class='ocrx_word' id='word_1_360' title='bbox 654 2096 736 2132; x_wconf 79' lang='lat' dir='ltr'><strong>ligno.</strong></span> <span class='ocrx_word' id='word_1_361' title='bbox 749 2108 757 2124; x_wconf 81' lang='grc' dir='ltr'><strong>ι</strong></span> <span class='ocrx_word' id='word_1_362' title='bbox 779 2098 829 2126; x_wconf 84' lang='lat' dir='ltr'><strong>Er—</strong></span> 
     </span>
    </p>
   </div>
   <div class='ocr_carea' id='block_1_47' title="bbox 44 2136 827 2177">
    <p class='ocr_par' dir='ltr' id='par_1_47' title="bbox 44 2136 827 2177">
     <span class='ocr_line' id='line_1_47' title="bbox 44 2136 827 2177; baseline 0.01 -15"><span class='ocrx_word' id='word_1_363' title='bbox 44 2140 75 2167; x_wconf 77' lang='lat' dir='ltr'><strong>go</strong></span> <span class='ocrx_word' id='word_1_364' title='bbox 98 2136 194 2170; x_wconf 83' lang='lat' dir='ltr'><strong>duplex</strong></span> <span class='ocrx_word' id='word_1_365' title='bbox 225 2138 296 2165; x_wconf 87' lang='lat' dir='ltr'><strong>ratio</strong></span> <span class='ocrx_word' id='word_1_366' title='bbox 322 2138 468 2167; x_wconf 69' lang='lat' dir='ltr'><strong>Dominicae</strong></span> <span class='ocrx_word' id='word_1_367' title='bbox 496 2141 605 2168; x_wconf 90' lang='lat' dir='ltr'><strong>crucis:</strong></span> <span class='ocrx_word' id='word_1_368' title='bbox 622 2149 673 2168; x_wconf 92' lang='lat' dir='ltr'><strong>una</strong></span> <span class='ocrx_word' id='word_1_369' title='bbox 700 2142 745 2169; x_wconf 89' lang='lat' dir='ltr'><strong>illa</strong></span> <span class='ocrx_word' id='word_1_370' title='bbox 776 2151 827 2177; x_wconf 86' lang='lat' dir='ltr'><strong>qua</strong></span> 
     </span>
    </p>
   </div>
   <div class='ocr_carea' id='block_1_48' title="bbox 881 218 1663 250">
    <p class='ocr_par' dir='ltr' id='par_1_48' title="bbox 881 218 1663 250">
     <span class='ocr_line' id='line_1_48' title="bbox 881 218 1663 250; baseline 0.008 -6"><span class='ocrx_word' id='word_1_371' title='bbox 881 219 1024 245; x_wconf 88' lang='lat' dir='ltr'><strong>rationem.</strong></span> <span class='ocrx_word' id='word_1_372' title='bbox 1047 218 1104 246; x_wconf 88' lang='lat' dir='ltr'><strong>Duo</strong></span> <span class='ocrx_word' id='word_1_373' title='bbox 1129 219 1200 246; x_wconf 89' lang='lat' dir='ltr'><strong>enim</strong></span> <span class='ocrx_word' id='word_1_374' title='bbox 1220 220 1271 247; x_wconf 86' lang='lat' dir='ltr'><strong>sibi</strong></span> <span class='ocrx_word' id='word_1_375' title='bbox 1293 221 1429 248; x_wconf 84' lang='lat' dir='ltr'><strong>contraria</strong></span> <span class='ocrx_word' id='word_1_376' title='bbox 1443 222 1511 248; x_wconf 84' lang='lat' dir='ltr'><strong>dixit</strong></span> <span class='ocrx_word' id='word_1_377' title='bbox 1527 230 1587 250; x_wconf 89' lang='lat' dir='ltr'><strong>esse</strong></span> <span class='ocrx_word' id='word_1_378' title='bbox 1603 232 1663 250; x_wconf 91' lang='lat' dir='ltr'><strong>ern-</strong></span> 
     </span>
    </p>
   </div>
   <div class='ocr_carea' id='block_1_49' title="bbox 879 263 1667 300">
    <p class='ocr_par' dir='ltr' id='par_1_49' title="bbox 879 263 1667 300">
     <span class='ocr_line' id='line_1_49' title="bbox 879 263 1667 300; baseline 0.005 -10"><span class='ocrx_word' id='word_1_379' title='bbox 879 263 971 296; x_wconf 82' lang='lat' dir='ltr'><strong>cifixa,</strong></span> <span class='ocrx_word' id='word_1_380' title='bbox 986 272 1016 292; x_wconf 86' lang='lat' dir='ltr'><strong>se</strong></span> <span class='ocrx_word' id='word_1_381' title='bbox 1031 269 1156 292; x_wconf 90' lang='lat' dir='ltr'><strong>sanetum</strong></span> <span class='ocrx_word' id='word_1_382' title='bbox 1183 269 1211 292; x_wconf 93' lang='lat' dir='ltr'><strong>et</strong></span> <span class='ocrx_word' id='word_1_383' title='bbox 1239 271 1409 300; x_wconf 89' lang='lat' dir='ltr'><strong>peccatorem</strong></span> <span class='ocrx_word' id='word_1_384' title='bbox 1431 267 1571 300; x_wconf 92' lang='lat' dir='ltr'><strong>mundum,</strong></span> <span class='ocrx_word' id='word_1_385' title='bbox 1587 269 1620 296; x_wconf 91' lang='lat' dir='ltr'><strong>ad</strong></span> <span class='ocrx_word' id='word_1_386' title='bbox 1636 269 1667 296; x_wconf 86' lang='lat' dir='ltr'><strong>il-</strong></span> 
     </span>
    </p>
   </div>
   <div class='ocr_carea' id='block_1_50' title="bbox 878 308 1666 347">
    <p class='ocr_par' dir='ltr' id='par_1_50' title="bbox 878 308 1666 347">
     <span class='ocr_line' id='line_1_50' title="bbox 878 308 1666 347; baseline 0.01 -12"><span class='ocrx_word' id='word_1_387' title='bbox 878 308 930 336; x_wconf 91' lang='lat' dir='ltr'><strong>lam</strong></span> <span class='ocrx_word' id='word_1_388' title='bbox 960 308 1074 336; x_wconf 88' lang='lat' dir='ltr'><strong>formam</strong></span> <span class='ocrx_word' id='word_1_389' title='bbox 1101 311 1160 338; x_wconf 90' lang='lat' dir='ltr'><strong>sine</strong></span> <span class='ocrx_word' id='word_1_390' title='bbox 1187 310 1267 338; x_wconf 88' lang='lat' dir='ltr'><strong>dubio</strong></span> <span class='ocrx_word' id='word_1_391' title='bbox 1294 319 1375 345; x_wconf 79' lang='lat' dir='ltr'><strong>quam</strong></span> <span class='ocrx_word' id='word_1_392' title='bbox 1407 313 1532 347; x_wconf 85' lang='lat' dir='ltr'><strong>superius</strong></span> <span class='ocrx_word' id='word_1_393' title='bbox 1547 314 1666 343; x_wconf 85' lang='lat' dir='ltr'><strong>diximus</strong></span> 
     </span>
    </p>
   </div>
   <div class='ocr_carea' id='block_1_51' title="bbox 878 355 1662 395">
    <p class='ocr_par' dir='ltr' id='par_1_51' title="bbox 878 355 1662 395">
     <span class='ocr_line' id='line_1_51' title="bbox 878 355 1662 395; baseline 0.006 -13"><span class='ocrx_word' id='word_1_394' title='bbox 878 355 978 383; x_wconf 87' lang='lat' dir='ltr'><strong>Christi</strong></span> <span class='ocrx_word' id='word_1_395' title='bbox 993 361 1021 384; x_wconf 89' lang='lat' dir='ltr'><strong>et</strong></span> <span class='ocrx_word' id='word_1_396' title='bbox 1044 357 1156 384; x_wconf 88' lang='lat' dir='ltr'><strong>diaboli.</strong></span> <span class='ocrx_word' id='word_1_397' title='bbox 1179 357 1233 384; x_wconf 86' lang='lat' dir='ltr'><strong>Nos</strong></span> <span class='ocrx_word' id='word_1_398' title='bbox 1247 359 1319 386; x_wconf 93' lang='lat' dir='ltr'><strong>enim</strong></span> <span class='ocrx_word' id='word_1_399' title='bbox 1344 359 1446 387; x_wconf 89' lang='lat' dir='ltr'><strong>mundo</strong></span> <span class='ocrx_word' id='word_1_400' title='bbox 1466 361 1662 395; x_wconf 80' lang='lat' dir='ltr'><strong>crucifigimur,</strong></span> 
     </span>
    </p>
   </div>
   <div class='ocr_carea' id='block_1_52' title="bbox 879 402 1666 439">
    <p class='ocr_par' dir='ltr' id='par_1_52' title="bbox 879 402 1666 439">
     <span class='ocr_line' id='line_1_52' title="bbox 879 402 1666 439; baseline 0.01 -12"><span class='ocrx_word' id='word_1_401' title='bbox 879 405 942 428; x_wconf 91' lang='lat' dir='ltr'><strong>tunc</strong></span> <span class='ocrx_word' id='word_1_402' title='bbox 969 409 1029 429; x_wconf 91' lang='lat' dir='ltr'><strong>cum</strong></span> <span class='ocrx_word' id='word_1_403' title='bbox 1047 402 1158 432; x_wconf 86' lang='lat' dir='ltr'><strong>veniens</strong></span> <span class='ocrx_word' id='word_1_404' title='bbox 1181 404 1309 439; x_wconf 88' lang='lat' dir='ltr'><strong>princeps</strong></span> <span class='ocrx_word' id='word_1_405' title='bbox 1334 405 1415 439; x_wconf 85' lang='lat' dir='ltr'><strong>hujus</strong></span> <span class='ocrx_word' id='word_1_406' title='bbox 1430 406 1522 432; x_wconf 86' lang='lat' dir='ltr'><strong>mundi</strong></span> <span class='ocrx_word' id='word_1_407' title='bbox 1541 407 1567 433; x_wconf 93' lang='lat' dir='ltr'><strong>in</strong></span> <span class='ocrx_word' id='word_1_408' title='bbox 1587 408 1666 435; x_wconf 86' lang='lat' dir='ltr'><strong>nobis</strong></span> 
     </span>
    </p>
   </div>
   <div class='ocr_carea' id='block_1_53' title="bbox 878 447 1665 486">
    <p class='ocr_par' dir='ltr' id='par_1_53' title="bbox 878 447 1665 486">
     <span class='ocr_line' id='line_1_53' title="bbox 878 447 1665 486; baseline 0.008 -14"><span class='ocrx_word' id='word_1_409' title='bbox 878 453 929 473; x_wconf 90' lang='lat' dir='ltr'><strong>non</strong></span> <span class='ocrx_word' id='word_1_410' title='bbox 953 447 1057 474; x_wconf 90' lang='lat' dir='ltr'><strong>invenit</strong></span> <span class='ocrx_word' id='word_1_411' title='bbox 1077 448 1237 482; x_wconf 86' lang='lat' dir='ltr'><strong>quidquam.</strong></span> <span class='ocrx_word' id='word_1_412' title='bbox 1255 449 1288 475; x_wconf 85' lang='lat' dir='ltr'><strong>Et</strong></span> <span class='ocrx_word' id='word_1_413' title='bbox 1305 449 1384 477; x_wconf 87' lang='lat' dir='ltr'><strong>nobis</strong></span> <span class='ocrx_word' id='word_1_414' title='bbox 1396 450 1513 478; x_wconf 88' lang='lat' dir='ltr'><strong>mundus</strong></span> <span class='ocrx_word' id='word_1_415' title='bbox 1526 451 1665 486; x_wconf 74' lang='grc' dir='ltr'><strong>αι’υείῆεί-</strong></span> 
     </span>
    </p>
   </div>
   <div class='ocr_carea' id='block_1_54' title="bbox 878 494 1665 532">
    <p class='ocr_par' dir='ltr' id='par_1_54' title="bbox 878 494 1665 532">
     <span class='ocr_line' id='line_1_54' title="bbox 878 494 1665 532; baseline 0.006 -14"><span class='ocrx_word' id='word_1_416' title='bbox 878 495 932 523; x_wconf 91' lang='lat' dir='ltr'><strong>tur,</strong></span> <span class='ocrx_word' id='word_1_417' title='bbox 962 498 1023 518; x_wconf 90' lang='lat' dir='ltr'><strong>cum</strong></span> <span class='ocrx_word' id='word_1_418' title='bbox 1055 494 1162 527; x_wconf 88' lang='lat' dir='ltr'><strong>peccati</strong></span> <span class='ocrx_word' id='word_1_419' title='bbox 1190 494 1438 528; x_wconf 84' lang='lat' dir='ltr'><strong>concupiscentiam</strong></span> <span class='ocrx_word' id='word_1_420' title='bbox 1476 503 1529 522; x_wconf 91' lang='lat' dir='ltr'><strong>non</strong></span> <span class='ocrx_word' id='word_1_421' title='bbox 1560 496 1665 532; x_wconf 88' lang='lat' dir='ltr'><strong>recepi-</strong></span> 
     </span>
    </p>
   </div>
   <div class='ocr_carea' id='block_1_55' title="bbox 877 537 1012 573">
    <p class='ocr_par' dir='ltr' id='par_1_55' title="bbox 877 537 1012 573">
     <span class='ocr_line' id='line_1_55' title="bbox 877 537 1012 573; baseline 0 -9"><span class='ocrx_word' id='word_1_422' title='bbox 877 545 937 564; x_wconf 88' lang='lat' dir='ltr'><strong>mus</strong></span> <span class='ocrx_word' id='word_1_423' title='bbox 948 537 1012 573; x_wconf 80' lang='lat'><strong>(55).</strong></span> 
     </span>
    </p>
   </div>
   <div class='ocr_carea' id='block_1_56' title="bbox 911 582 1665 623">
    <p class='ocr_par' dir='ltr' id='par_1_56' title="bbox 911 582 1665 623">
     <span class='ocr_line' id='line_1_56' title="bbox 911 582 1665 623; baseline 0.008 -15"><span class='ocrx_word' id='word_1_424' title='bbox 911 582 937 610; x_wconf 72' lang='grc'><strong>4.</strong></span> <span class='ocrx_word' id='word_1_425' title='bbox 960 582 1012 609; x_wconf 88' lang='lat' dir='ltr'><strong>Sed</strong></span> <span class='ocrx_word' id='word_1_426' title='bbox 1030 582 1052 609; x_wconf 87' lang='lat' dir='ltr'><strong>si</strong></span> <span class='ocrx_word' id='word_1_427' title='bbox 1072 583 1134 618; x_wconf 88' lang='lat' dir='ltr'><strong>quis</strong></span> <span class='ocrx_word' id='word_1_428' title='bbox 1149 584 1218 611; x_wconf 89' lang='lat' dir='ltr'><strong>forte</strong></span> <span class='ocrx_word' id='word_1_429' title='bbox 1230 589 1273 612; x_wconf 88' lang='lat' dir='ltr'><strong>est</strong></span> <span class='ocrx_word' id='word_1_430' title='bbox 1293 585 1421 613; x_wconf 84' lang='lat' dir='ltr'><strong>attentior</strong></span> <span class='ocrx_word' id='word_1_431' title='bbox 1438 587 1602 619; x_wconf 83' lang='lat' dir='ltr'><strong>auditorum,</strong></span> <span class='ocrx_word' id='word_1_432' title='bbox 1618 596 1665 623; x_wconf 52' lang='grc' dir='ltr'><strong>ρο.</strong></span> 
     </span>
    </p>
   </div>
   <div class='ocr_carea' id='block_1_57' title="bbox 877 628 1666 666">
    <p class='ocr_par' dir='ltr' id='par_1_57' title="bbox 877 628 1666 666">
     <span class='ocr_line' id='line_1_57' title="bbox 877 628 1666 666; baseline 0.008 -12"><span class='ocrx_word' id='word_1_433' title='bbox 877 632 928 655; x_wconf 82' lang='lat' dir='ltr'><strong>test</strong></span> <span class='ocrx_word' id='word_1_434' title='bbox 943 628 1033 655; x_wconf 87' lang='lat' dir='ltr'><strong>dicere</strong></span> <span class='ocrx_word' id='word_1_435' title='bbox 1048 637 1054 654; x_wconf 76' lang='grc' dir='ltr'><strong>ε</strong></span> <span class='ocrx_word' id='word_1_436' title='bbox 1069 629 1166 656; x_wconf 83' lang='lat' dir='ltr'><strong>Forma</strong></span> <span class='ocrx_word' id='word_1_437' title='bbox 1179 630 1287 664; x_wconf 85' lang='lat' dir='ltr'><strong>quidem</strong></span> <span class='ocrx_word' id='word_1_438' title='bbox 1306 637 1395 657; x_wconf 90' lang='lat' dir='ltr'><strong>rerum</strong></span> <span class='ocrx_word' id='word_1_439' title='bbox 1409 635 1545 666; x_wconf 84' lang='lat' dir='ltr'><strong>gestarum</strong></span> <span class='ocrx_word' id='word_1_440' title='bbox 1560 632 1666 660; x_wconf 89' lang='lat' dir='ltr'><strong>videtur</strong></span> 
     </span>
    </p>
   </div>
   <div class='ocr_carea' id='block_1_58' title="bbox 875 674 1664 713">
    <p class='ocr_par' dir='ltr' id='par_1_58' title="bbox 875 674 1664 713">
     <span class='ocr_line' id='line_1_58' title="bbox 875 674 1664 713; baseline 0.006 -13"><span class='ocrx_word' id='word_1_441' title='bbox 875 680 937 701; x_wconf 88' lang='lat' dir='ltr'><strong>esse</strong></span> <span class='ocrx_word' id='word_1_442' title='bbox 960 674 1136 707; x_wconf 86' lang='lat' dir='ltr'><strong>conveniens,</strong></span> <span class='ocrx_word' id='word_1_443' title='bbox 1150 675 1197 702; x_wconf 91' lang='lat' dir='ltr'><strong>sed</strong></span> <span class='ocrx_word' id='word_1_444' title='bbox 1213 676 1303 703; x_wconf 87' lang='lat' dir='ltr'><strong>adhuc</strong></span> <span class='ocrx_word' id='word_1_445' title='bbox 1316 675 1381 703; x_wconf 90' lang='lat' dir='ltr'><strong>illud</strong></span> <span class='ocrx_word' id='word_1_446' title='bbox 1408 685 1450 704; x_wconf 90' lang='lat' dir='ltr'><strong>me</strong></span> <span class='ocrx_word' id='word_1_447' title='bbox 1476 684 1577 710; x_wconf 85' lang='lat' dir='ltr'><strong>mevet,</strong></span> <span class='ocrx_word' id='word_1_448' title='bbox 1591 679 1664 713; x_wconf 89' lang='lat' dir='ltr'><strong>quod</strong></span> 
     </span>
    </p>
   </div>
   <div class='ocr_carea' id='block_1_59' title="bbox 875 719 1665 756">
    <p class='ocr_par' dir='ltr' id='par_1_59' title="bbox 875 719 1665 756">
     <span class='ocr_line' id='line_1_59' title="bbox 875 719 1665 756; baseline 0.008 -11"><span class='ocrx_word' id='word_1_449' title='bbox 875 719 998 747; x_wconf 85' lang='lat' dir='ltr'><strong>diabolus</strong></span> <span class='ocrx_word' id='word_1_450' title='bbox 1015 725 1043 747; x_wconf 90' lang='lat' dir='ltr'><strong>et</strong></span> <span class='ocrx_word' id='word_1_451' title='bbox 1062 721 1201 748; x_wconf 83' lang='lat' dir='ltr'><strong>exercitus</strong></span> <span class='ocrx_word' id='word_1_452' title='bbox 1227 729 1305 754; x_wconf 87' lang='lat' dir='ltr'><strong>suus,</strong></span> <span class='ocrx_word' id='word_1_453' title='bbox 1328 727 1458 756; x_wconf 84' lang='lat' dir='ltr'><strong>quantum</strong></span> <span class='ocrx_word' id='word_1_454' title='bbox 1485 724 1518 750; x_wconf 87' lang='lat' dir='ltr'><strong>ad</strong></span> <span class='ocrx_word' id='word_1_455' title='bbox 1543 725 1665 751; x_wconf 64' lang='lat' dir='ltr'><strong>historia:</strong></span> 
     </span>
    </p>
   </div>
   <div class='ocr_carea' id='block_1_60' title="bbox 876 764 1665 804">
    <p class='ocr_par' dir='ltr' id='par_1_60' title="bbox 876 764 1665 804">
     <span class='ocr_line' id='line_1_60' title="bbox 876 764 1665 804; baseline 0.008 -13"><span class='ocrx_word' id='word_1_456' title='bbox 876 764 988 800; x_wconf 83' lang='lat' dir='ltr'><strong>figuram</strong></span> <span class='ocrx_word' id='word_1_457' title='bbox 1013 766 1179 799; x_wconf 89' lang='lat' dir='ltr'><strong>ostenditur,</strong></span> <span class='ocrx_word' id='word_1_458' title='bbox 1209 767 1389 803; x_wconf 88' lang='lat' dir='ltr'><strong>interemptus</strong></span> <span class='ocrx_word' id='word_1_459' title='bbox 1406 773 1448 796; x_wconf 88' lang='lat' dir='ltr'><strong>est</strong></span> <span class='ocrx_word' id='word_1_460' title='bbox 1464 778 1471 795; x_wconf 88' lang='lat'>:</span> <span class='ocrx_word' id='word_1_461' title='bbox 1486 774 1511 796; x_wconf 88' lang='lat' dir='ltr'><strong>et</strong></span> <span class='ocrx_word' id='word_1_462' title='bbox 1528 771 1665 804; x_wconf 82' lang='lat' dir='ltr'><strong>quomodo</strong></span> 
     </span>
    </p>
   </div>
   <div class='ocr_carea' id='block_1_61' title="bbox 875 811 1666 850">
    <p class='ocr_par' dir='ltr' id='par_1_61' title="bbox 875 811 1666 850">
     <span class='ocr_line' id='line_1_61' title="bbox 875 811 1666 850; baseline 0.005 -13"><span class='ocrx_word' id='word_1_463' title='bbox 875 811 998 838; x_wconf 87' lang='lat' dir='ltr'><strong>videmus</strong></span> <span class='ocrx_word' id='word_1_464' title='bbox 1022 811 1109 838; x_wconf 89' lang='lat' dir='ltr'><strong>adhuc</strong></span> <span class='ocrx_word' id='word_1_465' title='bbox 1125 816 1152 838; x_wconf 86' lang='lat' dir='ltr'><strong>et</strong></span> <span class='ocrx_word' id='word_1_466' title='bbox 1167 812 1314 845; x_wconf 87' lang='lat' dir='ltr'><strong>diabolum,</strong></span> <span class='ocrx_word' id='word_1_467' title='bbox 1332 818 1359 840; x_wconf 84' lang='lat' dir='ltr'><strong>et.</strong></span> <span class='ocrx_word' id='word_1_468' title='bbox 1379 815 1532 842; x_wconf 85' lang='lat' dir='ltr'><strong>contrarias</strong></span> <span class='ocrx_word' id='word_1_469' title='bbox 1547 821 1666 850; x_wconf 81' lang='lat' dir='ltr'><strong>potesta-</strong></span> 
     </span>
    </p>
   </div>
   <div class='ocr_carea' id='block_1_62' title="bbox 841 853 1663 892">
    <p class='ocr_par' dir='ltr' id='par_1_62' title="bbox 841 853 1663 892">
     <span class='ocr_line' id='line_1_62' title="bbox 841 853 1663 892; baseline 0.011 -12"><span class='ocrx_word' id='word_1_470' title='bbox 841 853 860 880; x_wconf 88' lang='lat' dir='ltr'><strong>B</strong></span> <span class='ocrx_word' id='word_1_471' title='bbox 877 861 917 883; x_wconf 87' lang='lat' dir='ltr'><strong>tes</strong></span> <span class='ocrx_word' id='word_1_472' title='bbox 930 857 1066 884; x_wconf 89' lang='lat' dir='ltr'><strong>intantum</strong></span> <span class='ocrx_word' id='word_1_473' title='bbox 1081 857 1173 884; x_wconf 86' lang='lat' dir='ltr'><strong>valere</strong></span> <span class='ocrx_word' id='word_1_474' title='bbox 1192 858 1335 886; x_wconf 89' lang='lat' dir='ltr'><strong>adversum</strong></span> <span class='ocrx_word' id='word_1_475' title='bbox 1351 867 1447 888; x_wconf 89' lang='lat' dir='ltr'><strong>servos</strong></span> <span class='ocrx_word' id='word_1_476' title='bbox 1461 861 1517 892; x_wconf 85' lang='lat' dir='ltr'><strong>Dei.</strong></span> <span class='ocrx_word' id='word_1_477' title='bbox 1534 866 1561 888; x_wconf 92' lang='lat' dir='ltr'><strong>ut</strong></span> <span class='ocrx_word' id='word_1_478' title='bbox 1579 863 1663 889; x_wconf 89' lang='lat' dir='ltr'><strong>etiam</strong></span> 
     </span>
    </p>
   </div>
   <div class='ocr_carea' id='block_1_63' title="bbox 876 902 1664 940">
    <p class='ocr_par' dir='ltr' id='par_1_63' title="bbox 876 902 1664 940">
     <span class='ocr_line' id='line_1_63' title="bbox 876 902 1664 940; baseline 0.008 -13"><span class='ocrx_word' id='word_1_479' title='bbox 876 902 1016 936; x_wconf 89' lang='lat' dir='ltr'><strong>apostolus</strong></span> <span class='ocrx_word' id='word_1_480' title='bbox 1032 902 1128 930; x_wconf 87' lang='lat' dir='ltr'><strong>Petrus</strong></span> <span class='ocrx_word' id='word_1_481' title='bbox 1146 911 1207 930; x_wconf 88' lang='lat' dir='ltr'><strong>cum</strong></span> <span class='ocrx_word' id='word_1_482' title='bbox 1235 904 1336 939; x_wconf 77' lang='lat' dir='ltr'><strong>ingenti</strong></span> <span class='ocrx_word' id='word_1_483' title='bbox 1363 906 1469 933; x_wconf 78' lang='lat' dir='ltr'><strong>cautela</strong></span> <span class='ocrx_word' id='word_1_484' title='bbox 1486 914 1664 940; x_wconf 71' lang='lat' dir='ltr'><strong>prmmoueat,</strong></span> 
     </span>
    </p>
   </div>
   <div class='ocr_carea' id='block_1_64' title="bbox 875 949 1664 986">
    <p class='ocr_par' dir='ltr' id='par_1_64' title="bbox 875 949 1664 986">
     <span class='ocr_line' id='line_1_64' title="bbox 875 949 1664 986; baseline 0.008 -12"><span class='ocrx_word' id='word_1_485' title='bbox 875 954 903 975; x_wconf 89' lang='lat' dir='ltr'><strong>et</strong></span> <span class='ocrx_word' id='word_1_486' title='bbox 927 949 1000 975; x_wconf 87' lang='lat' dir='ltr'><strong>dicat</strong></span> <span class='ocrx_word' id='word_1_487' title='bbox 1026 949 1228 976; x_wconf 88' lang='lat' dir='ltr'><strong>observandum</strong></span> <span class='ocrx_word' id='word_1_488' title='bbox 1257 951 1359 984; x_wconf 75' lang='lat' dir='ltr'><strong>esse&quot;,</strong></span> <span class='ocrx_word' id='word_1_489' title='bbox 1384 952 1446 986; x_wconf 90' lang='lat' dir='ltr'><strong>quia</strong></span> <span class='ocrx_word' id='word_1_490' title='bbox 1466 961 1475 977; x_wconf 77' lang='grc' dir='ltr'><strong>ι</strong></span> <span class='ocrx_word' id='word_1_491' title='bbox 1491 953 1664 980; x_wconf 79' lang='lat' dir='ltr'><strong>adversarius</strong></span> 
     </span>
    </p>
   </div>
   <div class='ocr_carea' id='block_1_65' title="bbox 877 994 1666 1032">
    <p class='ocr_par' dir='ltr' id='par_1_65' title="bbox 877 994 1666 1032">
     <span class='ocr_line' id='line_1_65' title="bbox 877 994 1666 1032; baseline 0.005 -12"><span class='ocrx_word' id='word_1_492' title='bbox 877 999 971 1021; x_wconf 88' lang='lat' dir='ltr'><strong>noster</strong></span> <span class='ocrx_word' id='word_1_493' title='bbox 994 994 1132 1026; x_wconf 83' lang='lat' dir='ltr'><strong>diabolus,</strong></span> <span class='ocrx_word' id='word_1_494' title='bbox 1144 995 1214 1022; x_wconf 91' lang='lat' dir='ltr'><strong>sicut</strong></span> <span class='ocrx_word' id='word_1_495' title='bbox 1230 995 1272 1023; x_wconf 92' lang='lat' dir='ltr'><strong>leo</strong></span> <span class='ocrx_word' id='word_1_496' title='bbox 1297 997 1407 1032; x_wconf 84' lang='lat' dir='ltr'><strong>rugiens</strong></span> <span class='ocrx_word' id='word_1_497' title='bbox 1420 997 1528 1031; x_wconf 86' lang='lat' dir='ltr'><strong>circuit,</strong></span> <span class='ocrx_word' id='word_1_498' title='bbox 1541 1006 1666 1032; x_wconf 68' lang='lat' dir='ltr'><strong>quiereus</strong></span> 
     </span>
    </p>
   </div>
   <div class='ocr_carea' id='block_1_66' title="bbox 876 1040 1665 1077">
    <p class='ocr_par' dir='ltr' id='par_1_66' title="bbox 876 1040 1665 1077">
     <span class='ocr_line' id='line_1_66' title="bbox 876 1040 1665 1077; baseline 0.006 -11"><span class='ocrx_word' id='word_1_499' title='bbox 876 1048 956 1075; x_wconf 90' lang='lat' dir='ltr'><strong>quem</strong></span> <span class='ocrx_word' id='word_1_500' title='bbox 978 1045 1144 1067; x_wconf 87' lang='lat' dir='ltr'><strong>transvoret.</strong></span> <span class='ocrx_word' id='word_1_501' title='bbox 1158 1050 1167 1066; x_wconf 78' lang='grc' dir='ltr'><strong>ι</strong></span> <span class='ocrx_word' id='word_1_502' title='bbox 1181 1040 1328 1068; x_wconf 82' lang='lat' dir='ltr'><strong>Videamus</strong></span> <span class='ocrx_word' id='word_1_503' title='bbox 1342 1049 1407 1077; x_wconf 83' lang='lat' dir='ltr'><strong>ergo</strong></span> <span class='ocrx_word' id='word_1_504' title='bbox 1424 1044 1446 1069; x_wconf 90' lang='lat' dir='ltr'><strong>si</strong></span> <span class='ocrx_word' id='word_1_505' title='bbox 1459 1048 1486 1070; x_wconf 89' lang='lat' dir='ltr'><strong>et</strong></span> <span class='ocrx_word' id='word_1_506' title='bbox 1509 1044 1534 1070; x_wconf 92' lang='lat' dir='ltr'><strong>in</strong></span> <span class='ocrx_word' id='word_1_507' title='bbox 1555 1045 1608 1071; x_wconf 83' lang='lat' dir='ltr'><strong>hoc</strong></span> <span class='ocrx_word' id='word_1_508' title='bbox 1624 1045 1665 1071; x_wconf 88' lang='lat' dir='ltr'><strong>di-</strong></span> 
     </span>
    </p>
   </div>
   <div class='ocr_carea' id='block_1_67' title="bbox 876 1085 1665 1123">
    <p class='ocr_par' dir='ltr' id='par_1_67' title="bbox 876 1085 1665 1123">
     <span class='ocr_line' id='line_1_67' title="bbox 876 1085 1665 1123; baseline 0.004 -10"><span class='ocrx_word' id='word_1_509' title='bbox 876 1094 957 1121; x_wconf 85' lang='lat' dir='ltr'><strong>gnum</strong></span> <span class='ocrx_word' id='word_1_510' title='bbox 976 1086 1079 1121; x_wconf 86' lang='lat' dir='ltr'><strong>aliquid</strong></span> <span class='ocrx_word' id='word_1_511' title='bbox 1097 1086 1186 1113; x_wconf 90' lang='lat' dir='ltr'><strong>sancti</strong></span> <span class='ocrx_word' id='word_1_512' title='bbox 1213 1085 1332 1121; x_wconf 86' lang='lat' dir='ltr'><strong>Spiritus</strong></span> <span class='ocrx_word' id='word_1_513' title='bbox 1343 1087 1458 1122; x_wconf 89' lang='lat' dir='ltr'><strong>eloquiis</strong></span> <span class='ocrx_word' id='word_1_514' title='bbox 1474 1090 1609 1123; x_wconf 89' lang='lat' dir='ltr'><strong>possimus</strong></span> <span class='ocrx_word' id='word_1_515' title='bbox 1625 1091 1665 1116; x_wconf 91' lang='lat' dir='ltr'><strong>iu-</strong></span> 
     </span>
    </p>
   </div>
   <div class='ocr_carea' id='block_1_68' title="bbox 876 1131 1664 1168">
    <p class='ocr_par' dir='ltr' id='par_1_68' title="bbox 876 1131 1664 1168">
     <span class='ocr_line' id='line_1_68' title="bbox 876 1131 1664 1168; baseline 0.004 -9"><span class='ocrx_word' id='word_1_516' title='bbox 876 1132 981 1159; x_wconf 88' lang='lat' dir='ltr'><strong>veuire.</strong></span> <span class='ocrx_word' id='word_1_517' title='bbox 997 1131 1138 1158; x_wconf 81' lang='lat' dir='ltr'><strong>Adventus</strong></span> <span class='ocrx_word' id='word_1_518' title='bbox 1155 1131 1256 1158; x_wconf 89' lang='lat' dir='ltr'><strong>Christi</strong></span> <span class='ocrx_word' id='word_1_519' title='bbox 1289 1140 1358 1159; x_wconf 81' lang='lat' dir='ltr'><strong>unus</strong></span> <span class='ocrx_word' id='word_1_520' title='bbox 1378 1133 1486 1168; x_wconf 87' lang='lat' dir='ltr'><strong>quidem</strong></span> <span class='ocrx_word' id='word_1_521' title='bbox 1507 1134 1532 1161; x_wconf 90' lang='lat' dir='ltr'><strong>in</strong></span> <span class='ocrx_word' id='word_1_522' title='bbox 1554 1135 1664 1162; x_wconf 86' lang='lat' dir='ltr'><strong>humili-</strong></span> 
     </span>
    </p>
   </div>
   <div class='ocr_carea' id='block_1_69' title="bbox 878 1177 1659 1215">
    <p class='ocr_par' dir='ltr' id='par_1_69' title="bbox 878 1177 1659 1215">
     <span class='ocr_line' id='line_1_69' title="bbox 878 1177 1659 1215; baseline 0.005 -11"><span class='ocrx_word' id='word_1_523' title='bbox 878 1182 932 1204; x_wconf 87' lang='lat' dir='ltr'><strong>tate</strong></span> <span class='ocrx_word' id='word_1_524' title='bbox 954 1177 1106 1210; x_wconf 89' lang='lat' dir='ltr'><strong>completus</strong></span> <span class='ocrx_word' id='word_1_525' title='bbox 1128 1181 1180 1209; x_wconf 89' lang='lat' dir='ltr'><strong>est,</strong></span> <span class='ocrx_word' id='word_1_526' title='bbox 1194 1177 1264 1204; x_wconf 86' lang='lat' dir='ltr'><strong>alius</strong></span> <span class='ocrx_word' id='word_1_527' title='bbox 1286 1185 1351 1205; x_wconf 88' lang='lat' dir='ltr'><strong>vero</strong></span> <span class='ocrx_word' id='word_1_528' title='bbox 1368 1184 1496 1214; x_wconf 88' lang='lat' dir='ltr'><strong>speratur</strong></span> <span class='ocrx_word' id='word_1_529' title='bbox 1509 1181 1536 1207; x_wconf 91' lang='lat' dir='ltr'><strong>in</strong></span> <span class='ocrx_word' id='word_1_530' title='bbox 1549 1181 1633 1215; x_wconf 84' lang='lat' dir='ltr'><strong>gloria</strong></span> <span class='ocrx_word' id='word_1_531' title='bbox 1652 1190 1659 1207; x_wconf 97' lang='lat'><strong><em>:</em></strong></span> 
     </span>
    </p>
   </div>
   <div class='ocr_carea' id='block_1_70' title="bbox 876 1223 1665 1261">
    <p class='ocr_par' dir='ltr' id='par_1_70' title="bbox 876 1223 1665 1261">
     <span class='ocr_line' id='line_1_70' title="bbox 876 1223 1665 1261; baseline 0.004 -10"><span class='ocrx_word' id='word_1_532' title='bbox 876 1228 904 1251; x_wconf 82' lang='lat' dir='ltr'><strong>et</strong></span> <span class='ocrx_word' id='word_1_533' title='bbox 926 1223 970 1250; x_wconf 92' lang='lat' dir='ltr'><strong>hic</strong></span> <span class='ocrx_word' id='word_1_534' title='bbox 988 1223 1094 1258; x_wconf 87' lang='lat' dir='ltr'><strong>primus</strong></span> <span class='ocrx_word' id='word_1_535' title='bbox 1119 1223 1252 1250; x_wconf 91' lang='lat' dir='ltr'><strong>adventus</strong></span> <span class='ocrx_word' id='word_1_536' title='bbox 1269 1224 1295 1250; x_wconf 90' lang='lat' dir='ltr'><strong>in</strong></span> <span class='ocrx_word' id='word_1_537' title='bbox 1311 1231 1392 1252; x_wconf 87' lang='lat' dir='ltr'><strong>carne</strong></span> <span class='ocrx_word' id='word_1_538' title='bbox 1411 1226 1526 1260; x_wconf 85' lang='lat' dir='ltr'><strong>mystico</strong></span> <span class='ocrx_word' id='word_1_539' title='bbox 1545 1227 1665 1261; x_wconf 86' lang='lat' dir='ltr'><strong>quodam</strong></span> 
     </span>
    </p>
   </div>
   <div class='ocr_carea' id='block_1_71' title="bbox 877 1268 1665 1307">
    <p class='ocr_par' dir='ltr' id='par_1_71' title="bbox 877 1268 1665 1307">
     <span class='ocr_line' id='line_1_71' title="bbox 877 1268 1665 1307; baseline 0.001 -10"><span class='ocrx_word' id='word_1_540' title='bbox 877 1276 1001 1297; x_wconf 88' lang='lat' dir='ltr'><strong>sermone</strong></span> <span class='ocrx_word' id='word_1_541' title='bbox 1017 1269 1043 1296; x_wconf 93' lang='lat' dir='ltr'><strong>in</strong></span> <span class='ocrx_word' id='word_1_542' title='bbox 1061 1268 1214 1304; x_wconf 88' lang='lat' dir='ltr'><strong>Scripturis</strong></span> <span class='ocrx_word' id='word_1_543' title='bbox 1226 1271 1331 1297; x_wconf 83' lang='lat' dir='ltr'><strong>sanctis</strong></span> <span class='ocrx_word' id='word_1_544' title='bbox 1347 1271 1441 1297; x_wconf 89' lang='lat' dir='ltr'><strong>umbra</strong></span> <span class='ocrx_word' id='word_1_545' title='bbox 1464 1271 1522 1304; x_wconf 88' lang='lat' dir='ltr'><strong>ejus</strong></span> <span class='ocrx_word' id='word_1_546' title='bbox 1545 1273 1665 1307; x_wconf 86' lang='lat' dir='ltr'><strong>appella-</strong></span> 
     </span>
    </p>
   </div>
   <div class='ocr_carea' id='block_1_72' title="bbox 879 1315 1663 1351">
    <p class='ocr_par' dir='ltr' id='par_1_72' title="bbox 879 1315 1663 1351">
     <span class='ocr_line' id='line_1_72' title="bbox 879 1315 1663 1351; baseline 0.003 -8"><span class='ocrx_word' id='word_1_547' title='bbox 879 1321 931 1348; x_wconf 92' lang='lat' dir='ltr'><strong>tur,</strong></span> <span class='ocrx_word' id='word_1_548' title='bbox 947 1317 1018 1343; x_wconf 85' lang='lat' dir='ltr'><strong>sicut</strong></span> <span class='ocrx_word' id='word_1_549' title='bbox 1031 1321 1058 1344; x_wconf 92' lang='lat' dir='ltr'><strong>ct</strong></span> <span class='ocrx_word' id='word_1_550' title='bbox 1070 1315 1202 1344; x_wconf 80' lang='lat' dir='ltr'><strong>Jeretnias</strong></span> <span class='ocrx_word' id='word_1_551' title='bbox 1215 1317 1348 1351; x_wconf 83' lang='lat' dir='ltr'><strong>propheta</strong></span> <span class='ocrx_word' id='word_1_552' title='bbox 1363 1316 1516 1350; x_wconf 83' lang='lat' dir='ltr'><strong>denuntiat,</strong></span> <span class='ocrx_word' id='word_1_553' title='bbox 1530 1318 1663 1346; x_wconf 79' lang='lat' dir='ltr'><strong>dicens&quot;:</strong></span> 
     </span>
    </p>
   </div>
   <div class='ocr_carea' id='block_1_73' title="bbox 880 1362 1667 1397">
    <p class='ocr_par' dir='ltr' id='par_1_73' title="bbox 880 1362 1667 1397">
     <span class='ocr_line' id='line_1_73' title="bbox 880 1362 1667 1397; baseline 0.005 -9"><span class='ocrx_word' id='word_1_554' title='bbox 880 1371 890 1387; x_wconf 86' lang='grc'><strong><em>‹</em></strong></span> <span class='ocrx_word' id='word_1_555' title='bbox 904 1362 1024 1397; x_wconf 86' lang='lat' dir='ltr'><strong>Spiritus</strong></span> <span class='ocrx_word' id='word_1_556' title='bbox 1040 1362 1130 1389; x_wconf 86' lang='lat' dir='ltr'><strong>vultus</strong></span> <span class='ocrx_word' id='word_1_557' title='bbox 1145 1363 1230 1389; x_wconf 80' lang='lat' dir='ltr'><strong>uestri</strong></span> <span class='ocrx_word' id='word_1_558' title='bbox 1248 1362 1374 1389; x_wconf 84' lang='lat' dir='ltr'><strong>Christus</strong></span> <span class='ocrx_word' id='word_1_559' title='bbox 1402 1363 1544 1396; x_wconf 89' lang='lat' dir='ltr'><strong>Dominus,</strong></span> <span class='ocrx_word' id='word_1_560' title='bbox 1559 1365 1599 1391; x_wconf 88' lang='lat' dir='ltr'><strong>cui</strong></span> <span class='ocrx_word' id='word_1_561' title='bbox 1618 1373 1667 1392; x_wconf 84' lang='lat' dir='ltr'><strong>nos</strong></span> 
     </span>
    </p>
   </div>
   <div class='ocr_carea' id='block_1_74' title="bbox 878 1408 1666 1444">
    <p class='ocr_par' dir='ltr' id='par_1_74' title="bbox 878 1408 1666 1444">
     <span class='ocr_line' id='line_1_74' title="bbox 878 1408 1666 1444; baseline 0.003 -9"><span class='ocrx_word' id='word_1_562' title='bbox 878 1408 998 1436; x_wconf 84' lang='lat' dir='ltr'><strong>diximus</strong></span> <span class='ocrx_word' id='word_1_563' title='bbox 1012 1418 1019 1435; x_wconf 72' lang='grc' dir='ltr'>ε</span> <span class='ocrx_word' id='word_1_564' title='bbox 1033 1409 1060 1435; x_wconf 94' lang='lat' dir='ltr'><strong>lu</strong></span> <span class='ocrx_word' id='word_1_565' title='bbox 1074 1409 1168 1435; x_wconf 87' lang='lat' dir='ltr'><strong>tnubra</strong></span> <span class='ocrx_word' id='word_1_566' title='bbox 1187 1409 1246 1443; x_wconf 83' lang='lat' dir='ltr'><strong>ejus</strong></span> <span class='ocrx_word' id='word_1_567' title='bbox 1260 1409 1378 1435; x_wconf 86' lang='lat' dir='ltr'><strong>vivimus</strong></span> <span class='ocrx_word' id='word_1_568' title='bbox 1396 1409 1421 1435; x_wconf 90' lang='lat' dir='ltr'><strong>in</strong></span> <span class='ocrx_word' id='word_1_569' title='bbox 1437 1410 1573 1444; x_wconf 82' lang='lat' dir='ltr'><strong>gentibus.</strong></span> <span class='ocrx_word' id='word_1_570' title='bbox 1586 1419 1595 1435; x_wconf 74' lang='grc' dir='ltr'><strong>ι</strong></span> <span class='ocrx_word' id='word_1_571' title='bbox 1613 1410 1666 1437; x_wconf 89' lang='lat' dir='ltr'><strong>Sed</strong></span> 
     </span>
    </p>
   </div>
   <div class='ocr_carea' id='block_1_75' title="bbox 878 1454 1667 1490">
    <p class='ocr_par' dir='ltr' id='par_1_75' title="bbox 878 1454 1667 1490">
     <span class='ocr_line' id='line_1_75' title="bbox 878 1454 1667 1490; baseline 0.001 -9"><span class='ocrx_word' id='word_1_572' title='bbox 878 1459 904 1481; x_wconf 88' lang='lat' dir='ltr'><strong>et</strong></span> <span class='ocrx_word' id='word_1_573' title='bbox 919 1454 1028 1482; x_wconf 81' lang='lat' dir='ltr'><strong>Gabriel</strong></span> <span class='ocrx_word' id='word_1_574' title='bbox 1045 1462 1105 1481; x_wconf 84' lang='lat' dir='ltr'><strong>cum</strong></span> <span class='ocrx_word' id='word_1_575' title='bbox 1123 1455 1325 1490; x_wconf 83' lang='lat' dir='ltr'><strong>evangelizarct</strong></span> <span class='ocrx_word' id='word_1_576' title='bbox 1352 1454 1442 1480; x_wconf 67' lang='lat' dir='ltr'><strong>Maria:</strong></span> <span class='ocrx_word' id='word_1_577' title='bbox 1457 1455 1526 1490; x_wconf 80' lang='lat'><strong>(36),</strong></span> <span class='ocrx_word' id='word_1_578' title='bbox 1546 1455 1579 1482; x_wconf 81' lang='lat' dir='ltr'><strong>tle</strong></span> <span class='ocrx_word' id='word_1_579' title='bbox 1594 1457 1667 1482; x_wconf 85' lang='lat' dir='ltr'><strong>nati—</strong></span> 
     </span>
    </p>
   </div>
   <div class='ocr_carea' id='block_1_76' title="bbox 878 1499 1667 1534">
    <p class='ocr_par' dir='ltr' id='par_1_76' title="bbox 878 1499 1667 1534">
     <span class='ocr_line' id='line_1_76' title="bbox 878 1499 1667 1534; baseline 0.004 -8"><span class='ocrx_word' id='word_1_580' title='bbox 878 1501 963 1527; x_wconf 85' lang='lat' dir='ltr'><strong>vitate</strong></span> <span class='ocrx_word' id='word_1_581' title='bbox 977 1499 1037 1534; x_wconf 80' lang='lat' dir='ltr'><strong>ejus</strong></span> <span class='ocrx_word' id='word_1_582' title='bbox 1052 1501 1117 1528; x_wconf 91' lang='lat' dir='ltr'><strong>dicit</strong></span> <span class='ocrx_word' id='word_1_583' title='bbox 1130 1501 1151 1516; x_wconf 72' lang='grc'><strong>⁵⁸</strong></span> <span class='ocrx_word' id='word_1_584' title='bbox 1167 1509 1174 1528; x_wconf 93' lang='lat'><strong>:</strong></span> <span class='ocrx_word' id='word_1_585' title='bbox 1193 1510 1202 1526; x_wconf 75' lang='grc' dir='ltr'><strong>ι</strong></span> <span class='ocrx_word' id='word_1_586' title='bbox 1222 1501 1317 1528; x_wconf 84' lang='lat' dir='ltr'><strong>Virtus</strong></span> <span class='ocrx_word' id='word_1_587' title='bbox 1332 1500 1465 1527; x_wconf 84' lang='lat' dir='ltr'><strong>Altissimi</strong></span> <span class='ocrx_word' id='word_1_588' title='bbox 1492 1501 1667 1529; x_wconf 90' lang='lat' dir='ltr'><strong>obumbrahit</strong></span> 
     </span>
    </p>
   </div>
   <div class='ocr_carea' id='block_1_77' title="bbox 880 1545 1667 1582">
    <p class='ocr_par' dir='ltr' id='par_1_77' title="bbox 880 1545 1667 1582">
     <span class='ocr_line' id='line_1_77' title="bbox 880 1545 1667 1582; baseline 0.001 -10"><span class='ocrx_word' id='word_1_589' title='bbox 880 1545 939 1573; x_wconf 88' lang='lat' dir='ltr'><strong>tibi.</strong></span> <span class='ocrx_word' id='word_1_590' title='bbox 951 1554 960 1571; x_wconf 71' lang='grc' dir='ltr'><strong>ι</strong></span> <span class='ocrx_word' id='word_1_591' title='bbox 979 1545 1095 1580; x_wconf 90' lang='lat' dir='ltr'><strong>Propter</strong></span> <span class='ocrx_word' id='word_1_592' title='bbox 1106 1547 1177 1581; x_wconf 87' lang='lat' dir='ltr'><strong>quod</strong></span> <span class='ocrx_word' id='word_1_593' title='bbox 1192 1545 1380 1581; x_wconf 81' lang='lat' dir='ltr'><strong>intelligimus,</strong></span> <span class='ocrx_word' id='word_1_594' title='bbox 1398 1547 1595 1580; x_wconf 89' lang='lat' dir='ltr'><strong>quamplurima</strong></span> <span class='ocrx_word' id='word_1_595' title='bbox 1609 1549 1667 1582; x_wconf 78' lang='lat' dir='ltr'><strong>pri-</strong></span> 
     </span>
    </p>
   </div>
   <div class='ocr_carea' id='block_1_78' title="bbox 879 1592 1667 1628">
    <p class='ocr_par' dir='ltr' id='par_1_78' title="bbox 879 1592 1667 1628">
     <span class='ocr_line' id='line_1_78' title="bbox 879 1592 1667 1628; baseline 0.003 -10"><span class='ocrx_word' id='word_1_596' title='bbox 879 1599 923 1618; x_wconf 91' lang='lat' dir='ltr'><strong>mo</strong></span> <span class='ocrx_word' id='word_1_597' title='bbox 939 1594 991 1619; x_wconf 90' lang='lat' dir='ltr'><strong>hoc</strong></span> <span class='ocrx_word' id='word_1_598' title='bbox 1009 1593 1126 1619; x_wconf 90' lang='lat' dir='ltr'><strong>adventu</strong></span> <span class='ocrx_word' id='word_1_599' title='bbox 1141 1593 1200 1627; x_wconf 72' lang='lat' dir='ltr'><strong>eius</strong></span> <span class='ocrx_word' id='word_1_600' title='bbox 1216 1592 1387 1624; x_wconf 87' lang='lat' dir='ltr'><strong>adumbrari,</strong></span> <span class='ocrx_word' id='word_1_601' title='bbox 1402 1601 1518 1628; x_wconf 91' lang='lat' dir='ltr'><strong>quorum</strong></span> <span class='ocrx_word' id='word_1_602' title='bbox 1534 1594 1667 1628; x_wconf 86' lang='lat' dir='ltr'><strong>adimple-</strong></span> 
     </span>
    </p>
   </div>
   <div class='ocr_carea' id='block_1_79' title="bbox 880 1637 1668 1675">
    <p class='ocr_par' dir='ltr' id='par_1_79' title="bbox 880 1637 1668 1675">
     <span class='ocr_line' id='line_1_79' title="bbox 880 1637 1668 1675; baseline 0.004 -12"><span class='ocrx_word' id='word_1_603' title='bbox 880 1638 917 1664; x_wconf 87' lang='lat' dir='ltr'><strong>tio</strong></span> <span class='ocrx_word' id='word_1_604' title='bbox 930 1641 1011 1671; x_wconf 87' lang='lat' dir='ltr'><strong>atque</strong></span> <span class='ocrx_word' id='word_1_605' title='bbox 1032 1637 1164 1672; x_wconf 90' lang='lat' dir='ltr'><strong>perfectio</strong></span> <span class='ocrx_word' id='word_1_606' title='bbox 1196 1638 1222 1665; x_wconf 90' lang='lat' dir='ltr'><strong>in</strong></span> <span class='ocrx_word' id='word_1_607' title='bbox 1252 1638 1373 1665; x_wconf 80' lang='lat' dir='ltr'><strong>secundo</strong></span> <span class='ocrx_word' id='word_1_608' title='bbox 1394 1643 1599 1666; x_wconf 89' lang='lat' dir='ltr'><strong>consummetur</strong></span> <span class='ocrx_word' id='word_1_609' title='bbox 1612 1639 1668 1675; x_wconf 75' lang='grc'>(57)</span> 
     </span>
    </p>
   </div>
   <div class='ocr_carea' id='block_1_80' title="bbox 879 1683 1668 1719">
    <p class='ocr_par' dir='ltr' id='par_1_80' title="bbox 879 1683 1668 1719">
     <span class='ocr_line' id='line_1_80' title="bbox 879 1683 1668 1719; baseline 0.004 -10"><span class='ocrx_word' id='word_1_610' title='bbox 879 1683 1012 1711; x_wconf 79' lang='lat' dir='ltr'><strong>adventu.</strong></span> <span class='ocrx_word' id='word_1_611' title='bbox 1028 1683 1062 1710; x_wconf 88' lang='lat' dir='ltr'><strong>Et</strong></span> <span class='ocrx_word' id='word_1_612' title='bbox 1081 1683 1220 1718; x_wconf 83' lang='lat' dir='ltr'><strong>apostolus</strong></span> <span class='ocrx_word' id='word_1_613' title='bbox 1241 1683 1341 1710; x_wconf 84' lang='lat' dir='ltr'><strong>Paulus</strong></span> <span class='ocrx_word' id='word_1_614' title='bbox 1356 1685 1422 1711; x_wconf 86' lang='lat' dir='ltr'><strong>dicit</strong></span> <span class='ocrx_word' id='word_1_615' title='bbox 1434 1685 1470 1717; x_wconf 89' lang='lat'><strong>&quot;°,</strong></span> <span class='ocrx_word' id='word_1_616' title='bbox 1484 1685 1546 1719; x_wconf 92' lang='lat' dir='ltr'><strong>quia</strong></span> <span class='ocrx_word' id='word_1_617' title='bbox 1566 1693 1576 1710; x_wconf 75' lang='grc' dir='ltr'><strong>ι</strong></span> <span class='ocrx_word' id='word_1_618' title='bbox 1589 1693 1668 1712; x_wconf 86' lang='lat' dir='ltr'><strong>resu-</strong></span> 
     </span>
    </p>
   </div>
   <div class='ocr_carea' id='block_1_81' title="bbox 879 1728 1668 1764">
    <p class='ocr_par' dir='ltr' id='par_1_81' title="bbox 879 1728 1668 1764">
     <span class='ocr_line' id='line_1_81' title="bbox 879 1728 1668 1764; baseline 0.003 -9"><span class='ocrx_word' id='word_1_619' title='bbox 879 1728 987 1755; x_wconf 88' lang='lat' dir='ltr'><strong>scitavit</strong></span> <span class='ocrx_word' id='word_1_620' title='bbox 1004 1736 1053 1756; x_wconf 91' lang='lat' dir='ltr'><strong>nos</strong></span> <span class='ocrx_word' id='word_1_621' title='bbox 1067 1736 1127 1756; x_wconf 90' lang='lat' dir='ltr'><strong>cum</strong></span> <span class='ocrx_word' id='word_1_622' title='bbox 1155 1736 1199 1761; x_wconf 91' lang='lat' dir='ltr'><strong>eo,</strong></span> <span class='ocrx_word' id='word_1_623' title='bbox 1226 1729 1361 1764; x_wconf 85' lang='lat' dir='ltr'><strong>simulque</strong></span> <span class='ocrx_word' id='word_1_624' title='bbox 1379 1730 1473 1757; x_wconf 89' lang='lat' dir='ltr'><strong>sedere</strong></span> <span class='ocrx_word' id='word_1_625' title='bbox 1490 1730 1555 1758; x_wconf 84' lang='lat' dir='ltr'><strong>fecit</strong></span> <span class='ocrx_word' id='word_1_626' title='bbox 1569 1731 1595 1757; x_wconf 93' lang='lat' dir='ltr'><strong>in</strong></span> <span class='ocrx_word' id='word_1_627' title='bbox 1610 1739 1668 1758; x_wconf 75' lang='lat' dir='ltr'><strong>cm-</strong></span> 
     </span>
    </p>
   </div>
   <div class='ocr_carea' id='block_1_82' title="bbox 879 1773 1667 1808">
    <p class='ocr_par' dir='ltr' id='par_1_82' title="bbox 879 1773 1667 1808">
     <span class='ocr_line' id='line_1_82' title="bbox 879 1773 1667 1808; baseline 0.005 -8"><span class='ocrx_word' id='word_1_628' title='bbox 879 1773 1004 1800; x_wconf 88' lang='lat' dir='ltr'><strong>lestibus.</strong></span> <span class='ocrx_word' id='word_1_629' title='bbox 1028 1782 1037 1798; x_wconf 81' lang='grc'><strong>›</strong></span> <span class='ocrx_word' id='word_1_630' title='bbox 1062 1773 1095 1800; x_wconf 86' lang='grc' dir='ltr'>Ει</span> <span class='ocrx_word' id='word_1_631' title='bbox 1116 1773 1210 1808; x_wconf 89' lang='lat' dir='ltr'><strong>utique</strong></span> <span class='ocrx_word' id='word_1_632' title='bbox 1232 1774 1351 1800; x_wconf 90' lang='lat' dir='ltr'><strong>nondum</strong></span> <span class='ocrx_word' id='word_1_633' title='bbox 1376 1774 1498 1801; x_wconf 83' lang='lat' dir='ltr'><strong>videmus</strong></span> <span class='ocrx_word' id='word_1_634' title='bbox 1514 1776 1667 1805; x_wconf 88' lang='lat' dir='ltr'><strong>credentes.</strong></span> 
     </span>
    </p>
   </div>
   <div class='ocr_carea' id='block_1_83' title="bbox 880 1819 1668 1854">
    <p class='ocr_par' dir='ltr' id='par_1_83' title="bbox 880 1819 1668 1854">
     <span class='ocr_line' id='line_1_83' title="bbox 880 1819 1668 1854; baseline 0.003 -8"><span class='ocrx_word' id='word_1_635' title='bbox 880 1823 926 1846; x_wconf 89' lang='lat' dir='ltr'><strong>aut</strong></span> <span class='ocrx_word' id='word_1_636' title='bbox 952 1819 1130 1846; x_wconf 86' lang='lat' dir='ltr'><strong>resuscitatos</strong></span> <span class='ocrx_word' id='word_1_637' title='bbox 1146 1828 1208 1848; x_wconf 88' lang='lat' dir='ltr'><strong>esse</strong></span> <span class='ocrx_word' id='word_1_638' title='bbox 1218 1820 1286 1854; x_wconf 91' lang='lat' dir='ltr'><strong>jam,</strong></span> <span class='ocrx_word' id='word_1_639' title='bbox 1299 1823 1345 1846; x_wconf 88' lang='lat' dir='ltr'><strong>aut</strong></span> <span class='ocrx_word' id='word_1_640' title='bbox 1358 1820 1384 1846; x_wconf 93' lang='lat' dir='ltr'><strong>in</strong></span> <span class='ocrx_word' id='word_1_641' title='bbox 1399 1819 1555 1847; x_wconf 75' lang='lat' dir='ltr'><strong>cmlestibus</strong></span> <span class='ocrx_word' id='word_1_642' title='bbox 1569 1829 1668 1849; x_wconf 86' lang='lat' dir='ltr'><strong>conse-</strong></span> 
     </span>
    </p>
   </div>
   <div class='ocr_carea' id='block_1_84' title="bbox 880 1865 1668 1900">
    <p class='ocr_par' dir='ltr' id='par_1_84' title="bbox 880 1865 1668 1900">
     <span class='ocr_line' id='line_1_84' title="bbox 880 1865 1668 1900; baseline 0.003 -9"><span class='ocrx_word' id='word_1_643' title='bbox 880 1865 972 1892; x_wconf 89' lang='lat' dir='ltr'><strong>disse:</strong></span> <span class='ocrx_word' id='word_1_644' title='bbox 989 1865 1036 1891; x_wconf 87' lang='lat' dir='ltr'><strong>sed</strong></span> <span class='ocrx_word' id='word_1_645' title='bbox 1052 1865 1214 1892; x_wconf 86' lang='lat' dir='ltr'><strong>adumbrata</strong></span> <span class='ocrx_word' id='word_1_646' title='bbox 1241 1870 1306 1892; x_wconf 84' lang='lat' dir='ltr'><strong>sunt</strong></span> <span class='ocrx_word' id='word_1_647' title='bbox 1327 1865 1435 1899; x_wconf 90' lang='lat' dir='ltr'><strong>quidem</strong></span> <span class='ocrx_word' id='word_1_648' title='bbox 1453 1866 1510 1892; x_wconf 77' lang='lat' dir='ltr'><strong>haec</strong></span> <span class='ocrx_word' id='word_1_649' title='bbox 1532 1873 1605 1893; x_wconf 90' lang='lat' dir='ltr'><strong>nunc</strong></span> <span class='ocrx_word' id='word_1_650' title='bbox 1622 1875 1668 1900; x_wconf 87' lang='lat' dir='ltr'><strong>per</strong></span> 
     </span>
    </p>
   </div>
   <div class='ocr_carea' id='block_1_85' title="bbox 881 1911 1700 1948">
    <p class='ocr_par' dir='ltr' id='par_1_85' title="bbox 881 1911 1700 1948">
     <span class='ocr_line' id='line_1_85' title="bbox 881 1911 1700 1948; baseline 0.002 -11"><span class='ocrx_word' id='word_1_651' title='bbox 881 1911 971 1943; x_wconf 89' lang='lat' dir='ltr'><strong>fidem,</strong></span> <span class='ocrx_word' id='word_1_652' title='bbox 991 1911 1053 1944; x_wconf 88' lang='lat' dir='ltr'><strong>quia</strong></span> <span class='ocrx_word' id='word_1_653' title='bbox 1079 1916 1168 1938; x_wconf 87' lang='lat' dir='ltr'><strong>mente</strong></span> <span class='ocrx_word' id='word_1_654' title='bbox 1197 1917 1225 1938; x_wconf 89' lang='lat' dir='ltr'><strong>et</strong></span> <span class='ocrx_word' id='word_1_655' title='bbox 1245 1918 1293 1945; x_wconf 87' lang='lat' dir='ltr'><strong>spe</strong></span> <span class='ocrx_word' id='word_1_656' title='bbox 1315 1918 1330 1938; x_wconf 77' lang='grc' dir='ltr'><strong>ιι</strong></span> <span class='ocrx_word' id='word_1_657' title='bbox 1356 1911 1474 1938; x_wconf 76' lang='lat' dir='ltr'><strong>terrenis</strong></span> <span class='ocrx_word' id='word_1_658' title='bbox 1501 1916 1529 1938; x_wconf 89' lang='lat' dir='ltr'><strong>et</strong></span> <span class='ocrx_word' id='word_1_659' title='bbox 1555 1915 1669 1940; x_wconf 89' lang='lat' dir='ltr'><strong>mortuis</strong></span> <span class='ocrx_word' id='word_1_660' title='bbox 1696 1944 1700 1948; x_wconf 92' lang='lat'><em>_</em></span> 
     </span>
    </p>
   </div>
   <div class='ocr_carea' id='block_1_86' title="bbox 881 1956 1668 1992">
    <p class='ocr_par' dir='ltr' id='par_1_86' title="bbox 881 1956 1668 1992">
     <span class='ocr_line' id='line_1_86' title="bbox 881 1956 1668 1992; baseline 0.003 -9"><span class='ocrx_word' id='word_1_661' title='bbox 881 1956 1010 1991; x_wconf 90' lang='lat' dir='ltr'><strong>operibus</strong></span> <span class='ocrx_word' id='word_1_662' title='bbox 1032 1956 1182 1989; x_wconf 90' lang='lat' dir='ltr'><strong>elevamur,</strong></span> <span class='ocrx_word' id='word_1_663' title='bbox 1199 1961 1226 1984; x_wconf 91' lang='lat' dir='ltr'><strong>et</strong></span> <span class='ocrx_word' id='word_1_664' title='bbox 1242 1957 1364 1991; x_wconf 87' lang='lat' dir='ltr'><strong>quotidie</strong></span> <span class='ocrx_word' id='word_1_665' title='bbox 1379 1963 1426 1983; x_wconf 88' lang='lat' dir='ltr'><strong>cor</strong></span> <span class='ocrx_word' id='word_1_666' title='bbox 1441 1962 1563 1984; x_wconf 87' lang='lat' dir='ltr'><strong>nostrum</strong></span> <span class='ocrx_word' id='word_1_667' title='bbox 1585 1958 1668 1992; x_wconf 68' lang='lat' dir='ltr'><strong>erigi-</strong></span> 
     </span>
    </p>
   </div>
   <div class='ocr_carea' id='block_1_87' title="bbox 881 2002 1669 2037">
    <p class='ocr_par' dir='ltr' id='par_1_87' title="bbox 881 2002 1669 2037">
     <span class='ocr_line' id='line_1_87' title="bbox 881 2002 1669 2037; baseline 0.003 -8"><span class='ocrx_word' id='word_1_668' title='bbox 881 2009 941 2029; x_wconf 90' lang='lat' dir='ltr'><strong>mus</strong></span> <span class='ocrx_word' id='word_1_669' title='bbox 957 2002 991 2030; x_wconf 88' lang='lat' dir='ltr'><strong>ad</strong></span> <span class='ocrx_word' id='word_1_670' title='bbox 1004 2002 1126 2030; x_wconf 59' lang='lat' dir='ltr'><strong>caelestia</strong></span> <span class='ocrx_word' id='word_1_671' title='bbox 1147 2007 1174 2030; x_wconf 88' lang='lat' dir='ltr'><strong>et</strong></span> <span class='ocrx_word' id='word_1_672' title='bbox 1197 2008 1318 2030; x_wconf 73' lang='lat' dir='ltr'><strong>acterna:</strong></span> <span class='ocrx_word' id='word_1_673' title='bbox 1335 2002 1492 2037; x_wconf 88' lang='lat' dir='ltr'><strong>implebitur</strong></span> <span class='ocrx_word' id='word_1_674' title='bbox 1509 2009 1598 2031; x_wconf 88' lang='lat' dir='ltr'><strong>autem</strong></span> <span class='ocrx_word' id='word_1_675' title='bbox 1618 2005 1669 2031; x_wconf 78' lang='lat' dir='ltr'><strong>hee</strong></span> 
     </span>
    </p>
   </div>
   <div class='ocr_carea' id='block_1_88' title="bbox 881 2049 1670 2084">
    <p class='ocr_par' dir='ltr' id='par_1_88' title="bbox 881 2049 1670 2084">
     <span class='ocr_line' id='line_1_88' title="bbox 881 2049 1670 2084; baseline 0.003 -8"><span class='ocrx_word' id='word_1_676' title='bbox 881 2049 907 2076; x_wconf 95' lang='lat' dir='ltr'><strong>iu</strong></span> <span class='ocrx_word' id='word_1_677' title='bbox 932 2050 1054 2077; x_wconf 90' lang='lat' dir='ltr'><strong>secundo</strong></span> <span class='ocrx_word' id='word_1_678' title='bbox 1076 2050 1134 2083; x_wconf 82' lang='lat' dir='ltr'><strong>ejus</strong></span> <span class='ocrx_word' id='word_1_679' title='bbox 1156 2051 1285 2081; x_wconf 85' lang='lat' dir='ltr'><strong>adventu,</strong></span> <span class='ocrx_word' id='word_1_680' title='bbox 1304 2055 1332 2076; x_wconf 90' lang='lat' dir='ltr'><strong>ut</strong></span> <span class='ocrx_word' id='word_1_681' title='bbox 1350 2057 1381 2077; x_wconf 89' lang='lat' dir='ltr'><strong>ea</strong></span> <span class='ocrx_word' id='word_1_682' title='bbox 1401 2057 1461 2084; x_wconf 67' lang='lat' dir='ltr'><strong>qum</strong></span> <span class='ocrx_word' id='word_1_683' title='bbox 1482 2058 1554 2078; x_wconf 83' lang='lat' dir='ltr'><strong>nime</strong></span> <span class='ocrx_word' id='word_1_684' title='bbox 1570 2050 1622 2078; x_wconf 89' lang='lat' dir='ltr'><strong>fide</strong></span> <span class='ocrx_word' id='word_1_685' title='bbox 1642 2058 1670 2078; x_wconf 91' lang='lat' dir='ltr'><strong>et</strong></span> 
     </span>
    </p>
   </div>
   <div class='ocr_carea' id='block_1_89' title="bbox 880 2095 1668 2130">
    <p class='ocr_par' dir='ltr' id='par_1_89' title="bbox 880 2095 1668 2130">
     <span class='ocr_line' id='line_1_89' title="bbox 880 2095 1668 2130; baseline 0.004 -9"><span class='ocrx_word' id='word_1_686' title='bbox 880 2101 928 2128; x_wconf 87' lang='lat' dir='ltr'><strong>spe</strong></span> <span class='ocrx_word' id='word_1_687' title='bbox 948 2095 1186 2130; x_wconf 66' lang='lat' dir='ltr'><strong>prwsumpsimus,</strong></span> <span class='ocrx_word' id='word_1_688' title='bbox 1207 2100 1270 2122; x_wconf 87' lang='lat' dir='ltr'><strong>tunc</strong></span> <span class='ocrx_word' id='word_1_689' title='bbox 1290 2097 1371 2122; x_wconf 83' lang='lat' dir='ltr'><strong>etiam</strong></span> <span class='ocrx_word' id='word_1_690' title='bbox 1388 2104 1477 2123; x_wconf 89' lang='lat' dir='ltr'><strong>rerum</strong></span> <span class='ocrx_word' id='word_1_691' title='bbox 1492 2096 1590 2123; x_wconf 70' lang='lat' dir='ltr'><strong>effectu</strong></span> <span class='ocrx_word' id='word_1_692' title='bbox 1606 2105 1668 2124; x_wconf 91' lang='lat' dir='ltr'><strong>cor-</strong></span> 
     </span>
    </p>
   </div>
   <div class='ocr_carea' id='block_1_90' title="bbox 881 2140 1670 2176">
    <p class='ocr_par' dir='ltr' id='par_1_90' title="bbox 881 2140 1670 2176">
     <span class='ocr_line' id='line_1_90' title="bbox 881 2140 1670 2176; baseline 0.003 -9"><span class='ocrx_word' id='word_1_693' title='bbox 881 2141 1012 2175; x_wconf 86' lang='lat' dir='ltr'><strong>poraliter</strong></span> <span class='ocrx_word' id='word_1_694' title='bbox 1034 2145 1184 2168; x_wconf 85' lang='lat' dir='ltr'><strong>teneamus.</strong></span> <span class='ocrx_word' id='word_1_695' title='bbox 1202 2140 1237 2167; x_wconf 86' lang='lat' dir='ltr'><strong>Ita</strong></span> <span class='ocrx_word' id='word_1_696' title='bbox 1252 2148 1316 2176; x_wconf 81' lang='lat' dir='ltr'><strong>ergo</strong></span> <span class='ocrx_word' id='word_1_697' title='bbox 1333 2146 1360 2169; x_wconf 89' lang='lat' dir='ltr'><strong>et</strong></span> <span class='ocrx_word' id='word_1_698' title='bbox 1386 2142 1419 2169; x_wconf 90' lang='lat' dir='ltr'><strong>de</strong></span> <span class='ocrx_word' id='word_1_699' title='bbox 1439 2142 1549 2169; x_wconf 85' lang='lat' dir='ltr'><strong>diabolo</strong></span> <span class='ocrx_word' id='word_1_700' title='bbox 1570 2143 1670 2170; x_wconf 88' lang='lat' dir='ltr'><strong>intelli-</strong></span> 
     </span>
    </p>
   </div>
   <div class='ocr_carea' id='block_1_91' title="bbox 45 2178 1668 2220">
    <p class='ocr_par' dir='ltr' id='par_1_91' title="bbox 45 2178 1668 2220">
     <span class='ocr_line' id='line_1_91' title="bbox 45 2178 1668 2220; baseline 0.006 -16"><span class='ocrx_word' id='word_1_701' title='bbox 45 2178 104 2206; x_wconf 85' lang='lat' dir='ltr'><strong>dicit</strong></span> <span class='ocrx_word' id='word_1_702' title='bbox 119 2182 259 2216; x_wconf 86' lang='lat' dir='ltr'><strong>apostolus</strong></span> <span class='ocrx_word' id='word_1_703' title='bbox 283 2183 381 2212; x_wconf 84' lang='lat' dir='ltr'><strong>Petrus</strong></span> <span class='ocrx_word' id='word_1_704' title='bbox 389 2184 423 2218; x_wconf 70' lang='grc'><strong>⁸⁵,</strong></span> <span class='ocrx_word' id='word_1_705' title='bbox 438 2185 511 2219; x_wconf 88' lang='lat' dir='ltr'><strong>quod</strong></span> <span class='ocrx_word' id='word_1_706' title='bbox 532 2185 658 2213; x_wconf 84' lang='lat' dir='ltr'><strong>Christus</strong></span> <span class='ocrx_word' id='word_1_707' title='bbox 680 2187 828 2215; x_wconf 86' lang='lat' dir='ltr'><strong>crucifixus</strong></span> <span class='ocrx_word' id='word_1_708' title='bbox 844 2191 865 2219; x_wconf 83' lang='grc' dir='ltr'>Ι)</span> <span class='ocrx_word' id='word_1_709' title='bbox 880 2186 995 2220; x_wconf 83' lang='lat' dir='ltr'><strong>gendum</strong></span> <span class='ocrx_word' id='word_1_710' title='bbox 1017 2190 1071 2218; x_wconf 91' lang='lat' dir='ltr'><strong>est,</strong></span> <span class='ocrx_word' id='word_1_711' title='bbox 1085 2185 1156 2220; x_wconf 90' lang='lat' dir='ltr'><strong>quod</strong></span> <span class='ocrx_word' id='word_1_712' title='bbox 1174 2185 1260 2212; x_wconf 88' lang='lat' dir='ltr'><strong>victus</strong></span> <span class='ocrx_word' id='word_1_713' title='bbox 1276 2187 1385 2220; x_wconf 80' lang='lat' dir='ltr'><strong>quidem</strong></span> <span class='ocrx_word' id='word_1_714' title='bbox 1411 2190 1437 2213; x_wconf 86' lang='lat' dir='ltr'><strong>et</strong></span> <span class='ocrx_word' id='word_1_715' title='bbox 1452 2187 1601 2214; x_wconf 82' lang='lat' dir='ltr'><strong>crucifixus</strong></span> <span class='ocrx_word' id='word_1_716' title='bbox 1617 2193 1668 2219; x_wconf 83' lang='lat' dir='ltr'><strong>est,</strong></span> 
     </span>
    </p>
   </div>
   <div class='ocr_carea' id='block_1_92' title="bbox 46 2225 829 2266">
    <p class='ocr_par' dir='ltr' id='par_1_92' title="bbox 46 2225 829 2266">
     <span class='ocr_line' id='line_1_92' title="bbox 46 2225 829 2266; baseline 0.011 -15"><span class='ocrx_word' id='word_1_717' title='bbox 46 2225 117 2254; x_wconf 84' lang='lat' dir='ltr'><strong>nobis</strong></span> <span class='ocrx_word' id='word_1_718' title='bbox 132 2229 242 2263; x_wconf 88' lang='lat' dir='ltr'><strong>reliquit</strong></span> <span class='ocrx_word' id='word_1_719' title='bbox 256 2230 408 2264; x_wconf 84' lang='lat' dir='ltr'><strong>exemplum</strong></span> <span class='ocrx_word' id='word_1_720' title='bbox 422 2239 428 2257; x_wconf 93' lang='lat'>:</span> <span class='ocrx_word' id='word_1_721' title='bbox 440 2235 468 2257; x_wconf 93' lang='lat' dir='ltr'><strong>et</strong></span> <span class='ocrx_word' id='word_1_722' title='bbox 485 2231 540 2258; x_wconf 67' lang='lat' dir='ltr'><strong>haec</strong></span> <span class='ocrx_word' id='word_1_723' title='bbox 552 2232 680 2264; x_wconf 87' lang='lat' dir='ltr'><strong>secunda,</strong></span> <span class='ocrx_word' id='word_1_724' title='bbox 694 2240 745 2266; x_wconf 92' lang='lat' dir='ltr'><strong>qua</strong></span> <span class='ocrx_word' id='word_1_725' title='bbox 762 2240 829 2260; x_wconf 86' lang='lat' dir='ltr'><strong>crux</strong></span> 
     </span>
    </p>
   </div>
   <div class='ocr_carea' id='block_1_93' title="bbox 47 2270 828 2313">
    <p class='ocr_par' dir='ltr' id='par_1_93' title="bbox 47 2270 828 2313">
     <span class='ocr_line' id='line_1_93' title="bbox 47 2270 828 2313; baseline 0.012 -16"><span class='ocrx_word' id='word_1_726' title='bbox 47 2270 86 2298; x_wconf 91' lang='lat' dir='ltr'><strong>illa</strong></span> <span class='ocrx_word' id='word_1_727' title='bbox 102 2278 230 2309; x_wconf 72' lang='lat' dir='ltr'><strong>tropreuiu</strong></span> <span class='ocrx_word' id='word_1_728' title='bbox 250 2276 283 2303; x_wconf 88' lang='lat' dir='ltr'><strong>de</strong></span> <span class='ocrx_word' id='word_1_729' title='bbox 309 2277 417 2304; x_wconf 88' lang='lat' dir='ltr'><strong>diabolo</strong></span> <span class='ocrx_word' id='word_1_730' title='bbox 433 2278 490 2312; x_wconf 76' lang='lat'><strong>(33)</strong></span> <span class='ocrx_word' id='word_1_731' title='bbox 509 2278 570 2311; x_wconf 87' lang='lat' dir='ltr'><strong>fuit,</strong></span> <span class='ocrx_word' id='word_1_732' title='bbox 593 2279 619 2305; x_wconf 91' lang='lat' dir='ltr'><strong>in</strong></span> <span class='ocrx_word' id='word_1_733' title='bbox 646 2286 699 2313; x_wconf 91' lang='lat' dir='ltr'><strong>quo</strong></span> <span class='ocrx_word' id='word_1_734' title='bbox 714 2284 741 2306; x_wconf 88' lang='lat' dir='ltr'><strong>et</strong></span> <span class='ocrx_word' id='word_1_735' title='bbox 765 2287 828 2306; x_wconf 86' lang='lat' dir='ltr'><strong>cru-</strong></span> 
     </span>
    </p>
   </div>
   <div class='ocr_carea' id='block_1_94' title="bbox 46 2317 825 2358">
    <p class='ocr_par' dir='ltr' id='par_1_94' title="bbox 46 2317 825 2358">
     <span class='ocr_line' id='line_1_94' title="bbox 46 2317 825 2358; baseline 0.01 -14"><span class='ocrx_word' id='word_1_736' title='bbox 46 2317 136 2346; x_wconf 78' lang='lat' dir='ltr'><strong>cilixus</strong></span> <span class='ocrx_word' id='word_1_737' title='bbox 150 2325 231 2348; x_wconf 89' lang='lat' dir='ltr'><strong>estet</strong></span> <span class='ocrx_word' id='word_1_738' title='bbox 245 2322 437 2357; x_wconf 90' lang='lat' dir='ltr'><strong>triumphatus.</strong></span> <span class='ocrx_word' id='word_1_739' title='bbox 451 2323 516 2350; x_wconf 83' lang='lat' dir='ltr'><strong>Ideo</strong></span> <span class='ocrx_word' id='word_1_740' title='bbox 531 2324 648 2358; x_wconf 88' lang='lat' dir='ltr'><strong>denique</strong></span> <span class='ocrx_word' id='word_1_741' title='bbox 670 2329 698 2351; x_wconf 91' lang='lat' dir='ltr'><strong>et</strong></span> <span class='ocrx_word' id='word_1_742' title='bbox 720 2329 825 2358; x_wconf 87' lang='lat' dir='ltr'><strong>aposto-</strong></span> 
     </span>
    </p>
   </div>
   <div class='ocr_carea' id='block_1_95' title="bbox 49 2362 826 2404">
    <p class='ocr_par' dir='ltr' id='par_1_95' title="bbox 49 2362 826 2404">
     <span class='ocr_line' id='line_1_95' title="bbox 49 2362 826 2404; baseline 0.01 -16"><span class='ocrx_word' id='word_1_743' title='bbox 49 2362 86 2390; x_wconf 90' lang='lat' dir='ltr'><strong>lus</strong></span> <span class='ocrx_word' id='word_1_744' title='bbox 99 2364 195 2394; x_wconf 87' lang='lat' dir='ltr'><strong>Paulus</strong></span> <span class='ocrx_word' id='word_1_745' title='bbox 216 2367 325 2395; x_wconf 86' lang='lat' dir='ltr'><strong>dicebat</strong></span> <span class='ocrx_word' id='word_1_746' title='bbox 336 2368 359 2384; x_wconf 67' lang='grc' dir='ltr'><strong>θδ</strong></span> <span class='ocrx_word' id='word_1_747' title='bbox 375 2377 382 2396; x_wconf 91' lang='lat'><strong><em>:</em></strong></span> <span class='ocrx_word' id='word_1_748' title='bbox 401 2378 410 2394; x_wconf 81' lang='grc' dir='ltr'><strong>ι</strong></span> <span class='ocrx_word' id='word_1_749' title='bbox 430 2369 494 2396; x_wconf 85' lang='lat' dir='ltr'><strong>Mihi</strong></span> <span class='ocrx_word' id='word_1_750' title='bbox 509 2374 598 2396; x_wconf 89' lang='lat' dir='ltr'><strong>autem</strong></span> <span class='ocrx_word' id='word_1_751' title='bbox 617 2369 688 2397; x_wconf 85' lang='lat' dir='ltr'><strong>absit</strong></span> <span class='ocrx_word' id='word_1_752' title='bbox 703 2369 826 2404; x_wconf 80' lang='lat' dir='ltr'><strong>gloriari,</strong></span> 
     </span>
    </p>
   </div>
   <div class='ocr_carea' id='block_1_96' title="bbox 48 2408 824 2448">
    <p class='ocr_par' dir='ltr' id='par_1_96' title="bbox 48 2408 824 2448">
     <span class='ocr_line' id='line_1_96' title="bbox 48 2408 824 2448; baseline 0.009 -14"><span class='ocrx_word' id='word_1_753' title='bbox 48 2408 94 2435; x_wconf 73' lang='lat' dir='ltr'><strong>nisi</strong></span> <span class='ocrx_word' id='word_1_754' title='bbox 114 2410 139 2437; x_wconf 95' lang='lat' dir='ltr'><strong>in</strong></span> <span class='ocrx_word' id='word_1_755' title='bbox 156 2418 239 2439; x_wconf 90' lang='lat' dir='ltr'><strong>cruce</strong></span> <span class='ocrx_word' id='word_1_756' title='bbox 264 2412 369 2440; x_wconf 90' lang='lat' dir='ltr'><strong>Domini</strong></span> <span class='ocrx_word' id='word_1_757' title='bbox 397 2414 448 2441; x_wconf 90' lang='lat' dir='ltr'><strong>mei</strong></span> <span class='ocrx_word' id='word_1_758' title='bbox 463 2413 526 2441; x_wconf 74' lang='lat' dir='ltr'><strong>Jesu</strong></span> <span class='ocrx_word' id='word_1_759' title='bbox 548 2414 660 2447; x_wconf 83' lang='lat' dir='ltr'><strong>Christi,</strong></span> <span class='ocrx_word' id='word_1_760' title='bbox 678 2421 725 2448; x_wconf 88' lang='lat' dir='ltr'><strong>per</strong></span> <span class='ocrx_word' id='word_1_761' title='bbox 744 2421 824 2448; x_wconf 88' lang='lat' dir='ltr'><strong>quem</strong></span> 
     </span>
    </p>
   </div>
   <div class='ocr_carea' id='block_1_97' title="bbox 47 2453 828 2495">
    <p class='ocr_par' dir='ltr' id='par_1_97' title="bbox 47 2453 828 2495">
     <span class='ocr_line' id='line_1_97' title="bbox 47 2453 828 2495; baseline 0.009 -15"><span class='ocrx_word' id='word_1_762' title='bbox 47 2453 108 2481; x_wconf 81' lang='lat' dir='ltr'><strong>mihi</strong></span> <span class='ocrx_word' id='word_1_763' title='bbox 124 2457 242 2485; x_wconf 87' lang='lat' dir='ltr'><strong>mundus</strong></span> <span class='ocrx_word' id='word_1_764' title='bbox 257 2458 407 2487; x_wconf 81' lang='lat' dir='ltr'><strong>cruciﬁxus</strong></span> <span class='ocrx_word' id='word_1_765' title='bbox 423 2464 474 2492; x_wconf 89' lang='lat' dir='ltr'><strong>est,</strong></span> <span class='ocrx_word' id='word_1_766' title='bbox 489 2464 516 2487; x_wconf 89' lang='lat' dir='ltr'><strong>et</strong></span> <span class='ocrx_word' id='word_1_767' title='bbox 534 2467 584 2495; x_wconf 86' lang='lat' dir='ltr'><strong>ego</strong></span> <span class='ocrx_word' id='word_1_768' title='bbox 600 2460 709 2488; x_wconf 90' lang='lat' dir='ltr'><strong>mundo.</strong></span> <span class='ocrx_word' id='word_1_769' title='bbox 724 2469 733 2486; x_wconf 72' lang='grc' dir='ltr'><strong>ι</strong></span> <span class='ocrx_word' id='word_1_770' title='bbox 750 2460 828 2488; x_wconf 78' lang='lat' dir='ltr'><strong>Vides</strong></span> 
     </span>
    </p>
   </div>
   <div class='ocr_carea' id='block_1_98' title="bbox 80 2513 574 2550">
    <p class='ocr_par' dir='ltr' id='par_1_98' title="bbox 80 2513 574 2550">
     <span class='ocr_line' id='line_1_98' title="bbox 80 2513 574 2550; baseline 0.008 -10"><span class='ocrx_word' id='word_1_771' title='bbox 80 2513 211 2550; x_wconf 14' lang='lat' dir='ltr'><strong>f‘hlatth.</strong></span> <span class='ocrx_word' id='word_1_772' title='bbox 229 2523 273 2548; x_wconf 81' lang='lat' dir='ltr'><strong>xv,</strong></span> <span class='ocrx_word' id='word_1_773' title='bbox 286 2517 332 2544; x_wconf 65' lang='lat'><strong>‘24.</strong></span> <span class='ocrx_word' id='word_1_774' title='bbox 362 2517 384 2533; x_wconf 78' lang='grc'><strong>⁸³</strong></span> <span class='ocrx_word' id='word_1_775' title='bbox 398 2517 477 2544; x_wconf 78' lang='lat' dir='ltr'><strong>Rom.</strong></span> <span class='ocrx_word' id='word_1_776' title='bbox 495 2517 574 2550; x_wconf 77' lang='lat'><strong>&quot;,10.</strong></span> 
     </span>
    </p>
   </div>
   <div class='ocr_carea' id='block_1_99' title="bbox 882 2232 1670 2266">
    <p class='ocr_par' dir='ltr' id='par_1_99' title="bbox 882 2232 1670 2266">
     <span class='ocr_line' id='line_1_99' title="bbox 882 2232 1670 2266; baseline 0.001 -7"><span class='ocrx_word' id='word_1_777' title='bbox 882 2232 930 2259; x_wconf 89' lang='lat' dir='ltr'><strong>sed</strong></span> <span class='ocrx_word' id='word_1_778' title='bbox 945 2232 976 2259; x_wconf 87' lang='lat' dir='ltr'><strong>iis</strong></span> <span class='ocrx_word' id='word_1_779' title='bbox 988 2232 1033 2266; x_wconf 90' lang='lat' dir='ltr'><strong>qui</strong></span> <span class='ocrx_word' id='word_1_780' title='bbox 1051 2239 1112 2258; x_wconf 90' lang='lat' dir='ltr'><strong>cum</strong></span> <span class='ocrx_word' id='word_1_781' title='bbox 1130 2232 1240 2259; x_wconf 89' lang='lat' dir='ltr'><strong>Christo</strong></span> <span class='ocrx_word' id='word_1_782' title='bbox 1253 2232 1376 2259; x_wconf 81' lang='lat' dir='ltr'><strong>crucifixi</strong></span> <span class='ocrx_word' id='word_1_783' title='bbox 1393 2237 1467 2264; x_wconf 89' lang='lat' dir='ltr'><strong>sunt,</strong></span> <span class='ocrx_word' id='word_1_784' title='bbox 1480 2234 1608 2260; x_wconf 82' lang='lat' dir='ltr'><strong>oniuilms</strong></span> <span class='ocrx_word' id='word_1_785' title='bbox 1623 2241 1670 2260; x_wconf 89' lang='lat' dir='ltr'><strong>au-</strong></span> 
     </span>
    </p>
   </div>
   <div class='ocr_carea' id='block_1_100' title="bbox 882 2276 1670 2312">
    <p class='ocr_par' dir='ltr' id='par_1_100' title="bbox 882 2276 1670 2312">
     <span class='ocr_line' id='line_1_100' title="bbox 882 2276 1670 2312; baseline 0.004 -10"><span class='ocrx_word' id='word_1_786' title='bbox 882 2279 934 2303; x_wconf 89' lang='lat' dir='ltr'><strong>tem</strong></span> <span class='ocrx_word' id='word_1_787' title='bbox 953 2276 1140 2308; x_wconf 86' lang='lat' dir='ltr'><strong>credentibus,</strong></span> <span class='ocrx_word' id='word_1_788' title='bbox 1162 2281 1190 2303; x_wconf 91' lang='lat' dir='ltr'><strong>et</strong></span> <span class='ocrx_word' id='word_1_789' title='bbox 1217 2276 1353 2303; x_wconf 89' lang='lat' dir='ltr'><strong>universis</strong></span> <span class='ocrx_word' id='word_1_790' title='bbox 1371 2278 1473 2311; x_wconf 84' lang='lat' dir='ltr'><strong>pariter</strong></span> <span class='ocrx_word' id='word_1_791' title='bbox 1488 2278 1594 2312; x_wconf 91' lang='lat' dir='ltr'><strong>populis</strong></span> <span class='ocrx_word' id='word_1_792' title='bbox 1607 2284 1670 2305; x_wconf 88' lang='lat' dir='ltr'><strong>tunc</strong></span> 
     </span>
    </p>
   </div>
   <div class='ocr_carea' id='block_1_101' title="bbox 882 2321 1670 2358">
    <p class='ocr_par' dir='ltr' id='par_1_101' title="bbox 882 2321 1670 2358">
     <span class='ocr_line' id='line_1_101' title="bbox 882 2321 1670 2358; baseline 0.005 -11"><span class='ocrx_word' id='word_1_793' title='bbox 882 2321 936 2348; x_wconf 90' lang='lat' dir='ltr'><strong>erit</strong></span> <span class='ocrx_word' id='word_1_794' title='bbox 953 2321 1112 2353; x_wconf 82' lang='lat' dir='ltr'><strong>crucifixus,</strong></span> <span class='ocrx_word' id='word_1_795' title='bbox 1134 2329 1197 2349; x_wconf 92' lang='lat' dir='ltr'><strong>cum</strong></span> <span class='ocrx_word' id='word_1_796' title='bbox 1225 2322 1408 2356; x_wconf 85' lang='lat' dir='ltr'><strong>eomplebitur</strong></span> <span class='ocrx_word' id='word_1_797' title='bbox 1428 2323 1492 2350; x_wconf 91' lang='lat' dir='ltr'><strong>illud</strong></span> <span class='ocrx_word' id='word_1_798' title='bbox 1514 2324 1585 2358; x_wconf 73' lang='lat' dir='ltr'><strong>quin]</strong></span> <span class='ocrx_word' id='word_1_799' title='bbox 1606 2325 1670 2351; x_wconf 88' lang='lat' dir='ltr'><strong>dicit</strong></span> 
     </span>
    </p>
   </div>
   <div class='ocr_carea' id='block_1_102' title="bbox 883 2366 1670 2401">
    <p class='ocr_par' dir='ltr' id='par_1_102' title="bbox 883 2366 1670 2401">
     <span class='ocr_line' id='line_1_102' title="bbox 883 2366 1670 2401; baseline 0.003 -8"><span class='ocrx_word' id='word_1_800' title='bbox 883 2366 1070 2401; x_wconf 84' lang='lat' dir='ltr'><strong>Apostolus&quot;,</strong></span> <span class='ocrx_word' id='word_1_801' title='bbox 1090 2368 1155 2401; x_wconf 89' lang='lat' dir='ltr'><strong>quia</strong></span> <span class='ocrx_word' id='word_1_802' title='bbox 1173 2376 1183 2392; x_wconf 75' lang='grc' dir='ltr'>ί</span> <span class='ocrx_word' id='word_1_803' title='bbox 1195 2368 1265 2395; x_wconf 91' lang='lat' dir='ltr'><strong>sicut</strong></span> <span class='ocrx_word' id='word_1_804' title='bbox 1283 2367 1309 2394; x_wconf 91' lang='lat' dir='ltr'><strong>in</strong></span> <span class='ocrx_word' id='word_1_805' title='bbox 1329 2368 1413 2394; x_wconf 85' lang='lat' dir='ltr'><strong>Adam</strong></span> <span class='ocrx_word' id='word_1_806' title='bbox 1433 2375 1530 2395; x_wconf 86' lang='lat' dir='ltr'><strong>onmes</strong></span> <span class='ocrx_word' id='word_1_807' title='bbox 1549 2369 1670 2395; x_wconf 80' lang='lat' dir='ltr'><strong>maritm-</strong></span> 
     </span>
    </p>
   </div>
   <div class='ocr_carea' id='block_1_103' title="bbox 885 2413 1672 2445">
    <p class='ocr_par' dir='ltr' id='par_1_103' title="bbox 885 2413 1672 2445">
     <span class='ocr_line' id='line_1_103' title="bbox 885 2413 1672 2445; baseline 0.003 -6"><span class='ocrx_word' id='word_1_808' title='bbox 885 2417 939 2445; x_wconf 88' lang='lat' dir='ltr'><strong>tur,</strong></span> <span class='ocrx_word' id='word_1_809' title='bbox 957 2413 992 2439; x_wconf 90' lang='lat' dir='ltr'><strong>ita</strong></span> <span class='ocrx_word' id='word_1_810' title='bbox 1013 2417 1039 2440; x_wconf 87' lang='lat' dir='ltr'><strong>et</strong></span> <span class='ocrx_word' id='word_1_811' title='bbox 1062 2413 1087 2439; x_wconf 92' lang='lat' dir='ltr'><strong>in</strong></span> <span class='ocrx_word' id='word_1_812' title='bbox 1108 2413 1218 2440; x_wconf 89' lang='lat' dir='ltr'><strong>Christo</strong></span> <span class='ocrx_word' id='word_1_813' title='bbox 1241 2421 1337 2441; x_wconf 86' lang='lat' dir='ltr'><strong>omnes</strong></span> <span class='ocrx_word' id='word_1_814' title='bbox 1368 2414 1608 2441; x_wconf 65' lang='lat' dir='ltr'><strong>vivificabuntur.»</strong></span> <span class='ocrx_word' id='word_1_815' title='bbox 1627 2415 1672 2441; x_wconf 80' lang='lat' dir='ltr'><strong>Est</strong></span> 
     </span>
    </p>
   </div>
   <div class='ocr_carea' id='block_1_104' title="bbox 882 2453 1672 2496">
    <p class='ocr_par' dir='ltr' id='par_1_104' title="bbox 882 2453 1672 2496">
     <span class='ocr_line' id='line_1_104' title="bbox 882 2453 1672 2496; baseline 0 -10"><span class='ocrx_word' id='word_1_816' title='bbox 882 2467 948 2494; x_wconf 87' lang='lat' dir='ltr'><strong>ergo</strong></span> <span class='ocrx_word' id='word_1_817' title='bbox 961 2460 1016 2495; x_wconf 77' lang='grc'>(58)</span> <span class='ocrx_word' id='word_1_818' title='bbox 1030 2459 1056 2486; x_wconf 93' lang='lat' dir='ltr'><strong>in</strong></span> <span class='ocrx_word' id='word_1_819' title='bbox 1071 2460 1124 2487; x_wconf 91' lang='lat' dir='ltr'><strong>hoc</strong></span> <span class='ocrx_word' id='word_1_820' title='bbox 1136 2460 1217 2487; x_wconf 88' lang='lat' dir='ltr'><strong>etiam</strong></span> <span class='ocrx_word' id='word_1_821' title='bbox 1234 2453 1447 2487; x_wconf 85' lang='lat' dir='ltr'><strong>resurrectionis</strong></span> <span class='ocrx_word' id='word_1_822' title='bbox 1461 2460 1557 2487; x_wconf 73' lang='lat' dir='ltr'><strong>futurm</strong></span> <span class='ocrx_word' id='word_1_823' title='bbox 1571 2467 1672 2496; x_wconf 79' lang='lat' dir='ltr'><strong>myste-</strong></span> 
     </span>
    </p>
   </div>
   <div class='ocr_carea' id='block_1_105' title="bbox 612 2517 826 2559">
    <p class='ocr_par' dir='ltr' id='par_1_105' title="bbox 612 2517 825 2559">
     <span class='ocr_line' id='line_1_105' title="bbox 612 2517 825 2559; baseline 0.005 -15"><span class='ocrx_word' id='word_1_824' title='bbox 612 2518 635 2559; x_wconf 52' lang='lat' dir='ltr'><strong>‘i‘</strong></span> <span class='ocrx_word' id='word_1_825' title='bbox 646 2517 749 2559; x_wconf 71' lang='lat' dir='ltr'><strong>Coloss.</strong></span> <span class='ocrx_word' id='word_1_826' title='bbox 762 2526 794 2559; x_wconf 48' lang='grc' dir='ltr'>ιλ.</span> 
     </span>
    </p>
   </div>
   <div class='ocr_carea' id='block_1_106' title="bbox 882 2517 1669 2559">
    <p class='ocr_par' dir='ltr' id='par_1_106' title="bbox 886 2517 1669 2559">
     <span class='ocr_line' id='line_1_106' title="bbox 886 2517 1669 2559; baseline 0 -15"><span class='ocrx_word' id='word_1_827' title='bbox 886 2518 913 2559; x_wconf 49' lang='lat' dir='ltr'><strong>ii.</strong></span> <span class='ocrx_word' id='word_1_828' title='bbox 952 2518 975 2534; x_wconf 77' lang='lat'><strong>&quot;</strong></span> <span class='ocrx_word' id='word_1_829' title='bbox 989 2518 998 2544; x_wconf 88' lang='lat' dir='ltr'><strong>l</strong></span> <span class='ocrx_word' id='word_1_830' title='bbox 1012 2519 1086 2559; x_wconf 53' lang='lat' dir='ltr'><strong>retr.</strong></span> <span class='ocrx_word' id='word_1_831' title='bbox 1102 2525 1132 2551; x_wconf 90' lang='grc' dir='ltr'>ιι,</span> <span class='ocrx_word' id='word_1_832' title='bbox 1144 2519 1188 2546; x_wconf 74' lang='grc'><strong>22.</strong></span> <span class='ocrx_word' id='word_1_833' title='bbox 1228 2519 1251 2535; x_wconf 69' lang='grc'><strong>⁸⁸</strong></span> <span class='ocrx_word' id='word_1_834' title='bbox 1262 2518 1364 2559; x_wconf 64' lang='lat' dir='ltr'><strong>Gal.vt,</strong></span> <span class='ocrx_word' id='word_1_835' title='bbox 1378 2518 1422 2546; x_wconf 83' lang='lat' dir='ltr'><strong>M.</strong></span> <span class='ocrx_word' id='word_1_836' title='bbox 1460 2517 1586 2547; x_wconf 69' lang='lat' dir='ltr'><strong>‘71Petr.</strong></span> <span class='ocrx_word' id='word_1_837' title='bbox 1605 2526 1632 2552; x_wconf 86' lang='lat' dir='ltr'><strong>v,</strong></span> <span class='ocrx_word' id='word_1_838' title='bbox 1643 2520 1669 2547; x_wconf 84' lang='lat'><strong>8.</strong></span> 
     </span>
    </p>
   </div>
   <div class='ocr_carea' id='block_1_107' title="bbox 49 2546 826 2587">
    <p class='ocr_par' dir='ltr' id='par_1_107' title="bbox 49 2546 825 2587">
     <span class='ocr_line' id='line_1_107' title="bbox 49 2546 825 2587; baseline 0.008 -13"><span class='ocrx_word' id='word_1_839' title='bbox 49 2546 69 2561; x_wconf 75' lang='lat'><strong>&quot;‘</strong></span> <span class='ocrx_word' id='word_1_840' title='bbox 80 2547 178 2577; x_wconf 87' lang='lat' dir='ltr'><strong>Thren.</strong></span> <span class='ocrx_word' id='word_1_841' title='bbox 189 2558 227 2584; x_wconf 79' lang='lat' dir='ltr'><strong>IV,</strong></span> <span class='ocrx_word' id='word_1_842' title='bbox 243 2546 287 2578; x_wconf 70' lang='lat' dir='ltr'><strong>2t).</strong></span> <span class='ocrx_word' id='word_1_843' title='bbox 326 2552 348 2568; x_wconf 83' lang='grc'><strong>⁶⁹</strong></span> <span class='ocrx_word' id='word_1_844' title='bbox 366 2552 430 2580; x_wconf 90' lang='lat' dir='ltr'><strong>Luc.</strong></span> <span class='ocrx_word' id='word_1_845' title='bbox 450 2561 470 2585; x_wconf 92' lang='grc' dir='ltr'>ι,</span> <span class='ocrx_word' id='word_1_846' title='bbox 485 2546 530 2580; x_wconf 65' lang='lat'><strong>35.</strong></span> <span class='ocrx_word' id='word_1_847' title='bbox 569 2553 591 2568; x_wconf 76' lang='grc' dir='ltr'><strong><em>το</em></strong></span> <span class='ocrx_word' id='word_1_848' title='bbox 606 2554 705 2587; x_wconf 89' lang='lat' dir='ltr'><strong>Ephcs.</strong></span> <span class='ocrx_word' id='word_1_849' title='bbox 721 2561 750 2585; x_wconf 88' lang='grc' dir='ltr'>ιι,</span> <span class='ocrx_word' id='word_1_850' title='bbox 767 2546 795 2580; x_wconf 73' lang='lat'><strong>6.</strong></span> <span class='ocrx_word' id='word_1_851' title='bbox 816 2554 825 2568; x_wconf 94' lang='grc'>⁷</span> 
     </span>
    </p>
   </div>
   <div class='ocr_carea' id='block_1_108' title="bbox 882 2546 1057 2587">
    <p class='ocr_par' dir='ltr' id='par_1_108' title="bbox 882 2554 1057 2586">
     <span class='ocr_line' id='line_1_108' title="bbox 882 2554 1057 2586; baseline 0.006 -6"><span class='ocrx_word' id='word_1_852' title='bbox 882 2554 936 2581; x_wconf 62' lang='lat' dir='ltr'><strong>lor.</strong></span> <span class='ocrx_word' id='word_1_853' title='bbox 953 2562 997 2586; x_wconf 87' lang='lat' dir='ltr'><strong>xv,</strong></span> <span class='ocrx_word' id='word_1_854' title='bbox 1011 2554 1057 2581; x_wconf 71' lang='lat'><strong>2‘2.</strong></span> 
     </span>
    </p>
   </div>
   <div class='ocr_carea' id='block_1_109' title="bbox 82 2593 828 2634">
    <p class='ocr_par' dir='ltr' id='par_1_109' title="bbox 82 2593 828 2634">
     <span class='ocr_line' id='line_1_109' title="bbox 82 2593 828 2634; baseline 0.005 -12"><span class='ocrx_word' id='word_1_855' title='bbox 149 2595 233 2634; x_wconf 69' lang='lat' dir='ltr'><strong>idem,</strong></span> <span class='ocrx_word' id='word_1_856' title='bbox 257 2606 266 2622; x_wconf 82' lang='grc' dir='ltr'><strong>ι</strong></span> <span class='ocrx_word' id='word_1_857' title='bbox 278 2597 387 2625; x_wconf 90' lang='lat' dir='ltr'><strong>Paulus.</strong></span> <span class='ocrx_word' id='word_1_858' title='bbox 403 2608 412 2625; x_wconf 81' lang='grc' dir='ltr'><strong>ι</strong></span> <span class='ocrx_word' id='word_1_859' title='bbox 433 2598 510 2626; x_wconf 84' lang='lat' dir='ltr'><strong>Libb.</strong></span> <span class='ocrx_word' id='word_1_860' title='bbox 527 2599 604 2632; x_wconf 89' lang='lat' dir='ltr'><strong>editi,</strong></span> <span class='ocrx_word' id='word_1_861' title='bbox 625 2608 634 2625; x_wconf 86' lang='grc'><strong>‹</strong></span> <span class='ocrx_word' id='word_1_862' title='bbox 645 2599 802 2634; x_wconf 85' lang='lat' dir='ltr'><strong>Apostolus.</strong></span> <span class='ocrx_word' id='word_1_863' title='bbox 818 2607 828 2625; x_wconf 72' lang='grc' dir='ltr'><strong>ι</strong></span> 
     </span>
    </p>
   </div>
   <div class='ocr_carea' id='block_1_110' title="bbox 81 2629 404 2667">
    <p class='ocr_par' dir='ltr' id='par_1_110' title="bbox 81 2629 404 2667">
     <span class='ocr_line' id='line_1_110' title="bbox 81 2629 404 2667; baseline 0.015 -11"><span class='ocrx_word' id='word_1_864' title='bbox 81 2629 134 2667; x_wconf 62' lang='grc' dir='ltr'>(ξι)</span> <span class='ocrx_word' id='word_1_865' title='bbox 149 2630 231 2667; x_wconf 74' lang='lat' dir='ltr'><strong>idem,</strong></span> <span class='ocrx_word' id='word_1_866' title='bbox 247 2641 255 2657; x_wconf 83' lang='grc' dir='ltr'><strong>ι</strong></span> <span class='ocrx_word' id='word_1_867' title='bbox 267 2634 380 2667; x_wconf 77' lang='lat' dir='ltr'><strong>geritur.</strong></span> <span class='ocrx_word' id='word_1_868' title='bbox 394 2643 404 2660; x_wconf 73' lang='grc' dir='ltr'><strong>ι</strong></span> 
     </span>
    </p>
   </div>
   <div class='ocr_carea' id='block_1_111' title="bbox 81 2663 828 2702">
    <p class='ocr_par' dir='ltr' id='par_1_111' title="bbox 81 2663 828 2702">
     <span class='ocr_line' id='line_1_111' title="bbox 81 2663 828 2702; baseline 0.007 -11"><span class='ocrx_word' id='word_1_869' title='bbox 148 2665 232 2702; x_wconf 74' lang='lat' dir='ltr'><strong>idem,</strong></span> <span class='ocrx_word' id='word_1_870' title='bbox 244 2663 416 2702; x_wconf 30' lang='lat' dir='ltr'><strong>«sVuspensus.</strong></span> <span class='ocrx_word' id='word_1_871' title='bbox 426 2679 435 2695; x_wconf 74' lang='grc' dir='ltr'><strong>ι</strong></span> <span class='ocrx_word' id='word_1_872' title='bbox 452 2668 532 2696; x_wconf 90' lang='lat' dir='ltr'><strong>Lihb.</strong></span> <span class='ocrx_word' id='word_1_873' title='bbox 546 2669 623 2701; x_wconf 85' lang='lat' dir='ltr'><strong>editi,</strong></span> <span class='ocrx_word' id='word_1_874' title='bbox 635 2670 828 2697; x_wconf 52' lang='lat' dir='ltr'><strong>«crucifixus;</strong></span> 
     </span>
    </p>
   </div>
   <div class='ocr_carea' id='block_1_112' title="bbox 82 2700 828 2738">
    <p class='ocr_par' dir='ltr' id='par_1_112' title="bbox 82 2700 828 2738">
     <span class='ocr_line' id='line_1_112' title="bbox 82 2700 828 2738; baseline 0.007 -12"><span class='ocrx_word' id='word_1_875' title='bbox 82 2700 135 2738; x_wconf 54' lang='grc' dir='ltr'>(ἓξ)</span> <span class='ocrx_word' id='word_1_876' title='bbox 147 2700 224 2738; x_wconf 49' lang='lat' dir='ltr'><strong>libs”</strong></span> <span class='ocrx_word' id='word_1_877' title='bbox 247 2712 255 2727; x_wconf 78' lang='grc' dir='ltr'><strong>ι</strong></span> <span class='ocrx_word' id='word_1_878' title='bbox 268 2703 300 2730; x_wconf 91' lang='lat' dir='ltr'><strong>de</strong></span> <span class='ocrx_word' id='word_1_879' title='bbox 310 2700 428 2731; x_wconf 77' lang='lat' dir='ltr'><strong>diabolo.</strong></span> <span class='ocrx_word' id='word_1_880' title='bbox 444 2714 453 2730; x_wconf 75' lang='grc' dir='ltr'><strong>ι</strong></span> <span class='ocrx_word' id='word_1_881' title='bbox 479 2704 555 2731; x_wconf 84' lang='lat' dir='ltr'><strong>Libb.</strong></span> <span class='ocrx_word' id='word_1_882' title='bbox 573 2700 649 2738; x_wconf 81' lang='lat' dir='ltr'><strong>editi,</strong></span> <span class='ocrx_word' id='word_1_883' title='bbox 667 2714 675 2730; x_wconf 82' lang='grc' dir='ltr'><strong>ι</strong></span> <span class='ocrx_word' id='word_1_884' title='bbox 693 2705 804 2732; x_wconf 78' lang='lat' dir='ltr'><strong>diaboli.</strong></span> <span class='ocrx_word' id='word_1_885' title='bbox 819 2715 828 2731; x_wconf 74' lang='grc' dir='ltr'><strong>ι</strong></span> 
     </span>
    </p>
   </div>
   <div class='ocr_carea' id='block_1_113' title="bbox 83 2704 829 2775">
    <p class='ocr_par' dir='ltr' id='par_1_113' title="bbox 83 2704 829 2775">
     <span class='ocr_line' id='line_1_113' title="bbox 83 2704 828 2738; baseline 0.007 -12"><span class='ocrx_word' id='word_1_886' title='bbox 83 2704 125 2733; x_wconf 73' lang='grc'><strong>(55</strong></span> <span class='ocrx_word' id='word_1_887' title='bbox 147 2704 224 2732; x_wconf 70' lang='lat' dir='ltr'><strong>ltlss.,</strong></span> <span class='ocrx_word' id='word_1_888' title='bbox 247 2712 255 2727; x_wconf 78' lang='grc' dir='ltr'><strong>ι</strong></span> <span class='ocrx_word' id='word_1_889' title='bbox 268 2704 300 2730; x_wconf 90' lang='lat' dir='ltr'><strong>de</strong></span> <span class='ocrx_word' id='word_1_890' title='bbox 312 2704 428 2731; x_wconf 83' lang='lat' dir='ltr'><strong>diabolo.</strong></span> <span class='ocrx_word' id='word_1_891' title='bbox 444 2714 453 2730; x_wconf 75' lang='grc' dir='ltr'><strong>ι</strong></span> <span class='ocrx_word' id='word_1_892' title='bbox 479 2704 555 2731; x_wconf 84' lang='lat' dir='ltr'><strong>Libb.</strong></span> <span class='ocrx_word' id='word_1_893' title='bbox 573 2705 649 2738; x_wconf 81' lang='lat' dir='ltr'><strong>editi,</strong></span> <span class='ocrx_word' id='word_1_894' title='bbox 667 2714 675 2730; x_wconf 82' lang='grc' dir='ltr'><strong>ι</strong></span> <span class='ocrx_word' id='word_1_895' title='bbox 693 2705 804 2732; x_wconf 78' lang='lat' dir='ltr'><strong>diaboli.</strong></span> <span class='ocrx_word' id='word_1_896' title='bbox 819 2715 828 2731; x_wconf 74' lang='grc' dir='ltr'><strong>ι</strong></span> 
     </span>
     <span class='ocr_line' id='line_1_114' title="bbox 83 2704 829 2775; baseline 0.009 -15"><span class='ocrx_word' id='word_1_897' title='bbox 152 2735 332 2775; x_wconf 67' lang='lat' dir='ltr'><strong>Satigcrittatt.</strong></span> <span class='ocrx_word' id='word_1_898' title='bbox 346 2744 373 2766; x_wconf 85' lang='lat' dir='ltr'><strong>et</strong></span> <span class='ocrx_word' id='word_1_899' title='bbox 386 2739 532 2772; x_wconf 81' lang='lat' dir='ltr'><strong>Gumetic.,</strong></span> <span class='ocrx_word' id='word_1_900' title='bbox 549 2740 627 2774; x_wconf 66' lang='lat' dir='ltr'><strong>«Apo.</strong></span> <span class='ocrx_word' id='word_1_901' title='bbox 640 2740 736 2767; x_wconf 64' lang='lat' dir='ltr'><strong>tolus.»</strong></span> <span class='ocrx_word' id='word_1_902' title='bbox 750 2739 829 2768; x_wconf 80' lang='lat' dir='ltr'><strong>Libb.</strong></span> 
     </span>
    </p>
   </div>
   <div class='ocr_carea' id='block_1_114' title="bbox 51 2769 287 2801">
    <p class='ocr_par' dir='ltr' id='par_1_114' title="bbox 51 2769 287 2801">
     <span class='ocr_line' id='line_1_115' title="bbox 51 2769 287 2801; baseline 0.017 -6"><span class='ocrx_word' id='word_1_903' title='bbox 51 2769 145 2801; x_wconf 44' lang='lat' dir='ltr'><strong>ediiiﬁ</strong></span> <span class='ocrx_word' id='word_1_904' title='bbox 157 2769 265 2799; x_wconf 82' lang='lat' dir='ltr'><strong>Paulus.</strong></span> <span class='ocrx_word' id='word_1_905' title='bbox 277 2782 287 2799; x_wconf 72' lang='grc' dir='ltr'><strong>ι</strong></span> 
     </span>
    </p>
   </div>
   <div class='ocr_carea' id='block_1_115' title="bbox 83 2804 831 2844">
    <p class='ocr_par' dir='ltr' id='par_1_115' title="bbox 83 2804 831 2844">
     <span class='ocr_line' id='line_1_116' title="bbox 83 2804 831 2844; baseline 0.005 -12"><span class='ocrx_word' id='word_1_906' title='bbox 83 2804 136 2841; x_wconf 81' lang='grc'>(55)</span> <span class='ocrx_word' id='word_1_907' title='bbox 157 2805 237 2844; x_wconf 59' lang='grc' dir='ltr'><strong>ῌΙῴ.</strong></span> <span class='ocrx_word' id='word_1_908' title='bbox 265 2808 341 2839; x_wconf 88' lang='lat' dir='ltr'><strong>editi.</strong></span> <span class='ocrx_word' id='word_1_909' title='bbox 369 2809 626 2844; x_wconf 72' lang='lat' dir='ltr'><strong>«concupiscentias</strong></span> <span class='ocrx_word' id='word_1_910' title='bbox 651 2818 702 2837; x_wconf 90' lang='lat' dir='ltr'><strong>non</strong></span> <span class='ocrx_word' id='word_1_911' title='bbox 729 2810 831 2844; x_wconf 87' lang='lat' dir='ltr'><strong>recepi-</strong></span> 
     </span>
    </p>
   </div>
   <div class='ocr_carea' id='block_1_116' title="bbox 53 2842 831 2879">
    <p class='ocr_par' dir='ltr' id='par_1_116' title="bbox 53 2842 831 2879">
     <span class='ocr_line' id='line_1_117' title="bbox 53 2842 831 2879; baseline 0.005 -11"><span class='ocrx_word' id='word_1_912' title='bbox 53 2846 116 2868; x_wconf 81' lang='lat' dir='ltr'><strong>mus.</strong></span> <span class='ocrx_word' id='word_1_913' title='bbox 130 2850 139 2868; x_wconf 83' lang='grc' dir='ltr'><strong>ι</strong></span> <span class='ocrx_word' id='word_1_914' title='bbox 159 2842 251 2869; x_wconf 76' lang='lat' dir='ltr'><strong>Codex</strong></span> <span class='ocrx_word' id='word_1_915' title='bbox 273 2851 337 2871; x_wconf 86' lang='lat' dir='ltr'><strong>vero</strong></span> <span class='ocrx_word' id='word_1_916' title='bbox 357 2842 603 2879; x_wconf 70' lang='lat' dir='ltr'><strong>Saugerniauensis</strong></span> <span class='ocrx_word' id='word_1_917' title='bbox 627 2850 656 2873; x_wconf 83' lang='grc' dir='ltr'><strong>ιιι</strong></span> <span class='ocrx_word' id='word_1_918' title='bbox 684 2846 710 2872; x_wconf 93' lang='lat' dir='ltr'><strong>in</strong></span> <span class='ocrx_word' id='word_1_919' title='bbox 739 2842 831 2872; x_wconf 71' lang='grc' dir='ltr'>ιιι)δίιο</span> 
     </span>
    </p>
   </div>
   <div class='ocr_carea' id='block_1_117' title="bbox 886 2604 971 2626">
    <p class='ocr_par' dir='ltr' id='par_1_117' title="bbox 886 2604 971 2626">
     <span class='ocr_line' id='line_1_118' title="bbox 886 2604 971 2626; baseline 0 0"><span class='ocrx_word' id='word_1_920' title='bbox 886 2604 971 2626; x_wconf 78' lang='lat' dir='ltr'><strong>textu.</strong></span> 
     </span>
    </p>
   </div>
   <div class='ocr_carea' id='block_1_118' title="bbox 920 2633 1671 2670">
    <p class='ocr_par' dir='ltr' id='par_1_118' title="bbox 920 2633 1671 2670">
     <span class='ocr_line' id='line_1_119' title="bbox 920 2633 1671 2670; baseline 0.001 -10"><span class='ocrx_word' id='word_1_921' title='bbox 920 2635 976 2670; x_wconf 73' lang='lat'><strong>(56)</strong></span> <span class='ocrx_word' id='word_1_922' title='bbox 1003 2635 1087 2663; x_wconf 88' lang='lat' dir='ltr'><strong>Codd.</strong></span> <span class='ocrx_word' id='word_1_923' title='bbox 1121 2634 1271 2670; x_wconf 63' lang='lat' dir='ltr'><strong>Sangerui.</strong></span> <span class='ocrx_word' id='word_1_924' title='bbox 1296 2633 1494 2670; x_wconf 77' lang='lat' dir='ltr'><strong>Gemeticeusis</strong></span> <span class='ocrx_word' id='word_1_925' title='bbox 1522 2641 1583 2660; x_wconf 86' lang='lat' dir='ltr'><strong>cum</strong></span> <span class='ocrx_word' id='word_1_926' title='bbox 1614 2642 1671 2670; x_wconf 12' lang='lat' dir='ltr'><strong>iuno</strong></span> 
     </span>
    </p>
   </div>
   <div class='ocr_carea' id='block_1_119' title="bbox 884 2669 1668 2701">
    <p class='ocr_par' dir='ltr' id='par_1_119' title="bbox 884 2669 1668 2701">
     <span class='ocr_line' id='line_1_120' title="bbox 884 2669 1668 2701; baseline 0.003 -6"><span class='ocrx_word' id='word_1_927' title='bbox 884 2669 1051 2699; x_wconf 78' lang='lat' dir='ltr'><strong>Ebroiceusi.</strong></span> <span class='ocrx_word' id='word_1_928' title='bbox 1078 2679 1087 2695; x_wconf 84' lang='grc' dir='ltr'><strong>ι</strong></span> <span class='ocrx_word' id='word_1_929' title='bbox 1099 2670 1198 2696; x_wconf 69' lang='lat' dir='ltr'><strong>Mariae.</strong></span> <span class='ocrx_word' id='word_1_930' title='bbox 1215 2679 1224 2695; x_wconf 74' lang='grc' dir='ltr'><strong>ι</strong></span> <span class='ocrx_word' id='word_1_931' title='bbox 1242 2669 1317 2696; x_wconf 87' lang='lat' dir='ltr'><strong>Alter</strong></span> <span class='ocrx_word' id='word_1_932' title='bbox 1335 2669 1520 2701; x_wconf 83' lang='lat' dir='ltr'><strong>Ebroiccnsis,</strong></span> <span class='ocrx_word' id='word_1_933' title='bbox 1535 2678 1546 2694; x_wconf 71' lang='grc' dir='ltr'><strong>ι</strong></span> <span class='ocrx_word' id='word_1_934' title='bbox 1558 2670 1591 2696; x_wconf 85' lang='lat' dir='ltr'><strong>ad</strong></span> <span class='ocrx_word' id='word_1_935' title='bbox 1613 2669 1668 2697; x_wconf 80' lang='lat' dir='ltr'><strong>Ma-</strong></span> 
     </span>
    </p>
   </div>
   <div class='ocr_carea' id='block_1_120' title="bbox 885 2704 1365 2737">
    <p class='ocr_par' dir='ltr' id='par_1_120' title="bbox 885 2704 1365 2737">
     <span class='ocr_line' id='line_1_121' title="bbox 885 2704 1365 2737; baseline -0.002 -7"><span class='ocrx_word' id='word_1_936' title='bbox 885 2705 963 2731; x_wconf 87' lang='lat' dir='ltr'><strong>riam.</strong></span> <span class='ocrx_word' id='word_1_937' title='bbox 979 2715 987 2730; x_wconf 83' lang='grc' dir='ltr'><strong>ι</strong></span> <span class='ocrx_word' id='word_1_938' title='bbox 1004 2705 1081 2732; x_wconf 88' lang='lat' dir='ltr'><strong>Libb.</strong></span> <span class='ocrx_word' id='word_1_939' title='bbox 1099 2705 1176 2737; x_wconf 80' lang='lat' dir='ltr'><strong>editi,</strong></span> <span class='ocrx_word' id='word_1_940' title='bbox 1195 2704 1339 2731; x_wconf 76' lang='lat' dir='ltr'><strong>«Mariam.</strong></span> <span class='ocrx_word' id='word_1_941' title='bbox 1356 2713 1365 2729; x_wconf 76' lang='grc' dir='ltr'><strong>ι</strong></span> 
     </span>
    </p>
   </div>
   <div class='ocr_carea' id='block_1_121' title="bbox 919 2739 1670 2775">
    <p class='ocr_par' dir='ltr' id='par_1_121' title="bbox 919 2739 1670 2775">
     <span class='ocr_line' id='line_1_122' title="bbox 919 2739 1670 2775; baseline 0.001 -10"><span class='ocrx_word' id='word_1_942' title='bbox 919 2739 974 2775; x_wconf 82' lang='grc'>(57)</span> <span class='ocrx_word' id='word_1_943' title='bbox 989 2741 1131 2774; x_wconf 81' lang='lat' dir='ltr'><strong>Sa-ngerm.</strong></span> <span class='ocrx_word' id='word_1_944' title='bbox 1144 2744 1171 2766; x_wconf 88' lang='lat' dir='ltr'><strong>ct</strong></span> <span class='ocrx_word' id='word_1_945' title='bbox 1185 2740 1237 2766; x_wconf 90' lang='lat' dir='ltr'><strong>duo</strong></span> <span class='ocrx_word' id='word_1_946' title='bbox 1267 2739 1390 2770; x_wconf 87' lang='lat' dir='ltr'><strong>Ebroic.,</strong></span> <span class='ocrx_word' id='word_1_947' title='bbox 1413 2748 1422 2764; x_wconf 83' lang='grc' dir='ltr'><strong>ι</strong></span> <span class='ocrx_word' id='word_1_948' title='bbox 1437 2745 1670 2766; x_wconf 72' lang='grc' dir='ltr'>ςοιιδιιῐιιιιιριυι.ι</span> 
     </span>
    </p>
   </div>
   <div class='ocr_carea' id='block_1_122' title="bbox 887 2774 1374 2806">
    <p class='ocr_par' dir='ltr' id='par_1_122' title="bbox 887 2774 1374 2806">
     <span class='ocr_line' id='line_1_123' title="bbox 887 2774 1374 2806; baseline 0 -6"><span class='ocrx_word' id='word_1_949' title='bbox 887 2774 964 2801; x_wconf 82' lang='lat' dir='ltr'><strong>Ltltb.</strong></span> <span class='ocrx_word' id='word_1_950' title='bbox 983 2775 1061 2806; x_wconf 86' lang='lat' dir='ltr'><strong>editi,</strong></span> <span class='ocrx_word' id='word_1_951' title='bbox 1081 2782 1089 2798; x_wconf 84' lang='grc' dir='ltr'><strong>ι</strong></span> <span class='ocrx_word' id='word_1_952' title='bbox 1104 2775 1350 2801; x_wconf 85' lang='lat' dir='ltr'><strong>consummabitur.</strong></span> <span class='ocrx_word' id='word_1_953' title='bbox 1365 2784 1374 2800; x_wconf 80' lang='grc' dir='ltr'><strong>ι</strong></span> 
     </span>
    </p>
   </div>
   <div class='ocr_carea' id='block_1_123' title="bbox 921 2808 1672 2845">
    <p class='ocr_par' dir='ltr' id='par_1_123' title="bbox 921 2808 1672 2845">
     <span class='ocr_line' id='line_1_124' title="bbox 921 2808 1672 2845; baseline 0.001 -9"><span class='ocrx_word' id='word_1_954' title='bbox 921 2811 979 2844; x_wconf 73' lang='lat'><strong>(58)</strong></span> <span class='ocrx_word' id='word_1_955' title='bbox 993 2810 1074 2845; x_wconf 79' lang='lat' dir='ltr'><strong>Ergo.</strong></span> <span class='ocrx_word' id='word_1_956' title='bbox 1094 2810 1171 2837; x_wconf 75' lang='lat' dir='ltr'><strong>Deest</strong></span> <span class='ocrx_word' id='word_1_957' title='bbox 1200 2810 1225 2837; x_wconf 83' lang='lat' dir='ltr'><strong>in</strong></span> <span class='ocrx_word' id='word_1_958' title='bbox 1254 2809 1317 2838; x_wconf 86' lang='lat' dir='ltr'><strong>libb.</strong></span> <span class='ocrx_word' id='word_1_959' title='bbox 1333 2808 1426 2841; x_wconf 86' lang='lat' dir='ltr'><strong>editis,</strong></span> <span class='ocrx_word' id='word_1_960' title='bbox 1446 2809 1492 2836; x_wconf 78' lang='lat' dir='ltr'><strong>sed</strong></span> <span class='ocrx_word' id='word_1_961' title='bbox 1515 2809 1629 2837; x_wconf 88' lang='lat' dir='ltr'><strong>habetur</strong></span> <span class='ocrx_word' id='word_1_962' title='bbox 1646 2809 1672 2836; x_wconf 94' lang='lat' dir='ltr'><strong>in</strong></span> 
     </span>
    </p>
   </div>
   <div class='ocr_carea' id='block_1_124' title="bbox 886 2845 1028 2878">
    <p class='ocr_par' dir='ltr' id='par_1_124' title="bbox 886 2845 1028 2878">
     <span class='ocr_line' id='line_1_125' title="bbox 886 2845 1028 2878; baseline 0 -6"><span class='ocrx_word' id='word_1_963' title='bbox 886 2845 1028 2878; x_wconf 67' lang='lat' dir='ltr'><strong>Sunget&#39;tu.</strong></span> 
     </span>
    </p>
   </div>
  </div>
