1896 3052
221 119 271 146 867

956 108 1117 138 ORIGENIS

1815 109 1864 135 863

222 176 304 202 rium.
318 174 385 201 Nam
399 178 428 202 et
443 178 507 201 tunc
519 172 655 200 dividetur
666 170 781 206 populus
795 170 821 197 in
831 169 898 196 duas
909 174 1011 204 partes,
1027 173 1050 199 Α
1064 168 1149 202 fugite
1171 167 1300 194 invidiam
1323 171 1351 194 et
1373 167 1497 199 livorem,
1519 165 1605 201 fugite
1625 166 1824 193 detractiones
1840 170 1866 191 rt

224 224 303 246 erunt
329 225 357 246 et
372 224 436 246 tunc
450 219 559 253 quidam
582 217 675 252 primi,
689 220 717 243 et
732 215 778 242 alii
796 215 940 250 postremi,
959 214 1006 248 qui

222 273 283 292 eum
296 265 352 300 (59)
371 265 404 291 ad
423 264 514 291 Jesum
534 264 561 290 in
587 270 671 290 unum
696 261 927 296 conspiraverint,
948 260 1006 295 jam

223 317 288 338 tunc
302 311 370 338 ultra
387 310 498 337 omnino
512 317 566 337 non
585 309 638 336 erit
654 308 790 341 diabolus,
805 308 868 342 quia
882 307 938 342 jam
953 314 1007 334 non

220 357 275 384 erit
291 363 376 382 mors.
393 355 440 382 Vis
463 355 510 382 tibi
538 356 620 383 etiam
647 355 706 383 hac
723 355 823 382 divinis
839 353 1007 381 testimoniis

221 400 448 436 comprobemus?
463 401 533 428 Audi
550 401 709 435 Apostolum
722 400 889 428 dicentem"
903 407 911 425 ε
926 408 936 424 ι
953 398 1008 426 Hoc

220 447 294 474 enim
318 447 396 474 vobis
422 447 542 475 dicimus
573 447 600 473 in
624 447 708 474 verbo
732 445 853 479 Domini,
867 445 930 481 quia
958 452 1008 472 nos

221 493 266 526 qui
293 493 421 526 vivimus,
443 493 488 528 qui
513 493 608 528 reliqui
634 501 740 526 sumus,
770 493 798 520 in
819 493 937 520 adventu
960 492 1009 519 Do-

222 539 288 566 mini
311 547 364 566 non
387 539 585 573 praeveniemus
612 546 660 566 eos
683 539 728 573 qui
751 538 931 571 dormierunt,
945 538 1008 572 quia

219 585 280 619 ipse
297 584 429 612 Dominus
449 584 476 611 in
490 583 567 618 jussu
586 589 614 611 et
629 585 656 611 iu
677 591 742 612 voce
759 583 917 619 archangeli
934 588 962 610 ct
982 583 1009 610 in

222 630 286 657 tuba
301 630 347 657 Dei
364 632 511 659 descendet
525 631 558 658 de
571 630 650 663 calo,
665 635 692 658 et
707 630 806 657 mortui
821 630 867 664 qni
887 630 913 657 in
929 629 1009 657 Chri-

222 679 266 702 sto
285 680 360 707 sntit,
377 680 519 711 resurgent
534 676 624 710 primi.
642 676 742 703 Deinde
758 683 807 703 nos
818 675 864 710 qui
882 675 1008 706 vivimus,

222 721 269 754 qui
286 720 382 756 reliqui
404 729 508 753 sumus,
527 721 609 748 simul
625 723 761 756 rapietnur
774 729 836 748 cum
851 721 904 748 illis
921 721 948 748 in
965 729 1011 747 nu-

221 765 300 792 bibus
311 766 418 793 obviam
430 766 538 793 Christo
551 766 577 792 in
590 773 664 799 aera,
677 771 705 794 et
716 767 755 794 sic
766 773 872 800 semper
885 773 948 793 cum
958 765 1010 792 Do-

222 811 296 838 mino
303 812 433 839 erimus.»
447 812 484 840 De
493 812 602 840 diabolo
615 817 705 840 autem
715 813 820 844 dicens,
834 812 904 839 ait"
917 820 925 838 :
939 811 1009 838 1N0-

221 858 349 886 vissimus
363 859 488 886 inimicus
500 859 656 886 destruetur
672 865 755 891 mors,
767 867 777 884 ι
791 858 854 893 quia
871 866 935 885 vere
948 863 1011 884 tunc

222 905 347 931 vincetur
358 913 441 937 mors,
455 913 518 932 cum
532 906 646 932 mortale
659 905 710 932 hoc
720 904 912 932 absorbebitur
921 911 936 931 a
945 904 1010 931 vita.

256 971 284 1000 5.
305 971 358 1000 Sed
380 972 518 1000 videamus
543 979 604 1007 quae
627 971 654 999 in
685 971 884 1006 posterioribus
912 979 1011 999 conse-

221 1018 430 1052 quttutur:tEt
458 1018 590 1049 incendit,
623 1018 754 1053 inquit",
780 1017 859 1045 Jesus
883 1017 952 1053 llay,
982 1024 1008 1045 et

221 1063 316 1091 cll‘ecta
340 1069 381 1091 est
403 1064 467 1092 urbs
492 1072 552 1098 qua:
568 1072 620 1091 non
641 1064 779 1091 habitetur
795 1064 821 1090 in
838 1069 981 1091 mteruum.
995 1075 1004 1090 ι

221 1109 304 1137 Vides
315 1110 377 1144 quia
395 1110 451 1137 ha:c
468 1117 528 1144 qure
546 1114 708 1144 sequuntur,
727 1109 814 1144 magis
838 1109 871 1136 ad
890 1109 1010 1144 mysterii

220 1163 301 1190 quam
319 1155 352 1181 ad
378 1154 501 1182 historia:
525 1155 662 1189 pertinent
684 1155 838 1181 veritatem.
856 1154 914 1180 Non
937 1155 1009 1181 enim

221 1207 276 1228 tun
294 1201 338 1227 ille
355 1201 430 1228 locus
445 1205 526 1228 teme
549 1201 736 1228 inhabitabilis
756 1205 797 1227 est
821 1201 846 1226 in
868 1205 1010 1230 aeternum,

219 1253 301 1281 quam
324 1247 398 1273 locus
413 1246 567 1273 dmmonum
589 1246 778 1273 inhabitabilis
797 1247 860 1279 erit,
875 1251 938 1273 tunc
950 1253 1010 1272 cum

217 1293 273 1326 jam
291 1299 371 1319 nemo
388 1292 522 1326 peccabit,
537 1299 627 1326 neque
643 1293 767 1327 regnabit
783 1294 809 1319 in
833 1293 923 1327 aliquo
947 1301 1010 1326 pec-

221 1343 321 1370 catum,
338 1343 400 1364 cum
417 1337 540 1364 diabolus
559 1342 586 1363 et
605 1337 692 1371 angeli
709 1337 767 1372 ejus
790 1338 846 1372 igni
868 1338 1011 1364 tradentur

221 1389 333 1415 acterna,
346 1383 460 1411 Domino
477 1387 570 1410 nostro
591 1381 654 1410 Jesu
679 1382 791 1410 Christo
814 1384 926 1410 sedente
947 1391 1010 1418 rege

221 1434 248 1455 et
262 1427 363 1461 judice,
380 1433 407 1454 et
425 1429 533 1455 dicente
554 1428 588 1454 iis
601 1428 647 1462 qui
663 1429 769 1462 priores
793 1434 820 1455 et
844 1429 1011 1463 posteriores

221 1477 347 1502 vicerunt
360 1474 384 1490 "
397 1473 452 1509 (40)
480 1483 486 1501 :
507 1482 516 1499 ι
534 1473 640 1507 Venite,
671 1475 804 1502 benedicti
830 1475 917 1502 Patris
943 1476 1009 1507 mei,

224 1521 358 1556 percipite
382 1528 493 1554 regnum
516 1519 588 1554 quod
611 1520 685 1547 vobis
702 1525 827 1553 paratum
844 1525 885 1547 est
898 1528 912 1546 a
929 1521 1008 1547 Patre
1023 1520 1044 1547 C

223 1575 282 1595 meo
293 1567 359 1601 (41).
375 1575 384 1592 ι
396 1566 462 1592 Aliis
479 1571 567 1592 autem
583 1565 654 1593 dicet
667 1566 706 1591 7‘:
721 1575 731 1591 ι
742 1566 779 1593 lte
794 1566 820 1593 in
831 1568 919 1601 ignem
934 1572 1013 1593 teter-

225 1621 302 1644 uum,
317 1620 397 1646 quem
419 1611 581 1646 praeparavit
593 1611 650 1645 (42)
667 1612 737 1639 Deus
756 1612 861 1639 diabolo
882 1617 909 1639 et
931 1612 1011 1648 417

222 1657 328 1692 angelis
352 1656 421 1690 ejus,
436 1666 446 1683 ι
464 1659 551 1683 donec
567 1657 641 1684 omni
668 1657 765 1684 animm
777 1658 876 1692 quibus
892 1659 948 1692 ipse
965 1667 1012 1685 no-

221 1703 260 1729 vit
281 1702 409 1730 remediis
423 1703 558 1734 consulat,
577 1708 604 1729 et
626 1703 716 1730 omnis
734 1703 815 1730 Israel
833 1704 924 1731 salvus
952 1706 1010 1732 liat.

256 1770 282 1798 6.
305 1769 358 1797 Sed
377 1774 403 1797 et
421 1769 495 1796 aliud
519 1769 585 1796 mihi
607 1771 728 1798 occurrit
755 1771 781 1797 in
804 1770 865 1798 loco
888 1771 1012 1799 conside-

221 1818 292 1844 ranti
305 1816 399 1845 Jesnm
415 1816 564 1852 fugientem
577 1823 591 1843 a
607 1816 678 1845 facie
694 1817 832 1845 exercitus
848 1817 916 1853 llay.
939 1818 1010 1851 Quid

221 1868 299 1898 putas
315 1868 356 1890 est
377 1864 450 1898 quod
471 1862 552 1891 Iesus
576 1863 681 1897 fugiens
701 1862 886 1899 designabat?
910 1863 1010 1891 Videa-

221 1916 281 1936 utus
293 1915 328 1936 ne
341 1908 411 1936 forte
422 1909 458 1936 sit
471 1908 574 1943 aliquid
586 1909 658 1944 quod
673 1909 801 1944 fugiendo
817 1910 967 1943 vincamus,
983 1914 1010 1937 et

220 1957 263 1981 est
278 1954 368 1988 aliqua
385 1953 508 1988 perfecta
523 1954 610 1981 virtus
625 1953 651 1980 in
665 1953 740 1988 fuga.
757 1953 856 1982 Paulus
875 1962 924 1982 nos
945 1962 1011 1989 apo-

220 2000 308 2027 stolus
328 2000 406 2027 docet
434 2000 527 2027 dicens
538 2000 584 2027 7":
607 2009 615 2027 t
639 2000 737 2034 Fugite
758 2000 975 2028 fornicationem.
997 2009 1007 2026 ι

221 2040 305 2069 Vides
331 2050 397 2077 ergo
420 2050 483 2070 esse
511 2045 656 2078 quemdam
679 2044 803 2078 spiritum
820 2044 1010 2072 fornicationis

220 2094 304 2122 quem
324 2087 418 2122 fugere
442 2088 584 2122 debemus,
607 2089 764 2124 quicunque
785 2095 861 2117 caste
876 2094 904 2117 et
926 2091 970 2124 pie
983 2091 1010 2117 in

220 2133 329 2159 Christo
353 2139 385 2159 ac
409 2133 509 2168 pudice
533 2133 655 2161 volumus
677 2142 848 2169 permanere.
870 2134 923 2162 ista
946 2141 1011 2171 ergo

222 2179 286 2214 fuga
297 2183 338 2205 est
352 2186 412 2213 quae
427 2179 509 2207 habet
522 2180 651 2213 salutem,
667 2181 719 2208 ista
739 2181 802 2217 fuga
830 2181 942 2209 virtutis
954 2187 1007 2214 est,

223 2223 272 2250 ista
291 2224 351 2259 fuga
368 2223 424 2259 (45)
440 2224 635 2252 beatitudinem
651 2226 768 2255 confert.
793 2226 826 2254 Et
846 2235 899 2255 non
920 2227 1008 2255 solum

222 2270 413 2299 fornicationis
428 2272 540 2306 spiritus
552 2271 695 2308 fugiendus
708 2278 761 2306 est,
774 2275 821 2301 sed
834 2274 915 2302 simili
929 2275 1009 2302 modo

221 2316 292 2344 sicut
308 2317 410 2345 dictum
432 2322 486 2351 est,
504 2327 514 2344 ι
534 2318 619 2354 fugite
645 2319 865 2354 fornicationem,
884 2331 893 2348 ι
914 2321 1008 2348 audia-

221 2369 283 2390 mus
305 2362 358 2390 dici
379 2363 412 2391 ad
435 2371 499 2391 nos:
519 2363 614 2400 Fugite
637 2365 717 2398 iram,
743 2366 828 2400 fugite
849 2367 1005 2399 avaritiam,

257 2433 280 2450 "
295 2433 304 2460 Ι
319 2433 416 2462 Thess.
446 2442 482 2467 Iv,
498 2435 540 2465 14.
557 2435 600 2467 l5,
626 2436 670 2462 l6.
722 2436 744 2451 ⁷³
759 2436 767 2462 Ι
783 2435 846 2462 Cor.
865 2443 910 2467 xv,
926 2436 972 2462 26.

1018 2435 1041 2451 "
1054 2434 1112 2462 Jos.
1128 2442 1173 2462 vttt
1197 2433 1242 2461 28.

1060 212 1234 246 tnaleloquia.
1262 212 1328 245 Qua:
1351 216 1441 239 tamen
1463 211 1556 238 nescio
1579 211 1601 238 si
1631 212 1697 246 quis
1724 210 1864 246 en‘ugiat,

1060 259 1152 285 nescio
1167 258 1190 285 si
1205 258 1268 292 quis
1283 257 1390 284 evadat.
1406 257 1461 284 Iste
1474 257 1535 284 talis
1557 262 1618 283 erat
1640 258 1791 284 exercitus
1810 257 1866 292 Ilay

1059 311 1140 338 quem
1154 302 1235 331 Jcsus
1252 303 1409 338 fugiendum
1433 301 1549 330 docebat
1567 302 1670 330 milites
1688 310 1772 334 suos,
1788 307 1821 330 et
1834 305 1866 329 de

1060 349 1094 376 iis
1109 348 1223 376 fortasse
1240 348 1352 375 mandat
1375 348 1515 383 discipulis
1541 348 1598 375 suis
1619 348 1720 375 dicens
1735 348 1782 374 "z
1805 357 1816 374 ε
1837 349 1864 375 Si

1059 402 1109 422 vos
1144 399 1346 430 persequuntur
1382 395 1409 420 in
1452 394 1503 421 hac
1534 395 1664 426 civitate,
1705 395 1804 430 fugite
1839 395 1865 422 in

1060 443 1165 476 aliam;
1189 443 1261 478 quod
1283 442 1307 470 si
1337 442 1363 469 in
1386 441 1457 475 alia,
1483 442 1566 477 fugite
1588 443 1614 469 in
1639 442 1725 469 aliam
1758 443 1830 477 (46).
1853 452 1861 468 ι

1062 489 1125 516 Vult
1151 489 1222 516 enim
1256 496 1306 516 nos
1335 488 1431 523 fugere
1460 488 1495 515 ab
1527 487 1682 522 hujusmudi
1714 489 1862 519 hostibus,

1062 535 1119 562 vult
1142 543 1191 562 nos
1218 535 1297 569 longe
1317 534 1386 562 effici
1409 535 1443 562 ab
1468 534 1622 569 huiusmodi
1652 534 1760 561 malis:
1789 540 1817 561 et
1842 535 1862 561 si

1062 584 1230 618 potuerimus
1253 582 1362 609 interim
1385 581 1503 608 evadere
1524 581 1620 608 harum
1646 580 1793 607 malorum
1821 579 1862 606 fu-

1060 629 1160 664 giendo
1173 628 1308 662 contagia,
1326 631 1391 653 tunc
1406 626 1530 653 videntes
1544 625 1740 658 devotionem,
1758 630 1788 652 et
1801 632 1863 658 pro-

1062 675 1181 710 positum
1196 674 1295 700 tuentis
1307 679 1406 699 nosme
1420 675 1521 699 sanctas
1530 678 1646 706 quaeque
1659 671 1796 702 virtutes.
1811 670 1860 696 ilLe

1062 721 1177 748 fortasse
1194 720 1229 747 de
1247 719 1346 754 quibus
1366 718 1433 746 dicit
1449 717 1589 752 apostolus
1615 716 1720 744 Paulus
1736 717 1798 753 (45)
1819 718 1861 743 7’:

1063 777 1073 793 t
1094 767 1190 794 Nonne
1204 773 1298 793 omnes
1317 770 1382 793 sunt
1398 764 1592 791 tuinisteriales
1608 765 1726 798 spiritus
1757 766 1786 792 in
1815 765 1864 792 mi-

1063 813 1206 840 nisterium
1239 811 1313 838 missi
1336 816 1447 846 propter
1468 817 1514 837 eos
1535 809 1580 843 qui
1605 809 1805 837 brereditatem
1820 818 1863 837 ca-

1063 860 1140 894 piunt
1153 857 1273 885 salutis?
1291 867 1300 883 ι
1326 857 1373 892 qui
1402 857 1520 884 fortasse
1541 861 1605 883 sunt
1633 857 1725 882 sancti
1751 856 1861 889 angeli:

1062 905 1108 939 qui
1122 905 1246 931 videntes
1259 911 1307 930 nos
1323 903 1531 930 insectationem
1547 901 1704 928 daemonum
1729 903 1806 936 pati,
1826 903 1863 929 iu-

1063 955 1176 985 snrgunt
1189 950 1320 976 adversus
1334 957 1381 976 cos
1391 949 1437 983 qui
1453 955 1502 974 nos
1514 947 1701 979 insectantur,
1716 953 1745 974 et
1765 955 1862 975 omnes

1062 1004 1111 1024 eos
1132 1001 1192 1031 post
1213 1001 1316 1030 tergunt
1335 996 1471 1022 credentes
1489 994 1659 1021 interimunt.
1679 993 1767 1021 Jesus
1788 995 1861 1021 enim

1062 1047 1105 1070 est
1132 1050 1193 1070 cum
1222 1042 1256 1069 iis
1285 1042 1330 1076 qui
1359 1041 1552 1070 insectationes
1582 1042 1746 1076 patiuntur,
1776 1041 1863 1074 magis

1062 1097 1143 1123 quam
1161 1095 1222 1114 eum
1239 1087 1292 1114 illis
1310 1089 1356 1121 qni
1371 1093 1582 1122 persequuntur.
1601 1087 1635 1114 Et
1654 1088 1763 1114 tnerito
1779 1087 1860 1121 :quia

1063 1135 1212 1162 delectatur
1228 1141 1288 1160 esse
1305 1132 1385 1160 Jesus
1403 1140 1464 1160 cum
1482 1133 1514 1161 iis
1530 1134 1576 1168 qui
1601 1134 1710 1168 fugiunt
1734 1133 1860 1160 fornica-

1063 1181 1176 1211 tionem,
1203 1180 1248 1214 qui
1271 1179 1379 1214 fugiunt
1401 1179 1458 1214 (46)
1482 1180 1650 1215 superbiam,
1674 1180 1722 1214 qui
1754 1179 1861 1214 fugiunt

1062 1225 1164 1257 dolum,
1188 1228 1215 1251 ct
1233 1224 1277 1258 qui
1298 1224 1405 1258 fugiunt
1418 1225 1599 1252 mendacium.
1626 1224 1655 1251 Si
1675 1232 1748 1259 ergo
1767 1225 1806 1251 ita
1825 1225 1861 1251 in-

1026 1289 1038 1292 ς
1064 1271 1217 1306 telligatnus
1235 1278 1266 1298 ea
1290 1277 1350 1304 qum
1362 1271 1462 1304 scripta
1482 1276 1556 1303 sunt,
1574 1271 1654 1306 digna
1680 1270 1808 1298 fortasse
1825 1272 1860 1297 vi-

1062 1317 1172 1344 debitur
1183 1315 1264 1343 lectio
1278 1315 1348 1350 stylo
1369 1314 1489 1350 Spiritus
1504 1315 1604 1342 sancti.
1622 1315 1691 1342 Nam
1708 1316 1780 1350 quid
1796 1316 1858 1342 mihi

1062 1363 1184 1398 prodest,
1208 1363 1230 1389 si
1251 1362 1335 1389 sciant
1357 1361 1428 1395 quod
1454 1362 1480 1388 in
1502 1361 1613 1396 gemino
1633 1361 1710 1396 ligno
1733 1369 1786 1389 rex
1805 1362 1859 1396 Hay

1063 1415 1210 1442 suspensus
1228 1408 1291 1434 est?
1309 1407 1336 1434 Si
1353 1411 1444 1433 autem
1460 1406 1544 1432 sciam
1565 1406 1701 1440 duplicem
1717 1413 1784 1433 esse
1806 1405 1860 1431 vir-

1064 1460 1146 1481 tutem
1160 1453 1262 1484 crucis,
1289 1454 1316 1480 in
1330 1459 1383 1486 qua
1404 1456 1431 1478 et
1453 1451 1577 1478 Christus
1593 1451 1619 1478 in
1637 1457 1724 1478 carne
1741 1458 1855 1486 suspen-

1062 1500 1145 1532 ditur,
1159 1503 1187 1527 et
1200 1499 1325 1526 diabolus
1343 1506 1403 1525 cum
1427 1506 1475 1526 suo
1499 1497 1622 1525 exercitu
1651 1498 1858 1532 triumphatur,

1062 1553 1094 1573 ex
1113 1545 1289 1579 intelligentia
1306 1544 1468 1572 sacramenti
1482 1543 1661 1570 mdilicabitur
1673 1543 1770 1570 anima
1786 1551 1856 1570 mea.

1063 1592 1097 1619 Et
1116 1597 1142 1618 ut
1158 1592 1244 1626 magis
1262 1591 1378 1618 fortasse
1392 1591 1481 1618 adlmc
1493 1589 1627 1617 evcelsius
1644 1589 1857 1623 amplitudinem

1063 1637 1185 1673 mysterii
1203 1637 1358 1668 dilatemns,
1386 1636 1413 1662 in
1438 1636 1490 1663 hoc
1512 1635 1585 1669 ligno
1608 1634 1775 1669 intelligitur
1797 1642 1857 1661 esse

1062 1683 1176 1711 scientia
1193 1683 1254 1710 boui
1269 1687 1296 1710 et
1310 1682 1386 1715 mali,
1407 1681 1433 1708 in
1448 1689 1502 1716 quo
1517 1686 1546 1708 et
1565 1681 1651 1708 bonus
1665 1681 1809 1712 Christus,
1831 1686 1857 1706 et

1061 1729 1185 1756 diabolus
1214 1728 1302 1755 malus
1322 1728 1472 1762 pependit:
1497 1728 1545 1754 sed
1571 1727 1659 1754 malus
1686 1727 1801 1762 quidem
1829 1732 1856 1752 ιιι

1062 1775 1201 1807 interiret,
1227 1774 1315 1802 bonus
1339 1781 1403 1800 vero
1419 1773 1475 1808 (47)
1501 1777 1530 1800 ιιι
1553 1773 1657 1800 viveret
1678 1780 1713 1800 ex
1741 1773 1854 1803 virtute,

1062 1821 1134 1848 sicut
1158 1825 1186 1847 et
1212 1819 1361 1854 Apostolus
1382 1819 1448 1846 dicit
1464 1819 1497 1846 de
1518 1818 1628 1846 Christo
1655 1817 1689 1850 '°,
1712 1818 1779 1851 quia
1805 1826 1817 1842 ‹
1831 1821 1856 1844 et

1063 1865 1210 1893 crucifixus
1229 1869 1270 1892 est
1293 1872 1325 1891 ex
1350 1863 1519 1895 infirmitate,
1546 1863 1593 1890 sed
1622 1863 1687 1890 vivit
1702 1870 1735 1889 ex
1753 1863 1853 1889 virtute

1063 1912 1120 1939 Dei.
1142 1921 1151 1937 ι
1169 1911 1225 1938 ln.o
1242 1918 1295 1938 non
1312 1910 1397 1937 solum
1420 1915 1448 1937 ut
1463 1910 1546 1941 vivat,
1562 1909 1609 1936 sed
1632 1913 1661 1936 ut
1676 1913 1704 1936 et
1721 1908 1852 1940 vivificet,

1061 1957 1124 1992 quia
1135 1956 1194 1990 ipse
1203 1960 1244 1982 est
1260 1963 1268 1980 ι
1287 1955 1450 1982 novissimus
1462 1955 1546 1981 Adam
1559 1954 1616 1988 (48)
1626 1954 1653 1981 in
1667 1953 1767 1988 spiritu
1784 1953 1851 1980 vivi-

1062 2000 1161 2027 ficante
1175 1999 1209 2026 ⁸¹.
1225 2009 1235 2025 ι
1250 1999 1304 2027 Sed
1319 2000 1376 2027 hare
1390 2000 1493 2034 tropice
1507 1999 1560 2026 dici
1579 1999 1755 2033 intelligenda
1776 2004 1850 2025 sunt.

1061 2046 1183 2073 Christus
1193 2045 1266 2073 enim
1283 2046 1340 2080 ipse
1353 2046 1452 2072 dicitttr
1463 2046 1547 2072 arbor
1562 2045 1635 2072 vitre.
1659 2045 1713 2072 Sed
1737 2044 1809 2072 sicut
1823 2045 1847 2071 in

1061 2090 1122 2118 aliis
1138 2090 1196 2125 ipse
1210 2097 1271 2117 esse
1289 2090 1444 2117 ostenditur
1458 2094 1486 2116 et
1501 2089 1643 2120 sacerdos,
1657 2093 1686 2115 et
1704 2088 1807 2120 hostia,
1824 2092 1849 2114 et

1061 2137 1158 2169 altare,
1188 2140 1216 2163 et
1239 2143 1292 2163 non
1315 2143 1350 2162 ex
1376 2135 1460 2162 altera
1495 2134 1673 2169 intelligentia
1704 2134 1849 2169 impeditur

1062 2181 1158 2214 altera,
1181 2181 1226 2209 sed
1255 2181 1356 2216 tropice
1386 2181 1420 2207 de
1442 2180 1501 2215 ipso
1528 2180 1554 2207 in
1577 2180 1636 2207 suis
1659 2179 1728 2206 locis
1752 2187 1848 2206 unum-

1061 2227 1187 2262 quodque
1202 2227 1316 2254 sentitur
1330 2233 1338 2253 :
1363 2227 1399 2253 ita
1414 2226 1496 2253 etiam
1512 2233 1583 2253 nttnc
1601 2225 1627 2252 in
1643 2225 1740 2260 ﬁguris
1758 2232 1847 2253 sacra-

1063 2277 1214 2300 mentorum
1245 2280 1297 2299 nnn
1333 2272 1464 2307 impediet
1497 2272 1530 2299 de
1554 2279 1610 2299 uno
1643 2277 1725 2306 atque
1754 2271 1847 2298 eodem

1064 2324 1169 2354 sumpta
1184 2318 1329 2345 diversitas
1341 2324 1530 2353 personarum.

1094 2365 1122 2391 7.
1143 2364 1195 2392 Sed
1219 2364 1358 2391 videamus
1379 2364 1442 2398 quid
1463 2363 1544 2390 etiam
1566 2363 1593 2390 in
1615 2362 1846 2397 consequentibus

1298 2434 1321 2450 η
1347 2433 1440 2460 Matth.
1466 2441 1530 2467 xxv,
1554 2433 1600 2460 at.
1658 2434 1682 2449 τ·
1706 2431 1844 2465 ibid..u.

221 2468 243 2485 "
258 2468 267 2497 Ι
280 2469 342 2496 Cor.
358 2477 395 2501 vr,
413 2470 455 2496 l8.
491 2470 515 2486 ⁷⁸
524 2470 618 2498 Matth.
631 2470 712 2503 x,25.
750 2471 773 2486 "
791 2469 873 2498 Hebr.
889 2478 908 2503 I,
927 2471 970 2497 14.

1082 2469 1147 2497 Cor.
1167 2477 1226 2501 ιιιιι,
1243 2469 1287 2496 45.
1324 2469 1347 2484 ⁸¹
1365 2468 1450 2496 lCor.
1467 2476 1511 2501 xv,
1530 2468 1571 2496 55.

257 2536 313 2571 (39)
328 2536 413 2568 Alias.
430 2545 440 2562 ‹
454 2536 618 2571 quicunque.
632 2545 642 2562 ι

221 2605 239 2632 b
258 2572 313 2632 (litt)
333 2571 530 2599 Getueticeusis
556 2577 582 2598 et
605 2579 674 2598 unus
702 2571 887 2603 Ebroicensis,
908 2580 917 2596 ι
931 2572 1004 2598 vidc-

241 2614 275 2632 llll
290 2614 322 2632 III'
349 2616 358 2631 Ι

241 2611 322 2632 ιιιιιιιι·
349 2616 358 2631 ι

251 2641 306 2675 (Η)
321 2640 421 2668 Omnes
448 2648 526 2674 mss.,
547 2650 555 2666 t
570 2648 584 2667 a
601 2640 679 2668 Patre
703 2649 773 2668 meo.
789 2651 797 2666 ι
816 2639 894 2668 Libb.
919 2641 997 2673 editi,

226 2683 236 2700 ι
247 2675 279 2702 ab
294 2676 397 2702 oriuine
414 2676 515 2702 tnuudi.
527 2686 536 2702 ι

260 2709 315 2744 (42)
339 2709 430 2737 Codex
451 2709 595 2743 Gemctic.,
618 2711 676 2738 tite
702 2711 728 2738 in
757 2713 907 2744 gehennam
934 2711 1003 2744 ignis

225 2749 302 2778 quem
321 2745 491 2778 prmparavit.
506 2754 515 2771 ι

261 2777 316 2810 (43)
338 2777 423 2811 Fuga.
451 2779 531 2806 Deest
561 2780 587 2806 in
617 2780 681 2807 libb.
712 2786 788 2808 antea
817 2780 925 2812 editis;

228 2816 314 2847 Mslat
328 2813 353 2837 in
371 2813 465 2839 codice
481 2814 720 2847 Sangerntaneusi.

263 2846 316 2877 (ll)
339 2847 414 2879 Quod
430 2847 451 2874 si
465 2848 491 2874 in
509 2849 572 2882 alia,
591 2850 671 2884 fugite
684 2851 709 2877 in
724 2850 814 2878 ultum.
837 2850 898 2878 ll.ce
913 2851 995 2878 etiam

957 2781 1004 2808 sed

1059 2537 1155 2563 desunt
1170 2536 1196 2562 in
1211 2535 1290 2562 libris
1307 2535 1398 2567 editis,
1417 2533 1464 2560 sed
1490 2534 1616 2569 leguntur
1635 2535 1663 2562 in
1685 2534 1844 2570 Sangerlta-

1059 2571 1136 2598 neusi
1152 2575 1179 2597 et
1195 2578 1248 2596 uno
1264 2570 1432 2596 Ebroiceu-l.

1094 2605 1150 2641 (45)
1171 2603 1283 2641 Paulus.
1301 2604 1381 2632 Deest
1395 2604 1422 2631 iu
1440 2604 1504 2632 libb.
1524 2604 1616 2637 editis,
1631 2608 1724 2632 exstat
1739 2611 1800 2632 vero
1815 2605 1840 2631 in

1058 2640 1294 2674 Sattgerntattcttsi.

1092 2673 1149 2710 (46)
1171 2673 1396 2710 Farnicationetu,
1427 2674 1471 2708 qui
1498 2674 1615 2709 fugiunt.
1650 2673 1716 2702 Hart:
1740 2681 1839 2710 quoque

1057 2710 1156 2737 desunt
1183 2709 1208 2735 iu
1229 2709 1304 2736 libris
1324 2709 1416 2741 editis,
1442 2711 1489 2736 sel
1512 2709 1642 2744 leguntur
1670 2710 1698 2736 iu
1723 2709 1840 2738 munibus

1059 2744 1261 2778 titatntscriptis.

1094 2779 1151 2815 (47)
1173 2778 1236 2815 Mss.
1267 2779 1409 2815 Saugerm.
1431 2784 1457 2806 ct
1473 2778 1618 2810 Cornelio,
1637 2788 1647 2805 ι
1668 2779 1773 2807 malum
1789 2779 1840 2812 qui-

1061 2813 1131 2846 dem,
1147 2819 1177 2841 ut
1193 2813 1334 2845 interiret,
1346 2813 1447 2840 bonum
1463 2821 1536 2844 vero,
1555 2823 1564 2839 ι
1582 2819 1637 2841 etc.

1095 2851 1150 2884 (is)
1171 2848 1370 2878 Gcntcticensls
1390 2857 1399 2874 t
1422 2850 1447 2877 iu
1461 2849 1587 2883 spiritum
1605 2850 1799 2879 vivificantem.
1818 2859 1827 2876 ι
