1902 3052
51 95 98 122 859
455 115 528 129 -ρ,
555 91 588 118 IN
605 91 735 118 LIBRUM
749 89 832 119 JESU
847 90 941 118 NAVE
954 91 1098 120 llOMlldA
1115 93 1160 121 IX.

1619 98 1671 126 870

51 153 172 180 scribitur
190 161 198 180 :
215 161 224 178 ι
243 152 276 180 Et
289 156 497 187 percusserunt,
520 153 608 188 inquit
619 154 652 183 “²,
674 160 720 180 eos
743 153 769 180 in
785 160 833 179 ore
847 155 869 182 Α
887 154 991 187 rando;
1015 155 1073 181 sive
1096 155 1234 182 civitatem
1253 155 1357 183 Domini
1386 157 1595 192 uniuscujusque
1618 167 1670 187 no-

51 200 135 235 5Iadii,
166 207 307 234 ttsquequo
337 207 391 227 non
420 201 621 235 relinqueretur
649 208 681 226 ex
713 201 753 227 eis
783 200 829 234 qui

52 246 132 273 salvus
148 246 235 277 fieret,
250 253 336 280 neque
351 246 397 280 qui
413 245 573 281 effugeret.»
590 246 653 273 llaec
664 254 726 273 cum
739 246 831 281 legunt

53 287 138 323 Judaei,
155 290 281 318 crudeles
289 291 454 324 efﬁciuntur,
468 298 495 319 et
507 292 654 330 humanum
670 292 829 326 sanguinem

52 337 361 372 sitittttt(49),putantes
382 338 449 373 quia
474 344 502 365 et
526 339 612 365 sancti
636 339 671 365 ita
687 346 830 374 percussc~

52 388 108 410 runt
122 390 169 410 eos
188 383 234 417 qui
250 383 409 411 habitabant
425 384 493 420 llay.
511 389 540 412 ut
556 392 608 412 non
628 385 831 419 relinqueretur

52 430 82 457 ab
97 429 127 456 iis
143 429 187 464 qui
206 429 296 457 salvus
311 429 400 464 ﬁeret,
417 438 506 465 neque
526 431 570 465 qui
596 430 728 466 effugeret
743 439 750 458 :
775 438 829 458 non

51 474 228 509 intelligentes
252 475 281 502 in
303 475 337 503 iis
361 476 451 503 verbis
464 476 623 504 adumbrari
640 477 781 513 mysteria.
803 481 830 505 et

52 519 96 546 hoc
122 519 200 547 nobis
228 521 314 555 magis
335 521 465 554 indicari,
488 523 564 557 qttod
589 530 622 550 ex
653 523 687 550 iis
713 530 828 558 quorum

48 565 126 592 chaos
144 571 184 593 est
201 566 393 600 habitaculum,
409 573 437 595 et
452 568 497 602 qui
513 573 663 603 regnarunt
679 569 705 596 in
719 569 828 604 abysso,

48 611 219 645 damouibus,
248 613 348 640 nullum
371 614 481 648 penitus
510 614 665 650 relinquere
686 615 827 650 debemus,

48 658 91 685 sed
115 666 208 690 omnes
234 659 401 687 interimere.
432 659 618 698 interiminuts
646 665 737 689 autem
771 662 827 690 da:-

49 711 144 735 moncs,
167 713 220 731 non
253 705 338 740 ipsam
366 713 462 733 eorum
486 707 666 734 substantiam
693 707 828 742 perimen-

50 754 85 776 tcs
107 758 114 776 :
133 750 181 777 sed
209 750 271 784 quia
291 758 359 786 opus
385 759 480 779 eorum
502 759 534 778 ac
556 753 673 780 studium
699 753 749 781 hoc
767 759 826 786 est,

51 801 75 822 ttt
88 803 199 830 peccare
211 797 336 824 homines
351 797 466 830 faciam,
479 802 505 825 et
523 799 579 826 luce
591 803 633 826 est
647 799 755 826 illorum
771 800 826 828 vita

47 841 65 867 si
79 848 124 868 nos
135 849 291 876 peccemus.
307 842 365 869 sine
385 843 468 870 dubio
485 843 613 871 interitus
632 852 726 872 eorum
745 851 788 874 est
803 847 826 874 si

47 895 94 913 non
116 894 268 921 peccemus.
289 888 459 916 luterﬂciunt
483 897 548 925 ergo
574 890 742 919 habitatores
767 892 825 928 llay

45 932 125 959 sancti
137 933 249 967 quique,
264 937 292 960 et
308 934 453 969 perimunt,
471 940 498 962 et
516 943 567 962 non
587 936 727 964 dimittunt
740 945 774 964 ex
787 937 827 965 eis

45 978 143 1006 ullum:
160 978 178 1005 ii
196 979 255 1006 sine
267 980 351 1007 dubio
371 980 436 1017 (50)
452 981 496 1016 qui
515 989 575 1009 cum
592 983 666 1010 outni
685 983 826 1019 diligentia

45 1030 148 1052 servant
162 1033 241 1052 suum
256 1033 312 1058 cor,
326 1034 360 1054 ne
377 1027 410 1054 de
424 1034 457 1054 eo
473 1028 654 1063 cogitationes
669 1029 746 1056 malae.
762 1038 826 1065 pro-

45 1069 155 1102 cedant;
173 1070 221 1097 scd
244 1075 271 1098 et
294 1070 340 1105 qui
358 1071 509 1099 observant
530 1079 560 1099 os
578 1079 669 1105 suum,
692 1079 722 1101 ut
736 1074 825 1102 omnis

46 1121 129 1142 sermo
152 1116 242 1143 malus
265 1123 317 1144 non
340 1118 468 1150 procedat
481 1125 513 1144 ex
534 1126 699 1146 orceorum.
714 1119 770 1147 Hoc
784 1125 826 1148 est

27 1168 91 1187 ‘nou
113 1161 268 1196 relinquere
292 1162 376 1189 ullum
403 1163 449 1198 qui
475 1163 597 1199 effugiat,
621 1172 683 1192 cum
707 1174 754 1194 eos
776 1173 825 1194 nec

44 1214 127 1234 sermo
140 1207 238 1243 effugit
257 1208 354 1236 malus.
372 1209 452 1244 Agite
470 1217 535 1244 ergo
558 1216 585 1238 et
610 1219 667 1244 vos,
690 1220 825 1247 pra-pare-

44 1260 98 1280 mus
124 1261 175 1281 nos
199 1255 233 1281 ad
251 1253 406 1289 huiusmodi
432 1255 538 1289 praelia,
561 1258 744 1290 percutiamus
769 1258 825 1294 llay

43 1299 66 1326 in
86 1307 132 1327 ore
154 1300 250 1336 gladii,
273 1306 300 1328 et
322 1302 528 1337 exstinguamus
550 1310 645 1330 omnes
669 1304 824 1333 habitantes

42 1346 132 1380 chaos,
148 1354 246 1374 omnes
270 1347 425 1375 contrarias
451 1348 574 1376 virtutes.
599 1348 706 1376 Utinam
727 1355 754 1377 et
774 1359 824 1386 ego

43 1394 116 1421 modo
131 1394 194 1422 dum
212 1394 309 1429 loquor
329 1394 362 1421 ad
386 1401 434 1422 vos
453 1395 565 1422 verbum
585 1395 644 1426 Dei.
660 1404 707 1422 cor
728 1403 825 1430 pecca-

43 1439 103 1466 toris
119 1440 228 1474 pulsare
246 1439 363 1474 possim!
384 1440 460 1473 Quod
484 1441 507 1467 si
531 1441 632 1474 fecero,
656 1447 758 1468 certum
783 1447 824 1468 est

882 203 967 226 strum
981 200 1098 227 animam
1113 200 1309 236 intelligamus,
1336 210 1397 237 qua:
1419 203 1571 231 aediﬁcatur
1585 212 1599 231 a
1616 206 1669 232 Do-

882 245 956 272 mino
971 253 1003 272 ex
1014 245 1147 281 lapidibus
1156 247 1235 279 vivis,
1254 247 1279 274 id
1297 253 1339 275 est
1357 256 1390 276 ex
1414 248 1562 276 virtutibus
1585 251 1670 278 variis

880 296 908 318 et
939 292 1081 318 tlin-rsis:
1111 292 1144 319 de
1178 293 1235 328 ipsa
1264 301 1372 329 quoque
1411 295 1522 322 civitate
1559 302 1671 323 sanctus

880 337 996 372 quisque
1013 341 1041 364 et
1054 337 1170 373 diligens
1185 338 1260 372 ejicit
1282 345 1442 374 peccatores
1458 350 1465 368 :
1484 341 1510 368 id
1530 346 1571 369 cst
1594 342 1671 377 cogi-

881 383 1000 410 tationes
1025 384 1171 418 pessimae,
1190 389 1217 411 et
1232 385 1398 420 cupiditates
1420 393 1519 420 pravas
1541 387 1671 415 interﬁcit

880 428 938 462 (5‘2)
954 428 979 455 in
995 429 1141 456 matutino.
1163 428 1258 457 Justus
1274 430 1346 457 enim
1367 430 1435 457 dicit
1448 431 1491 458 “z
1509 440 1518 457 ι
1538 431 1567 458 ln
1583 437 1670 458 utatu-

881 474 947 502 tinis
973 474 1127 502 meditabar
1158 475 1231 512 (53)
1260 477 1286 503 in
1308 480 1344 508 te,
1368 477 1431 511 quia
1457 476 1532 504 fuisti
1562 477 1670 512 adiutor

880 528 967 548 meus.
983 529 992 546 ι
1013 520 1089 554 Quod
1109 526 1150 548 est
1173 522 1243 549 istud
1266 523 1443 556 matutinum,
1467 523 1519 551 nisi
1541 524 1670 551 Dominus

881 570 973 593 noster
986 566 1066 594 Iesus
1076 567 1214 600 Christus,
1231 568 1281 602 qni
1293 572 1335 595 est
1351 568 1395 595 lux
1408 577 1483 601 vera,
1499 575 1526 596 et
1540 570 1670 596 exoriens

880 613 906 639 in
928 613 1058 641 cordibus
1083 614 1201 646 nostris,
1226 619 1308 649 atque
1335 615 1491 642 illuminans
1509 615 1671 651 ignorantiae

880 662 979 685 nostrae
996 659 1135 691 tenebras,
1159 663 1186 685 et
1202 659 1357 693 hujusmodi
1374 661 1452 688 nobis
1469 661 1597 696 mysteria
1626 667 1670 687 re-

879 702 985 735 velaus,
1004 704 1070 731 facit
1088 713 1137 732 nos
1158 705 1184 732 iu
1200 705 1302 732 lumine
1321 713 1372 733 suo
1395 705 1484 732 lumen
1508 706 1622 733 ridere?
1641 705 1668 732 Si

879 751 987 784 quando
1008 757 1073 785 ergo
1092 751 1160 785 legis
1188 751 1214 777 in
1242 751 1393 786 Scripturis
1406 753 1508 779 sanctis
1528 752 1664 786 justoruut

879 803 996 830 pugnas,
1019 797 1106 824 credes
1131 805 1163 824 ac
1188 802 1293 832 strages
1313 798 1552 833 interemptorum,
1565 803 1592 826 et
1604 799 1667 834 quia

879 843 964 869 sancti
980 843 1061 870 nullis
1074 844 1183 877 penitus
1197 844 1323 871 hostibus
1336 844 1392 879 (54)
1407 850 1533 879 parcunt,
1546 847 1669 880 quinimo

878 888 940 915 etsi
955 890 1142 924 pepercerim,
1169 891 1290 924 reputari
1317 890 1357 917 eis
1378 890 1404 916 in
1431 896 1582 924 peccaturo,
1597 891 1669 918 sicut

879 941 1036 969 rcpotatum
1059 941 1100 963 est
1117 936 1205 967 Sauli,
1219 934 1266 970 qui
1280 937 1370 964 vivum
1391 943 1578 964 reservaverat
1594 938 1669 973 Agag

877 988 970 1016 regem
984 981 1095 1008 Amalec
1108 981 1141 1013 ⁸⁸,
1160 981 1210 1008 hoc
1224 982 1304 1009 modo
1317 990 1371 1016 quo
1384 989 1466 1017 supra
1482 983 1668 1017 exposuimus.

877 1026 997 1061 iutcllige
1018 1026 1088 1053 bella
1106 1026 1254 1060 justorum,
1267 1027 1330 1063 quia
1344 1027 1401 1054 haec
1424 1027 1493 1054 bella
1518 1028 1552 1055 ab
1567 1028 1607 1055 eis
1620 1029 1669 1055 ad-

876 1081 985 1100 versutn
1012 1078 1154 1108 peccatqu
1171 1078 1313 1108 geruntur.
1335 1074 1476 1107 Quomodo
1496 1079 1587 1101 autem
1609 1083 1669 1101 tua-v

876 1118 1065 1152 nebuutjusti,
1082 1119 1103 1145 si
1121 1118 1161 1146 vel
1178 1127 1272 1154 parum
1286 1118 1387 1153 aliquid
1402 1119 1507 1153 peccati
1523 1119 1548 1145 in
1564 1124 1667 1146 semet-

877 1164 942 1198 ipsis
964 1164 1189 1192 reservaverint!
1214 1165 1247 1191 Et
1269 1165 1329 1191 idco
1357 1164 1458 1191 dicitur
1481 1165 1514 1191 de
1538 1164 1587 1197 eis,
1601 1165 1666 1199 quia

877 1217 930 1236 non
956 1209 1127 1245 reliquerunt
1152 1217 1203 1237 nec
1226 1217 1307 1236 unum
1333 1210 1379 1244 qui
1403 1210 1498 1237 salvus
1524 1210 1611 1241 fieret,
1634 1218 1668 1236 ne

876 1253 1021 1288 eﬂ'ugeret.
1046 1254 1176 1282 Fortasse
1202 1261 1255 1281 non
1277 1254 1343 1281 mihi
1359 1254 1464 1287 credes,
1481 1255 1552 1289 quod
1569 1255 1668 1282 adver—

877 1306 937 1326 sum
965 1304 1106 1333 peccatum
1144 1300 1222 1327 nobis
1255 1299 1406 1334 injungitur
1432 1307 1549 1335 pugna:
1583 1299 1669 1327 Paulo

876 1346 956 1372 crede
981 1346 1082 1373 dicenti
1100 1347 1123 1362 ⁸⁵
1138 1355 1170 1373 :c
1191 1345 1314 1373 Nondum
1342 1354 1426 1380 usque
1450 1347 1483 1373 ad
1509 1347 1667 1381 sanguinem

877 1391 1016 1417 restitistis
1030 1391 1174 1419 adversum
1191 1397 1345 1426 peceatum.
1367 1402 1375 1418 ι
1404 1391 1485 1418 Vides
1501 1392 1549 1419 tibi
1570 1393 1668 1419 adver-

876 1444 934 1463 sum
949 1443 1089 1471 peccatum
1105 1445 1224 1474 pugnam
1243 1439 1370 1473 proponi,
1389 1443 1417 1465 et
1440 1445 1526 1472 usque
1545 1437 1580 1465 ad
1603 1445 1668 1464 san-

41 1484 108 1518 quod
133 1485 226 1520 gladio
249 1485 305 1512 oris
332 1485 383 1511 mei
411 1485 561 1518 percutiam
591 1485 820 1517 fornicationem,
839 1493 858 1521 ρ
877 1483 967 1517 guinis
979 1483 1165 1517 profusionem
1178 1485 1249 1511 istud
1268 1485 1314 1512 tibi
1330 1484 1454 1518 praelium
1471 1491 1666 1511 consumman-

40 1531 185 1562 prrt‘tttinm
208 1530 348 1563 malitiam,
368 1531 513 1565 reprimam
534 1531 664 1563 furorem,
686 1536 712 1558 et
735 1531 757 1558 si
771 1539 823 1566 qua

39 1575 86 1601 alia
105 1581 169 1603 sunt
182 1576 252 1603 mala
270 1576 296 1602 in
315 1583 364 1603 ore
385 1576 479 1611 gladii,
500 1576 525 1604 id
542 1582 583 1604 est
604 1577 659 1604 oris
680 1577 742 1608 mei,
767 1577 823 1604 oris

39 1622 86 1649 mei
100 1629 228 1650 sermone
241 1623 412 1658 exstingualu
428 1622 498 1658 (5i),
516 1627 544 1650 et
560 1630 610 1649 non
627 1623 777 1657 relinquam
792 1631 823 1650 cx

37 1667 73 1695 eis
94 1669 139 1703 qui
169 1669 263 1697 salvus
288 1668 346 1701 liat,
370 1676 458 1703 neque
477 1669 522 1703 qui
548 1668 669 1702 effugiat.
701 1668 729 1696 Si
750 1669 822 1696 enim

38 1721 126 1742 onmes
144 1715 194 1743 ltos
209 1715 301 1742 hostes
318 1719 426 1741 nostros
439 1715 664 1746 exstinxerimus,
684 1719 746 1741 tunc
762 1722 824 1741 tere

38 1760 102 1787 diem
120 1761 220 1789 festum
238 1759 439 1788 celebrabimus
453 1760 520 1793 Deo,
537 1765 562 1788 et
584 1760 704 1788 devictis
725 1761 822 1788 adver-

38 1808 113 1835 sariis
141 1808 201 1836 la-ta
223 1808 397 1835 solemnitate
423 1807 613 1842 gaudebimus.
635 1806 700 1834 'l‘ale
721 1806 823 1842 aliquid

38 1853 97 1880 mihi
123 1854 231 1882 videtur
253 1853 338 1889 418
364 1854 447 1881 etiam
469 1860 484 1880 a
508 1857 606 1880 sancto
631 1852 766 1886 Propheta
794 1851 822 1880 in

37 1898 145 1928 Psalmis
172 1901 324 1936 designari,
347 1900 391 1927 ubi
413 1899 480 1927 dicit
503 1899 538 1926 de
562 1905 592 1925 se
615 1898 654 1930 ⁸³,
687 1898 751 1933 quia
769 1908 778 1924 ς
796 1898 822 1925 in

36 1947 173 1974 matutinis
199 1945 397 1974 interficiebam
426 1952 522 1972 omnes
546 1948 705 1979 peccatores
731 1950 821 1977 lerl‘ﬂ’,

36 1996 62 2017 ut
75 1992 231 2028 disperdam
259 1992 292 2020 de
312 1992 427 2019 civitate
443 1990 551 2018 Domini
575 1997 672 2017 omnes
690 1990 735 2025 qui
758 1998 823 2025 ope-

36 2043 127 2065 rantur
148 2038 335 2073 iniquitatem.
360 2047 370 2064 ι
406 2036 470 2064 Sive
495 2037 567 2063 enim
591 2036 690 2063 civitas
714 2035 822 2062 Domini

35 2083 150 2111 Ecclesia
167 2084 215 2112 Dei
233 2084 350 2112 viventis
365 2083 509 2118 accipitur,
521 2082 635 2116 ejiciuut
649 2082 774 2109 doctores
790 2081 823 2108 de

35 2130 161 2164 Ecclesia,
185 2136 216 2160 et
238 2130 407 2158 interﬁciunt
426 2137 474 2157 eos
489 2130 534 2164 qui
547 2133 696 2163 operantur
721 2128 822 2162 iniqui-

34 2182 123 2210 tatem,
140 2178 296 2206 coutrarios
310 2178 449 2205 daemones
463 2176 692 2210 adversariasque
704 2175 820 2201 virtutes
837 2172 859 2199 Ι)

32 2225 74 2257 qui
92 2230 194 2259 cogunt
217 2224 343 2252 homines
355 2224 387 2250 ad
409 2227 563 2259 peccatum,
581 2221 715 2253 docendo,
743 2221 821 2247 iusti-

33 2270 141 2302 tuendo,
171 2275 201 2297 et
225 2269 362 2297 occultata
387 2268 414 2296 in
436 2268 535 2295 divinis
559 2266 659 2294 litteris
682 2273 716 2293 ett
748 2265 819 2293 locis

33 2318 126 2346 talibus
147 2318 178 2346 in
199 2316 326 2353 qualibus
353 2324 424 2344 nunc
448 2323 561 2348 sumus,
588 2315 720 2351 mysteria
746 2321 820 2341 rese-

64 2388 86 2405 ⁸⁸
99 2388 157 2417 Jos.
173 2396 235 2420 vm,
247 2387 294 2414 22.
329 2387 353 2403 ⁸³
364 2386 436 2415 Psnl.
448 2394 485 2420 CI,
500 2386 527 2414 8.
565 2386 588 2402 ⁸³⁸
604 2385 676 2414 Psal.
690 2392 768 2417 LXIII,
783 2385 811 2417 6,
823 2385 850 2413 'l.

31 2433 39 2459 |
59 2433 122 2469 llcg.
139 2441 221 2467 xvut,
239 2433 282 2460 l7.

63 2503 119 2540 (49)
138 2503 232 2532 Codex
257 2502 400 2538 Saugerm.
423 2511 432 2527 ι
457 2501 563 2529 sitiunt.
585 2509 595 2527 ι
622 2499 701 2527 Libb.
727 2499 791 2526 editi
810 2508 817 2527 :

33 2547 41 2564 ι
57 2544 190 2566 sttietttes.
208 2548 218 2564 ι

43 2574 119 2636 ’(502
139 2574 197 2615 hlss
229 2583 238 2600 I
258 2573 276 2601 ii
300 2572 360 2601 sine
382 2571 473 2599 dubio.
500 2580 510 2597 ›
538 2569 618 2598 Libb.
645 2569 731 2597 editi:
762 2577 772 2595 ι
795 2569 818 2597 si

33 2617 84 2636 Siue
98 2619 105 2636 l
117 2610 192 2636 ubto.
213 2618 222 2635 ι

30 2610 84 2636 sine
98 2610 192 2637 dubio.
213 2618 222 2635 ι
263 2644 273 2645 7
540 2640 545 2645 _
737 2640 747 2645 -
760 2640 766 2645 .

61 2645 118 2685 ςῆι)
137 2645 233 2684 Codex
259 2644 404 2678 Sangerm.
436 2650 446 2668 α
477 2640 660 2675 exstinguatn.
694 2649 704 2666 ι
737 2640 816 2667 Libb.

29 2680 121 2718 editis
137 2680 365 2718 restinguamut'
406 2712 464 2718 Η.-
629 2711 635 2716 _
660 2714 679 2718 ,ν
703 2711 716 2718 ﬂ
738 2710 744 2716 .

60 2715 116 2751 (Ξί)
138 2715 207 2751 Mss.
225 2711 484 2751 (interlicit.gLi_blt.
498 2711 606 2751 editils
629 2711 785 2751 ittterliciet.
806 2718 816 2735 ι

59 2746 117 2786 (55)
139 2750 288 2784 Saugertu.
306 2758 315 2775 ι
333 2747 494 2776 meditabar.
511 2756 520 2772 ι
538 2746 619 2774 Libb.
636 2746 713 2778 editi,
732 2754 743 2771 ι
763 2752 819 2772 tne-

27 2785 139 2814 ditabor.
163 2795 173 2812 ι
330 2819 344 2820 μ
459 2819 463 2820 ν
541 2817 547 2820 Α
604 2817 620 2820 ,,
735 2813 763 2820 ..

22 2850 26 2854 ἢ
60 2813 116 2852 (54)
137 2820 229 2850 Idem,
257 2829 265 2846 ι
293 2819 372 2847 nullis
406 2819 513 2852 penitus
541 2817 673 2845 hostibus.
698 2825 706 2841 ι
735 2813 816 2843 Libb.

876 1529 963 1556 dum?
986 1529 1040 1556 Aut
1067 1538 1120 1557 non
1146 1531 1287 1557 evidenter
1309 1531 1366 1557 haec
1392 1530 1494 1556 imlicat
1522 1529 1664 1564 Scriptura

875 1575 978 1607 divina,
1000 1580 1028 1603 et
1051 1575 1076 1602 in
1094 1575 1126 1602 iis
1148 1577 1174 1602 in
1193 1576 1293 1610 quibus
1316 1576 1400 1602 moris
1415 1580 1456 1602 est
1470 1576 1494 1602 ei
1514 1575 1606 1602 dicere
1621 1575 1665 1602 '7:

877 1631 886 1647 ι
906 1620 1080 1648 Sanctiﬁcate
1090 1621 1206 1654 bellum;
1222 1630 1231 1647 ι
1250 1619 1537 1656 θι,«ἱ)ιιειιιιι›ἱιίε(55)
1549 1628 1666 1655 pugnam

875 1668 980 1695 Domini
997 1668 1008 1695 ?
1023 1677 1033 1694 ι
1055 1667 1125 1701 Quid
1138 1667 1210 1694 enim
1224 1667 1298 1693 aliud
1311 1674 1352 1693 est
1363 1667 1536 1693 sanctiliearc
1551 1666 1662 1698 bellum,

875 1713 928 1740 nisi
946 1714 1116 1747 interemptis
1141 1713 1268 1740 omnibus
1285 1713 1383 1738 animm
1406 1717 1506 1739 nostra!
1527 1712 1663 1744 hostibus,

874 1758 921 1794 qui
934 1764 999 1786 sunt
1015 1759 1080 1785 vitia
1099 1763 1285 1793 peccatorum,
1301 1762 1329 1784 et
1341 1757 1513 1784 ntortilleatis
1534 1757 1665 1784 membris

873 1812 933 1840 quae
950 1810 1012 1832 sunt
1033 1812 1115 1839 super
1133 1809 1234 1831 terram
1252 1810 1334 1838 atque
1349 1804 1476 1831 omnibus
1492 1802 1570 1829 malis
1589 1803 1665 1836 cupi-

873 1851 1005 1878 ditatibus
1041 1850 1205 1885 amputatis,
1236 1848 1304 1876 efﬁci
1333 1853 1456 1875 sanctum
1490 1855 1604 1882 corpore
1637 1854 1664 1874 et

874 1897 982 1932 spiritu,
994 1902 1022 1923 et
1039 1896 1146 1923 fortiter
1169 1895 1312 1923 facientem
1331 1895 1425 1922 venire
1440 1894 1473 1920 ad
1489 1898 1662 1928 conspectum

875 1943 920 1970 Dei
941 1943 1068 1974 viventis.
1085 1947 1112 1969 et
1124 1949 1172 1976 pro
1187 1941 1277 1976 paluta
1299 1941 1421 1968 victoria:
1436 1939 1544 1966 virtutis
1566 1941 1664 1966 merito

874 1988 999 2016 coronari
1022 1996 1036 2015 a
1060 1988 1169 2015 Christo
1190 1986 1254 2015 Jesu
1280 1986 1393 2014 Domino
1416 1985 1530 2014 nostro?
1552 1984 1601 2012 Cui
1622 1989 1664 2012 est

873 2035 957 2070 gloria
974 2039 1001 2062 et
1014 2034 1157 2070 imperium
1176 2033 1202 2060 in
1221 2031 1319 2060 saecula
1336 2032 1509 2058 szeculorum.
1529 2031 1626 2058 Amen.

1163 2078 1305 2106 HOMILIA
1325 2077 1369 2104 IX.

877 2126 913 2153 De
929 2127 1009 2154 almri
1028 2126 1097 2161 quod
1111 2125 1251 2162 gdificuvit
1266 2123 1367 2162 Jews;
1389 2122 1555 2162 ubi‘scripsit
1621 2121 1664 2162 la.—

909 2163 1015 2197 pt'dilms
1026 2157 1084 2195 eius
1099 2160 1156 2193 (56)
1164 2157 1413 2197 'Deuteronontium.
1463 2158 1593 2197 quomodo
1601 2157 1663 2195 {egit

909 2191 977 2224 illud
990 2191 1133 2223 ianitribus
1149 2191 1232 2222 totius
1245 2194 1335 2228 populi
1355 2192 1447 2220 alantis
1468 2201 1493 2218 ιιι
1516 2191 1625 2228 Guriziu
1637 2197 1663 2217 et

909 2231 1013 2260 Cebal:
1033 2237 1057 2258 et
1073 2231 1203 2265 quomoda
1222 2226 1468 2265 (57iconueuerum
1486 2235 1556 2261 reges
1565 2226 1661 2252 Aruer—

910 2268 1042 2294 tlueorum
1063 2267 1190 2293 adversus
1203 2265 1307 2292 luunt.

910 2315 936 2342 1.
959 2313 1140 2348 Posteaquam
1155 2309 1378 2339 subvertitlesus
1389 2308 1457 2344 Hay,
1472 2308 1497 2335 id
1509 2313 1551 2335 est
1565 2314 1660 2340 conos,

897 2384 920 2400 ⁸⁸
934 2384 945 2412 l
961 2382 1028 2417 Reg.
1044 2389 1090 2410 xv.
1136 2380 1159 2397 "
1174 2380 1258 2408 Hebr.
1277 2387 1324 2411 xu,
1346 2379 1374 2407 4.
1411 2378 1432 2394 ⁸⁷
1448 2376 1515 2405 .lnel.
1532 2384 1572 2408 ιιι,
1591 2375 1621 2407 9,
1635 2379 1662 2401 et

872 2497 948 2529 editi,
969 2508 977 2522 ι
998 2495 1063 2523 nulli
1082 2494 1192 2530 penitus
1208 2493 1337 2530 hostium.
1357 2500 1366 2516 ι
1409 2525 1417 2530 _

908 2523 964 2568 (ὅὲ)
984 2531 1067 2568 Idem,
1082 2523 1100 2555 ἰ
1124 2535 1151 2558 et
1173 2527 1337 2564 pugnabitis.
1372 2535 1383 2552 ι
1409 2524 1489 2552 Libb.
1509 2523 1586 2553 editi,
1605 2531 1614 2546 ι
1632 2526 1661 2548 et

871 2566 1070 2610 expit'gnabitlis.
1087 2574 1097 2592 ι

907 2599 965 2637 (56)
984 2601 1074 2637 Codex
1107 2599 1262 2637 Saitgerm._,

873 2647 882 2664 α
907 2626 1142 2664 altarisrivl’aulo
1164 2626 1226 2668 post
1250 2626 1321 2668 idem
1342 2626 1442 2668 ιίιξτηι
1471 2633 1504 2668 (ξιΔ
1521 2626 1659 2668 quomodo

1033 2661 1066 2697 in?
1079 2661 1204 2707 auribus.
1224 2676 1233 2693 ι
1253 2666 1337 2707 Libb.-
1355 2665 1462 2707 editi”
1480 2666 1507 2707 et
1522 2661 1659 2705 quomodo

876 2700 969 2741 relegit
983 2705 1061 2733 .lesus
1079 2703 1317 2731 Deuteronotnium
1332 2702 1357 2728 itt
1372 2700 1527 2741 attribuis-3’.
1581 2739 1588 2741 _
1603 2702 1640 2741 In;

904 2731 1058 2776 (sii't’a’ém‘
1078 2747 1140 2772 ms.,
1172 2747 1181 2764 ι
1211 2743 1238 2766 et
1260 2735 1408 2772 quomodo.
1433 2743 1442 2760 ι
1468 2732 1548 2760 Libb-
1577 2731 1657 2761 οάίιίν

870 2786 880 2803 ι
896 2777 951 2805 ubi.
973 2785 982 2803 ›

1300 2606 1309 2621 ε
1335 2595 1402 2628 eius.
1434 2603 1444 2619 ι
1472 2592 1551 2619 Libb.
1579 2591 1657 2628 editi,
