1896 3052
232 83 281 109 871

963 78 1126 107 ORIGENIS

1815 87 1856 118 £73

233 150 258 171 et
272 149 369 170 omnes
395 141 564 168 habitatores
582 141 642 175 ejus
666 142 777 174 exemit,
798 141 940 176 oportebat
958 150 1019 169 eum
1036 143 1056 171 A
1072 150 1122 177 ego
1147 143 1276 176 arbitror,
1303 145 1374 179 quod
1399 145 1553 180 quicunque
1578 153 1610 173 ex
1636 145 1718 173 vobis
1737 147 1861 180 lapidibus

234 189 345 220 dignum
378 187 485 221 aliquod
522 187 567 213 tali
599 190 729 221 tantaque
765 188 879 214 victoria
912 188 1020 214 excelso

232 235 356 262 omnium
376 234 432 260 Deo
445 233 501 268 (58)
519 241 616 260 munus
642 233 754 260 oﬂ'errc.
772 234 840 267 Quid
866 242 930 270 ergo
947 235 1019 262 istud

233 285 275 307 est
294 280 365 314 quod
385 279 440 313 agit
457 283 516 312 post
530 279 685 310 victoriam,
705 279 866 307 videamus:
889 290 898 306 t
917 281 1019 309 Aﬁdiﬁ-

233 327 314 359 cavit,
330 327 417 360 inquit
431 326 466 359 ³⁸,
482 325 563 353 .lesus
577 327 665 353 altare
687 326 803 354 Domino
818 328 872 354 Deo
888 328 968 355 lsrael
992 330 1018 356 in

233 376 323 398 monte
343 370 437 402 Gcbal,
461 375 488 396 et
515 369 577 397 fecit
602 370 666 396 illud
679 371 748 397 sicut
764 371 893 405 prtecepit
910 371 1017 407 Moyses

232 415 349 442 famulus
365 415 469 442 Domini
485 415 547 442 ﬁliis
567 415 660 442 Israel.
674 416 813 450 Scriptum
826 421 870 444 est
883 422 975 444 autem
992 418 1018 444 in

231 463 290 496 lege
315 461 427 496 Moysis,
443 461 528 488 altare
549 461 604 488 ﬁeri
627 469 662 488 ex
687 460 822 497 lapidibus
842 463 966 498 integris,
991 463 1017 490 iu

229 507 327 541 quibus
342 515 394 533 non
412 511 454 534 est
469 506 597 540 injectum
619 505 733 533 ferrum.
754 516 763 533 ι
785 507 819 534 Et.
838 512 1016 542 posteaquam

230 552 293 578 fecit
316 553 402 579 altare
418 551 505 583 Jcsus,
530 551 684 586 «imposuit
716 552 752 579 ibi
781 552 938 580 holocausta
967 554 1018 581 Do-

230 599 314 629 mino,
331 603 358 625 et
372 598 521 625 immolavit
532 599 700 626 sacriﬁcium
722 598 853 625 salutaris
869 599 926 636 (59)
937 622 943 632 ,
963 610 971 625 ι
990 606 1018 628 et

230 649 289 678 post
307 643 469 671 sacriﬁcium
498 653 507 669 ι
522 645 632 678 scripsit
648 645 674 671 in
696 644 833 679 lapidibus
849 644 930 672 Jesus
949 646 1017 673 Deu-

230 689 420 721 Ieronomium,
446 689 531 724 legem
548 689 645 725 Moysi,
667 696 693 717 et
709 691 822 725 scripsit
847 699 905 718 eam
921 699 1015 718 coram

229 734 292 762 ﬁliis
304 735 384 762 lsrael
402 740 448 763 :et
459 742 553 762 onmes
563 737 686 764 seniores
701 737 795 769 Israel,
811 743 837 765 et
849 738 967 772 judices,
984 743 1010 766 et

227 781 323 808 scriba;-
344 788 437 808 eormu
462 783 650 815 praecedebant
675 782 738 810 hinc
762 787 791 810 et
818 783 893 810 illinc
923 791 1014 810 arcam

228 827 382 854 testamenti
406 826 524 853 Domini.
543 837 552 854 ι
573 827 721 855 Videamus
747 837 812 864 ergo
832 829 896 863 quid
926 831 952 857 in
974 831 1015 859 his

227 876 354 902 omnibus
377 875 522 908 indicetur,
549 880 577 902 et
603 876 667 910 quid
693 883 812 909 prmsens
834 876 916 904 lectio
939 878 1015 905 nobis

227 921 417 948 :ediﬁcationis
431 922 565 955 acquirat.
581 921 684 948 Omnes
704 922 749 956 qui
770 922 796 948 in
814 921 906 949 Jesum
933 923 1015 950 Chri-

227 970 298 992 stum
312 965 458 999 credimus,
470 966 572 1002 lapides
583 967 633 993 vivi
649 974 710 994 esse
722 967 851 999 dicimur,
865 969 1013 996 secundum

226 1011 297 1046 quod
313 1011 453 1045 Scriptura
466 1012 634 1047 pronuntiat,
649 1013 742 1040 dicens
762 1013 785 1029 ⁸³
800 1022 806 1040 :
826 1023 835 1039 ι
853 1014 906 1041 Vos
923 1019 1013 1042 autem

229 1056 296 1083 estis
309 1056 411 1091 lapides
424 1057 489 1090 vivi,
508 1057 636 1084 aediﬁcati
654 1057 750 1085 domus
771 1058 900 1093 spiritalis
922 1059 949 1087 in
971 1067 1014 1086 sa-

225 1102 346 1129 cerdotio
379 1107 491 1136 sancto,
525 1109 555 1130 ut
582 1103 703 1132 oﬁeralis
732 1096 869 1139 spiritales
897 1106 1012 1139 hostias,

224 1148 404 1183 acceptabiles
417 1148 471 1176 Deo
483 1157 531 1183 per
542 1149 635 1177 Jesum
651 1150 804 1178 Christum.
816 1160 825 1176 ι
835 1150 910 1178 Sicut
923 1157 1012 1180 autent

224 1195 251 1220 in
270 1195 327 1221 istis
341 1195 457 1222 terrenis
468 1195 605 1229 Iapldibus
620 1196 761 1223 observari
782 1197 918 1230 novimus,
935 1203 964 1225 ut
981 1199 1007 1226 hi

223 1240 332 1275 quidem
349 1240 453 1275 lapides
470 1241 515 1275 qui
536 1241 683 1269 validiores
703 1247 766 1270 sunt
782 1248 810 1270 et
834 1244 1011 1278 potentiores,

224 1285 304 1319 primi
327 1285 353 1312 in
382 1285 560 1313 fundamenta
576 1286 725 1321 jaciantur,
751 1293 780 1314 ιιι
803 1288 870 1322 ipsis
892 1290 964 1318 credi
986 1296 1013 1318 ct

224 1331 369 1364 superponi
390 1333 476 1366 possit
501 1332 584 1359 totius
599 1333 708 1360 aediﬁcii
731 1335 858 1369 pondus:
880 1335 925 1363 alii
947 1345 1013 1365 vero

224 1377 270 1409 qui
295 1383 439 1411 sequentes
463 1383 538 1410 sunt,
561 1378 587 1405 id
612 1383 654 1406 est
681 1380 760 1413 paulo
781 1380 834 1408 illis
855 1381 1011 1415 inferiores,

227 1422 343 1456 proximi
362 1423 414 1449 illis
437 1423 482 1457 qui
499 1424 525 1451 in
544 1423 720 1451 fundamento
741 1430 814 1458 sunt,
833 1427 1009 1461 ordinentur;

1072 191 1143 217 vivis
1162 191 1216 224 apti
1231 195 1306 223 sunt,
1323 191 1350 218 in
1373 191 1424 218 hoc
1440 192 1568 226 prompti,
1585 196 1615 218 ut
1630 193 1808 219 orationibus
1822 202 1861 219 ιλ-

1072 240 1143 268 cent,
1161 241 1188 262 et
1203 241 1232 262 ut
1246 237 1289 263 die
1301 240 1436 271 noctuque
1450 236 1658 265 obsecmtioues
1669 236 1790 264 (ιΠῖ-ι-ςιιιι
1805 239 1861 267 ιιι-η,

1071 285 1097 306 et
1112 281 1338 315 supplicationum
1359 282 1484 309 victimas
1511 283 1668 317 immolent,
1686 283 1739 318 ipsi
1758 290 1820 310 sunt
1835 292 1861 311 ει

1071 324 1169 359 quibus
1184 324 1263 352 Jesus
1277 326 1394 353 aediﬁcat
1409 327 1504 354 altare.

1105 370 1132 396 Ξ.
1151 370 1202 397 Sed
1218 371 1323 398 iutttere
1347 373 1410 406 quid
1425 371 1513 399 laudis
1537 373 1602 407 ipsis
1619 373 1761 408 lapidibus
1774 375 1863 402 altaris

1069 415 1228 442 ascribitur.
1252 425 1261 441 ι
1278 415 1355 444 Sicut
1378 417 1455 450 dixit,
1477 418 1565 453 inquit
1576 420 1612 451 ”,
1631 419 1778 454 legislator
1796 421 1863 456 .‘lloy—

1070 467 1124 492 ses,
1149 461 1278 488 :cdiﬁeari
1301 461 1387 490 altare
1409 470 1441 490 ex
1460 463 1595 498 lapidibus
1623 464 1746 500 integris
1769 466 1862 500 quibus

1069 506 1171 533 ferrum
1187 515 1240 534 non
1254 512 1296 535 est
1313 508 1452 542 injectum.
1466 518 1475 534 ι
1497 509 1547 542 Qui
1564 515 1646 544 putas
1659 516 1726 538 sunt
1742 512 1786 538 isti
1804 512 1863 539 inle-

1068 552 1244 590 grilapitles?
1267 553 1347 581 Novit
1371 554 1582 589 uniuscujusque
1608 556 1782 583 conscientia
1808 558 1862 591 quis

1068 597 1103 623 sit
1121 597 1233 632 integer,
1248 599 1308 633 quis
1322 599 1358 626 sit
1375 600 1558 634 incorruptus,
1577 600 1753 635 impollutus,
1772 601 1862 630 imma-

1068 643 1173 670 culatus
1187 644 1213 670 in
1230 652 1313 672 carne
1327 649 1354 672 et
1376 645 1401 672 in
1415 645 1512 679 spiritu
1529 654 1536 673 :
1553 646 1615 680 quis
1633 647 1671 673 sit
1690 647 1794 683 ille_cui
1813 648 1862 675 fer»

1068 698 1126 717 rum
1153 690 1282 725 injectum
1309 699 1362 718 non
1385 697 1437 723 est,
1462 692 1487 718 id
1515 696 1557 719 est
1572 692 1619 727 qui
1641 693 1738 727 jacula
1754 694 1861 730 maligni

1068 735 1151 770 ignita
1167 736 1395 770 concupiscentia:
1412 743 1463 762 non
1481 736 1592 770 recepit,
1617 736 1667 762 διιὰ
1689 742 1772 764 scuto
1786 745 1818 764 ea
1834 738 1862 764 li-

1068 782 1110 808 tlci
1125 782 1259 808 exstinxit
1275 787 1302 809 et
1316 782 1414 816 repulit
1431 791 1437 808 :
1455 782 1497 808 vel
1521 782 1584 816 quis
1599 787 1643 810 est
1667 782 1724 814 ille,
1744 783 1792 817 qui
1811 783 1862 810 fer-

1068 837 1126 856 rum
1146 836 1252 864 pugnaa,
1279 829 1378 855 ferrum
1403 829 1478 860 belli,
1496 829 1598 856 ferrum
1615 829 1706 856 litium
1724 837 1863 864 nunquam

1069 876 1178 909 recepit,
1194 875 1240 902 sed
1271 882 1378 909 semper
1403 875 1531 910 paciﬁcus
1545 874 1607 907 fuit,
1630 882 1744 908 semper
1758 875 1864 909 quit-tus

1066 925 1093 947 ct
1108 921 1192 952 mitis,
1217 928 1249 947 ex
1267 920 1371 948 Christi
1398 921 1549 947 humilitate
1573 920 1710 947 formatus
1727 920 1800 954 (65).
1822 919 1863 946 lsti

1066 971 1128 993 sunt
1148 974 1212 999 ergo
1237 966 1339 1000 lapides
1354 966 1419 998 vivi,
1448 973 1481 993 ex
1508 965 1607 1001 quibus
1631 966 1717 993 Jcsus
1737 966 1864 993 Dominus

1066 1008 1158 1039 noster
1175 1012 1261 1039 altare
1277 1012 1428 1039 construxit
1452 1019 1484 1038 ex
1501 1011 1636 1046 lapidibus
1653 1012 1784 1046 integris,
1810 1012 1865 1046 qui-

1065 1057 1115 1084 bus
1132 1056 1236 1083 ferrum
1253 1063 1306 1084 non
1322 1061 1365 1083 est
1389 1056 1529 1090 injectum,
1557 1061 1587 1083 ut
1601 1056 1702 1083 oll'erat
1720 1064 1810 1091 super
1823 1065 1861 1083 eos

1067 1103 1224 1130 holocausta
1247 1107 1274 1130 et
1297 1102 1460 1130 sacriﬁciqu
1487 1102 1593 1131 salutis.
1616 1103 1675 1137 Ego
1695 1109 1765 1138 puto
1795 1104 1862 1138 quod

1065 1147 1135 1174 forte
1151 1147 1194 1174 isti
1214 1147 1281 1174 tales
1296 1147 1398 1182 lapides
1409 1148 1506 1183 integri
1519 1152 1546 1175 et
1560 1147 1790 1180 incontaminati,
1804 1156 1865 1175 san-

1064 1193 1100 1220 cti
1117 1193 1234 1227 apostoli
1252 1200 1311 1220 csse
1328 1194 1443 1228 possint,
1470 1201 1565 1221 omnes
1578 1194 1659 1221 simul
1675 1194 1769 1222 altare
1782 1202 1863 1221 unum

1065 1237 1196 1265 facientes
1210 1243 1325 1274 propter
1347 1239 1554 1266 nnanimitatem
1572 1245 1654 1273 atque
1670 1239 1862 1267 concordiam.

1065 1282 1109 1309 Sic
1126 1284 1198 1309 enim
1214 1283 1370 1310 referuntur
1384 1291 1480 1311 omnes
1500 1284 1578 1310 simul
1596 1284 1772 1311 unanimiter
1787 1292 1863 1311 oran-

1064 1332 1114 1361 tes,
1130 1333 1156 1355 et
1170 1329 1324 1363 aperientes
1338 1336 1368 1357 os
1382 1337 1458 1357 suum
1472 1330 1572 1357 dixisse
1582 1329 1605 1345 "
1622 1339 1629 1356 :
1647 1339 1656 1355 ι
1670 1330 1726 1363 Τιι,
1741 1330 1860 1361 Domine,

1064 1375 1110 1409 qui
1135 1375 1215 1402 corda
1232 1375 1353 1402 omnium
1380 1376 1462 1402 nosti.
1476 1385 1486 1402 ι
1518 1376 1564 1403 Isti
1580 1383 1646 1410 ergo
1671 1377 1720 1409 qui
1738 1380 1859 1411 poterant

1063 1421 1216 1452 unanimes,
1242 1429 1293 1447 una
1310 1428 1376 1448 voce
1402 1427 1483 1455 atque
1503 1429 1556 1449 uno
1580 1423 1682 1456 spiritu
1704 1430 1800 1454 orare,
1816 1423 1860 1456 ipsi

223 1467 270 1501 qui
297 1474 361 1494 vero
390 1468 449 1502 plus
477 1469 624 1496 inferiores
646 1473 720 1503 sum.
749 1470 827 1504 paulo
847 1473 973 1506 superius
996 1481 1010 1499 ει
1026 1485 1047 1514 c
1066 1465 1179 1492 fortasse
1200 1465 1271 1500 digni
1288 1470 1351 1492 sunt
1365 1466 1410 1500 qui
1431 1467 1551 1514 debeant
1562 1474 1659 1494 omnes
1677 1468 1765 1494 simul
1780 1476 1857 1494 unum

225 1513 425 1547 fundamentis;
442 1519 498 1541 tum
513 1514 610 1542 deinde
625 1515 652 1542 in
671 1517 877 1551 comparatione
892 1518 1011 1553 lapidum

223 1559 269 1593 qui
302 1560 466 1588 inﬁrmiores
494 1567 566 1593 sunt,
594 1562 620 1589 in
649 1564 849 1597 superioribus,
878 1570 906 1592 et
928 1573 1013 1600 prope

224 1603 280 1636 ipsa
301 1603 357 1638 jam
380 1605 442 1631 tecti
468 1604 577 1640 fastigia
596 1607 785 1641 collocentur;
813 1609 851 1636 ita
878 1617 950 1637 nunc
971 1611 1013 1638 in-

225 1646 314 1681 Iellige
329 1648 411 1674 etiam
427 1649 460 1675 de
478 1649 615 1684 lapidibus
628 1651 697 1678 vivis
710 1659 770 1679 esse
787 1653 895 1688 aliquos
907 1654 933 1681 in
950 1654 1012 1682 futi-

221 1694 358 1720 damentis
366 1693 446 1728 hujus
455 1695 588 1729 spiritalis
599 1696 718 1724 :cdiﬁcii.
733 1698 783 1730 Qui
794 1704 885 1726 autent
896 1706 959 1727 sunt
967 1701 1010 1728 isti

221 1739 267 1772 qui
294 1740 319 1766 in
347 1739 531 1768 fundamentis
546 1741 715 1769 collocantur
737 1744 749 1770 ’ὲ
767 1744 888 1778 Apostoli
906 1751 934 1772 et
947 1754 1011 1780 pro—

221 1785 319 1819 phetat.
336 1784 381 1812 Sic
401 1786 473 1812 enim
489 1786 555 1813 dicit
574 1786 684 1820 Paulus,
700 1788 759 1816 haec
775 1789 833 1824 ipse
847 1790 948 1818 docens
962 1792 984 1807 '°
1002 1801 1008 1819 :

224 1839 233 1856 ι
251 1830 404 1863 (Εάἱιίυςιιί,
430 1832 534 1867 inquit,
565 1841 648 1868 supra
671 1834 877 1863 fundamentum
902 1843 1011 1872 aposto-

221 1876 308 1903 lorum
327 1881 353 1903 et
369 1877 575 1912 prophetarum,
604 1879 663 1914 ipso
682 1888 790 1908 summo
811 1883 934 1916 angulari
955 1883 1011 1919 (60)

218 1923 302 1959 419
317 1924 406 1958 lapide
429 1924 538 1951 Christo
553 1924 617 1952 Jesu
636 1925 750 1954 Domino
766 1932 868 1955 nostro.
880 1938 889 1954 ι
913 1928 947 1956 Ut
961 1937 1010 1956 au-

221 1974 274 1994 lem
289 1969 483 2003 promptiorem
502 1974 528 1996 te
547 1977 692 2004 pmpares,
708 1978 725 1998 ο
740 1972 861 2005 auditor,
881 1973 915 2000 ad
933 1973 1011 2007 hujus

219 2014 328 2041 aediﬁcii
344 2016 588 2048 constructionem,
613 2021 642 2042 ut
667 2016 733 2051 lapis
748 2017 846 2052 aliquis
863 2018 1010 2045 inveniaris

221 2060 335 2086 vicinior
347 2060 536 2095 fundamento,
554 2062 627 2089 disce
641 2063 701 2096 quia
714 2067 740 2089 ct
756 2062 812 2096 ipse
824 2063 947 2091 Christus
961 2065 1011 2091 lm-

217 2106 260 2139 jus
271 2106 343 2140 quod
356 2114 428 2134 nunc
439 2108 632 2142 descripsimus
646 2109 713 2143 (ﬁl),
728 2109 833 2136 mdiﬁcii
846 2109 1008 2137 fundamen-

1064 1511 1149 1538 altare
1165 1515 1333 1544 construere,
1357 1519 1438 1546 super
1451 1513 1521 1546 quod
1539 1511 1619 1539 Jesus
1635 1514 1811 1541 sacriﬁcium
1823 1514 1859 1540 oi-

1065 1558 1131 1584 ierat
1147 1557 1233 1584 Patri.
1255 1557 1356 1584 Tamen
1373 1561 1399 1584 el
1427 1562 1625 1586 uostentemus
1647 1560 1716 1586 dare
1739 1568 1860 1594 operam,

1063 1606 1092 1628 ut
1102 1602 1195 1628 eadem
1207 1602 1329 1629 dicamus
1342 1608 1436 1628 omnes
1450 1602 1616 1630 unanimiter
1629 1603 1688 1639 (64)
1702 1612 1791 1632 unum
1804 1613 1860 1632 sen-

1064 1647 1164 1674 tienles
1184 1656 1191 1674 :
1209 1647 1275 1674 nihil
1288 1655 1336 1682 per
1347 1649 1563 1680 contentionem,
1584 1657 1674 1683 neque
1690 1658 1742 1683 per
1758 1652 1859 1678 inanem

1063 1689 1175 1723 gloriam
1188 1696 1324 1725 gerentes,
1338 1692 1385 1718 sed
1403 1692 1429 1718 in
1445 1699 1498 1718 ttno
1512 1700 1606 1726 sensu,
1619 1699 1705 1728 atque
1725 1695 1755 1722 in
1768 1697 1858 1723 eadem

1064 1737 1200 1763 sententia
1215 1741 1417 1771 permanentes,
1436 1738 1459 1765 si
1471 1737 1540 1766 forte
1552 1741 1692 1773 possimus
1711 1743 1799 1769 etiam
1817 1750 1859 1768 nos

1063 1782 1117 1815 apti
1135 1781 1202 1808 elliei
1226 1782 1329 1817 lapides
1345 1783 1379 1809 ad
1405 1784 1504 1811 altare.
1526 1784 1584 1811 Non
1599 1786 1675 1812 enim
1694 1787 1801 1814 deserit
1816 1795 1858 1814 nos

1062 1826 1140 1854 .lesus
1157 1827 1285 1855 Dominus
1303 1833 1395 1856 noster
1414 1838 1420 1858 :
1447 1830 1494 1856 sed
1514 1831 1640 1864 quamvis
1661 1840 1712 1859 nos
1729 1838 1858 1860 vacantes

1062 1872 1190 1904 orationi,
1208 1881 1217 1897 ι
1231 1873 1294 1906 quid
1308 1881 1419 1901 oremus
1432 1875 1581 1901 secundum
1598 1877 1673 1910 quod
1690 1883 1806 1911 oportet
1818 1885 1858 1904 oc-

1062 1918 1192 1951 sciamus,
1219 1918 1276 1952 ipse
1291 1923 1378 1946 tamen
1399 1919 1512 1954 spiritus
1527 1920 1688 1955 interpellat
1715 1930 1770 1956 pro
1785 1924 1858 1950 nobis

1062 1963 1208 1998 gemitibus
1223 1963 1450 1991 inenarrabilibus
1460 1965 1494 1992 ’⁵.
1508 1974 1517 1991 ι
1539 1965 1673 1993 Dominus
1698 1975 1795 1995 autem
1809 1970 1857 2004 spi-

1063 2010 1130 2036 ritus
1143 2013 1194 2035 est.
1216 2008 1244 2035 Si
1271 2015 1337 2043 ergo
1361 2009 1502 2037 orationes
1525 2017 1636 2038 nostras
1653 2012 1777 2046 spiritus
1790 2014 1856 2047 adiuv

1062 2058 1117 2086 vet,
1134 2058 1161 2081 et
1174 2053 1270 2081 oﬂ‘erat
1282 2061 1329 2081 eas
1342 2053 1415 2080 Patri
1428 2054 1549 2082 omnium
1565 2056 1620 2083 Deo
1637 2058 1792 2091 gemitibus
1803 2059 1858 2094 qui-

1062 2100 1112 2127 bus
1126 2107 1174 2126 nos
1190 2099 1328 2133 explicare
1349 2106 1401 2126 non
1426 2107 1580 2134 possumus,
1598 2107 1708 2129 certum
1735 2110 1779 2131 est
1797 2107 1856 2139 quia

219 2157 276 2179 tum
288 2156 339 2180 est.
360 2151 406 2179 Sic
423 2153 494 2180 enim
519 2154 585 2180 dicit
609 2155 749 2189 apostolus
774 2154 907 2183 Paulus"
925 2155 980 2191 (62)
999 2165 1004 2183 :

1114 2145 1207 2172 altaris
1230 2145 1461 2172 constructionem
1486 2146 1602 2174 sollicite
1617 2148 1748 2182 requirat
1772 2157 1787 2176 a
1813 2158 1859 2176 uo-

221 2207 230 2222 ι
246 2198 460 2226 Fundamentum
487 2200 558 2226 enim
582 2200 654 2226 aliud
680 2208 759 2227 nemo
783 2205 872 2235 potest
895 2208 1007 2235 ponere,

218 2249 316 2278 prteter
329 2244 356 2271 id
369 2244 439 2278 quod
451 2245 568 2279 positum
577 2250 626 2277 est,
634 2246 705 2280 quod
713 2251 754 2273 est
766 2246 889 2273 Christus
899 2246 1004 2274 Jesus.»

218 2289 291 2316 Beati
307 2297 372 2324 ergo
387 2291 432 2324 qui
449 2297 529 2325 supra
542 2291 612 2318 istud
629 2296 682 2318 tam
696 2292 785 2319 nobile
800 2292 1005 2320 fundamentum

215 2336 328 2363 :ediﬁcia
354 2337 479 2371 religiosa
503 2342 530 2364 et
553 2343 646 2365 saneta
672 2339 883 2365 construxerint.
905 2339 958 2366 Sed
976 2339 1002 2366 in

217 2381 267 2408 hoc
279 2381 393 2409 aediﬁcio
410 2382 536 2410 Ecclesiae
558 2388 665 2417 oportet
690 2391 749 2411 esse
765 2388 792 2411 et
807 2384 903 2412 altare.
924 2383 1002 2412 Unde

250 2438 274 2475 ε’
287 2438 344 2465 .los.
359 2446 417 2475 vin,
429 2438 488 2475 50,_
498 2439 545 2472 51,
563 2440 607 2472 52,
627 2441 672 2466 55.
729 2440 751 2456 ⁸9
765 2440 774 2467 ι
788 2440 847 2468 Pet.
862 2449 893 2475 tt,
913 2441 942 2469 5.

214 2474 236 2489 "
249 2474 308 2501 Act.
323 2481 341 2507 ι,
355 2473 402 2501 24.
441 2474 464 2489 ’δ
474 2473 553 2502 Rom.
565 2483 625 2508 vut,
636 2475 680 2503 26.

249 2544 304 2579 (58)
325 2544 389 2571 Deo.
405 2545 485 2572 Deest
500 2545 527 2572 in
544 2545 621 2574 libris
637 2552 716 2574 antea
734 2547 824 2579 editis,
842 2548 888 2575 sed
902 2552 992 2575 exstat

214 2579 240 2606 in
255 2580 456 2617 nuntiusoriptis.
471 2580 553 2617 Paulo
566 2586 623 2615 post
634 2583 719 2609 codex
736 2582 993 2617 S:utgerntaneusis,

216 2623 224 2639 I
239 2615 311 2649 quod
327 2615 365 2641 ait
378 2620 438 2649 post
450 2615 605 2642 victoriam.
625 2626 634 2642 ι

216 2680 232 2687 ,Α
247 2648 309 2687 (ᾆξ’)
325 2649 415 2687 Codex
436 2651 690 2687 sangermauensis,
717 2660 726 2678 ι
752 2651 858 2680 salutis.
878 2661 888 2678 ι
905 2653 992 2687 Atque

216 2683 250 2707 ita
267 2683 348 2709 habet
361 2683 570 2714 Gemeticeitsis'.

247 2717 302 2757 (60)
320 2717 456 2757 Cerne-tie.»
470 2725 497 2747 et
509 2721 561 2757 duo
578 2721 699 2757 Ebroic.,
716 2730 725 2747 ι
745 2722 803 2757 ipso
820 2730 927 2750 summo
947 2730 994 2749 an-

213 2752 336 2788 gulum.)
356 2753 381 2778 lu
398 2754 472 2782 libris
488 2755 569 2782 editis
583 2756 668 2788 deest,
686 2765 695 2782 ι
719 2752 837 2784 summo.
854 2768 863 2783 ι

247 2784 302 2820 (GI)
315 2785 381 2814 Cod.
397 2788 491 2823 Sang,
509 2799 517 2815 ι
531 2784 744 2819 (ΣΙιιίςιιιεἹθειιε
766 2800 844 2826 quem
863 2799 934 2819 mtnc
949 2792 995 2819 (le.

991 2442 1014 2457 ὀ
1042 2441 1141 2476 Ephcs.
1163 2447 1193 2471 Il,
1216 2439 1261 2466 (ΞΟ.

1061 2191 1114 2218 bis.

1094 2238 1120 2265 5.
1137 2237 1189 2264 Sed
1205 2237 1321 2264 nomlum
1337 2237 1432 2272 plenus
1448 2237 1542 2264 altaris
1555 2243 1671 2265 ornatus
1689 2244 1744 2272 est,
1762 2241 1860 2267 etiam-

1059 2283 1081 2310 si
1099 2291 1131 2310 ex
1150 2283 1262 2318 integris
1278 2283 1410 2318 lapidibus
1422 2288 1608 2316 construatur,
1626 2285 1739 2312 etiamsi
1754 2286 1858 2314 ferrum

1056 2329 1097 2356 eis
1122 2333 1148 2355 ct
1172 2328 1290 2362 jaculum
1317 2329 1425 2363 maligni
1452 2337 1503 2357 non
1533 2330 1691 2356 inveniatur
1709 2331 1856 2365 injectum,

1058 2375 1104 2402 sed
1133 2375 1221 2401 adhuc
1248 2375 1325 2401 deest
1346 2374 1455 2409 aliquid,
1482 2379 1509 2401 et
1534 2375 1623 2402 adlutc
1651 2381 1695 2403 est
1720 2378 1797 2411 quod
1820 2379 1860 2408 his

1313 2438 1430 2467 "lCor.
1450 2441 1551 2473 11],“.
1607 2442 1631 2457 ν’
1646 2441 1704 2470 Jos.
1724 2451 1785 2476 vui,
1807 2443 1853 2470 5|.

1050 2545 1240 2585 ⁵ε¹“ῖ.1ὶδίίῖἶ¹¹⁵·,’
1295 2579 1312 2585 κ
1365 2578 1395 2585 ..

1081 2578 1137 2615 (6‘2)
1155 2579 1268 2606 Paulus.
1294 2579 1374 2607 Deest
1388 2578 1414 2606 in
1433 2578 1510 2606 libris
1525 2579 1618 2612 editis,
1649 2580 1702 2608 sed
1717 2585 1812 2609 exstat
1828 2582 1852 2609 iu

1043 2616 1170 2644 munibus
1189 2622 1255 2641 mss.

1081 2651 1136 2685 (63)
1149 2649 1239 2677 Codex
1258 2649 1504 2685 Sangermaneusis
1520 2656 1584 2676 eum
1602 2658 1660 2677 uno
1677 2650 1851 2681 Ebroicensi,

1046 2696 1056 2712 ι
1068 2683 1100 2713 ex
1117 2684 1217 2712 Christi
1236 2684 1388 2710 humilitate
1407 2683 1549 2711 formatus.
1565 2693 1574 2708 ι
1598 2686 1680 2712 Alter
1700 2687 1852 2714 Ettroieen-

1044 2722 1093 2753 sis,
1112 2729 1121 2745 ι
1132 2724 1159 2746 et
1173 2719 1273 2746 Chriin
1292 2718 1443 2745 humilitate
1460 2719 1636 2747 informatus.
1651 2730 1660 2746 ι
1678 2721 1760 2749 Lihb.
1775 2720 1850 2751 editi,

1049 2765 1058 2781 ι
1071 2761 1097 2783 et
1112 2754 1211 2781 Christi
1229 2753 1374 2780 humilitati
1391 2754 1592 2780 conformatus.
1612 2764 1620 2779 ι

1082 2790 1137 2826 (ﬁt)
1152 2790 1241 2817 Codex
1261 2788 1415 2823 Sangertu.,
1433 2798 1441 2814 ι
1453 2789 1607 2816 unanimes.
1623 2799 1633 2815 ι
