1896 3052
55 146 115 173 8⁸13

56 205 191 232 munibus
206 204 318 239 adjiciat
334 204 422 231 Iesus.
450 203 520 237 Quid
543 203 610 230 illud
624 204 687 231 est?
708 213 716 228 ι
729 203 855 238 Scripsit,

58 250 201 285 inquit",
229 249 309 277 Jesus
333 257 414 284 super
438 249 541 283 lapides
564 249 659 275 altaris
685 248 851 275 Deuterouo-

54 297 157 328 mium,
186 295 272 330 legem
297 295 391 328 Mosei,
409 299 436 322 et
451 294 559 329 scripsit
575 301 635 321 eam
661 294 686 321 in
705 299 854 328 conspectu

55 343 181 369 ﬁliorum
197 341 292 368 Israel.
307 351 316 368 ι
340 340 486 375 Scripserit
498 339 634 374 quomodo
656 340 774 373 potuerit
791 344 855 366 tunc

55 389 134 416 ﬁlius
150 388 225 416 Nave
248 396 330 423 super
348 387 450 422 lapides
467 386 561 413 altaris
579 386 664 421 legem
690 386 853 418 describere,

54 439 86 461 et
103 439 188 469 prout
201 433 285 460 valuit
301 431 502 459 adumbravcrit
519 435 607 466 typos,
621 437 670 457 nos
690 430 797 457 interim
813 431 856 456 vi-

51 481 172 507 deanms
185 478 319 513 quomodo
345 483 436 504 uoster
448 476 527 504 .Iosas
543 477 569 503 in
592 476 732 510 lapidibus
744 477 815 503 vivis
827 481 855 503 et

54 526 174 559 integris
186 525 297 558 scripsit
312 524 563 554 Deuterouomium,
582 522 651 556 quod
662 522 740 557 quasi
757 529 855 548 secun-

53 573 90 598 da
110 571 247 605 legislatio
272 571 381 597 dicitur.
404 571 433 597 Si
450 577 515 604 ergo
539 570 579 596 vis
598 569 690 596 videre
716 569 853 603 quomodo

53 617 148 650 prima
165 616 223 651 lege
238 615 372 642 inﬁrmata
386 615 534 642 secundam
551 614 635 648 legetu
649 615 751 641 scribat
762 613 852 641 Iesus,

52 663 121 689 andi
139 670 200 688 eum
226 662 252 688 in
268 661 421 696 Evangeliis
438 661 572 688 dicentem
585 662 609 677 “
630 670 637 688 :
668 669 676 686 ι
695 659 799 687 Dictum
813 665 854 687 cst

53 709 182 741 antiquis
198 717 203 734 :
224 707 280 734 Non
295 708 413 734 occides.
434 707 489 742 Ego
506 712 595 734 autem
610 707 672 733 dico
684 706 773 738 vobis,
790 706 852 741 quia

54 755 153 780 omnis
168 753 214 788 qui
230 753 358 780 irascitur
382 753 458 780 fratri
476 760 537 785 suo,
556 752 693 780 homicida
717 756 768 779 est.
783 761 791 777 I
821 752 854 779 Et

53 800 158 826 iterum
169 799 193 814 "
208 807 215 826 :
235 808 245 824 ι
260 799 362 825 Dictum
376 803 417 826 est.
429 799 549 834 antiquis
568 807 575 825 :
590 797 649 825 Non
662 798 852 826 mcechaberis.

53 845 115 879 Ego
130 850 223 872 autem
243 845 303 872 dico
327 845 415 876 vobis,
435 844 464 873 Si
476 845 537 879 quis
553 844 691 879 aspexerit
709 844 851 872 mulierem

50 892 88 917 ad
117 891 367 926 concupiscendatu
392 897 464 921 eam,
487 890 543 925 jam
561 890 713 918 moechatus
727 896 768 918 est
791 899 852 927 eam

51 937 82 964 in
101 937 186 964 corde
210 944 269 965 suo.
286 945 295 962 ι
319 936 350 963 Et
361 937 385 954 ν’
401 946 407 962 ι
424 945 433 962 ε
446 936 551 963 Dictutn
573 941 616 964 est
636 936 755 971 antiquis
771 946 778 968 ι
796 937 853 964 Νοιι

50 982 223 1017 perjurabis.
250 982 304 1016 Ego
321 987 411 1008 atttem
439 981 499 1008 dico
522 982 601 1008 vobis
623 990 630 1007 :
653 981 742 1008 Nolite
759 981 854 1016 jurarc

49 1017 202 1053 munitio.»
222 1026 302 1053 \‘ides
318 1026 557 1053 Deuteronontiutu
584 1026 656 1060 quod
676 1026 787 1061 scripsit
806 1026 851 1053 Je-

53 1082 106 1100 sns
126 1074 153 1100 in
179 1072 314 1107 lapidibus
327 1073 396 1098 vivis
407 1077 435 1098 et
446 1071 569 1106 integris,
593 1079 644 1098 non
661 1071 687 1098 in
701 1072 799 1099 tabulis
814 1072 853 1098 la-

49 1120 156 1154 pideis,
181 1119 228 1145 sed
255 1119 281 1146 in
299 1119 399 1146 tabulis
415 1119 506 1146 cordis
522 1119 688 1151 carnalibus,
704 1127 756 1146 non
781 1124 853 1146 atra-

52 1169 162 1196 mento,
182 1165 228 1191 scd
242 1164 346 1200 Spiritu
364 1165 410 1192 Dei
427 1165 478 1192 vivi
491 1165 523 1192 ".
536 1166 564 1192 Si
579 1171 668 1194 autem
683 1167 723 1193 vis
738 1167 852 1194 eviden-

51 1211 110 1238 tius
135 1217 262 1242 noscere,
291 1211 316 1237 in
332 1211 430 1245 quibus
458 1211 589 1239 cordibus
609 1211 687 1239 Jesus
708 1212 853 1246 scripserit

48 1257 156 1292 legem,
178 1262 206 1284 et
231 1256 256 1284 in
281 1257 378 1291 quibus
392 1265 444 1283 non
460 1257 613 1292 scripserit,
627 1258 708 1284 etiam
730 1257 782 1284 hoc
804 1257 852 1284 tibi

49 1311 87 1330 ex
105 1303 314 1338 Scripturarum
339 1303 503 1330 auctoritate
517 1303 693 1337 patefaciant,
708 1308 736 1330 ιιι
753 1310 853 1331 conso-

47 1350 188 1377 lationem
204 1349 295 1383 capias
311 1354 337 1375 tu
352 1348 400 1383 qui
418 1356 452 1376 ex
466 1348 594 1383 gentibus
608 1353 718 1376 vocatus
733 1355 774 1382 es,
803 1357 853 1377 nec

49 1396 183 1425 verearis
196 1403 289 1423 eorum
304 1395 476 1429 iactantiam,
497 1394 544 1429 qui
559 1395 645 1429 legem
657 1394 740 1422 Mosei
755 1395 853 1422 tabulis

49 1443 97 1470 vel
111 1442 246 1469 chartulis
259 1442 389 1476 scriptam
404 1449 433 1469 se
448 1442 588 1476 accepisse
607 1441 767 1476 gloriantur.
784 1441 851 1468 Audi

46 1496 121 1525 ergo
136 1489 163 1515 in
179 1495 294 1522 quorum
318 1488 446 1515 cordibus
461 1487 592 1515 Dominus
614 1487 692 1514 Jesus
712 1488 853 1522 scripserit

49 1535 157 1570 legem.
184 1533 285 1560 Paulus
309 1533 395 1560 dicitl
411 1542 418 1560 :
438 1542 447 1558 ι
460 1533 526 1560 Cum
543 1533 615 1560 enim
629 1537 722 1567 gentes
735 1541 796 1567 qua:
812 1533 850 1560 Ie-
865 1553 887 1581 ο

46 1589 115 1616 gen:
131 1588 186 1618 non
202 1580 314 1611 habent,
328 1579 488 1606 naturaliter
505 1587 565 1614 qua:
579 1579 646 1614 legis
659 1584 722 1606 sunt
737 1578 851 1612 faciunt,

49 1625 212 1659 huiusmodi
230 1632 282 1651 non
306 1624 439 1650 habentes
461 1623 559 1658 legem,
584 1624 633 1658 ipsi
654 1624 703 1651 sibi
720 1629 782 1651 sunt
797 1624 851 1651 lex.

47 1671 103 1704 Qui
116 1671 266 1698 ostendunt
279 1677 347 1705 opus
363 1669 431 1703 legis
444 1670 574 1704 scriptum
589 1670 614 1696 in
641 1671 769 1697 cordibus
783 1670 851 1702 suis,

49 1717 242 1746 testimonium
259 1716 386 1744 reddente
401 1716 440 1743 eis
458 1715 637 1743 conscientia.
650 1725 659 1742 ›
681 1716 708 1743 Si
726 1723 792 1751 ergo
812 1717 849 1743 vi-

48 1765 120 1791 deas
135 1766 230 1798 gentes
245 1763 278 1789 ad
295 1761 387 1789 Jesum
403 1761 499 1788 venire
515 1765 544 1788 et
566 1761 679 1788 credere
693 1761 728 1793 ci,
741 1765 770 1788 et
782 1768 851 1796 opus

48 1810 121 1844 legis
139 1809 264 1843 implere,
286 1809 357 1842 quod
375 1807 412 1834 illi
433 1807 478 1842 qui
505 1807 590 1842 legem
607 1812 781 1841 acceperant,
799 1807 851 1834 im-

47 1857 130 1891 plere
145 1862 198 1880 non
221 1857 344 1888 possunt,
373 1860 426 1878 non
444 1851 552 1879 dubites
569 1852 601 1878 de
616 1852 656 1878 eis
670 1852 771 1884 dicere,
785 1852 848 1887 quia

48 1900 135 1929 Jesus
163 1899 189 1925 in
216 1898 275 1925 istis
307 1897 443 1932 lapidibus
472 1896 585 1931 integris
608 1896 847 1928 Deuterouomium

48 1944 180 1979 scripsit.

85 1992 115 2019 4.
133 1991 224 2019 Movet
248 1997 291 2018 me
308 1997 384 2022 sane,
407 1990 480 2025 quod
494 1989 598 2020 addidit
612 1989 640 2018 in
656 1990 848 2026 consequenti-

44 2039 104 2066 bus
128 2037 282 2072 Scriptura.
303 2045 313 2065 ι
327 2036 360 2064 Ει
374 2036 497 2071 scripsit,
521 2036 610 2071 inquit
624 2038 645 2070 ²,
669 2037 749 2067 Jesus
765 2046 848 2073 super

44 2084 157 2120 lapides
174 2083 412 2110 Deuterouomium
435 2090 530 2110 coram
550 2083 613 2115 [iliis
638 2083 753 2112 Israel.t
773 2084 847 2117 Quo.—

46 2130 134 2159 modo
152 2128 273 2165 potuerit
288 2133 342 2156 tam
361 2136 489 2164 magnum
506 2128 617 2161 librum,
635 2129 676 2160 vel
693 2129 844 2157 assistentir

45 2179 102 2206 bus
127 2180 157 2203 et
174 2174 398 2210 permanentibus
423 2174 458 2201 ibi
488 2174 551 2201 liliis
576 2173 659 2205 Israel
676 2174 842 2207 describere,

46 2225 85 2254 ita
102 2227 200 2250 utnon
223 2222 396 2249 discederent
410 2227 550 2255 usquequo
573 2221 708 2256 scriptura
729 2226 767 2248 tot
783 2228 845 2248 ver-

45 2277 130 2298 suum
149 2267 297 2294 liuiretur:
317 2267 358 2292 vel
382 2267 464 2293 etiam
486 2266 622 2300 quomodo
650 2267 788 2301 potuerint
805 2267 846 2295 la.-

45 2316 128 2351 pides
144 2314 239 2341 altaris
255 2313 326 2340 ferre
337 2312 419 2349 420
433 2317 487 2339 tam
506 2312 595 2346 magni
619 2312 684 2339 libri
702 2313 844 2340 continens

46 2364 128 2395 tiam,
149 2361 242 2388 dicant
258 2360 323 2386 mihi
339 2359 384 2386 isti
410 2364 561 2386 assertores
575 2358 672 2390 litterae
686 2357 781 2391 Judaei,
797 2358 843 2393 qui

45 2409 177 2443 spiritum
202 2406 269 2441 legis
287 2405 423 2440 ignorant.
444 2405 587 2437 Quomodo
614 2405 639 2432 in
657 2405 708 2431 hoc
723 2404 845 2434 historiae

44 2455 154 2483 veritas
167 2451 389 2481 demonstratur?
403 2451 456 2479 Sed
472 2451 542 2485 apud
555 2451 615 2479 illos
632 2460 641 2476 ι
656 2459 742 2486 usque
753 2451 780 2478 iu
798 2452 846 2478 ho.-

43 2502 178 2528 dicrnum
193 2498 264 2526 dietn
281 2505 341 2528 cum
357 2497 458 2533 legitur
473 2496 588 2531 Moyses,
608 2496 728 2527 velamen
744 2502 786 2524 est
799 2505 846 2531 po-

44 2548 133 2574 situm
150 2553 233 2580 super
246 2552 294 2572 cor
306 2552 400 2571 eorum
413 2544 433 2571 ³.
449 2554 458 2569 ι
480 2542 563 2570 Nobis
583 2551 646 2570 vero
662 2543 798 2570 conversis
812 2543 845 2569 ad

44 2593 197 2620 Dominum
212 2591 317 2622 Iesum,
334 2589 456 2617 aufertur
472 2589 607 2622 velamen,
623 2590 686 2623 quia
706 2598 715 2614 ι
728 2589 772 2616 ubi
789 2589 846 2624 Spi-

44 2639 119 2667 ritus
140 2637 259 2668 Domini,
278 2636 313 2662 ibi
341 2636 454 2662 libertas
469 2645 478 2660 ι
507 2634 692 2673 intelligentia:
703 2634 723 2663 ⁸.
750 2633 846 2661 Noster

41 2693 113 2722 ergo
127 2684 209 2713 Iesus
225 2683 356 2714 Dotninus
372 2690 424 2710 non
444 2681 546 2717 indiget
571 2680 656 2710 multo
675 2686 795 2714 tempore
812 2685 840 2710 ut

80 2744 106 2761 "
118 2743 177 2771 Jos.
191 2750 253 2774 vin,
268 2742 315 2769 '52.
352 2741 375 2757 ’θ
390 2740 472 2767 Marc.
488 2747 514 2772 ν,
526 2739 571 2770 ‘21,
582 2739 628 2773 22.
666 2739 688 2755 ⁹⁷
702 2739 766 2766 ibid.
779 2738 824 2770 27,

82 2787 124 2801 ne.
140 2787 202 2801 nn.
219 2778 263 2801 52.
315 2777 325 2792 ³
336 2775 357 2801 Π
368 2775 431 2801 Cor.
446 2784 487 2801 tlt.
503 2775 597 2801 15-17.
646 2774 656 2789 ³
668 2774 734 2801 Ibit].
758 2775 799 2801 17.

925 2738 935 2753 ⁸
948 2737 1013 2764 ibid.
1026 2737 1071 2769 53,
1084 2736 1130 2764 54.
1156 2736 1178 2752 ’³
1191 2735 1211 2763 ΙΙ
1222 2736 1286 2763 Cor.
1301 2743 1342 2769 tu,
1354 2736 1381 2763 5.

927 2773 977 2800 tth.
998 2780 1072 2801 xvnt.
1097 2771 1140 2801 l0.
1190 2771 1200 2786 ⁶
1214 2771 1297 2799 Hebr.
1316 2779 1363 2801 xu.

970 2793 977 2799 ι
998 2790 1072 2806 Arni,
1100 2790 1140 2801 Iv.

42 2771 263 2808 'Jos.v.u..32'.
315 2775 431 2803 'IICor.
446 2771 607 2807 "1.15.17;
646 2774 734 2801 ‘Ibid.
758 2775 799 2801 Π.

42 2815 90 2850 53.
129 2815 140 2831 ε
153 2814 220 2842 ibid.

79 2863 137 2900 (66)
159 2863 232 2890 Idem
248 2866 308 2887 cum
323 2866 376 2885 ttno
391 2857 560 2888 Ebroicensi,
581 2866 588 2882 ι
609 2862 686 2885 erant
718 2866 727 2881 ι
749 2856 809 2888 Alii,
835 2864 844 2884 t

189 2910 323 2943 Pri-non.
349 2906 407 2936 Gn.
432 2905 504 2940 XII.

565 143 597 170 IN
619 142 747 171 LIBRUM
767 141 849 170 JESU
870 141 961 169 NAVE
983 141 1125 171 IIOMILIA
1146 142 1191 170 IX.

1639 143 1691 173 ΒΗ

875 204 893 231 Λ
911 204 1147 231 Deuterouomium
1165 203 1276 235 scribat,
1295 207 1322 230 ut
1339 204 1485 230 secundam
1501 203 1587 239 legem
1601 203 1628 231 in
1639 211 1698 232 cor-

908 250 987 277 dibus
1009 250 1178 277 credentium
1203 250 1275 283 ligat,
1302 254 1384 284 atque
1409 250 1436 276 in
1453 257 1546 276 eorum
1562 250 1699 278 mentibus

907 295 952 330 qui
975 295 1009 322 ad
1026 295 1121 323 altaris
1136 296 1367 322 constructionem
1394 295 1465 329 digni
1484 295 1634 329 suntcligi,
1659 296 1698 323 le-

908 349 967 375 gem
984 342 1095 376 spiritus
1120 342 1217 376 signet.
1236 341 1334 368 Statim
1352 349 1470 376 namque
1484 346 1512 367 ut
1529 342 1590 375 quis
1608 341 1701 370 credi-

908 386 979 413 derit
1000 385 1064 414 .lcsu
1080 386 1199 419 Christo,
1227 392 1252 413 et
1269 387 1310 414 lex
1325 387 1463 422 Evangelii
1487 387 1514 415 in
1533 387 1592 422 ejus
1616 388 1700 415 corde

907 430 1042 465 descripta
1062 435 1115 462 est,
1138 435 1166 457 et
1189 431 1214 457 in
1235 438 1383 466 conspectu
1411 432 1526 459 ﬁliorum
1544 432 1626 459 Israel
1652 437 1700 461 ac-

907 476 1020 511 scripta.
1041 476 1162 503 Aderant
1178 477 1250 504 enim
1267 482 1330 504 tunc
1347 485 1408 505 cum
1435 478 1480 505 tibi
1496 484 1699 506 sacramentum

907 523 968 551 ﬁdei
985 523 1153 553 tradebatur,
1171 524 1296 551 cmlcstes
1311 525 1439 556 virtutes,
1455 525 1605 553 tuinistcria
1617 533 1701 561 auge-

907 569 1009 602 lorttm,
1026 569 1147 596 Ecclesia
1168 570 1380 604 [:rimitivorum.
1401 570 1428 597 Si
1443 571 1514 598 enim
1534 576 1606 599 recte
1620 572 1699 599 intel-

906 615 1021 649 ligamus
1045 615 1172 642 Israeleut
1195 615 1250 642 dici
1272 622 1361 643 mente
1380 617 1463 644 Deum
1483 618 1631 650 videntem,
1656 627 1700 646 re-

907 660 1027 687 ctissime
1043 660 1095 687 hoc
1109 660 1144 687 de
1161 661 1294 688 ministris
1308 661 1412 696 angelis
1428 663 1515 697 magis
1527 663 1636 695 dicitur,
1656 671 1702 690 se-

906 705 1024 731 cundum
1043 705 1149 732 Domini
1168 707 1342 738 sententiam,
1362 707 1480 735 dicentis
1494 709 1528 736 de
1540 709 1700 743 infantibus,

905 751 976 785 quod
994 756 1021 778 et
1048 756 1074 778 tu
1091 751 1166 778 fuisti
1193 752 1284 779 infans
1301 753 1327 780 in
1342 754 1488 787 baptismo,
1506 755 1569 789 quia
1589 756 1700 790 «angeli.

904 804 1000 823 eorum
1015 804 1125 832 Semper
1139 797 1232 825 vident
1255 798 1351 826 faciem
1370 799 1460 827 Patris
1475 801 1526 828 mei
1540 801 1584 836 qui
1599 801 1626 828 in
1643 809 1701 830 cm-

906 841 940 870 lis
957 842 1030 870 cst'.
1046 852 1054 868 ι
1077 843 1175 870 Coram
1198 844 1258 870 istis
1275 844 1355 879 igitur
1382 845 1443 873 [iliis
1467 845 1560 878 Israel,
1582 847 1627 882 qtti
1649 849 1699 875 ad-

870 883 891 912 B
905 894 981 916 erant
1000 889 1045 915 illo
1061 889 1087 916 in
1105 895 1236 924 tempore,
1248 897 1309 918 cum
1323 891 1370 918 tibi
1386 891 1447 919 ﬁdei
1458 898 1628 920 sacramenta
1643 899 1700 921 tra-

907 934 1053 967 debantur,
1082 935 1241 962 videntibus
1263 935 1360 962 faciem
1389 936 1446 969 Dei,
1470 936 1549 965 Jesus
1567 938 1593 965 in
1617 940 1700 967 cordo

907 985 954 1007 tuo
970 981 1208 1008 Deuterouomium
1223 981 1345 1015 scripsit.
1368 981 1414 1009 Vis
1427 983 1476 1010 tibi
1491 983 1580 1011 adhuc
1588 984 1700 1012 eviden-

908 1026 960 1052 tius
975 1026 1031 1053 haee
1049 1027 1081 1053 de
1106 1026 1255 1062 Scripturis
1272 1028 1375 1055 sanctis
1396 1029 1554 1063 probemus,
1569 1030 1632 1064 quia
1649 1038 1698 1058 co-

906 1077 964 1097 ram
988 1070 1052 1098 [iliis
1080 1071 1162 1099 Israel
1189 1072 1275 1106 legem
1303 1073 1450 1101 secundam
1475 1074 1578 1101 scribat
1598 1074 1699 1108 Iesus?

905 1115 1050 1151 Apostolus
1066 1117 1099 1143 ad
1116 1116 1244 1145 llebra-os
1255 1118 1399 1146 manifeste
1412 1119 1545 1154 designat,
1560 1121 1652 1149 dicens
1666 1122 1696 1154 ις

908 1171 916 1186 ι
929 1160 986 1188 Non
1003 1162 1074 1188 enim
1088 1163 1244 1190 accessistis
1262 1163 1296 1190 ad
1310 1171 1406 1191 sonum
1425 1164 1504 1198 tubae,
1531 1170 1559 1193 et
1571 1167 1603 1193 ad
1619 1155 1698 1195 mon.-

907 1208 959 1235 tein
976 1209 1129 1239 ardentem,
1157 1209 1206 1235 sed
1223 1210 1378 1237 accessistis
1395 1211 1428 1238 ad
1443 1216 1560 1239 tuentem
1576 1212 1651 1244 Sion,
1669 1219 1697 1241 et

905 1256 1047 1282 civitatem
1065 1254 1111 1281 Dei
1127 1255 1246 1282 viventis
1261 1255 1413 1283 Jerusalem
1430 1257 1579 1289 ccelestem,
1606 1264 1633 1286 et
1647 1259 1697 1286 Ec-

906 1301 1015 1327 clesiaut
1030 1301 1230 1335 primitivorum
1245 1302 1392 1336 ascriptam
1415 1302 1441 1329 in
1456 1303 1544 1336 caelis,
1562 1310 1588 1330 et
1603 1305 1697 1333 multi—

907 1346 1025 1373 tudinem
1052 1347 1210 1381 angelorum
1230 1347 1441 1375 cnllaudantium
1467 1349 1583 1376 Deum.t
1615 1349 1696 1379 Vides

904 1399 970 1426 ergo
983 1392 1047 1427 quia
1065 1400 1157 1419 coram
1174 1392 1206 1420 iis
1219 1392 1357 1424 omnibus.
1378 1394 1424 1428 qui
1440 1401 1474 1421 ex
1491 1402 1522 1422 eo
1537 1396 1608 1429 quod
1624 1402 1696 1423 sem-

906 1446 952 1472 per
971 1439 1053 1465 Deum
1071 1439 1173 1472 vident,
1190 1444 1217 1464 et
1235 1438 1334 1468 merito
1350 1438 1396 1465 ﬁlii
1413 1438 1496 1466 Israel
1514 1440 1695 1475 appellantur,

904 1485 982 1513 Iesus
998 1487 1083 1519 legem
1107 1493 1183 1512 suam
1203 1486 1228 1512 in
1254 1485 1383 1512 cordibus
1406 1485 1573 1513 credentium
1589 1487 1695 1520 scribit.

906 1532 958 1558 Sed
976 1538 1003 1559 et
1021 1540 1091 1559 nunc
1106 1540 1153 1566 per
1165 1533 1221 1559 lucc
1234 1539 1295 1566 qua:
1313 1532 1460 1565 loquimur,
1475 1532 1553 1561 Iesus
1570 1533 1697 1563 Demere:

905 1579 1022 1605 nomium
1043 1579 1138 1606 scribit
1164 1579 1189 1604 in
1214 1586 1309 1605 eorum
1327 1578 1456 1606 cordibus
1477 1580 1523 1614 qui
1541 1579 1644 1615 integra
1661 1581 1693 1607 li—

903 1624 947 1655 de,
961 1629 989 1651 et
1012 1628 1067 1651 toto
1084 1625 1175 1651 animo
1192 1631 1253 1658 qua:
1270 1625 1399 1651 dicantur
1415 1625 1563 1660 accipiunt,
1590 1627 1635 1661 qui
1652 1626 1697 1655 in!

905 1672 981 1703 [egro
996 1669 1101 1700 auditu,
1118 1674 1200 1703 atque
1218 1669 1324 1703 integro
1339 1669 1432 1700 corde,
1450 1673 1479 1696 et
1497 1677 1549 1697 non
1567 1676 1695 1705 corrupto

901 1721 983 1741 sensu
1009 1722 1042 1742 ac
1069 1715 1185 1749 reprobo
1202 1714 1274 1741 circa
1292 1714 1382 1748 Iidem,
1400 1716 1514 1743 audiunt
1533 1721 1561 1744 et
1575 1717 1695 1745 retinent

901 1767 962 1795 quae
982 1760 1121 1791 dicuntur,
1136 1760 1200 1794 quia
1219 1767 1332 1789 necesse
1348 1766 1390 1788 est
1408 1762 1647 1795 Deuterouomium
1667 1763 1693 1790 in

900 1804 1015 1839 integris
1029 1805 1163 1838 lapidibus
1178 1804 1273 1833 scribi.

936 1850 961 1879 5.
978 1850 1041 1877 Post
1055 1851 1111 1878 hate
1135 1851 1200 1878 dicit
1215 1861 1222 1878 :
1242 1861 1252 1877 ι
1266 1850 1297 1878 Ει
1311 1851 1411 1883 omnis,
1427 1851 1517 1886 inquit
1528 1852 1550 1884 τ’,
1569 1852 1650 1879 Israel
1666 1859 1693 1880 et

899 1896 1048 1931 presbyteri
1063 1901 1090 1923 et
1104 1896 1220 1929 iudices,
1234 1901 1262 1924 et
1275 1897 1372 1924 scriba:
1386 1897 1574 1931 prmccdebant
1588 1899 1652 1925 hinc
1665 1904 1693 1926 et

899 1941 973 1969 illinc
988 1949 1078 1969 arcam
1096 1941 1252 1969 testamenti
1279 1941 1397 1968 Domini.
1411 1951 1420 1968 ι
1442 1942 1514 1969 Area
1536 1946 1690 1971 testamenti

898 1987 1005 2015 Domini
1023 1991 1074 2019 est,
1098 1988 1125 2014 in
1149 1994 1202 2022 qua
1219 1986 1317 2014 tabula:
1342 1986 1409 2022 legis
1426 1996 1508 2015 manu
1522 1987 1568 2015 Dei
1584 1989 1692 2024 scripta:

897 2039 1053 2063 servantur.
1075 2034 1108 2062 Et
1120 2035 1193 2062 circa
1214 2034 1282 2062 hanc
1297 2041 1390 2062 aream
1407 2036 1574 2066 testamenti,
1601 2037 1692 2064 omnis

897 2081 942 2115 qui
958 2089 1021 2108 vere
1035 2081 1116 2108 Israel
1130 2086 1181 2113 est,
1199 2081 1308 2113 incedit,
1322 2085 1350 2107 et
1368 2089 1420 2108 non
1435 2086 1477 2109 est
1499 2081 1581 2116 longe
1598 2082 1632 2109 ab
1645 2090 1689 2110 ea.

897 2126 996 2154 Levita;
1013 2135 1077 2154 vero
1102 2133 1129 2154 ct
1152 2127 1306 2154 sacerdotes
1331 2127 1413 2155 etiam
1441 2128 1468 2157 in
1493 2129 1614 2156 humeris
1629 2129 1688 2156 suis

895 2181 954 2201 eam
969 2178 1086 2207 portant.
1108 2172 1214 2200 Etenim
1231 2173 1387 2208 quicunque
1400 2175 1563 2202 sacerdotali
1582 2176 1690 2211 religio-

863 2223 884 2250 ι)
899 2228 932 2246 ne
949 2224 975 2246 et
990 2219 1134 2246 sanctitate
1147 2219 1250 2251 vivunt,
1267 2227 1319 2247 non
1337 2220 1424 2247 solum
1441 2220 1458 2247 ii
1475 2220 1520 2255 qui
1535 2221 1629 2248 sedere
1645 2222 1688 2249 vi-

899 2266 997 2292 dentur
1010 2266 1035 2292 in
1051 2273 1181 2293 consessu
1199 2265 1374 2300 sacerdotali,
1390 2268 1437 2294 sed
1452 2266 1469 2293 ii
1483 2267 1569 2302 magis
1584 2269 1630 2303 qui
1643 2276 1689 2296 sa-

899 2311 1075 2338 cerdotaliter
1093 2316 1188 2345 agunt,
1214 2319 1330 2347 quorutn
1355 2319 1418 2346 pars
1432 2317 1472 2339 est
1487 2312 1625 2346 Dominus,
1638 2322 1689 2342 nec

900 2357 954 2384 ulla
970 2357 1009 2384 eis
1026 2358 1114 2391 portio
1129 2357 1244 2384 habetur
1261 2358 1286 2385 in
1306 2358 1397 2390 terris,
1423 2358 1472 2392 ipsi
1489 2364 1551 2386 sunt
1566 2367 1628 2386 rem
1644 2368 1688 2387 sa-

898 2403 1022 2430 cerdotes
1037 2408 1063 2430 et
1079 2403 1180 2432 Levita:
1198 2403 1314 2436 Domini,
1337 2403 1382 2438 qui
1404 2404 1429 2430 in
1445 2405 1564 2432 humeris
1578 2405 1634 2433 suis
1650 2406 1686 2432 le-

898 2458 958 2485 gem
975 2450 1021 2477 Dei
1040 2455 1162 2484 portant.
1178 2449 1281 2483 agendo
1297 2449 1432 2480 videlicet,
1448 2455 1475 2476 et
1488 2449 1622 2484 implendo
1638 2458 1686 2485 per

897 2503 964 2530 opus
980 2503 1011 2525 ea
1026 2503 1085 2528 qua:
1101 2495 1200 2529 scripta
1217 2499 1280 2523 sunt
1295 2494 1321 2521 in
1335 2494 1402 2528 lege.

932 2540 957 2568 6.
977 2550 986 2566 ι
1000 2541 1052 2568 Sed
1068 2545 1095 2567 et
1109 2539 1269 2575 proselytus,
1288 2538 1402 2573 inquit”,
1417 2543 1444 2566 et
1456 2538 1580 2573 indigena
1594 2539 1683 2575 simul,

897 2591 924 2614 et
937 2593 1013 2614 erant
1027 2586 1084 2622 (65)
1109 2586 1212 2613 dimidii
1232 2584 1311 2619 juxta
1327 2585 1444 2612 iuontetn
1461 2585 1582 2619 Garizin,
1608 2593 1635 2615 et
1649 2589 1683 2615 di-

898 2632 972 2659 midii
997 2632 1073 2665 juxta
1098 2636 1216 2658 utentem
1233 2630 1328 2659 Gebal.
1343 2640 1352 2656 ι
1375 2631 1515 2664 Quomodo
1534 2632 1615 2659 etiam
1633 2633 1681 2661 ista

894 2676 1110 2712 explicabimus?
1131 2676 1198 2704 Vere
1214 2676 1349 2711 adiutorio
1367 2676 1412 2703 Dei
1429 2684 1497 2711 opus
1511 2682 1564 2710 est,
1578 2683 1607 2705 ut
1621 2686 1682 2713 pose

1421 2735 1521 2773 ‘_Rom.
1528 2745 1564 2773 in,
1579 2737 1677 2773 “.15,

1190 2771 1200 2786 ⁶
1214 2771 1297 2799 Hebr.
1316 2779 1363 2805 xu,
1383 2771 1474 2799 18-25.
1527 2772 1537 2788 ⁷
1549 2771 1605 2800 Jos.
1621 2771 1676 2810 uti,

867 2859 957 2889 (ξι-ψη,
973 2863 984 2882 ι
999 2875 1001 2879 τ
1497 2865 1534 2901 ξδ
