1896 3052
60 131 118 160 877

59 189 167 222 scripta
190 194 265 221 sunt,
292 198 352 216 cum
374 191 437 216 dit-it
460 190 503 218 u:
522 199 532 217 ι
561 190 618 218 Νοιι
640 197 698 218 erat
719 199 807 218 sermo
821 199 852 218 ex

58 235 191 262 omnibus
205 244 265 270 qua:
283 237 419 263 mandavit
438 236 554 271 Moyses,
571 245 662 272 quem
679 246 730 264 non
757 239 851 272 leg-crit

55 279 143 310 Jesus
159 282 186 308 in
202 283 314 308 auribus
330 283 410 309 totius
425 283 552 311 Ecclesia:
575 283 668 310 lsmel.
692 294 701 309 ι
719 284 749 311 Et
763 284 851 318 primo

59 328 163 362 legisse
178 328 204 355 in
215 329 336 361 auribus,
356 330 496 356 videamus
516 330 581 364 quid
601 330 700 356 indicet
716 330 783 365 (72),
800 330 850 357 Ve-

55 380 127 400 reor
143 381 178 401 ne
189 374 259 401 forte
273 375 377 408 aliquos
393 376 548 403 auditorum
564 383 654 402 sermo
667 375 852 402 nosteroffen-

58 420 107 447 dat
124 427 132 452 ;
150 422 197 447 sed
210 425 299 447 tamen
319 422 461 448 dicendum
480 427 522 448 est
536 421 608 456 quod
627 430 679 448 non
697 430 791 449 omnes
805 423 850 457 qtti

56 466 188 493 audimus
202 466 297 500 legem,
314 467 345 493 de
359 467 477 494 Ecclesia
495 475 589 494 smnus
609 468 725 494 filiorum
742 468 824 507 Israel
839 477 847 496 :

55 511 109 538 sed
123 519 177 538 non
189 513 321 540 continuo
337 514 358 540 si
373 519 414 540 est
430 514 518 548 aliqua
531 514 683 542 differentia
697 509 767 542 intei‘
778 516 852 542 andi-

55 560 136 584 tores
152 558 220 592 legis
235 565 262 586 et
275 560 417 586 ecclesiam
435 560 549 587 filiorum
567 561 661 595 Israel,
678 561 787 588 auditor
800 570 849 589 cx-

58 601 181 629 Lllldillll’
192 611 205 629 ιι
223 603 321 630 salute.

96 648 124 675 9.
145 649 283 677 Atteudite
307 657 372 685 ergo
397 651 553 684 diligentius
581 652 670 680 verbis
689 652 847 688 Scriptum,

55 693 180 721 dicentis
197 695 219 711 ¹⁸
236 703 242 720 :
259 705 268 721 ι
287 695 343 722 Non
361 695 518 724 erat'ullnm
537 697 649 725 verbum
671 706 702 725 ex
725 699 850 727 omnibus

51 747 119 772 quae
140 741 279 767 mandavit
301 741 420 778 Moyses,
445 743 517 777 quod
534 751 586 771 non
607 744 701 779 legerit
718 743 798 772 Iesus
823 747 849 773 in

53 785 174 813 auribus
190 787 271 814 totius
288 788 409 815 eet-lesia:
435 789 552 817 filiorum
576 790 668 818 Israel.
689 801 698 817 ι
723 791 756 818 Ει
775 792 851 820 addit

49 832 143 858 etiam
167 842 177 858 ι
202 833 360 861 mulieribus
374 839 401 862 et
422 834 582 869 infantibus,
610 842 638 863 et
661 839 817 874 prosclytis.
836 847 845 865 ι

51 877 139 905 Novit
153 878 282 906 Dominus
298 884 389 906 noster
403 880 483 908 Jesus
500 889 561 910 esse
576 882 644 910 alias
661 891 741 910 aures
753 889 850 918 pra-ter

52 923 126 950 istas
144 925 278 958 carnales,
293 933 361 960 quas
377 926 410 952 ad
430 927 596 954 audientiam
618 928 761 955 verborum
785 937 849 956 suo-

53 976 133 1001 rum,
152 975 179 996 el
194 971 226 997 ad
245 971 410 998 audientiam
433 972 500 1006 legis
522 973 644 1007 requirit.
673 974 748 1001 Unde
771 979 798 1001 et
822 975 849 1001 in

55 1015 221 1049 Emngrlio.
242 1024 417 1052 posteaquam
437 1019 470 1045 de
491 1019 604 1053 singulis
627 1027 687 1054 qum
708 1021 850 1055 oportebat

53 1061 184 1092 edocuit,
198 1061 281 1094 addit,
293 1067 321 1089 et.
333 1063 397 1090 dicit
408 1063 448 1090 “2
463 1072 471 1089 ι
482 1063 531 1097 Qui
543 1064 624 1091 habet
635 1072 715 1092 aures
724 1065 848 1093 audiendi

53 1107 163 1134 amli..t.
181 1117 190 1133 ι
211 1108 287 1141 Quod
303 1110 396 1144 utique
410 1110 431 1137 si
450 1111 482 1137 de
500 1111 610 1138 auribus
625 1112 738 1139 dixisset
751 1119 848 1139 carna-

52 1151 141 1186 libus,
160 1155 322 1188 superfluunt
347 1157 496 1183 videretur.
518 1157 603 1185 Nemo
625 1158 697 1185 enitn
721 1166 773 1186 non
800 1159 848 1186 ha-

52 1199 127 1227 bens
140 1208 220 1227 aures
235 1202 268 1227 ad
285 1203 366 1229 verba
385 1203 443 1238 ejus
458 1203 593 1230 audienda
605 1209 781 1231 convenerat.
795 1204 848 1232 Sed

53 1246 189 1280 quoniam
209 1247 311 1274 sciebat
339 1248 364 1274 in
389 1249 500 1276 auribus
525 1250 664 1277 interioris
682 1251 809 1284 hominis,
823 1251 848 1277 id

56 1297 104 1319 est
122 1292 265 1320 intellectu
279 1294 378 1327 cordis,
389 1295 471 1329 recipi
492 1295 591 1322 debere
605 1303 664 1330 qua:
682 1295 752 1322 dicta
769 1302 847 1323 sunt:

52 1339 138 1373 (quid
161 1340 233 1366 enitn
249 1339 306 1373 (75)
324 1341 434 1374 prodest
453 1341 547 1369 audire
562 1348 723 1371 sermonem,
751 1342 772 1368 si
796 1350 848 1370 non

57 1384 216 1410 Ictinealnr
226 1389 253 1411 et
263 1390 388 1411 servetur
396 1385 422 1411 in
432 1385 514 1412 corde
521 1385 542 1419 ?)
551 1384 650 1412 idcirco
658 1391 738 1411 aures
751 1385 784 1411 ab
799 1393 846 1411 an-

52 1429 195 1458 ditoribns
206 1432 380 1463 exposcebat.
393 1430 449 1458 lloc
466 1439 530 1467 ergo
540 1433 621 1459 etiam
641 1438 722 1463 nunc,
735 1431 775 1458 vel
787 1439 847 1458 cum

52 1477 209 1511 Scriptura:
227 1477 253 1504 in
265 1477 379 1504 ecclesia
405 1478 540 1512 leguntur,
558 1478 600 1505 vel
620 1485 680 1505 cum
696 1485 785 1506 sermo
798 1485 849 1506 ex-

52 1522 226 1557 planationis
245 1523 382 1557 profertur
397 1525 430 1550 ad
441 1524 579 1559 populum,
593 1524 742 1559 Scriptura!
757 1530 847 1552 attcto-
861 1548 882 1575 Ο

52 1569 170 1595 ritatem
186 1574 334 1604 sequentes
349 1570 474 1600 dicimus.
485 1569 582 1598 Videte
599 1578 634 1598 ne
652 1570 846 1606 leganturqni-

50 1615 119 1642 dem
135 1616 168 1641 ab
188 1614 250 1642 1Ιυειι
272 1616 352 1642 verba
366 1615 441 1650 legis,
458 1617 505 1642 sed
519 1616 726 1651 quampluritnis
740 1624 792 1644 non
809 1617 848 1643 le-

50 1667 159 1696 gantur
175 1669 182 1693 ;
199 1662 260 1696 quia
271 1661 351 1689 Iesus
365 1662 418 1688 illis
438 1662 502 1696 legit
528 1662 624 1697 legem,
639 1662 686 1697 qni
706 1670 784 1689 aures
799 1663 848 1689 ha-

53 1707 316 1734 buerintatnliendi.
331 1709 500 1743 Scdetqnod
517 1709 685 1743 adjunxitad
700 1708 848 1736 Ecclesium

53 1753 167 1780 Domini
182 1753 264 1780 etiam
276 1754 413 1787 mulieres,
429 1759 456 1781 et
471 1754 597 1787 infantes,
610 1762 636 1782 et
648 1755 810 1790 proselytos,
826 1755 847 1782 si

54 1799 172 1833 quidem
189 1799 337 1833 separatim
355 1799 536 1834 intelligamus
551 1800 678 1827 mulieres
691 1803 718 1826 ei
735 1800 850 1827 infantes

52 1850 83 1872 et
97 1844 261 1879 prosclytos,
279 1850 306 1872 et
327 1853 373 1872 eos
386 1845 459 1872 velttt
475 1845 610 1880 sequelam
624 1846 771 1880 quamdam
788 1852 850 1873 esse.

53 1889 212 1916 sentiamus
233 1889 375 1921 Ecclesiae,
401 1890 528 1924 quOniam
555 1899 566 1916 ι
596 1890 622 1916 in
646 1890 726 1917 dotno
754 1898 850 1925 magna

51 1940 112 1960 uon
130 1939 194 1959 sttttt
213 1935 398 1961 tantummodo
415 1942 476 1962 vasa
494 1942 575 1962 aurea
597 1941 624 1962 et
648 1940 787 1970 argentea,
804 1936 850 1962 sed

51 1984 85 2006 et
103 1978 192 2013 lignea
208 1984 235 2005 et
252 1979 344 2006 tictilia
362 1981 394 2012 ",
410 1989 420 2006 ι
436 1980 552 2008 dicimus
565 1981 631 2008 viris
646 1982 754 2016 quidem
771 1980 850 2008 forti-

51 2025 110 2053 bus
129 2025 225 2053 fortem
248 2027 315 2053 tradi
338 2027 438 2059 t-ibum,
465 2028 516 2055 illis
544 2028 678 2061 videlicet,
698 2029 731 2056 de:
754 2029 852 2063 quibus

51 2071 207 2104 Apestolns
220 2071 287 2099 dicit
299 2072 320 2088 ⁸⁸
337 2081 344 2099 ;
364 2082 373 2098 ι
393 2072 578 2100 Perfectorum
590 2079 680 2100 autern
694 2078 734 2101 est
750 2073 852 2101 solidus

52 2117 148 2148 cibus,
165 2126 174 2142 ι
191 2125 221 2144 cx
244 2118 342 2152 quibus
367 2119 424 2153 ipse
447 2119 499 2145 sibi
525 2124 658 2153 praeparat
676 2129 686 2145 ι
703 2119 851 2146 Ecclesium

52 2170 112 2190 non
146 2163 292 2191 habentem
322 2165 466 2197 maculam,
483 2170 528 2191 attt
555 2173 659 2200 rugam,
680 2169 727 2191 aut
751 2165 852 2199 aliquid

52 2208 158 2236 horum
174 2209 211 2242 “;
227 2218 236 2234 ›
249 2217 295 2236 eos
309 2217 375 2236 vero
386 2218 453 2244 quos
470 2211 623 2242 mulierum,
639 2211 680 2237 vel
696 2210 849 2243 infantium,

50 2256 99 2282 vel
117 2257 316 2290 prosetytornm
330 2255 410 2292 422
428 2256 609 2290 appellatione
630 2256 758 2288 secernit,
771 2255 851 2282 intel-

51 2300 177 2335 ligamus
192 2302 248 2337 (74)
264 2302 323 2329 illos
335 2310 406 2334 esse,
420 2303 463 2337 qtti
478 2303 566 2330 adhuc
581 2303 650 2329 lacte
662 2303 792 2337 indigent,
805 2307 852 2329 aut

53 2348 144 2375 etiam
161 2347 234 2374 velut
249 2347 358 2379 inﬁrmi,
378 2353 407 2374 ιιι
424 2353 487 2375 sunt
511 2348 650 2380 mulieres,
671 2348 791 2375 oleribus
806 2355 853 2374 ve-

52 2397 175 2421 scuntur
188 2393 221 2419 ”.
236 2393 264 2420 Si
285 2400 348 2420 vero
364 2393 443 2420 simul
461 2393 516 2429 (75)
533 2394 620 2421 onmis
635 2393 785 2427 accipiatur
799 2392 852 2420 Ec-

54 2439 159 2472 clesia,
176 2439 226 2466 viri
242 2439 351 2473 quidem
366 2439 552 2474 intelliguntur
565 2439 613 2473 illi,
629 2440 675 2474 qui
689 2439 714 2466 in
727 2439 854 2466 omnibus

94 2511 118 2526 “
134 2510 194 2537 Jos.
209 2519 269 2543 vnt,
285 2511 330 2538 55.

55 2554 87 2574 In
102 2551 132 2573 cl
150 2546 229 2573 ιὶοιιι.
247 2554 302 2573 xtv.

370 2511 392 2526 ¹⁸
410 2511 473 2538 ibid.

341 2547 362 2562 "
381 2546 468 2574 lCor.
484 2555 521 2578 xt,
533 2546 559 2573 5.

514 2512 535 2527 ¹⁶
545 2511 636 2537 Matth.
651 2519 707 2542 χιιι,
718 2511 745 2538 9.
785 2511 793 2525 ¹

515 2567 521 2573 .
533 2546 559 2573 5.
597 2546 711 2573 "Hebr.
726 2553 762 2573 vl.
782 2546 793 2572 ί

653 2553 711 2573 cur.
726 2553 762 2579 vt,
782 2553 807 2572 ι.

93 2614 154 2650 (72)
168 2613 246 2650 Mss"
263 2624 272 2640 ι
292 2614 400 2642 indicet.
419 2624 429 2641 ι
443 2614 521 2650 Libb.
537 2614 642 2650 etilli,‘
661 2613 736 2640 dicit.
755 2623 765 2639 ι

93 2647 154 2686 (75)
167 2649 241 2686 bl_ss.,
256 2658 266 2675 ι
281 2649 440 2686 (ιιιὶᾱλειιὶιιι.
452 2659 461 2675 ι
472 2649 636 2686 ΙιιὺΙξιιιιΙίιί,
650 2649 737 2686 ινιμιίιι
749 2647 848 2686 nihil.»

93 2683 156 2721 (74)
172 2684 250 2718 Mss,
264 2694 274 2711 ι
291 2683 486 2720 intelligamus.
504 2694 513 2710 ι
530 2684 606 2712 Libb.
629 2684 705 2716 editi,
723 2693 733 2709 ι
753 2683 851 2711 intelli-

75 2729 160 2747 IIIIIIS.
178 2729 189 2745 1

54 2730 160 2792 Suri?)-
178 2730 389 2792 Libbaeditid
410 2754 502 2792 simul.
521 2764 530 2780 ι
547 2754 630 2792 Unus
647 2755 731 2792 codex
758 2753 853 2780 Ebroi-

55 2788 164 2822 censis,
182 2799 191 2815 ι
213 2790 240 2817 in
258 2789 321 2816 illis.
342 2799 351 2815 ι
368 2788 475 2824 Reliqui
491 2797 566 2820 mss.,
583 2799 592 2815 ι
610 2789 716 2824 similis.
735 2798 744 2814 ι

94 2826 154 2862 (76)
171 2825 265 2853 Codex
296 2823 485 2859 Sangerman”
508 2833 517 2850 ι
538 2825 618 2851 viros.
644 2833 652 2849 ι
673 2823 748 2851 Libb.
775 2823 851 2855 editi,

58 2872 69 2889 ι
94 2862 236 2890 meliores.
255 2869 266 2886 ι

562 132 593 160 ΙΝ
615 134 742 163 LIBRUM
759 134 840 162 JESU
861 133 953 162 NAVE
972 133 1114 162 HOMILIA
1134 134 1179 162 l.\'.

785 2510 806 2525 "
820 2508 839 2535 ll
849 2508 919 2535 Tim.
933 2507 1018 2540 II,‘20.

844 2545 866 2560 "
882 2543 938 2572 Jos.
965 2551 1002 2575 ts,
1021 2543 1044 2575 t,
1058 2542 1087 2569 2.

1640 128 1690 169 ΜΞ

871 195 890 222 Α
907 191 1019 223 perfecti
1039 196 1112 219 stare
1127 197 1226 218 norunt
1241 192 1337 219 armati
1356 193 1486 221 adversus
1505 196 1619 224 astutias
1631 198 1690 225 dia-

904 237 955 262 boli
971 245 977 262 :
998 236 1125 264 mulieres
1139 244 1204 264 vero
1217 237 1266 269 illi,
1283 237 1329 271 qtti
1346 240 1464 265 nomium
1487 247 1518 266 rx
1540 243 1694 277 semetipsis

903 289 962 315 qme
978 280 1052 307 utilia
1072 286 1133 308 sunt
1147 287 1255 315 gerunt,
1273 284 1319 309 sed
1343 284 1473 310 imitando
1489 285 1561 312 viros
1581 286 1648 322 (76),
1665 295 1691 318 et

903 334 996 352 eorum
1013 327 1135 361 exempla
1155 329 1293 354 scclando.
1315 328 1351 355 liv
1377 330 1476 363 quibus
1491 336 1519 358 ct
1541 338 1622 366 caput
1643 334 1692 360 ha-

904 371 969 398 bere
987 372 1135 400 dicuntur:
1153 382 1162 398 ι
1179 373 1265 408 Caput
1289 375 1361 401 enim
1388 377 1528 409 mulieris,
1556 379 1598 406 vir
1621 380 1654 408 ¹¹.
1680 390 1688 406 ι

902 416 1023 445 infantes
1037 426 1100 446 vero
1115 424 1207 450 erunt,
1227 420 1272 454 qui
1299 421 1350 447 tidc
1375 430 1459 456 nuper
1483 430 1607 458 suscopla
1624 426 1690 461 (77),

904 464 972 490 lacte
985 464 1141 499 evangelico
1167 466 1333 494 ntttriuutnr.
1360 467 1490 503 l'rosclyti
1508 474 1595 497 autem
1617 476 1691 498 cate-

902 510 1028 537 chumeni
1047 511 1218 545 videbuntur,
1236 512 1275 539 vel
1293 511 1309 538 ii
1322 513 1366 547 qui
1380 513 1435 547 jam
1453 515 1550 542 sociari
1567 517 1692 546 fidelibus

902 555 1021 582 student.
1039 555 1075 582 De
1090 555 1187 590 quibus
1213 557 1326 591 singulis
1351 558 1449 585 similia
1475 561 1556 587 etiam
1573 561 1690 592 Joannes

902 599 1023 627 sentiens
1040 600 1066 626 in
1086 601 1203 635 Epistola
1227 609 1274 629 sua
1290 603 1396 636 scribit,
1411 609 1438 632 et
1451 606 1564 641 singulis
1579 608 1692 642 quibus-

902 652 954 679 que
971 646 1098 673 mtatibus
1118 648 1226 682 propria
1251 657 1364 684 qumque
1385 657 1460 685 gesta
1486 653 1607 681 decernit
1623 655 1690 691 (78).

903 689 1094 718 Verumtamen
1109 691 1172 719 Jesu
1201 694 1276 721 vobis
1300 695 1431 723 recitante
1455 697 1551 732 legent,
1569 705 1594 726 ct
1614 689 1690 729 reve-

903 736 974 764 laute
989 738 1117 766 cordibus
1135 739 1232 766 vestris
1245 740 1448 775 intelligentiam
1466 745 1625 778 spiritalem,
1641 755 1690 774 ne-

902 789 955 816 que
969 783 1108 819 prosclyti,
1129 784 1154 811 id
1173 790 1214 812 est
1229 788 1416 816 catecltumeni
1429 789 1532 818 diutius
1546 793 1689 825 maneatis,

902 829 948 855 sed
975 829 1100 857 festinate
1122 831 1155 857 ad
1179 833 1379 867 percipiendam
1405 836 1518 870 gratiam
1538 837 1595 869 Dei,
1617 844 1646 865 ιιι
1662 844 1691 866 et

867 877 887 904 Β
904 883 951 903 vos
981 877 1006 902 in
1031 876 1151 904 Ecclesia
1173 878 1289 906 filiorqu
1312 880 1393 908 Israel
1410 885 1625 911 annunteremiui
1641 894 1647 911 :
1662 891 1690 913 et

900 928 959 952 vos,
974 922 1101 954 infantes,
1119 923 1201 950 nolite
1211 925 1284 958 pueri
1298 925 1365 952 edici
1377 927 1513 960 sensibus,
1529 928 1575 955 sed
1589 929 1689 956 malitia

900 967 1003 1000 parvuli
1021 973 1118 1000 estote,
1132 968 1257 996 sensibus
1276 977 1366 998 autem
1381 977 1470 999 estote
1487 973 1610 1007 perfecti,
1621 975 1691 1002 sicut

900 1019 926 1041 et
952 1015 1097 1048 Apostolus
1119 1015 1152 1041 ad
1179 1015 1305 1043 llebrazos
1324 1017 1388 1044 dicit
1404 1018 1448 1045 “2
1467 1027 1476 1044 ι
1497 1019 1691 1054 Heliuqnentes

900 1059 1093 1095 principiorum
1108 1060 1208 1088 Christi
1233 1068 1384 1090 sermonem
1400 1063 1480 1099 (78‘),
1499 1065 1532 1092 nd
1547 1065 1690 1100 perfectio-

901 1113 961 1132 nem
976 1106 1105 1132 feramur.
1128 1116 1137 1132 ι
1155 1106 1207 1134 Sed
1223 1112 1250 1134 ct
1267 1115 1325 1140 vos,
1343 1109 1389 1143 qui
1411 1110 1461 1137 sub
1483 1111 1622 1138 mulierum
1638 1121 1689 1148 ap-

901 1152 1044 1184 pellatione
1059 1151 1158 1179 inﬁrmi
1183 1157 1210 1179 et
1231 1154 1338 1181 remissi
1352 1159 1379 1181 et
1394 1154 1513 1190 languidi
1528 1157 1603 1188 estis,
1615 1164 1690 1185 com-

901 1199 1060 1230 monentini,
1080 1203 1109 1225 ιιι
1134 1198 1262 1226 rctnissas
1280 1207 1376 1227 manus
1403 1205 1430 1228 et
1457 1201 1587 1229 dissoluta
1603 1210 1689 1236 genua

900 1246 1019 1280 erigntis,
1046 1245 1072 1272 id
1096 1248 1148 1275 est,
1172 1249 1200 1271 ut
1223 1245 1390 1280 negligentes
1407 1252 1434 1273 ct
1455 1247 1562 1275 desides
1584 1249 1694 1276 animos:

900 1292 1046 1324 suscitetis,
1065 1297 1090 1319 ct
1105 1293 1211 1320 virilent
1228 1294 1407 1320 constantiam
1422 1294 1448 1321 in
1464 1295 1604 1329 cxplendis
1620 1304 1690 1331 prte-

900 1338 985 1372 ceptis
1000 1338 1129 1372 legalibus
1150 1343 1177 1365 et
1202 1338 1368 1372 evangelicis
1383 1341 1539 1372 assutnatis,
1555 1346 1637 1375 atque
1658 1344 1691 1370 ad

901 1384 1022 1411 virorum
1039 1384 1150 1411 fortium
1167 1383 1360 1418 perfectionem
1383 1385 1510 1413 celeriter
1530 1388 1691 1422 properetis.

900 1429 959 1456 Non
976 1430 1047 1457 enim
1068 1431 1144 1456 novit
1163 1429 1305 1463 Scriptura
1323 1430 1413 1457 divina
1431 1433 1576 1459 secundum
1597 1441 1691 1460 sexum

899 1476 1100 1510 separationem
1116 1476 1236 1503 virorum
1256 1484 1288 1504 ac
1307 1476 1449 1503 mulierum
1468 1477 1567 1505 facere.
1584 1479 1690 1506 Etenim

900 1521 970 1555 apud
988 1520 1071 1547 Deum
1087 1528 1168 1548 sexus
1184 1521 1255 1548 nulla
1271 1522 1397 1549 discretio
1410 1527 1462 1555 ρει,
1478 1523 1525 1550 sed
1543 1531 1592 1557 pro
1607 1525 1692 1552 animi

899 1566 1057 1594 diversitate
1082 1567 1122 1594 vel
1144 1567 1195 1600 vir,
1213 1567 1256 1594 vel
1285 1567 1382 1594 mttlier
1392 1568 1558 1601 designatur.
1580 1569 1692 1603 Quanta:

901 1621 933 1641 ex
962 1614 1106 1640 mulierum
1134 1621 1200 1641 sexu
1229 1614 1298 1648 apttd
1322 1614 1406 1641 Deum
1434 1615 1460 1642 in
1486 1615 1551 1642 viris
1576 1616 1692 1645 fortibus

899 1659 1098 1686 numerantur?
1120 1664 1147 1686 ct
1163 1660 1258 1694 quanti
1281 1667 1313 1687 ex
1338 1660 1405 1687 viris
1422 1660 1492 1687 inter
1517 1662 1643 1688 remissas
1664 1669 1694 1690 et

899 1705 1040 1740 languidas
1075 1705 1201 1732 mulieres
1235 1711 1393 1740 reputantur
1422 1707 1498 1741 (79)?
1533 1707 1630 1735 Annon
1643 1707 1692 1736 tibi

900 1752 1009 1777 videtur
1031 1751 1103 1777 inter
1131 1750 1259 1778 mulieres
1282 1751 1478 1779 existimandus
1506 1753 1550 1779 ille
1576 1754 1617 1780 vir
1645 1755 1691 1789 qui

900 1795 965 1822 dicit
986 1804 993 1822 :
1017 1795 1073 1822 Non
1097 1803 1204 1830 possum
1237 1796 1385 1823 observare
1412 1804 1472 1829 qua:
1495 1798 1594 1831 scripta
1617 1804 1691 1830 sunt,

900 1841 1019 1868 vendere
1043 1848 1102 1876 qum
1123 1841 1210 1868 habeo
1231 1845 1259 1868 et
1279 1842 1344 1868 dare
1371 1842 1532 1875 pauperibus
1558 1850 1610 1869 non
1627 1851 1692 1877 pos-

901 1894 973 1918 sum,
999 1886 1160 1921 percutienti
1192 1886 1329 1913 maxillam
1350 1887 1469 1921 prtrbcre
1495 1887 1607 1914 alteram
1639 1896 1692 1916 non

902 1938 1028 1966 possum,
1063 1930 1268 1959 maledicentcm
1297 1932 1457 1960 benedicere
1480 1940 1532 1960 non
1565 1941 1690 1968 possum.

902 1976 1104 2012 blasphematus
1122 1976 1262 2012 deprecari
1276 1984 1327 2004 non
1344 1985 1463 2012 possum,
1475 1979 1690 2012 persecutionem

902 2026 956 2059 pati
970 2028 998 2050 et
1019 2023 1152 2051 sustinere
1174 2032 1226 2051 non
1247 2024 1374 2058 possunt!
1387 2024 1491 2052 Caetera
1514 2025 1612 2052 similia
1631 2033 1692 2060 qua:

903 2069 1065 2095 mandantur
1079 2069 1124 2104 qui
1140 2069 1206 2096 dicit
1222 2069 1334 2104 implere
1353 2077 1404 2097 non
1427 2078 1546 2104 possunt,
1560 2071 1623 2105 quid
1642 2071 1691 2099 tibi

903 2114 1010 2141 videtur
1024 2114 1095 2141 aliud
1117 2122 1199 2150 quam
1215 2115 1286 2142 inter
1299 2115 1437 2147 mulieres,
1450 2123 1509 2150 que
1533 2116 1601 2143 nihil
1614 2117 1692 2144 virile

903 2164 1027 2194 possunt,
1043 2166 1102 2186 esse
1121 2160 1326 2188 numerandus?

939 2204 983 2232 10.
998 2204 1052 2232 Sed
1073 2205 1212 2232 videamus
1236 2205 1301 2239 quid
1323 2209 1385 2240 post
1407 2205 1464 2233 haec
1481 2206 1612 2241 scriptum
1628 2213 1690 2235 est:

907 2260 916 2276 ι
935 2252 968 2278 Ει
985 2252 1139 2285 attdicrunt,
1153 2252 1239 2286 inquit
1253 2252 1287 2284 ",
1303 2259 1397 2279 omnes
1421 2259 1498 2287 reges
1516 2253 1693 2281 Amorrhaao-

904 2304 974 2329 rum,
987 2301 1015 2324 et
1027 2297 1072 2331 qui
1090 2303 1166 2325 trans
1179 2296 1336 2329 Jordanem,
1350 2301 1377 2324 et
1397 2298 1442 2332 qui
1457 2297 1484 2324 in
1505 2300 1650 2330 montanis,
1665 2305 1691 2327 et

901 2343 946 2377 qui
965 2344 990 2370 in
1009 2343 1120 2377 campis.
1133 2347 1161 2370 et
1171 2343 1215 2377 qui
1233 2349 1314 2376 super
1326 2349 1374 2369 ora
1389 2344 1471 2370 maris
1483 2343 1583 2378 magni,
1596 2348 1624 2370 et
1641 2345 1690 2378 qui

902 2393 980 2416 erant
996 2389 1022 2416 itt
1048 2389 1221 2421 Antilibano,
1243 2393 1271 2416 et
1296 2388 1407 2421 Cetltaai,
1433 2394 1460 2415 et
1484 2390 1644 2422 Amorrltmi,
1665 2396 1693 2418 et

902 2435 1057 2467 Chananaai,
1074 2440 1102 2462 et
1115 2434 1263 2468 Pherezmi,
1275 2439 1302 2462 et
1315 2435 1397 2466 Evzei,
1411 2439 1438 2462 et
1453 2434 1592 2470 Gergesei,
1607 2442 1632 2463 et
1647 2436 1692 2463 Je-

1057 2507 1078 2523 ¹⁸
1089 2507 1205 2539 Ilebr.v,
1218 2507 1262 2534 H.
1301 2505 1322 2521 "
1336 2505 1435 2540 Ephcs.
1449 2512 1474 2536 ν,
1484 2504 1527 2531 27.
1567 2505 1591 2520 ¹⁰
1605 2505 1612 2530 Ι
1627 2504 1692 2531 Cor.

869 2218 888 2245 Ι)

940 2612 995 2648 (77)
1008 2611 1108 2640 Omnes
1120 2618 1199 2645 mss.,
1216 2619 1225 2637 ι
1242 2613 1376 2644 suscepta.
1392 2618 1402 2635 ›
1416 2608 1493 2636 Libb.
1511 2609 1588 2641 editi,
1603 2617 1612 2634 ι
1632 2616 1693 2636 sus-

904 2653 986 2676 centu.
1006 2656 1015 2672 ι

937 2656 1105 2717 ιῖ7ξ)’(ὶοιιεχ
1120 2681 1297 2717 Sangcrman.
1308 2699 1316 2712 ,
1336 2688 1346 2717 ι
1362 2677 1492 2707 secernit.
1510 2688 1519 2704 ι
1535 2678 1602 2717 Ibid.
1625 2678 1691 2706 libb.

905 2714 1074 2748 antea'editi,
1093 2726 1103 2742 ι
1121 2714 1187 2743 διξὸιί
1199 2715 1276 2742 nobis
1293 2715 1471 2753 recitante...
1495 2714 1622 2743 cordibus
1642 2721 1691 2753 tto-

906 2753 980 2785 stris,
1001 2761 1010 2777 ι
1024 2753 1071 2779 sed
1087 2758 1180 2778 omnes
1199 2758 1262 2777 mss.
1279 2755 1308 2776 ιιι
1325 2750 1351 2776 in
1368 2754 1461 2777 nostro
1477 2754 1554 2777 textu
1639 2752 1647 2757 ‘

942 2787 1111 2823 (78')A(;odex
1124 2786 1280 2823 sangcrnt.,
1295 2794 1304 2811 ι
1319 2792 1467 2813 sermones.
1487 2793 1497 2811 ι

942 2821 999 2858 (79)
1013 2821 1096 2854 Idem,
1113 2830 1122 2846 t
1139 2821 1311 2855 deputantur.
1329 2829 1339 2846 ι
