  <div class='ocr_page' id='page_1' title='image "/cluster/home/n/w/nwhite01/storage/ocr_20150623/12/njp.32101077772422/469.png"; bbox 0 0 1902 3052; ppageno 0'>
   <div class='ocr_carea' id='block_1_1' title="bbox 243 99 296 126">
    <p class='ocr_par' dir='ltr' id='par_1_1' title="bbox 243 99 296 126">
     <span class='ocr_line' id='line_1_1' title="bbox 243 99 296 126; baseline 0 0"><span class='ocrx_word' id='word_1_1' title='bbox 243 99 296 126; x_wconf 64' lang='grc' dir='ltr'><strong>εέὄ</strong></span> 
     </span>
    </p>
   </div>
   <div class='ocr_carea' id='block_1_2' title="bbox 966 100 1126 129">
    <p class='ocr_par' dir='ltr' id='par_1_2' title="bbox 966 100 1126 129">
     <span class='ocr_line' id='line_1_2' title="bbox 966 100 1126 129; baseline -0.013 0"><span class='ocrx_word' id='word_1_2' title='bbox 966 100 1126 129; x_wconf 71' lang='grc' dir='ltr'><strong>ΟΙὶΙΟΕΝΙΞ</strong></span> 
     </span>
    </p>
   </div>
   <div class='ocr_carea' id='block_1_3' title="bbox 1812 99 1857 128">
    <p class='ocr_par' dir='ltr' id='par_1_3' title="bbox 1812 99 1857 128">
     <span class='ocr_line' id='line_1_3' title="bbox 1812 99 1857 128; baseline -0.044 0"><span class='ocrx_word' id='word_1_3' title='bbox 1812 99 1857 128; x_wconf 71' lang='grc' dir='ltr'><strong>εει</strong></span> 
     </span>
    </p>
   </div>
   <div class='ocr_carea' id='block_1_4' title="bbox 246 154 1859 186">
    <p class='ocr_par' dir='ltr' id='par_1_4' title="bbox 246 154 1859 186">
     <span class='ocr_line' id='line_1_4' title="bbox 246 154 1859 186; baseline -0.001 -3"><span class='ocrx_word' id='word_1_4' title='bbox 246 161 317 183; x_wconf 78' lang='lat' dir='ltr'><strong>L‘ottc</strong></span> <span class='ocrx_word' id='word_1_5' title='bbox 341 161 430 184; x_wconf 89' lang='lat' dir='ltr'><strong>nostra</strong></span> <span class='ocrx_word' id='word_1_6' title='bbox 444 163 477 184; x_wconf 86' lang='lat' dir='ltr'><strong>ae</strong></span> <span class='ocrx_word' id='word_1_7' title='bbox 488 156 608 184; x_wconf 87' lang='lat' dir='ltr'><strong>moribus</strong></span> <span class='ocrx_word' id='word_1_8' title='bbox 633 158 768 184; x_wconf 81' lang='lat' dir='ltr'><strong>nobilitari</strong></span> <span class='ocrx_word' id='word_1_9' title='bbox 782 165 934 185; x_wconf 80' lang='lat' dir='ltr'><strong>mercamur</strong></span> <span class='ocrx_word' id='word_1_10' title='bbox 949 163 975 184; x_wconf 89' lang='lat' dir='ltr'><strong>et</strong></span> <span class='ocrx_word' id='word_1_11' title='bbox 990 157 1030 184; x_wconf 84' lang='lat' dir='ltr'><strong>di-</strong></span> <span class='ocrx_word' id='word_1_12' title='bbox 1045 159 1068 186; x_wconf 79' lang='grc' dir='ltr'><strong>Α</strong></span> <span class='ocrx_word' id='word_1_13' title='bbox 1083 155 1136 182; x_wconf 92' lang='lat' dir='ltr'><strong>lum</strong></span> <span class='ocrx_word' id='word_1_14' title='bbox 1167 155 1277 182; x_wconf 78' lang='lat' dir='ltr'><strong>Patrium</strong></span> <span class='ocrx_word' id='word_1_15' title='bbox 1305 155 1362 182; x_wconf 69' lang='lat' dir='ltr'><strong>btec</strong></span> <span class='ocrx_word' id='word_1_16' title='bbox 1385 154 1479 182; x_wconf 78' lang='lat' dir='ltr'><strong>cadent</strong></span> <span class='ocrx_word' id='word_1_17' title='bbox 1504 154 1721 185; x_wconf 84' lang='lat' dir='ltr'><strong>conﬁrmantem,</strong></span> <span class='ocrx_word' id='word_1_18' title='bbox 1743 161 1806 181; x_wconf 84' lang='lat' dir='ltr'><strong>cum</strong></span> <span class='ocrx_word' id='word_1_19' title='bbox 1827 155 1859 182; x_wconf 84' lang='lat' dir='ltr'><strong>di-</strong></span> 
     </span>
    </p>
   </div>
   <div class='ocr_carea' id='block_1_5' title="bbox 245 202 1027 238">
    <p class='ocr_par' dir='ltr' id='par_1_5' title="bbox 245 202 1027 238">
     <span class='ocr_line' id='line_1_5' title="bbox 245 202 1027 238; baseline 0.003 -10"><span class='ocrx_word' id='word_1_20' title='bbox 245 203 288 235; x_wconf 63' lang='grc' dir='ltr'><strong>αιιί</strong></span> <span class='ocrx_word' id='word_1_21' title='bbox 312 202 365 237; x_wconf 78' lang='grc'><strong>(5)</strong></span> <span class='ocrx_word' id='word_1_22' title='bbox 389 202 538 230; x_wconf 76' lang='lat' dir='ltr'><strong>efﬁciamur</strong></span> <span class='ocrx_word' id='word_1_23' title='bbox 562 203 686 237; x_wconf 74' lang='lat' dir='ltr'><strong>spiritum</strong></span> <span class='ocrx_word' id='word_1_24' title='bbox 712 204 835 238; x_wconf 84' lang='lat' dir='ltr'><strong>accipere</strong></span> <span class='ocrx_word' id='word_1_25' title='bbox 857 203 1027 238; x_wconf 84' lang='lat' dir='ltr'><strong>adoptionis,</strong></span> 
     </span>
    </p>
   </div>
   <div class='ocr_carea' id='block_1_6' title="bbox 246 247 1028 283">
    <p class='ocr_par' dir='ltr' id='par_1_6' title="bbox 246 247 1028 283">
     <span class='ocr_line' id='line_1_6' title="bbox 246 247 1028 283; baseline 0.004 -10"><span class='ocrx_word' id='word_1_26' title='bbox 246 251 274 273; x_wconf 86' lang='lat' dir='ltr'><strong>ut</strong></span> <span class='ocrx_word' id='word_1_27' title='bbox 292 247 362 274; x_wconf 89' lang='lat' dir='ltr'><strong>inter</strong></span> <span class='ocrx_word' id='word_1_28' title='bbox 378 248 423 275; x_wconf 86' lang='lat' dir='ltr'><strong>Dei</strong></span> <span class='ocrx_word' id='word_1_29' title='bbox 442 248 530 282; x_wconf 88' lang='lat' dir='ltr'><strong>potius</strong></span> <span class='ocrx_word' id='word_1_30' title='bbox 548 249 617 276; x_wconf 90' lang='lat' dir='ltr'><strong>lilios</strong></span> <span class='ocrx_word' id='word_1_31' title='bbox 630 249 796 280; x_wconf 86' lang='lat' dir='ltr'><strong>habeamur,</strong></span> <span class='ocrx_word' id='word_1_32' title='bbox 811 257 859 283; x_wconf 91' lang='lat' dir='ltr'><strong>per</strong></span> <span class='ocrx_word' id='word_1_33' title='bbox 877 249 984 276; x_wconf 90' lang='lat' dir='ltr'><strong>unicum</strong></span> <span class='ocrx_word' id='word_1_34' title='bbox 1001 254 1028 276; x_wconf 88' lang='lat' dir='ltr'><strong>et</strong></span> 
     </span>
    </p>
   </div>
   <div class='ocr_carea' id='block_1_7' title="bbox 244 293 1027 328">
    <p class='ocr_par' dir='ltr' id='par_1_7' title="bbox 244 293 1027 328">
     <span class='ocr_line' id='line_1_7' title="bbox 244 293 1027 328; baseline 0.004 -9"><span class='ocrx_word' id='word_1_35' title='bbox 244 301 336 320; x_wconf 84' lang='lat' dir='ltr'><strong>verum</strong></span> <span class='ocrx_word' id='word_1_36' title='bbox 352 293 390 328; x_wconf 71' lang='lat'><strong>(4)</strong></span> <span class='ocrx_word' id='word_1_37' title='bbox 410 294 507 320; x_wconf 83' lang='lat' dir='ltr'><strong>Filium</strong></span> <span class='ocrx_word' id='word_1_38' title='bbox 523 295 581 327; x_wconf 85' lang='lat' dir='ltr'><strong>ejus</strong></span> <span class='ocrx_word' id='word_1_39' title='bbox 604 293 695 321; x_wconf 86' lang='lat' dir='ltr'><strong>Jesum</strong></span> <span class='ocrx_word' id='word_1_40' title='bbox 721 294 860 322; x_wconf 73' lang='lat' dir='ltr'><strong>Christum</strong></span> <span class='ocrx_word' id='word_1_41' title='bbox 883 294 1027 322; x_wconf 87' lang='lat' dir='ltr'><strong>Dominum</strong></span> 
     </span>
    </p>
   </div>
   <div class='ocr_carea' id='block_1_8' title="bbox 241 339 1027 376">
    <p class='ocr_par' dir='ltr' id='par_1_8' title="bbox 241 339 1027 376">
     <span class='ocr_line' id='line_1_8' title="bbox 241 339 1027 376; baseline 0.003 -10"><span class='ocrx_word' id='word_1_42' title='bbox 241 344 372 371; x_wconf 88' lang='lat' dir='ltr'><strong>nostrum,</strong></span> <span class='ocrx_word' id='word_1_43' title='bbox 384 340 426 366; x_wconf 83' lang='lat' dir='ltr'><strong>cui</strong></span> <span class='ocrx_word' id='word_1_44' title='bbox 436 345 476 367; x_wconf 85' lang='lat' dir='ltr'><strong>est</strong></span> <span class='ocrx_word' id='word_1_45' title='bbox 488 339 573 375; x_wconf 77' lang='lat' dir='ltr'><strong>gloria</strong></span> <span class='ocrx_word' id='word_1_46' title='bbox 586 345 613 368; x_wconf 91' lang='lat' dir='ltr'><strong>et</strong></span> <span class='ocrx_word' id='word_1_47' title='bbox 629 341 773 376; x_wconf 86' lang='lat' dir='ltr'><strong>imperium</strong></span> <span class='ocrx_word' id='word_1_48' title='bbox 788 341 814 368; x_wconf 93' lang='lat' dir='ltr'><strong>in</strong></span> <span class='ocrx_word' id='word_1_49' title='bbox 828 341 926 368; x_wconf 69' lang='lat' dir='ltr'><strong>smcula</strong></span> <span class='ocrx_word' id='word_1_50' title='bbox 942 348 1027 368; x_wconf 65' lang='lat' dir='ltr'><strong>sascu-</strong></span> 
     </span>
    </p>
   </div>
   <div class='ocr_carea' id='block_1_9' title="bbox 239 385 447 412">
    <p class='ocr_par' dir='ltr' id='par_1_9' title="bbox 239 385 447 412">
     <span class='ocr_line' id='line_1_9' title="bbox 239 385 447 412; baseline 0.005 -2"><span class='ocrx_word' id='word_1_51' title='bbox 239 385 336 412; x_wconf 85' lang='lat' dir='ltr'><strong>lorum.</strong></span> <span class='ocrx_word' id='word_1_52' title='bbox 349 385 447 412; x_wconf 85' lang='lat' dir='ltr'><strong>Amen.</strong></span> 
     </span>
    </p>
   </div>
   <div class='ocr_carea' id='block_1_10' title="bbox 529 432 736 460">
    <p class='ocr_par' dir='ltr' id='par_1_10' title="bbox 529 432 736 460">
     <span class='ocr_line' id='line_1_10' title="bbox 529 432 736 460; baseline 0.01 -2"><span class='ocrx_word' id='word_1_53' title='bbox 529 432 670 460; x_wconf 76' lang='lat' dir='ltr'><strong>llOMlLlA</strong></span> <span class='ocrx_word' id='word_1_54' title='bbox 693 432 736 460; x_wconf 83' lang='lat' dir='ltr'><strong>XI.</strong></span> 
     </span>
    </p>
   </div>
   <div class='ocr_carea' id='block_1_11' title="bbox 243 477 1025 515">
    <p class='ocr_par' dir='ltr' id='par_1_11' title="bbox 243 477 1025 515">
     <span class='ocr_line' id='line_1_11' title="bbox 243 477 1025 515; baseline 0.001 -10"><span class='ocrx_word' id='word_1_55' title='bbox 243 477 281 506; x_wconf 77' lang='lat' dir='ltr'><strong>De</strong></span> <span class='ocrx_word' id='word_1_56' title='bbox 301 478 408 506; x_wconf 69' lang='lat' dir='ltr'><strong>auxiliis</strong></span> <span class='ocrx_word' id='word_1_57' title='bbox 420 478 496 515; x_wconf 4' lang='lat' dir='ltr'><strong>(Inui</strong></span> <span class='ocrx_word' id='word_1_58' title='bbox 513 481 607 514; x_wconf 80' lang='lat' dir='ltr'><strong>quibus</strong></span> <span class='ocrx_word' id='word_1_59' title='bbox 629 481 698 514; x_wconf 85' lang='lat' dir='ltr'><strong>juvit</strong></span> <span class='ocrx_word' id='word_1_60' title='bbox 722 480 883 507; x_wconf 72' lang='lat' dir='ltr'><strong>Gabaonimx</strong></span> <span class='ocrx_word' id='word_1_61' title='bbox 902 485 947 511; x_wconf 81' lang='lat' dir='ltr'><strong>;et</strong></span> <span class='ocrx_word' id='word_1_62' title='bbox 961 488 1025 515; x_wconf 84' lang='lat' dir='ltr'><strong>quo-</strong></span> 
     </span>
    </p>
   </div>
   <div class='ocr_carea' id='block_1_12' title="bbox 363 514 899 550">
    <p class='ocr_par' dir='ltr' id='par_1_12' title="bbox 363 514 899 550">
     <span class='ocr_line' id='line_1_12' title="bbox 363 514 899 550; baseline 0.006 -11"><span class='ocrx_word' id='word_1_63' title='bbox 363 514 440 540; x_wconf 82' lang='lat' dir='ltr'><strong>moda</strong></span> <span class='ocrx_word' id='word_1_64' title='bbox 456 514 536 540; x_wconf 78' lang='lat' dir='ltr'><strong>solent</strong></span> <span class='ocrx_word' id='word_1_65' title='bbox 552 515 612 548; x_wconf 79' lang='lat' dir='ltr'><strong>fecit</strong></span> <span class='ocrx_word' id='word_1_66' title='bbox 627 521 696 542; x_wconf 78' lang='lat' dir='ltr'><strong>stare</strong></span> <span class='ocrx_word' id='word_1_67' title='bbox 707 520 730 542; x_wconf 80' lang='lat' dir='ltr'><strong>et</strong></span> <span class='ocrx_word' id='word_1_68' title='bbox 744 516 834 542; x_wconf 83' lang='lat' dir='ltr'><strong>lunam</strong></span> <span class='ocrx_word' id='word_1_69' title='bbox 851 516 899 550; x_wconf 76' lang='grc'><strong>(5).</strong></span> 
     </span>
    </p>
   </div>
   <div class='ocr_carea' id='block_1_13' title="bbox 272 566 1024 602">
    <p class='ocr_par' dir='ltr' id='par_1_13' title="bbox 272 566 1024 602">
     <span class='ocr_line' id='line_1_13' title="bbox 272 566 1024 602; baseline 0 -7"><span class='ocrx_word' id='word_1_70' title='bbox 272 569 297 595; x_wconf 81' lang='grc' dir='ltr'><strong>Ι.</strong></span> <span class='ocrx_word' id='word_1_71' title='bbox 313 568 363 595; x_wconf 82' lang='lat' dir='ltr'><strong>His</strong></span> <span class='ocrx_word' id='word_1_72' title='bbox 376 566 422 602; x_wconf 88' lang='lat' dir='ltr'><strong>qui</strong></span> <span class='ocrx_word' id='word_1_73' title='bbox 447 567 616 595; x_wconf 83' lang='lat' dir='ltr'><strong>sociaverint</strong></span> <span class='ocrx_word' id='word_1_74' title='bbox 638 576 667 595; x_wconf 92' lang='lat' dir='ltr'><strong>se</strong></span> <span class='ocrx_word' id='word_1_75' title='bbox 682 569 715 595; x_wconf 89' lang='lat' dir='ltr'><strong>ad</strong></span> <span class='ocrx_word' id='word_1_76' title='bbox 732 569 800 596; x_wconf 83' lang='lat' dir='ltr'><strong>ﬁlios</strong></span> <span class='ocrx_word' id='word_1_77' title='bbox 814 568 896 596; x_wconf 92' lang='lat' dir='ltr'><strong>Israel</strong></span> <span class='ocrx_word' id='word_1_78' title='bbox 907 590 914 602; x_wconf 84' lang='lat'><strong>,</strong></span> <span class='ocrx_word' id='word_1_79' title='bbox 930 575 1024 596; x_wconf 86' lang='lat' dir='ltr'><strong>omnes</strong></span> 
     </span>
    </p>
   </div>
   <div class='ocr_carea' id='block_1_14' title="bbox 234 613 1024 649">
    <p class='ocr_par' dir='ltr' id='par_1_14' title="bbox 234 613 1024 649">
     <span class='ocr_line' id='line_1_14' title="bbox 234 613 1024 649; baseline 0.003 -9"><span class='ocrx_word' id='word_1_80' title='bbox 234 614 281 649; x_wconf 85' lang='lat' dir='ltr'><strong>qui</strong></span> <span class='ocrx_word' id='word_1_81' title='bbox 296 614 371 649; x_wconf 91' lang='lat' dir='ltr'><strong>prius</strong></span> <span class='ocrx_word' id='word_1_82' title='bbox 385 613 465 641; x_wconf 80' lang='lat' dir='ltr'><strong>amici</strong></span> <span class='ocrx_word' id='word_1_83' title='bbox 490 619 588 646; x_wconf 85' lang='lat' dir='ltr'><strong>erant,</strong></span> <span class='ocrx_word' id='word_1_84' title='bbox 606 619 666 648; x_wconf 87' lang='lat' dir='ltr'><strong>post</strong></span> <span class='ocrx_word' id='word_1_85' title='bbox 679 615 813 642; x_wconf 76' lang='lat' dir='ltr'><strong>amicitias</strong></span> <span class='ocrx_word' id='word_1_86' title='bbox 837 621 864 641; x_wconf 91' lang='lat' dir='ltr'><strong>et</strong></span> <span class='ocrx_word' id='word_1_87' title='bbox 882 614 1024 642; x_wconf 80' lang='lat' dir='ltr'><strong>familiari-</strong></span> 
     </span>
    </p>
   </div>
   <div class='ocr_carea' id='block_1_15' title="bbox 234 659 1022 691">
    <p class='ocr_par' dir='ltr' id='par_1_15' title="bbox 234 659 1022 691">
     <span class='ocr_line' id='line_1_15' title="bbox 234 659 1022 691; baseline 0.001 -5"><span class='ocrx_word' id='word_1_88' title='bbox 234 663 318 686; x_wconf 89' lang='lat' dir='ltr'><strong>tatem</strong></span> <span class='ocrx_word' id='word_1_89' title='bbox 348 660 464 687; x_wconf 86' lang='lat' dir='ltr'><strong>ﬁliorum</strong></span> <span class='ocrx_word' id='word_1_90' title='bbox 489 659 590 691; x_wconf 80' lang='lat' dir='ltr'><strong>Israel,</strong></span> <span class='ocrx_word' id='word_1_91' title='bbox 617 660 717 687; x_wconf 90' lang='lat' dir='ltr'><strong>inimici</strong></span> <span class='ocrx_word' id='word_1_92' title='bbox 746 660 824 686; x_wconf 83' lang='lat' dir='ltr'><strong>tinnt.</strong></span> <span class='ocrx_word' id='word_1_93' title='bbox 846 659 1022 691; x_wconf 86' lang='lat' dir='ltr'><strong>Gabaonitas,</strong></span> 
     </span>
    </p>
   </div>
   <div class='ocr_carea' id='block_1_16' title="bbox 233 705 1022 742">
    <p class='ocr_par' dir='ltr' id='par_1_16' title="bbox 233 705 1022 742">
     <span class='ocr_line' id='line_1_16' title="bbox 233 705 1022 742; baseline 0.003 -11"><span class='ocrx_word' id='word_1_94' title='bbox 233 706 279 739; x_wconf 91' lang='lat' dir='ltr'><strong>qui</strong></span> <span class='ocrx_word' id='word_1_95' title='bbox 297 713 311 732; x_wconf 86' lang='lat' dir='ltr'><strong>a</strong></span> <span class='ocrx_word' id='word_1_96' title='bbox 326 706 388 734; x_wconf 85' lang='lat' dir='ltr'><strong>ﬁliis</strong></span> <span class='ocrx_word' id='word_1_97' title='bbox 402 706 483 734; x_wconf 86' lang='lat' dir='ltr'><strong>lsrael</strong></span> <span class='ocrx_word' id='word_1_98' title='bbox 500 706 589 735; x_wconf 78' lang='lat' dir='ltr'><strong>ftedus</strong></span> <span class='ocrx_word' id='word_1_99' title='bbox 605 706 680 742; x_wconf 81' lang='lat' dir='ltr'><strong>pacis</strong></span> <span class='ocrx_word' id='word_1_100' title='bbox 697 713 869 740; x_wconf 78' lang='lat' dir='ltr'><strong>acceperant,</strong></span> <span class='ocrx_word' id='word_1_101' title='bbox 883 705 1022 734; x_wconf 75' lang='lat' dir='ltr'><strong>Jebnsa-us</strong></span> 
     </span>
    </p>
   </div>
   <div class='ocr_carea' id='block_1_17' title="bbox 233 751 1019 788">
    <p class='ocr_par' dir='ltr' id='par_1_17' title="bbox 233 751 1019 788">
     <span class='ocr_line' id='line_1_17' title="bbox 233 751 1019 788; baseline 0 -10"><span class='ocrx_word' id='word_1_102' title='bbox 233 759 281 778; x_wconf 84' lang='lat' dir='ltr'><strong>rex</strong></span> <span class='ocrx_word' id='word_1_103' title='bbox 298 751 465 785; x_wconf 80' lang='lat' dir='ltr'><strong>Jerusalem,</strong></span> <span class='ocrx_word' id='word_1_104' title='bbox 493 753 613 780; x_wconf 87' lang='lat' dir='ltr'><strong>invitatis</strong></span> <span class='ocrx_word' id='word_1_105' title='bbox 630 761 720 779; x_wconf 86' lang='lat' dir='ltr'><strong>secum</strong></span> <span class='ocrx_word' id='word_1_106' title='bbox 744 753 805 780; x_wconf 89' lang='lat' dir='ltr'><strong>aliis</strong></span> <span class='ocrx_word' id='word_1_107' title='bbox 818 758 934 788; x_wconf 85' lang='lat' dir='ltr'><strong>quatuor</strong></span> <span class='ocrx_word' id='word_1_108' title='bbox 950 753 1019 787; x_wconf 82' lang='lat' dir='ltr'><strong>regi-</strong></span> 
     </span>
    </p>
   </div>
   <div class='ocr_carea' id='block_1_18' title="bbox 233 797 1019 833">
    <p class='ocr_par' dir='ltr' id='par_1_18' title="bbox 233 797 1019 833">
     <span class='ocr_line' id='line_1_18' title="bbox 233 797 1019 833; baseline 0.001 -10"><span class='ocrx_word' id='word_1_109' title='bbox 233 797 294 828; x_wconf 85' lang='lat' dir='ltr'><strong>bus,</strong></span> <span class='ocrx_word' id='word_1_110' title='bbox 304 798 461 832; x_wconf 79' lang='lat' dir='ltr'><strong>aggreditur</strong></span> <span class='ocrx_word' id='word_1_111' title='bbox 472 805 639 833; x_wconf 76' lang='lat' dir='ltr'><strong>expugnare.</strong></span> <span class='ocrx_word' id='word_1_112' title='bbox 655 798 708 825; x_wconf 97' lang='lat' dir='ltr'><strong>Sed</strong></span> <span class='ocrx_word' id='word_1_113' title='bbox 725 798 883 825; x_wconf 82' lang='lat' dir='ltr'><strong>Gabaonin</strong></span> <span class='ocrx_word' id='word_1_114' title='bbox 899 799 1019 825; x_wconf 89' lang='lat' dir='ltr'><strong>videntes</strong></span> 
     </span>
    </p>
   </div>
   <div class='ocr_carea' id='block_1_19' title="bbox 233 832 1058 878">
    <p class='ocr_par' dir='ltr' id='par_1_19' title="bbox 233 832 1058 878">
     <span class='ocr_line' id='line_1_19' title="bbox 233 832 1058 878; baseline 0.002 -10"><span class='ocrx_word' id='word_1_115' title='bbox 233 843 353 876; x_wconf 88' lang='lat' dir='ltr'><strong>quinque</strong></span> <span class='ocrx_word' id='word_1_116' title='bbox 367 850 445 878; x_wconf 76' lang='lat' dir='ltr'><strong>reges</strong></span> <span class='ocrx_word' id='word_1_117' title='bbox 457 844 598 870; x_wconf 82' lang='lat' dir='ltr'><strong>adversum</strong></span> <span class='ocrx_word' id='word_1_118' title='bbox 615 851 643 870; x_wconf 88' lang='lat' dir='ltr'><strong>se</strong></span> <span class='ocrx_word' id='word_1_119' title='bbox 663 843 688 870; x_wconf 91' lang='lat' dir='ltr'><strong>in</strong></span> <span class='ocrx_word' id='word_1_120' title='bbox 703 844 823 878; x_wconf 63' lang='lat' dir='ltr'><strong>praelium</strong></span> <span class='ocrx_word' id='word_1_121' title='bbox 837 844 1019 878; x_wconf 84' lang='lat' dir='ltr'><strong>conspirasse,</strong></span> <span class='ocrx_word' id='word_1_122' title='bbox 1037 832 1058 859; x_wconf 67' lang='grc' dir='ltr'><strong>θ</strong></span> 
     </span>
    </p>
   </div>
   <div class='ocr_carea' id='block_1_20' title="bbox 236 889 1020 923">
    <p class='ocr_par' dir='ltr' id='par_1_20' title="bbox 236 889 1020 923">
     <span class='ocr_line' id='line_1_20' title="bbox 236 889 1020 923; baseline 0.001 -9"><span class='ocrx_word' id='word_1_123' title='bbox 236 895 404 922; x_wconf 89' lang='lat' dir='ltr'><strong>nequaquam</strong></span> <span class='ocrx_word' id='word_1_124' title='bbox 432 889 550 923; x_wconf 85' lang='lat' dir='ltr'><strong>propriis</strong></span> <span class='ocrx_word' id='word_1_125' title='bbox 576 889 679 915; x_wconf 88' lang='lat' dir='ltr'><strong>viribus</strong></span> <span class='ocrx_word' id='word_1_126' title='bbox 703 889 845 923; x_wconf 90' lang='lat' dir='ltr'><strong>copiisque</strong></span> <span class='ocrx_word' id='word_1_127' title='bbox 870 889 1020 920; x_wconf 86' lang='lat' dir='ltr'><strong>conﬁdunt,</strong></span> 
     </span>
    </p>
   </div>
   <div class='ocr_carea' id='block_1_21' title="bbox 236 934 1021 968">
    <p class='ocr_par' dir='ltr' id='par_1_21' title="bbox 236 934 1021 968">
     <span class='ocr_line' id='line_1_21' title="bbox 236 934 1021 968; baseline 0.003 -8"><span class='ocrx_word' id='word_1_128' title='bbox 236 935 281 960; x_wconf 81' lang='lat' dir='ltr'><strong>sed</strong></span> <span class='ocrx_word' id='word_1_129' title='bbox 301 934 411 961; x_wconf 88' lang='lat' dir='ltr'><strong>mittunt</strong></span> <span class='ocrx_word' id='word_1_130' title='bbox 429 935 461 960; x_wconf 87' lang='lat' dir='ltr'><strong>ad</strong></span> <span class='ocrx_word' id='word_1_131' title='bbox 487 934 578 961; x_wconf 86' lang='lat' dir='ltr'><strong>Jesum</strong></span> <span class='ocrx_word' id='word_1_132' title='bbox 599 934 699 961; x_wconf 75' lang='lat' dir='ltr'><strong>auxilia</strong></span> <span class='ocrx_word' id='word_1_133' title='bbox 725 935 901 968; x_wconf 90' lang='lat' dir='ltr'><strong>postulantes.</strong></span> <span class='ocrx_word' id='word_1_134' title='bbox 925 935 1021 962; x_wconf 81' lang='lat' dir='ltr'><strong>Atille</strong></span> 
     </span>
    </p>
   </div>
   <div class='ocr_carea' id='block_1_22' title="bbox 232 979 1019 1014">
    <p class='ocr_par' dir='ltr' id='par_1_22' title="bbox 232 979 1019 1014">
     <span class='ocr_line' id='line_1_22' title="bbox 232 979 1019 1014; baseline 0.004 -10"><span class='ocrx_word' id='word_1_135' title='bbox 232 979 326 1007; x_wconf 87' lang='lat' dir='ltr'><strong>divino</strong></span> <span class='ocrx_word' id='word_1_136' title='bbox 340 980 472 1014; x_wconf 90' lang='lat' dir='ltr'><strong>permissu</strong></span> <span class='ocrx_word' id='word_1_137' title='bbox 487 980 564 1006; x_wconf 85' lang='lat' dir='ltr'><strong>adest</strong></span> <span class='ocrx_word' id='word_1_138' title='bbox 579 979 749 1012; x_wconf 87' lang='lat' dir='ltr'><strong>Gabaonitis,</strong></span> <span class='ocrx_word' id='word_1_139' title='bbox 762 980 866 1007; x_wconf 90' lang='lat' dir='ltr'><strong>laturus</strong></span> <span class='ocrx_word' id='word_1_140' title='bbox 878 981 1019 1007; x_wconf 74' lang='lat' dir='ltr'><strong>auxilium.</strong></span> 
     </span>
    </p>
   </div>
   <div class='ocr_carea' id='block_1_23' title="bbox 231 1023 1020 1052">
    <p class='ocr_par' dir='ltr' id='par_1_23' title="bbox 231 1023 1020 1052">
     <span class='ocr_line' id='line_1_23' title="bbox 231 1023 1020 1052; baseline 0.001 -2"><span class='ocrx_word' id='word_1_141' title='bbox 231 1023 282 1052; x_wconf 82' lang='lat' dir='ltr'><strong>Hic</strong></span> <span class='ocrx_word' id='word_1_142' title='bbox 299 1029 389 1052; x_wconf 88' lang='lat' dir='ltr'><strong>autem</strong></span> <span class='ocrx_word' id='word_1_143' title='bbox 405 1024 539 1052; x_wconf 82' lang='lat' dir='ltr'><strong>mirabilia</strong></span> <span class='ocrx_word' id='word_1_144' title='bbox 554 1025 664 1052; x_wconf 60' lang='lat' dir='ltr'><strong>caelitus</strong></span> <span class='ocrx_word' id='word_1_145' title='bbox 683 1026 873 1052; x_wconf 88' lang='lat' dir='ltr'><strong>ostenduntur.</strong></span> <span class='ocrx_word' id='word_1_146' title='bbox 893 1026 1020 1052; x_wconf 88' lang='lat' dir='ltr'><strong>Dominus</strong></span> 
     </span>
    </p>
   </div>
   <div class='ocr_carea' id='block_1_24' title="bbox 231 1070 1019 1106">
    <p class='ocr_par' dir='ltr' id='par_1_24' title="bbox 231 1070 1019 1106">
     <span class='ocr_line' id='line_1_24' title="bbox 231 1070 1019 1106; baseline 0.004 -10"><span class='ocrx_word' id='word_1_147' title='bbox 231 1070 347 1105; x_wconf 83' lang='lat' dir='ltr'><strong>desuper</strong></span> <span class='ocrx_word' id='word_1_148' title='bbox 360 1078 424 1097; x_wconf 68' lang='lat' dir='ltr'><strong>saxa</strong></span> <span class='ocrx_word' id='word_1_149' title='bbox 440 1071 580 1105; x_wconf 81' lang='lat' dir='ltr'><strong>grandinis</strong></span> <span class='ocrx_word' id='word_1_150' title='bbox 596 1071 674 1105; x_wconf 90' lang='lat' dir='ltr'><strong>pluit,</strong></span> <span class='ocrx_word' id='word_1_151' title='bbox 686 1077 714 1098; x_wconf 87' lang='lat' dir='ltr'><strong>et</strong></span> <span class='ocrx_word' id='word_1_152' title='bbox 726 1073 847 1106; x_wconf 91' lang='lat' dir='ltr'><strong>quinque</strong></span> <span class='ocrx_word' id='word_1_153' title='bbox 862 1079 953 1106; x_wconf 77' lang='lat' dir='ltr'><strong>regum</strong></span> <span class='ocrx_word' id='word_1_154' title='bbox 973 1073 1019 1106; x_wconf 87' lang='lat' dir='ltr'><strong>qui</strong></span> 
     </span>
    </p>
   </div>
   <div class='ocr_carea' id='block_1_25' title="bbox 230 1115 1020 1153">
    <p class='ocr_par' dir='ltr' id='par_1_25' title="bbox 230 1115 1020 1153">
     <span class='ocr_line' id='line_1_25' title="bbox 230 1115 1020 1153; baseline 0.003 -11"><span class='ocrx_word' id='word_1_155' title='bbox 230 1115 373 1142; x_wconf 81' lang='lat' dir='ltr'><strong>adversum</strong></span> <span class='ocrx_word' id='word_1_156' title='bbox 385 1115 479 1143; x_wconf 87' lang='lat' dir='ltr'><strong>Jesum</strong></span> <span class='ocrx_word' id='word_1_157' title='bbox 490 1118 659 1153; x_wconf 76' lang='lat' dir='ltr'><strong>pugnabant,</strong></span> <span class='ocrx_word' id='word_1_158' title='bbox 671 1118 819 1144; x_wconf 76' lang='lat' dir='ltr'><strong>exercitum</strong></span> <span class='ocrx_word' id='word_1_159' title='bbox 833 1121 928 1144; x_wconf 84' lang='lat' dir='ltr'><strong>vastat.</strong></span> <span class='ocrx_word' id='word_1_160' title='bbox 942 1117 1020 1145; x_wconf 88' lang='lat' dir='ltr'><strong>Tunc</strong></span> 
     </span>
    </p>
   </div>
   <div class='ocr_carea' id='block_1_26' title="bbox 229 1160 1020 1197">
    <p class='ocr_par' dir='ltr' id='par_1_26' title="bbox 229 1160 1020 1197">
     <span class='ocr_line' id='line_1_26' title="bbox 229 1160 1020 1197; baseline 0.005 -10"><span class='ocrx_word' id='word_1_161' title='bbox 229 1168 294 1188; x_wconf 77' lang='lat' dir='ltr'><strong>vero</strong></span> <span class='ocrx_word' id='word_1_162' title='bbox 307 1160 386 1188; x_wconf 85' lang='lat' dir='ltr'><strong>Jesus</strong></span> <span class='ocrx_word' id='word_1_163' title='bbox 403 1161 499 1189; x_wconf 87' lang='lat' dir='ltr'><strong>videns</strong></span> <span class='ocrx_word' id='word_1_164' title='bbox 525 1162 643 1190; x_wconf 84' lang='lat' dir='ltr'><strong>divinam</strong></span> <span class='ocrx_word' id='word_1_165' title='bbox 666 1170 759 1190; x_wconf 84' lang='lat' dir='ltr'><strong>secum</strong></span> <span class='ocrx_word' id='word_1_166' title='bbox 785 1163 927 1190; x_wconf 79' lang='lat' dir='ltr'><strong>dexteram</strong></span> <span class='ocrx_word' id='word_1_167' title='bbox 951 1171 1020 1197; x_wconf 79' lang='lat' dir='ltr'><strong>pra:-</strong></span> 
     </span>
    </p>
   </div>
   <div class='ocr_carea' id='block_1_27' title="bbox 229 1205 1017 1243">
    <p class='ocr_par' dir='ltr' id='par_1_27' title="bbox 229 1205 1017 1243">
     <span class='ocr_line' id='line_1_27' title="bbox 229 1205 1017 1243; baseline 0.005 -11"><span class='ocrx_word' id='word_1_168' title='bbox 229 1205 351 1239; x_wconf 83' lang='lat' dir='ltr'><strong>liantem,</strong></span> <span class='ocrx_word' id='word_1_169' title='bbox 365 1210 392 1232; x_wconf 86' lang='lat' dir='ltr'><strong>et</strong></span> <span class='ocrx_word' id='word_1_170' title='bbox 405 1207 543 1242; x_wconf 86' lang='lat' dir='ltr'><strong>prosperis</strong></span> <span class='ocrx_word' id='word_1_171' title='bbox 558 1209 732 1236; x_wconf 88' lang='lat' dir='ltr'><strong>successibus</strong></span> <span class='ocrx_word' id='word_1_172' title='bbox 745 1214 840 1236; x_wconf 88' lang='lat' dir='ltr'><strong>cuncta</strong></span> <span class='ocrx_word' id='word_1_173' title='bbox 858 1209 1017 1243; x_wconf 83' lang='lat' dir='ltr'><strong>procedere,</strong></span> 
     </span>
    </p>
   </div>
   <div class='ocr_carea' id='block_1_28' title="bbox 229 1254 1018 1286">
    <p class='ocr_par' dir='ltr' id='par_1_28' title="bbox 229 1254 1018 1286">
     <span class='ocr_line' id='line_1_28' title="bbox 229 1254 1018 1286; baseline 0.005 -8"><span class='ocrx_word' id='word_1_174' title='bbox 229 1260 325 1279; x_wconf 86' lang='lat' dir='ltr'><strong>novam</strong></span> <span class='ocrx_word' id='word_1_175' title='bbox 341 1254 485 1286; x_wconf 77' lang='lat' dir='ltr'><strong>quamdam</strong></span> <span class='ocrx_word' id='word_1_176' title='bbox 495 1259 520 1280; x_wconf 90' lang='lat' dir='ltr'><strong>et</strong></span> <span class='ocrx_word' id='word_1_177' title='bbox 533 1254 628 1281; x_wconf 87' lang='lat' dir='ltr'><strong>miram</strong></span> <span class='ocrx_word' id='word_1_178' title='bbox 639 1256 788 1282; x_wconf 82' lang='lat' dir='ltr'><strong>orationem</strong></span> <span class='ocrx_word' id='word_1_179' title='bbox 800 1256 906 1283; x_wconf 76' lang='lat' dir='ltr'><strong>extollit</strong></span> <span class='ocrx_word' id='word_1_180' title='bbox 920 1257 953 1282; x_wconf 91' lang='lat' dir='ltr'><strong>ad</strong></span> <span class='ocrx_word' id='word_1_181' title='bbox 962 1263 1018 1283; x_wconf 78' lang='lat' dir='ltr'><strong>co:-</strong></span> 
     </span>
    </p>
   </div>
   <div class='ocr_carea' id='block_1_29' title="bbox 227 1299 1018 1337">
    <p class='ocr_par' dir='ltr' id='par_1_29' title="bbox 227 1299 1018 1337">
     <span class='ocr_line' id='line_1_29' title="bbox 227 1299 1018 1337; baseline 0.005 -12"><span class='ocrx_word' id='word_1_182' title='bbox 227 1299 296 1331; x_wconf 88' lang='lat' dir='ltr'><strong>lurn,</strong></span> <span class='ocrx_word' id='word_1_183' title='bbox 310 1299 404 1326; x_wconf 84' lang='lat' dir='ltr'><strong>dicens</strong></span> <span class='ocrx_word' id='word_1_184' title='bbox 416 1300 438 1315; x_wconf 81' lang='lat'><em>&quot;</em></span> <span class='ocrx_word' id='word_1_185' title='bbox 454 1308 461 1326; x_wconf 89' lang='lat'><strong><em>:</em></strong></span> <span class='ocrx_word' id='word_1_186' title='bbox 481 1310 490 1325; x_wconf 76' lang='grc' dir='ltr'><strong>ι</strong></span> <span class='ocrx_word' id='word_1_187' title='bbox 504 1301 562 1328; x_wconf 90' lang='lat' dir='ltr'><strong>Stet</strong></span> <span class='ocrx_word' id='word_1_188' title='bbox 577 1302 616 1328; x_wconf 87' lang='lat' dir='ltr'><strong>sol</strong></span> <span class='ocrx_word' id='word_1_189' title='bbox 630 1309 710 1336; x_wconf 85' lang='lat' dir='ltr'><strong>super</strong></span> <span class='ocrx_word' id='word_1_190' title='bbox 726 1300 762 1337; x_wconf 87' lang='lat'><strong>(6)</strong></span> <span class='ocrx_word' id='word_1_191' title='bbox 774 1301 896 1335; x_wconf 86' lang='lat' dir='ltr'><strong>Gabaon,</strong></span> <span class='ocrx_word' id='word_1_192' title='bbox 909 1306 937 1329; x_wconf 89' lang='lat' dir='ltr'><strong>et</strong></span> <span class='ocrx_word' id='word_1_193' title='bbox 955 1303 1018 1330; x_wconf 92' lang='lat' dir='ltr'><strong>luna</strong></span> 
     </span>
    </p>
   </div>
   <div class='ocr_carea' id='block_1_30' title="bbox 227 1345 1016 1382">
    <p class='ocr_par' dir='ltr' id='par_1_30' title="bbox 227 1345 1016 1382">
     <span class='ocr_line' id='line_1_30' title="bbox 227 1345 1016 1382; baseline 0.005 -11"><span class='ocrx_word' id='word_1_194' title='bbox 227 1351 309 1378; x_wconf 78' lang='lat' dir='ltr'><strong>super</strong></span> <span class='ocrx_word' id='word_1_195' title='bbox 318 1345 415 1372; x_wconf 85' lang='lat' dir='ltr'><strong>vallem</strong></span> <span class='ocrx_word' id='word_1_196' title='bbox 429 1346 514 1379; x_wconf 86' lang='lat' dir='ltr'><strong>Elum,</strong></span> <span class='ocrx_word' id='word_1_197' title='bbox 528 1348 614 1374; x_wconf 88' lang='lat' dir='ltr'><strong>donec</strong></span> <span class='ocrx_word' id='word_1_198' title='bbox 623 1354 773 1382; x_wconf 81' lang='lat' dir='ltr'><strong>cxpnguem</strong></span> <span class='ocrx_word' id='word_1_199' title='bbox 784 1347 912 1382; x_wconf 85' lang='lat' dir='ltr'><strong>populum</strong></span> <span class='ocrx_word' id='word_1_200' title='bbox 924 1348 1016 1377; x_wconf 86' lang='lat' dir='ltr'><strong>istum.</strong></span> 
     </span>
    </p>
   </div>
   <div class='ocr_carea' id='block_1_31' title="bbox 228 1390 1019 1428">
    <p class='ocr_par' dir='ltr' id='par_1_31' title="bbox 228 1390 1019 1428">
     <span class='ocr_line' id='line_1_31' title="bbox 228 1390 1019 1428; baseline 0.008 -12"><span class='ocrx_word' id='word_1_201' title='bbox 228 1390 261 1416; x_wconf 90' lang='lat' dir='ltr'><strong>Et</strong></span> <span class='ocrx_word' id='word_1_202' title='bbox 277 1391 351 1417; x_wconf 81' lang='lat' dir='ltr'><strong>stetit</strong></span> <span class='ocrx_word' id='word_1_203' title='bbox 367 1391 407 1418; x_wconf 88' lang='lat' dir='ltr'><strong>sol</strong></span> <span class='ocrx_word' id='word_1_204' title='bbox 422 1397 449 1418; x_wconf 88' lang='lat' dir='ltr'><strong>et</strong></span> <span class='ocrx_word' id='word_1_205' title='bbox 464 1391 526 1419; x_wconf 85' lang='lat' dir='ltr'><strong>luna</strong></span> <span class='ocrx_word' id='word_1_206' title='bbox 543 1393 569 1420; x_wconf 91' lang='lat' dir='ltr'><strong>in</strong></span> <span class='ocrx_word' id='word_1_207' title='bbox 586 1393 644 1421; x_wconf 88' lang='lat' dir='ltr'><strong>loco</strong></span> <span class='ocrx_word' id='word_1_208' title='bbox 659 1401 722 1426; x_wconf 80' lang='lat' dir='ltr'><strong>suo,</strong></span> <span class='ocrx_word' id='word_1_209' title='bbox 738 1394 825 1421; x_wconf 86' lang='lat' dir='ltr'><strong>donec</strong></span> <span class='ocrx_word' id='word_1_210' title='bbox 846 1394 1019 1428; x_wconf 73' lang='lat' dir='ltr'><strong>pervinceret</strong></span> 
     </span>
    </p>
   </div>
   <div class='ocr_carea' id='block_1_32' title="bbox 228 1435 1017 1473">
    <p class='ocr_par' dir='ltr' id='par_1_32' title="bbox 228 1435 1017 1473">
     <span class='ocr_line' id='line_1_32' title="bbox 228 1435 1017 1473; baseline 0.006 -12"><span class='ocrx_word' id='word_1_211' title='bbox 228 1435 360 1464; x_wconf 89' lang='lat' dir='ltr'><strong>Dominus</strong></span> <span class='ocrx_word' id='word_1_212' title='bbox 374 1437 497 1466; x_wconf 87' lang='lat' dir='ltr'><strong>inimicos</strong></span> <span class='ocrx_word' id='word_1_213' title='bbox 505 1447 607 1466; x_wconf 87' lang='lat' dir='ltr'><strong>eorum.</strong></span> <span class='ocrx_word' id='word_1_214' title='bbox 619 1440 651 1466; x_wconf 85' lang='lat' dir='ltr'><strong>Et</strong></span> <span class='ocrx_word' id='word_1_215' title='bbox 663 1440 736 1466; x_wconf 80' lang='lat' dir='ltr'><strong>stetit</strong></span> <span class='ocrx_word' id='word_1_216' title='bbox 748 1440 786 1467; x_wconf 89' lang='lat' dir='ltr'><strong>sol</strong></span> <span class='ocrx_word' id='word_1_217' title='bbox 799 1440 826 1466; x_wconf 89' lang='lat' dir='ltr'><strong>in</strong></span> <span class='ocrx_word' id='word_1_218' title='bbox 840 1440 928 1468; x_wconf 87' lang='lat' dir='ltr'><strong>medio</strong></span> <span class='ocrx_word' id='word_1_219' title='bbox 938 1441 1017 1473; x_wconf 70' lang='lat' dir='ltr'><strong>ctelo,</strong></span> 
     </span>
    </p>
   </div>
   <div class='ocr_carea' id='block_1_33' title="bbox 1082 199 1858 235">
    <p class='ocr_par' dir='ltr' id='par_1_33' title="bbox 1082 199 1858 235">
     <span class='ocr_line' id='line_1_33' title="bbox 1082 199 1858 235; baseline -0.003 -7"><span class='ocrx_word' id='word_1_220' title='bbox 1082 201 1149 228; x_wconf 74' lang='lat' dir='ltr'><strong>cit“</strong></span> <span class='ocrx_word' id='word_1_221' title='bbox 1167 201 1204 235; x_wconf 76' lang='grc' dir='ltr'><strong>(ὅ)</strong></span> <span class='ocrx_word' id='word_1_222' title='bbox 1218 211 1224 227; x_wconf 93' lang='lat'>:</span> <span class='ocrx_word' id='word_1_223' title='bbox 1244 209 1252 225; x_wconf 75' lang='grc' dir='ltr'><strong>ι</strong></span> <span class='ocrx_word' id='word_1_224' title='bbox 1266 199 1366 226; x_wconf 87' lang='lat' dir='ltr'><strong>Omnes</strong></span> <span class='ocrx_word' id='word_1_225' title='bbox 1380 199 1426 234; x_wconf 90' lang='lat' dir='ltr'><strong>qui</strong></span> <span class='ocrx_word' id='word_1_226' title='bbox 1442 199 1484 234; x_wconf 85' lang='lat' dir='ltr'><strong>pie</strong></span> <span class='ocrx_word' id='word_1_227' title='bbox 1497 199 1589 226; x_wconf 90' lang='lat' dir='ltr'><strong>volunt</strong></span> <span class='ocrx_word' id='word_1_228' title='bbox 1600 200 1690 226; x_wconf 86' lang='lat' dir='ltr'><strong>vivere</strong></span> <span class='ocrx_word' id='word_1_229' title='bbox 1706 200 1731 225; x_wconf 94' lang='lat' dir='ltr'><strong>iu</strong></span> <span class='ocrx_word' id='word_1_230' title='bbox 1747 199 1858 230; x_wconf 80' lang='lat' dir='ltr'><strong>Christo.</strong></span> 
     </span>
    </p>
   </div>
   <div class='ocr_carea' id='block_1_34' title="bbox 1081 244 1858 282">
    <p class='ocr_par' dir='ltr' id='par_1_34' title="bbox 1081 244 1858 282">
     <span class='ocr_line' id='line_1_34' title="bbox 1081 244 1858 282; baseline -0.003 -8"><span class='ocrx_word' id='word_1_231' title='bbox 1081 247 1299 282; x_wconf 84' lang='lat' dir='ltr'><strong>persecutionem</strong></span> <span class='ocrx_word' id='word_1_232' title='bbox 1317 247 1466 281; x_wconf 87' lang='lat' dir='ltr'><strong>patientur.</strong></span> <span class='ocrx_word' id='word_1_233' title='bbox 1489 255 1498 272; x_wconf 76' lang='grc' dir='ltr'><strong>ι</strong></span> <span class='ocrx_word' id='word_1_234' title='bbox 1513 245 1564 272; x_wconf 88' lang='lat' dir='ltr'><strong>Sed</strong></span> <span class='ocrx_word' id='word_1_235' title='bbox 1578 250 1607 272; x_wconf 84' lang='lat' dir='ltr'><strong>et</strong></span> <span class='ocrx_word' id='word_1_236' title='bbox 1623 244 1752 272; x_wconf 89' lang='lat' dir='ltr'><strong>Salomon</strong></span> <span class='ocrx_word' id='word_1_237' title='bbox 1767 247 1858 273; x_wconf 76' lang='lat' dir='ltr'><strong>similia</strong></span> 
     </span>
    </p>
   </div>
   <div class='ocr_carea' id='block_1_35' title="bbox 1079 293 1858 329">
    <p class='ocr_par' dir='ltr' id='par_1_35' title="bbox 1079 293 1858 329">
     <span class='ocr_line' id='line_1_35' title="bbox 1079 293 1858 329; baseline -0.003 -7"><span class='ocrx_word' id='word_1_238' title='bbox 1079 296 1143 322; x_wconf 89' lang='lat' dir='ltr'><strong>dicit</strong></span> <span class='ocrx_word' id='word_1_239' title='bbox 1160 303 1166 321; x_wconf 94' lang='lat'>:</span> <span class='ocrx_word' id='word_1_240' title='bbox 1185 305 1193 320; x_wconf 77' lang='grc' dir='ltr'><strong>ι</strong></span> <span class='ocrx_word' id='word_1_241' title='bbox 1210 295 1271 328; x_wconf 87' lang='lat' dir='ltr'><strong>Fili,</strong></span> <span class='ocrx_word' id='word_1_242' title='bbox 1288 294 1373 329; x_wconf 85' lang='lat' dir='ltr'><strong>inquit</strong></span> <span class='ocrx_word' id='word_1_243' title='bbox 1391 293 1424 325; x_wconf 77' lang='grc'><strong>³⁸,</strong></span> <span class='ocrx_word' id='word_1_244' title='bbox 1439 293 1567 320; x_wconf 87' lang='lat' dir='ltr'><strong>accedens</strong></span> <span class='ocrx_word' id='word_1_245' title='bbox 1580 293 1613 319; x_wconf 86' lang='lat' dir='ltr'><strong>ad</strong></span> <span class='ocrx_word' id='word_1_246' title='bbox 1634 293 1795 319; x_wconf 81' lang='lat' dir='ltr'><strong>servitutem</strong></span> <span class='ocrx_word' id='word_1_247' title='bbox 1813 293 1858 320; x_wconf 82' lang='lat' dir='ltr'><strong>Do-</strong></span> 
     </span>
    </p>
   </div>
   <div class='ocr_carea' id='block_1_36' title="bbox 1078 339 1859 376">
    <p class='ocr_par' dir='ltr' id='par_1_36' title="bbox 1078 339 1859 376">
     <span class='ocr_line' id='line_1_36' title="bbox 1078 339 1859 376; baseline -0.004 -8"><span class='ocrx_word' id='word_1_248' title='bbox 1078 342 1155 374; x_wconf 85' lang='lat' dir='ltr'><strong>mini,</strong></span> <span class='ocrx_word' id='word_1_249' title='bbox 1172 348 1293 376; x_wconf 63' lang='lat' dir='ltr'><strong>prmpara</strong></span> <span class='ocrx_word' id='word_1_250' title='bbox 1306 341 1423 366; x_wconf 87' lang='lat' dir='ltr'><strong>animam</strong></span> <span class='ocrx_word' id='word_1_251' title='bbox 1440 344 1512 366; x_wconf 89' lang='lat' dir='ltr'><strong>tuam</strong></span> <span class='ocrx_word' id='word_1_252' title='bbox 1528 339 1561 365; x_wconf 85' lang='lat' dir='ltr'><strong>ad</strong></span> <span class='ocrx_word' id='word_1_253' title='bbox 1577 339 1765 366; x_wconf 88' lang='lat' dir='ltr'><strong>tentationem.</strong></span> <span class='ocrx_word' id='word_1_254' title='bbox 1786 349 1796 365; x_wconf 76' lang='grc'><strong>1</strong></span> <span class='ocrx_word' id='word_1_255' title='bbox 1813 339 1859 373; x_wconf 75' lang='grc' dir='ltr'><strong>Ορ-</strong></span> 
     </span>
    </p>
   </div>
   <div class='ocr_carea' id='block_1_37' title="bbox 1077 384 1860 422">
    <p class='ocr_par' dir='ltr' id='par_1_37' title="bbox 1077 384 1860 422">
     <span class='ocr_line' id='line_1_37' title="bbox 1077 384 1860 422; baseline -0.003 -10"><span class='ocrx_word' id='word_1_256' title='bbox 1077 391 1231 422; x_wconf 75' lang='lat' dir='ltr'><strong>pugnantur</strong></span> <span class='ocrx_word' id='word_1_257' title='bbox 1241 393 1305 421; x_wconf 79' lang='lat' dir='ltr'><strong>ergo</strong></span> <span class='ocrx_word' id='word_1_258' title='bbox 1315 386 1397 412; x_wconf 85' lang='lat' dir='ltr'><strong>etiam</strong></span> <span class='ocrx_word' id='word_1_259' title='bbox 1417 393 1487 411; x_wconf 85' lang='lat' dir='ltr'><strong>nunc</strong></span> <span class='ocrx_word' id='word_1_260' title='bbox 1502 384 1659 411; x_wconf 63' lang='lat' dir='ltr'><strong>Gabaonitae</strong></span> <span class='ocrx_word' id='word_1_261' title='bbox 1677 384 1860 419; x_wconf 80' lang='lat' dir='ltr'><strong>cuiuscunque</strong></span> 
     </span>
    </p>
   </div>
   <div class='ocr_carea' id='block_1_38' title="bbox 1077 429 1859 466">
    <p class='ocr_par' dir='ltr' id='par_1_38' title="bbox 1077 429 1859 466">
     <span class='ocr_line' id='line_1_38' title="bbox 1077 429 1859 466; baseline -0.001 -7"><span class='ocrx_word' id='word_1_262' title='bbox 1077 432 1148 459; x_wconf 88' lang='lat' dir='ltr'><strong>modi</strong></span> <span class='ocrx_word' id='word_1_263' title='bbox 1168 432 1219 459; x_wconf 88' lang='lat' dir='ltr'><strong>sint</strong></span> <span class='ocrx_word' id='word_1_264' title='bbox 1238 437 1346 466; x_wconf 86' lang='lat' dir='ltr'><strong>propter</strong></span> <span class='ocrx_word' id='word_1_265' title='bbox 1362 431 1496 458; x_wconf 86' lang='lat' dir='ltr'><strong>amicitias</strong></span> <span class='ocrx_word' id='word_1_266' title='bbox 1509 429 1583 462; x_wconf 85' lang='lat' dir='ltr'><strong>Jesa,</strong></span> <span class='ocrx_word' id='word_1_267' title='bbox 1599 435 1628 457; x_wconf 90' lang='lat' dir='ltr'><strong>et</strong></span> <span class='ocrx_word' id='word_1_268' title='bbox 1644 431 1706 465; x_wconf 84' lang='lat' dir='ltr'><strong>ligni</strong></span> <span class='ocrx_word' id='word_1_269' title='bbox 1729 431 1794 458; x_wconf 83' lang='lat' dir='ltr'><strong>licet</strong></span> <span class='ocrx_word' id='word_1_270' title='bbox 1811 432 1859 458; x_wconf 83' lang='lat' dir='ltr'><strong>sint</strong></span> 
     </span>
    </p>
   </div>
   <div class='ocr_carea' id='block_1_39' title="bbox 1075 475 1857 511">
    <p class='ocr_par' dir='ltr' id='par_1_39' title="bbox 1075 475 1857 511">
     <span class='ocr_line' id='line_1_39' title="bbox 1075 475 1857 511; baseline -0.003 -6"><span class='ocrx_word' id='word_1_271' title='bbox 1075 485 1202 509; x_wconf 72' lang='lat' dir='ltr'><strong>eze=ores,</strong></span> <span class='ocrx_word' id='word_1_272' title='bbox 1231 482 1258 504; x_wconf 86' lang='lat' dir='ltr'><strong>et</strong></span> <span class='ocrx_word' id='word_1_273' title='bbox 1276 484 1353 511; x_wconf 73' lang='lat' dir='ltr'><strong>aqum</strong></span> <span class='ocrx_word' id='word_1_274' title='bbox 1377 481 1539 511; x_wconf 79' lang='lat' dir='ltr'><strong>gestatores,</strong></span> <span class='ocrx_word' id='word_1_275' title='bbox 1565 475 1591 502; x_wconf 87' lang='lat' dir='ltr'><strong>id</strong></span> <span class='ocrx_word' id='word_1_276' title='bbox 1619 481 1673 508; x_wconf 84' lang='lat' dir='ltr'><strong>est,</strong></span> <span class='ocrx_word' id='word_1_277' title='bbox 1694 477 1758 503; x_wconf 83' lang='lat' dir='ltr'><strong>licet</strong></span> <span class='ocrx_word' id='word_1_278' title='bbox 1778 477 1857 503; x_wconf 85' lang='lat' dir='ltr'><strong>ultimi</strong></span> 
     </span>
    </p>
   </div>
   <div class='ocr_carea' id='block_1_40' title="bbox 1077 522 1858 558">
    <p class='ocr_par' dir='ltr' id='par_1_40' title="bbox 1077 522 1858 558">
     <span class='ocr_line' id='line_1_40' title="bbox 1077 522 1858 558; baseline 0 -8"><span class='ocrx_word' id='word_1_279' title='bbox 1077 525 1165 551; x_wconf 85' lang='lat' dir='ltr'><strong>meriti</strong></span> <span class='ocrx_word' id='word_1_280' title='bbox 1188 525 1225 552; x_wconf 86' lang='lat' dir='ltr'><strong>sis</strong></span> <span class='ocrx_word' id='word_1_281' title='bbox 1238 525 1263 551; x_wconf 90' lang='lat' dir='ltr'><strong>in</strong></span> <span class='ocrx_word' id='word_1_282' title='bbox 1285 524 1415 556; x_wconf 73' lang='lat' dir='ltr'><strong>Ecclesia,</strong></span> <span class='ocrx_word' id='word_1_283' title='bbox 1432 528 1522 550; x_wconf 90' lang='lat' dir='ltr'><strong>tamen</strong></span> <span class='ocrx_word' id='word_1_284' title='bbox 1541 523 1592 549; x_wconf 84' lang='lat' dir='ltr'><strong>hoc</strong></span> <span class='ocrx_word' id='word_1_285' title='bbox 1613 522 1672 556; x_wconf 89' lang='lat' dir='ltr'><strong>ipso</strong></span> <span class='ocrx_word' id='word_1_286' title='bbox 1686 524 1751 558; x_wconf 85' lang='lat' dir='ltr'><strong>quia</strong></span> <span class='ocrx_word' id='word_1_287' title='bbox 1771 524 1804 549; x_wconf 89' lang='lat' dir='ltr'><strong>ad</strong></span> <span class='ocrx_word' id='word_1_288' title='bbox 1818 523 1858 550; x_wconf 74' lang='lat' dir='ltr'><strong>Je-</strong></span> 
     </span>
    </p>
   </div>
   <div class='ocr_carea' id='block_1_41' title="bbox 1074 568 1858 605">
    <p class='ocr_par' dir='ltr' id='par_1_41' title="bbox 1074 568 1858 605">
     <span class='ocr_line' id='line_1_41' title="bbox 1074 568 1858 605; baseline -0.004 -8"><span class='ocrx_word' id='word_1_289' title='bbox 1074 577 1133 597; x_wconf 86' lang='lat' dir='ltr'><strong>sum</strong></span> <span class='ocrx_word' id='word_1_290' title='bbox 1151 570 1279 605; x_wconf 81' lang='lat' dir='ltr'><strong>pertinesI</strong></span> <span class='ocrx_word' id='word_1_291' title='bbox 1299 568 1522 603; x_wconf 79' lang='lat' dir='ltr'><strong>impnguaberisa</strong></span> <span class='ocrx_word' id='word_1_292' title='bbox 1541 568 1660 602; x_wconf 87' lang='lat' dir='ltr'><strong>quinqtre</strong></span> <span class='ocrx_word' id='word_1_293' title='bbox 1677 569 1798 602; x_wconf 77' lang='lat' dir='ltr'><strong>regibus.</strong></span> <span class='ocrx_word' id='word_1_294' title='bbox 1812 569 1858 596; x_wconf 87' lang='lat' dir='ltr'><strong>Sed</strong></span> 
     </span>
    </p>
   </div>
   <div class='ocr_carea' id='block_1_42' title="bbox 1075 615 1858 650">
    <p class='ocr_par' dir='ltr' id='par_1_42' title="bbox 1075 615 1858 650">
     <span class='ocr_line' id='line_1_42' title="bbox 1075 615 1858 650; baseline -0.003 -6"><span class='ocrx_word' id='word_1_295' title='bbox 1075 622 1163 644; x_wconf 87' lang='lat' dir='ltr'><strong>tamen</strong></span> <span class='ocrx_word' id='word_1_296' title='bbox 1180 624 1230 644; x_wconf 85' lang='lat' dir='ltr'><strong>nec</strong></span> <span class='ocrx_word' id='word_1_297' title='bbox 1247 616 1402 644; x_wconf 72' lang='lat' dir='ltr'><strong>Gabaonitte</strong></span> <span class='ocrx_word' id='word_1_298' title='bbox 1416 615 1650 650; x_wconf 80' lang='lat' dir='ltr'><strong>derclinqrmnlur,</strong></span> <span class='ocrx_word' id='word_1_299' title='bbox 1669 615 1712 642; x_wconf 75' lang='lat' dir='ltr'><strong>vel</strong></span> <span class='ocrx_word' id='word_1_300' title='bbox 1727 623 1858 650; x_wconf 84' lang='lat' dir='ltr'><strong>spernun-</strong></span> 
     </span>
    </p>
   </div>
   <div class='ocr_carea' id='block_1_43' title="bbox 1075 660 1859 696">
    <p class='ocr_par' dir='ltr' id='par_1_43' title="bbox 1075 660 1859 696">
     <span class='ocr_line' id='line_1_43' title="bbox 1075 660 1859 696; baseline -0.005 -7"><span class='ocrx_word' id='word_1_301' title='bbox 1075 668 1118 690; x_wconf 90' lang='lat' dir='ltr'><strong>tur</strong></span> <span class='ocrx_word' id='word_1_302' title='bbox 1133 662 1166 688; x_wconf 93' lang='lat' dir='ltr'><strong>ab</strong></span> <span class='ocrx_word' id='word_1_303' title='bbox 1186 660 1258 690; x_wconf 79' lang='lat' dir='ltr'><strong>Jesu.</strong></span> <span class='ocrx_word' id='word_1_304' title='bbox 1282 661 1322 687; x_wconf 86' lang='lat' dir='ltr'><strong>vel</strong></span> <span class='ocrx_word' id='word_1_305' title='bbox 1337 661 1370 687; x_wconf 91' lang='lat' dir='ltr'><strong>ab</strong></span> <span class='ocrx_word' id='word_1_306' title='bbox 1385 660 1499 687; x_wconf 85' lang='lat' dir='ltr'><strong>ducibus</strong></span> <span class='ocrx_word' id='word_1_307' title='bbox 1525 669 1556 687; x_wconf 88' lang='lat' dir='ltr'><strong>ac</strong></span> <span class='ocrx_word' id='word_1_308' title='bbox 1572 661 1740 696; x_wconf 82' lang='lat' dir='ltr'><strong>presbyteris</strong></span> <span class='ocrx_word' id='word_1_309' title='bbox 1757 661 1859 688; x_wconf 71' lang='lat' dir='ltr'><strong>Israeli-</strong></span> 
     </span>
    </p>
   </div>
   <div class='ocr_carea' id='block_1_44' title="bbox 1074 706 1857 741">
    <p class='ocr_par' dir='ltr' id='par_1_44' title="bbox 1074 706 1857 741">
     <span class='ocr_line' id='line_1_44' title="bbox 1074 706 1857 741; baseline -0.003 -7"><span class='ocrx_word' id='word_1_310' title='bbox 1074 713 1171 741; x_wconf 88' lang='lat' dir='ltr'><strong>larutn,</strong></span> <span class='ocrx_word' id='word_1_311' title='bbox 1191 708 1237 734; x_wconf 87' lang='lat' dir='ltr'><strong>sed</strong></span> <span class='ocrx_word' id='word_1_312' title='bbox 1253 706 1403 734; x_wconf 83' lang='lat' dir='ltr'><strong>inﬁrmitati</strong></span> <span class='ocrx_word' id='word_1_313' title='bbox 1422 713 1516 733; x_wconf 87' lang='lat' dir='ltr'><strong>eorum</strong></span> <span class='ocrx_word' id='word_1_314' title='bbox 1539 706 1671 732; x_wconf 81' lang='lat' dir='ltr'><strong>auxilium</strong></span> <span class='ocrx_word' id='word_1_315' title='bbox 1688 706 1794 733; x_wconf 78' lang='lat' dir='ltr'><strong>ferunt.</strong></span> <span class='ocrx_word' id='word_1_316' title='bbox 1808 708 1857 733; x_wconf 76' lang='lat' dir='ltr'><strong>Au-</strong></span> 
     </span>
    </p>
   </div>
   <div class='ocr_carea' id='block_1_45' title="bbox 1073 751 1860 786">
    <p class='ocr_par' dir='ltr' id='par_1_45' title="bbox 1073 751 1860 786">
     <span class='ocr_line' id='line_1_45' title="bbox 1073 751 1860 786; baseline -0.003 -6"><span class='ocrx_word' id='word_1_317' title='bbox 1073 762 1125 780; x_wconf 93' lang='lat' dir='ltr'><strong>non</strong></span> <span class='ocrx_word' id='word_1_318' title='bbox 1152 753 1199 780; x_wconf 83' lang='lat' dir='ltr'><strong>tibi</strong></span> <span class='ocrx_word' id='word_1_319' title='bbox 1219 753 1325 779; x_wconf 87' lang='lat' dir='ltr'><strong>videtur</strong></span> <span class='ocrx_word' id='word_1_320' title='bbox 1339 753 1390 779; x_wconf 93' lang='lat' dir='ltr'><strong>hoc</strong></span> <span class='ocrx_word' id='word_1_321' title='bbox 1412 759 1491 786; x_wconf 77' lang='lat' dir='ltr'><strong>agere</strong></span> <span class='ocrx_word' id='word_1_322' title='bbox 1512 752 1539 778; x_wconf 93' lang='lat' dir='ltr'><strong>iu</strong></span> <span class='ocrx_word' id='word_1_323' title='bbox 1559 751 1636 778; x_wconf 85' lang='lat' dir='ltr'><strong>nobis</strong></span> <span class='ocrx_word' id='word_1_324' title='bbox 1653 756 1679 778; x_wconf 88' lang='lat' dir='ltr'><strong>et</strong></span> <span class='ocrx_word' id='word_1_325' title='bbox 1702 752 1756 778; x_wconf 88' lang='lat' dir='ltr'><strong>hoc</strong></span> <span class='ocrx_word' id='word_1_326' title='bbox 1771 753 1860 786; x_wconf 65' lang='lat' dir='ltr'><strong>prmi-</strong></span> 
     </span>
    </p>
   </div>
   <div class='ocr_carea' id='block_1_46' title="bbox 1072 798 1858 834">
    <p class='ocr_par' dir='ltr' id='par_1_46' title="bbox 1072 798 1858 834">
     <span class='ocr_line' id='line_1_46' title="bbox 1072 798 1858 834; baseline -0.001 -8"><span class='ocrx_word' id='word_1_327' title='bbox 1072 807 1134 834; x_wconf 86' lang='lat' dir='ltr'><strong>perc</strong></span> <span class='ocrx_word' id='word_1_328' title='bbox 1159 799 1198 834; x_wconf 87' lang='lat'><strong>(9)</strong></span> <span class='ocrx_word' id='word_1_329' title='bbox 1222 798 1286 826; x_wconf 89' lang='lat' dir='ltr'><strong>illud</strong></span> <span class='ocrx_word' id='word_1_330' title='bbox 1314 798 1434 832; x_wconf 87' lang='lat' dir='ltr'><strong>Apostoli</strong></span> <span class='ocrx_word' id='word_1_331' title='bbox 1463 798 1632 828; x_wconf 80' lang='lat' dir='ltr'><strong>mandatum,</strong></span> <span class='ocrx_word' id='word_1_332' title='bbox 1654 805 1710 832; x_wconf 87' lang='lat' dir='ltr'><strong>quo</strong></span> <span class='ocrx_word' id='word_1_333' title='bbox 1735 799 1802 824; x_wconf 84' lang='lat' dir='ltr'><strong>dicit</strong></span> <span class='ocrx_word' id='word_1_334' title='bbox 1821 799 1858 825; x_wconf 67' lang='grc' dir='ltr'><strong>κε</strong></span> 
     </span>
    </p>
   </div>
   <div class='ocr_carea' id='block_1_47' title="bbox 1076 841 1860 877">
    <p class='ocr_par' dir='ltr' id='par_1_47' title="bbox 1076 841 1860 877">
     <span class='ocr_line' id='line_1_47' title="bbox 1076 841 1860 877; baseline -0.001 -8"><span class='ocrx_word' id='word_1_335' title='bbox 1076 851 1085 868; x_wconf 76' lang='lat' dir='ltr'><strong>t</strong></span> <span class='ocrx_word' id='word_1_336' title='bbox 1103 841 1286 869; x_wconf 85' lang='lat' dir='ltr'><strong>Consolamiui</strong></span> <span class='ocrx_word' id='word_1_337' title='bbox 1300 841 1496 876; x_wconf 87' lang='lat' dir='ltr'><strong>pusillanimes,</strong></span> <span class='ocrx_word' id='word_1_338' title='bbox 1513 841 1644 868; x_wconf 85' lang='lat' dir='ltr'><strong>sustinete</strong></span> <span class='ocrx_word' id='word_1_339' title='bbox 1662 841 1803 871; x_wconf 77' lang='lat' dir='ltr'><strong>inﬁrmos.</strong></span> <span class='ocrx_word' id='word_1_340' title='bbox 1819 851 1860 877; x_wconf 73' lang='lat' dir='ltr'><strong>pa-</strong></span> 
     </span>
    </p>
   </div>
   <div class='ocr_carea' id='block_1_48' title="bbox 1073 887 1860 915">
    <p class='ocr_par' dir='ltr' id='par_1_48' title="bbox 1073 887 1860 915">
     <span class='ocr_line' id='line_1_48' title="bbox 1073 887 1860 915; baseline -0.001 0"><span class='ocrx_word' id='word_1_341' title='bbox 1073 889 1170 915; x_wconf 85' lang='lat' dir='ltr'><strong>tientes</strong></span> <span class='ocrx_word' id='word_1_342' title='bbox 1183 892 1270 914; x_wconf 88' lang='lat' dir='ltr'><strong>estote</strong></span> <span class='ocrx_word' id='word_1_343' title='bbox 1286 887 1319 913; x_wconf 91' lang='lat' dir='ltr'><strong>ad</strong></span> <span class='ocrx_word' id='word_1_344' title='bbox 1335 887 1448 914; x_wconf 88' lang='lat' dir='ltr'><strong>omnes?</strong></span> <span class='ocrx_word' id='word_1_345' title='bbox 1464 897 1473 913; x_wconf 78' lang='grc' dir='ltr'><strong>ι</strong></span> <span class='ocrx_word' id='word_1_346' title='bbox 1497 887 1528 914; x_wconf 81' lang='lat' dir='ltr'><strong>Et</strong></span> <span class='ocrx_word' id='word_1_347' title='bbox 1541 888 1637 914; x_wconf 88' lang='lat' dir='ltr'><strong>itertun</strong></span> <span class='ocrx_word' id='word_1_348' title='bbox 1654 887 1676 903; x_wconf 84' lang='lat'><strong>&quot;</strong></span> <span class='ocrx_word' id='word_1_349' title='bbox 1689 895 1698 913; x_wconf 88' lang='lat'><strong><em>:</em></strong></span> <span class='ocrx_word' id='word_1_350' title='bbox 1718 897 1727 914; x_wconf 81' lang='grc' dir='ltr'><strong>ι</strong></span> <span class='ocrx_word' id='word_1_351' title='bbox 1748 887 1804 915; x_wconf 75' lang='lat' dir='ltr'><strong>Vos</strong></span> <span class='ocrx_word' id='word_1_352' title='bbox 1817 897 1860 914; x_wconf 85' lang='lat' dir='ltr'><strong>au-</strong></span> 
     </span>
    </p>
   </div>
   <div class='ocr_carea' id='block_1_49' title="bbox 1073 933 1861 969">
    <p class='ocr_par' dir='ltr' id='par_1_49' title="bbox 1073 933 1861 969">
     <span class='ocr_line' id='line_1_49' title="bbox 1073 933 1861 969; baseline -0.001 -7"><span class='ocrx_word' id='word_1_353' title='bbox 1073 939 1125 962; x_wconf 87' lang='lat' dir='ltr'><strong>tem</strong></span> <span class='ocrx_word' id='word_1_354' title='bbox 1153 934 1332 969; x_wconf 85' lang='lat' dir='ltr'><strong>potentiores,</strong></span> <span class='ocrx_word' id='word_1_355' title='bbox 1362 933 1563 960; x_wconf 78' lang='lat' dir='ltr'><strong>inihecillitates</strong></span> <span class='ocrx_word' id='word_1_356' title='bbox 1586 934 1759 961; x_wconf 81' lang='lat' dir='ltr'><strong>inﬁrmorum</strong></span> <span class='ocrx_word' id='word_1_357' title='bbox 1785 935 1861 961; x_wconf 82' lang='lat' dir='ltr'><strong>susti-</strong></span> 
     </span>
    </p>
   </div>
   <div class='ocr_carea' id='block_1_50' title="bbox 1072 979 1862 1015">
    <p class='ocr_par' dir='ltr' id='par_1_50' title="bbox 1072 979 1862 1015">
     <span class='ocr_line' id='line_1_50' title="bbox 1072 979 1862 1015; baseline -0.003 -8"><span class='ocrx_word' id='word_1_358' title='bbox 1072 985 1145 1008; x_wconf 82' lang='lat' dir='ltr'><strong>nete.</strong></span> <span class='ocrx_word' id='word_1_359' title='bbox 1163 989 1172 1006; x_wconf 74' lang='grc' dir='ltr'><strong>ι</strong></span> <span class='ocrx_word' id='word_1_360' title='bbox 1195 980 1250 1008; x_wconf 90' lang='lat' dir='ltr'><strong>lloc</strong></span> <span class='ocrx_word' id='word_1_361' title='bbox 1266 988 1330 1015; x_wconf 82' lang='lat' dir='ltr'><strong>ergo</strong></span> <span class='ocrx_word' id='word_1_362' title='bbox 1345 980 1425 1006; x_wconf 89' lang='lat' dir='ltr'><strong>modo</strong></span> <span class='ocrx_word' id='word_1_363' title='bbox 1438 979 1519 1006; x_wconf 77' lang='lat' dir='ltr'><strong>Jesus</strong></span> <span class='ocrx_word' id='word_1_364' title='bbox 1535 987 1596 1006; x_wconf 85' lang='lat' dir='ltr'><strong>cum</strong></span> <span class='ocrx_word' id='word_1_365' title='bbox 1612 979 1730 1006; x_wconf 84' lang='lat' dir='ltr'><strong>ducibus</strong></span> <span class='ocrx_word' id='word_1_366' title='bbox 1749 985 1779 1006; x_wconf 85' lang='lat' dir='ltr'><strong>et</strong></span> <span class='ocrx_word' id='word_1_367' title='bbox 1793 981 1862 1012; x_wconf 88' lang='lat' dir='ltr'><strong>prin-</strong></span> 
     </span>
    </p>
   </div>
   <div class='ocr_carea' id='block_1_51' title="bbox 1071 1024 1861 1060">
    <p class='ocr_par' dir='ltr' id='par_1_51' title="bbox 1071 1024 1861 1060">
     <span class='ocr_line' id='line_1_51' title="bbox 1071 1024 1861 1060; baseline -0.004 -7"><span class='ocrx_word' id='word_1_368' title='bbox 1071 1025 1176 1060; x_wconf 86' lang='lat' dir='ltr'><strong>cipibus</strong></span> <span class='ocrx_word' id='word_1_369' title='bbox 1191 1026 1260 1057; x_wconf 82' lang='lat' dir='ltr'><strong>suis,</strong></span> <span class='ocrx_word' id='word_1_370' title='bbox 1273 1025 1346 1052; x_wconf 82' lang='lat' dir='ltr'><strong>adest</strong></span> <span class='ocrx_word' id='word_1_371' title='bbox 1360 1025 1393 1051; x_wconf 91' lang='lat' dir='ltr'><strong>iis</strong></span> <span class='ocrx_word' id='word_1_372' title='bbox 1413 1025 1459 1058; x_wconf 89' lang='lat' dir='ltr'><strong>qui</strong></span> <span class='ocrx_word' id='word_1_373' title='bbox 1474 1032 1522 1058; x_wconf 89' lang='lat' dir='ltr'><strong>pro</strong></span> <span class='ocrx_word' id='word_1_374' title='bbox 1535 1024 1642 1050; x_wconf 82' lang='lat' dir='ltr'><strong>nomine</strong></span> <span class='ocrx_word' id='word_1_375' title='bbox 1658 1031 1709 1050; x_wconf 89' lang='lat' dir='ltr'><strong>suo</strong></span> <span class='ocrx_word' id='word_1_376' title='bbox 1722 1032 1738 1049; x_wconf 89' lang='lat' dir='ltr'><strong>a</strong></span> <span class='ocrx_word' id='word_1_377' title='bbox 1757 1030 1861 1051; x_wconf 84' lang='lat' dir='ltr'><strong>contm-</strong></span> 
     </span>
    </p>
   </div>
   <div class='ocr_carea' id='block_1_52' title="bbox 1072 1069 1859 1104">
    <p class='ocr_par' dir='ltr' id='par_1_52' title="bbox 1072 1069 1859 1104">
     <span class='ocr_line' id='line_1_52' title="bbox 1072 1069 1859 1104; baseline -0.001 -7"><span class='ocrx_word' id='word_1_378' title='bbox 1072 1071 1119 1097; x_wconf 91' lang='lat' dir='ltr'><strong>riis</strong></span> <span class='ocrx_word' id='word_1_379' title='bbox 1133 1070 1276 1097; x_wconf 84' lang='lat' dir='ltr'><strong>virtutibus</strong></span> <span class='ocrx_word' id='word_1_380' title='bbox 1292 1075 1492 1104; x_wconf 77' lang='lat' dir='ltr'><strong>oppugnantur,</strong></span> <span class='ocrx_word' id='word_1_381' title='bbox 1506 1074 1533 1096; x_wconf 85' lang='lat' dir='ltr'><strong>cl.</strong></span> <span class='ocrx_word' id='word_1_382' title='bbox 1549 1077 1601 1096; x_wconf 91' lang='lat' dir='ltr'><strong>non</strong></span> <span class='ocrx_word' id='word_1_383' title='bbox 1617 1069 1706 1096; x_wconf 79' lang='lat' dir='ltr'><strong>solum</strong></span> <span class='ocrx_word' id='word_1_384' title='bbox 1725 1071 1859 1097; x_wconf 80' lang='lat' dir='ltr'><strong>auxilium</strong></span> 
     </span>
    </p>
   </div>
   <div class='ocr_carea' id='block_1_53' title="bbox 1070 1114 1861 1151">
    <p class='ocr_par' dir='ltr' id='par_1_53' title="bbox 1070 1114 1861 1151">
     <span class='ocr_line' id='line_1_53' title="bbox 1070 1114 1861 1151; baseline 0 -9"><span class='ocrx_word' id='word_1_385' title='bbox 1070 1120 1180 1151; x_wconf 65' lang='lat' dir='ltr'><strong>prtestat</strong></span> <span class='ocrx_word' id='word_1_386' title='bbox 1202 1117 1227 1143; x_wconf 90' lang='lat' dir='ltr'><strong>in</strong></span> <span class='ocrx_word' id='word_1_387' title='bbox 1242 1115 1322 1148; x_wconf 86' lang='lat' dir='ltr'><strong>bello,</strong></span> <span class='ocrx_word' id='word_1_388' title='bbox 1341 1123 1433 1142; x_wconf 88' lang='lat' dir='ltr'><strong>verum</strong></span> <span class='ocrx_word' id='word_1_389' title='bbox 1448 1120 1474 1142; x_wconf 87' lang='lat' dir='ltr'><strong>et</strong></span> <span class='ocrx_word' id='word_1_390' title='bbox 1487 1114 1611 1149; x_wconf 89' lang='lat' dir='ltr'><strong>producit</strong></span> <span class='ocrx_word' id='word_1_391' title='bbox 1627 1120 1736 1150; x_wconf 88' lang='lat' dir='ltr'><strong>tempus</strong></span> <span class='ocrx_word' id='word_1_392' title='bbox 1755 1116 1823 1147; x_wconf 76' lang='lat' dir='ltr'><strong>diei,</strong></span> <span class='ocrx_word' id='word_1_393' title='bbox 1838 1122 1861 1142; x_wconf 86' lang='lat' dir='ltr'><strong>et</strong></span> 
     </span>
    </p>
   </div>
   <div class='ocr_carea' id='block_1_54' title="bbox 1071 1162 1800 1198">
    <p class='ocr_par' dir='ltr' id='par_1_54' title="bbox 1071 1162 1800 1198">
     <span class='ocr_line' id='line_1_54' title="bbox 1071 1162 1800 1198; baseline -0.003 -8"><span class='ocrx_word' id='word_1_394' title='bbox 1071 1163 1157 1198; x_wconf 83' lang='lat' dir='ltr'><strong>spatia</strong></span> <span class='ocrx_word' id='word_1_395' title='bbox 1171 1163 1241 1189; x_wconf 88' lang='lat' dir='ltr'><strong>lucis</strong></span> <span class='ocrx_word' id='word_1_396' title='bbox 1254 1162 1392 1197; x_wconf 68' lang='lat' dir='ltr'><strong>protelans</strong></span> <span class='ocrx_word' id='word_1_397' title='bbox 1406 1162 1549 1189; x_wconf 75' lang='lat' dir='ltr'><strong>adventum</strong></span> <span class='ocrx_word' id='word_1_398' title='bbox 1566 1162 1676 1188; x_wconf 85' lang='lat' dir='ltr'><strong>discutit</strong></span> <span class='ocrx_word' id='word_1_399' title='bbox 1694 1162 1800 1188; x_wconf 84' lang='lat' dir='ltr'><strong>noctis.</strong></span> 
     </span>
    </p>
   </div>
   <div class='ocr_carea' id='block_1_55' title="bbox 1104 1208 1863 1245">
    <p class='ocr_par' dir='ltr' id='par_1_55' title="bbox 1104 1208 1863 1245">
     <span class='ocr_line' id='line_1_55' title="bbox 1104 1208 1863 1245; baseline -0.001 -8"><span class='ocrx_word' id='word_1_400' title='bbox 1104 1211 1131 1237; x_wconf 83' lang='grc'><strong>5.</strong></span> <span class='ocrx_word' id='word_1_401' title='bbox 1158 1208 1285 1237; x_wconf 84' lang='lat' dir='ltr'><strong>Volumus</strong></span> <span class='ocrx_word' id='word_1_402' title='bbox 1306 1216 1370 1242; x_wconf 78' lang='lat' dir='ltr'><strong>ergo</strong></span> <span class='ocrx_word' id='word_1_403' title='bbox 1395 1208 1461 1245; x_wconf 80' lang='grc'><strong>(10),</strong></span> <span class='ocrx_word' id='word_1_404' title='bbox 1488 1209 1510 1236; x_wconf 92' lang='lat' dir='ltr'><strong>si</strong></span> <span class='ocrx_word' id='word_1_405' title='bbox 1537 1216 1691 1243; x_wconf 85' lang='lat' dir='ltr'><strong>possumus,</strong></span> <span class='ocrx_word' id='word_1_406' title='bbox 1715 1209 1863 1236; x_wconf 81' lang='lat' dir='ltr'><strong>ostendere</strong></span> 
     </span>
    </p>
   </div>
   <div class='ocr_carea' id='block_1_56' title="bbox 1069 1253 1860 1290">
    <p class='ocr_par' dir='ltr' id='par_1_56' title="bbox 1069 1253 1860 1290">
     <span class='ocr_line' id='line_1_56' title="bbox 1069 1253 1860 1290; baseline -0.001 -9"><span class='ocrx_word' id='word_1_407' title='bbox 1069 1256 1203 1290; x_wconf 89' lang='lat' dir='ltr'><strong>quomodo</strong></span> <span class='ocrx_word' id='word_1_408' title='bbox 1219 1254 1347 1281; x_wconf 85' lang='lat' dir='ltr'><strong>Dominus</strong></span> <span class='ocrx_word' id='word_1_409' title='bbox 1363 1260 1454 1282; x_wconf 87' lang='lat' dir='ltr'><strong>noster</strong></span> <span class='ocrx_word' id='word_1_410' title='bbox 1470 1253 1549 1282; x_wconf 84' lang='lat' dir='ltr'><strong>Jesus</strong></span> <span class='ocrx_word' id='word_1_411' title='bbox 1561 1254 1742 1289; x_wconf 82' lang='lat' dir='ltr'><strong>protelaverit</strong></span> <span class='ocrx_word' id='word_1_412' title='bbox 1761 1255 1860 1284; x_wconf 85' lang='lat' dir='ltr'><strong>lucem,</strong></span> 
     </span>
    </p>
   </div>
   <div class='ocr_carea' id='block_1_57' title="bbox 1069 1300 1860 1336">
    <p class='ocr_par' dir='ltr' id='par_1_57' title="bbox 1069 1300 1860 1336">
     <span class='ocr_line' id='line_1_57' title="bbox 1069 1300 1860 1336; baseline -0.003 -7"><span class='ocrx_word' id='word_1_413' title='bbox 1069 1307 1096 1330; x_wconf 83' lang='lat' dir='ltr'><strong>et</strong></span> <span class='ocrx_word' id='word_1_414' title='bbox 1111 1303 1241 1336; x_wconf 78' lang='lat' dir='ltr'><strong>majorem</strong></span> <span class='ocrx_word' id='word_1_415' title='bbox 1259 1302 1356 1329; x_wconf 81' lang='lat' dir='ltr'><strong>fecerit</strong></span> <span class='ocrx_word' id='word_1_416' title='bbox 1376 1302 1459 1332; x_wconf 87' lang='lat' dir='ltr'><strong>diem,</strong></span> <span class='ocrx_word' id='word_1_417' title='bbox 1482 1301 1522 1327; x_wconf 87' lang='lat' dir='ltr'><strong>vel</strong></span> <span class='ocrx_word' id='word_1_418' title='bbox 1538 1309 1585 1336; x_wconf 92' lang='lat' dir='ltr'><strong>pro</strong></span> <span class='ocrx_word' id='word_1_419' title='bbox 1600 1300 1689 1328; x_wconf 85' lang='lat' dir='ltr'><strong>salute</strong></span> <span class='ocrx_word' id='word_1_420' title='bbox 1703 1301 1860 1328; x_wconf 86' lang='lat' dir='ltr'><strong>hominum.</strong></span> 
     </span>
    </p>
   </div>
   <div class='ocr_carea' id='block_1_58' title="bbox 1068 1347 1862 1383">
    <p class='ocr_par' dir='ltr' id='par_1_58' title="bbox 1068 1347 1862 1383">
     <span class='ocr_line' id='line_1_58' title="bbox 1068 1347 1862 1383; baseline -0.004 -7"><span class='ocrx_word' id='word_1_421' title='bbox 1068 1349 1109 1376; x_wconf 84' lang='lat' dir='ltr'><strong>vel</strong></span> <span class='ocrx_word' id='word_1_422' title='bbox 1125 1357 1174 1383; x_wconf 91' lang='lat' dir='ltr'><strong>pro</strong></span> <span class='ocrx_word' id='word_1_423' title='bbox 1186 1349 1295 1375; x_wconf 87' lang='lat' dir='ltr'><strong>interitu</strong></span> <span class='ocrx_word' id='word_1_424' title='bbox 1315 1347 1515 1374; x_wconf 85' lang='lat' dir='ltr'><strong>contrariarum</strong></span> <span class='ocrx_word' id='word_1_425' title='bbox 1530 1348 1668 1373; x_wconf 89' lang='lat' dir='ltr'><strong>virtutum.</strong></span> <span class='ocrx_word' id='word_1_426' title='bbox 1687 1347 1725 1373; x_wconf 77' lang='lat' dir='ltr'><strong>Ex</strong></span> <span class='ocrx_word' id='word_1_427' title='bbox 1738 1355 1798 1381; x_wconf 86' lang='lat' dir='ltr'><strong>quo</strong></span> <span class='ocrx_word' id='word_1_428' title='bbox 1818 1348 1862 1373; x_wconf 86' lang='lat' dir='ltr'><strong>ad-</strong></span> 
     </span>
    </p>
   </div>
   <div class='ocr_carea' id='block_1_59' title="bbox 1068 1391 1860 1427">
    <p class='ocr_par' dir='ltr' id='par_1_59' title="bbox 1068 1391 1860 1427">
     <span class='ocr_line' id='line_1_59' title="bbox 1068 1391 1860 1427; baseline -0.001 -7"><span class='ocrx_word' id='word_1_429' title='bbox 1068 1394 1142 1420; x_wconf 83' lang='lat' dir='ltr'><strong>venit</strong></span> <span class='ocrx_word' id='word_1_430' title='bbox 1167 1393 1301 1425; x_wconf 79' lang='lat' dir='ltr'><strong>Salvator,</strong></span> <span class='ocrx_word' id='word_1_431' title='bbox 1326 1392 1388 1419; x_wconf 82' lang='lat' dir='ltr'><strong>ﬁnis</strong></span> <span class='ocrx_word' id='word_1_432' title='bbox 1401 1391 1525 1426; x_wconf 88' lang='lat' dir='ltr'><strong>eratjam</strong></span> <span class='ocrx_word' id='word_1_433' title='bbox 1542 1392 1645 1418; x_wconf 88' lang='lat' dir='ltr'><strong>mundi.</strong></span> <span class='ocrx_word' id='word_1_434' title='bbox 1662 1392 1790 1426; x_wconf 79' lang='lat' dir='ltr'><strong>Denique</strong></span> <span class='ocrx_word' id='word_1_435' title='bbox 1805 1393 1860 1427; x_wconf 63' lang='lat' dir='ltr'><strong>ipse</strong></span> 
     </span>
    </p>
   </div>
   <div class='ocr_carea' id='block_1_60' title="bbox 1069 1438 1860 1472">
    <p class='ocr_par' dir='ltr' id='par_1_60' title="bbox 1069 1438 1860 1472">
     <span class='ocr_line' id='line_1_60' title="bbox 1069 1438 1860 1472; baseline -0.003 -5"><span class='ocrx_word' id='word_1_436' title='bbox 1069 1440 1174 1468; x_wconf 88' lang='lat' dir='ltr'><strong>dicebat</strong></span> <span class='ocrx_word' id='word_1_437' title='bbox 1185 1439 1223 1466; x_wconf 75' lang='grc' dir='ltr'><strong>⁸⁸ε</strong></span> <span class='ocrx_word' id='word_1_438' title='bbox 1238 1449 1246 1464; x_wconf 86' lang='grc' dir='ltr'><strong>ι</strong></span> <span class='ocrx_word' id='word_1_439' title='bbox 1260 1439 1452 1466; x_wconf 68' lang='lat' dir='ltr'><strong>Paenitentiam</strong></span> <span class='ocrx_word' id='word_1_440' title='bbox 1464 1438 1545 1472; x_wconf 79' lang='lat' dir='ltr'><strong>agite,</strong></span> <span class='ocrx_word' id='word_1_441' title='bbox 1561 1438 1795 1472; x_wconf 76' lang='lat' dir='ltr'><strong>appropinquavit</strong></span> <span class='ocrx_word' id='word_1_442' title='bbox 1806 1439 1860 1471; x_wconf 80' lang='grc' dir='ltr'><strong>(Η)</strong></span> 
     </span>
    </p>
   </div>
   <div class='ocr_carea' id='block_1_61' title="bbox 227 1483 1859 1525">
    <p class='ocr_par' dir='ltr' id='par_1_61' title="bbox 227 1483 1859 1525">
     <span class='ocr_line' id='line_1_61' title="bbox 227 1483 1859 1525; baseline 0 -15"><span class='ocrx_word' id='word_1_443' title='bbox 227 1489 255 1510; x_wconf 87' lang='lat' dir='ltr'><strong>et</strong></span> <span class='ocrx_word' id='word_1_444' title='bbox 280 1491 334 1510; x_wconf 89' lang='lat' dir='ltr'><strong>non</strong></span> <span class='ocrx_word' id='word_1_445' title='bbox 351 1489 392 1511; x_wconf 85' lang='lat' dir='ltr'><strong>est</strong></span> <span class='ocrx_word' id='word_1_446' title='bbox 409 1491 571 1519; x_wconf 81' lang='lat' dir='ltr'><strong>progressus</strong></span> <span class='ocrx_word' id='word_1_447' title='bbox 593 1486 627 1512; x_wconf 84' lang='lat' dir='ltr'><strong>ad</strong></span> <span class='ocrx_word' id='word_1_448' title='bbox 651 1493 776 1513; x_wconf 81' lang='lat' dir='ltr'><strong>occasum</strong></span> <span class='ocrx_word' id='word_1_449' title='bbox 793 1487 819 1513; x_wconf 90' lang='lat' dir='ltr'><strong>iu</strong></span> <span class='ocrx_word' id='word_1_450' title='bbox 839 1487 919 1514; x_wconf 88' lang='lat' dir='ltr'><strong>linem</strong></span> <span class='ocrx_word' id='word_1_451' title='bbox 936 1488 1016 1515; x_wconf 87' lang='lat' dir='ltr'><strong>unius</strong></span> <span class='ocrx_word' id='word_1_452' title='bbox 1030 1497 1051 1525; x_wconf 70' lang='grc' dir='ltr'>α</span> <span class='ocrx_word' id='word_1_453' title='bbox 1067 1486 1139 1514; x_wconf 90' lang='lat' dir='ltr'><strong>enim</strong></span> <span class='ocrx_word' id='word_1_454' title='bbox 1158 1492 1267 1520; x_wconf 78' lang='lat' dir='ltr'><strong>regnum</strong></span> <span class='ocrx_word' id='word_1_455' title='bbox 1284 1484 1425 1512; x_wconf 64' lang='lat' dir='ltr'><strong>malorum.</strong></span> <span class='ocrx_word' id='word_1_456' title='bbox 1442 1493 1451 1510; x_wconf 74' lang='grc' dir='ltr'><strong>ι</strong></span> <span class='ocrx_word' id='word_1_457' title='bbox 1471 1483 1524 1510; x_wconf 87' lang='lat' dir='ltr'><strong>Sed</strong></span> <span class='ocrx_word' id='word_1_458' title='bbox 1543 1483 1653 1510; x_wconf 88' lang='lat' dir='ltr'><strong>retinuit</strong></span> <span class='ocrx_word' id='word_1_459' title='bbox 1675 1488 1704 1509; x_wconf 87' lang='lat' dir='ltr'><strong>ct</strong></span> <span class='ocrx_word' id='word_1_460' title='bbox 1725 1485 1859 1517; x_wconf 74' lang='lat' dir='ltr'><strong>repressit</strong></span> 
     </span>
    </p>
   </div>
   <div class='ocr_carea' id='block_1_62' title="bbox 226 1527 1015 1562">
    <p class='ocr_par' dir='ltr' id='par_1_62' title="bbox 226 1527 1015 1562">
     <span class='ocr_line' id='line_1_62' title="bbox 226 1527 1015 1562; baseline 0.008 -9"><span class='ocrx_word' id='word_1_461' title='bbox 226 1527 290 1554; x_wconf 84' lang='lat' dir='ltr'><strong>diei.</strong></span> <span class='ocrx_word' id='word_1_462' title='bbox 305 1527 364 1554; x_wconf 87' lang='lat' dir='ltr'><strong>Non</strong></span> <span class='ocrx_word' id='word_1_463' title='bbox 386 1528 435 1555; x_wconf 80' lang='lat' dir='ltr'><strong>fuit</strong></span> <span class='ocrx_word' id='word_1_464' title='bbox 450 1529 507 1556; x_wconf 90' lang='lat' dir='ltr'><strong>dies</strong></span> <span class='ocrx_word' id='word_1_465' title='bbox 522 1529 583 1556; x_wconf 86' lang='lat' dir='ltr'><strong>talis</strong></span> <span class='ocrx_word' id='word_1_466' title='bbox 598 1535 661 1557; x_wconf 87' lang='lat' dir='ltr'><strong>ante</strong></span> <span class='ocrx_word' id='word_1_467' title='bbox 675 1531 736 1562; x_wconf 88' lang='lat' dir='ltr'><strong>hoc,</strong></span> <span class='ocrx_word' id='word_1_468' title='bbox 762 1538 809 1558; x_wconf 89' lang='lat' dir='ltr'><strong>nec</strong></span> <span class='ocrx_word' id='word_1_469' title='bbox 826 1532 863 1558; x_wconf 89' lang='lat' dir='ltr'><strong>ita</strong></span> <span class='ocrx_word' id='word_1_470' title='bbox 879 1532 1015 1559; x_wconf 71' lang='lat' dir='ltr'><strong>exaudivit</strong></span> 
     </span>
    </p>
   </div>
   <div class='ocr_carea' id='block_1_63' title="bbox 226 1573 1016 1613">
    <p class='ocr_par' dir='ltr' id='par_1_63' title="bbox 226 1573 1016 1613">
     <span class='ocr_line' id='line_1_63' title="bbox 226 1573 1016 1613; baseline 0.008 -13"><span class='ocrx_word' id='word_1_471' title='bbox 226 1573 297 1600; x_wconf 84' lang='lat' dir='ltr'><strong>Deus</strong></span> <span class='ocrx_word' id='word_1_472' title='bbox 325 1574 460 1602; x_wconf 87' lang='lat' dir='ltr'><strong>hominem</strong></span> <span class='ocrx_word' id='word_1_473' title='bbox 475 1594 482 1607; x_wconf 88' lang='lat'><strong>,</strong></span> <span class='ocrx_word' id='word_1_474' title='bbox 509 1576 571 1610; x_wconf 85' lang='lat' dir='ltr'><strong>quia</strong></span> <span class='ocrx_word' id='word_1_475' title='bbox 598 1576 728 1603; x_wconf 86' lang='lat' dir='ltr'><strong>Dominus</strong></span> <span class='ocrx_word' id='word_1_476' title='bbox 753 1578 888 1611; x_wconf 72' lang='lat' dir='ltr'><strong>pugnabat</strong></span> <span class='ocrx_word' id='word_1_477' title='bbox 905 1579 944 1613; x_wconf 78' lang='lat'><strong>(7)</strong></span> <span class='ocrx_word' id='word_1_478' title='bbox 967 1586 1016 1612; x_wconf 92' lang='lat' dir='ltr'><strong>pro</strong></span> 
     </span>
    </p>
   </div>
   <div class='ocr_carea' id='block_1_64' title="bbox 224 1619 1016 1658">
    <p class='ocr_par' dir='ltr' id='par_1_64' title="bbox 224 1619 1016 1658">
     <span class='ocr_line' id='line_1_64' title="bbox 224 1619 1016 1658; baseline 0.008 -12"><span class='ocrx_word' id='word_1_479' title='bbox 224 1619 321 1647; x_wconf 83' lang='lat' dir='ltr'><strong>Israel.</strong></span> <span class='ocrx_word' id='word_1_480' title='bbox 340 1619 373 1647; x_wconf 84' lang='lat' dir='ltr'><strong>Et</strong></span> <span class='ocrx_word' id='word_1_481' title='bbox 387 1619 515 1656; x_wconf 76' lang='lat' dir='ltr'><strong>fugerunt</strong></span> <span class='ocrx_word' id='word_1_482' title='bbox 529 1622 566 1649; x_wconf 94' lang='lat' dir='ltr'><strong>illi</strong></span> <span class='ocrx_word' id='word_1_483' title='bbox 589 1622 708 1657; x_wconf 91' lang='lat' dir='ltr'><strong>quinque</strong></span> <span class='ocrx_word' id='word_1_484' title='bbox 723 1631 810 1658; x_wconf 77' lang='lat' dir='ltr'><strong>reges,</strong></span> <span class='ocrx_word' id='word_1_485' title='bbox 825 1629 852 1651; x_wconf 89' lang='lat' dir='ltr'><strong>ct</strong></span> <span class='ocrx_word' id='word_1_486' title='bbox 865 1625 1016 1652; x_wconf 83' lang='lat' dir='ltr'><strong>absronde—</strong></span> 
     </span>
    </p>
   </div>
   <div class='ocr_carea' id='block_1_65' title="bbox 225 1665 1010 1702">
    <p class='ocr_par' dir='ltr' id='par_1_65' title="bbox 225 1665 1010 1702">
     <span class='ocr_line' id='line_1_65' title="bbox 225 1665 1010 1702; baseline 0.006 -11"><span class='ocrx_word' id='word_1_487' title='bbox 225 1669 289 1691; x_wconf 82' lang='lat' dir='ltr'><strong>runt</strong></span> <span class='ocrx_word' id='word_1_488' title='bbox 315 1672 344 1692; x_wconf 84' lang='lat' dir='ltr'><strong>se</strong></span> <span class='ocrx_word' id='word_1_489' title='bbox 367 1665 393 1692; x_wconf 86' lang='lat' dir='ltr'><strong>in</strong></span> <span class='ocrx_word' id='word_1_490' title='bbox 417 1666 544 1700; x_wconf 81' lang='lat' dir='ltr'><strong>spelunca</strong></span> <span class='ocrx_word' id='word_1_491' title='bbox 563 1667 589 1694; x_wconf 93' lang='lat' dir='ltr'><strong>iu</strong></span> <span class='ocrx_word' id='word_1_492' title='bbox 612 1667 732 1702; x_wconf 75' lang='lat' dir='ltr'><strong>Mageda.</strong></span> <span class='ocrx_word' id='word_1_493' title='bbox 754 1677 764 1693; x_wconf 73' lang='grc' dir='ltr'><strong>ι</strong></span> <span class='ocrx_word' id='word_1_494' title='bbox 781 1669 844 1696; x_wconf 84' lang='lat' dir='ltr'><strong>H;ec</strong></span> <span class='ocrx_word' id='word_1_495' title='bbox 861 1670 1010 1696; x_wconf 87' lang='lat' dir='ltr'><strong>secundum</strong></span> 
     </span>
    </p>
   </div>
   <div class='ocr_carea' id='block_1_66' title="bbox 226 1710 1014 1747">
    <p class='ocr_par' dir='ltr' id='par_1_66' title="bbox 226 1710 1014 1747">
     <span class='ocr_line' id='line_1_66' title="bbox 226 1710 1014 1747; baseline 0.009 -12"><span class='ocrx_word' id='word_1_496' title='bbox 226 1710 368 1737; x_wconf 85' lang='lat' dir='ltr'><strong>historiam</strong></span> <span class='ocrx_word' id='word_1_497' title='bbox 384 1711 493 1745; x_wconf 87' lang='lat' dir='ltr'><strong>quidem</strong></span> <span class='ocrx_word' id='word_1_498' title='bbox 517 1717 607 1747; x_wconf 75' lang='lat' dir='ltr'><strong>gesm,</strong></span> <span class='ocrx_word' id='word_1_499' title='bbox 634 1713 762 1740; x_wconf 88' lang='lat' dir='ltr'><strong>tniracnla</strong></span> <span class='ocrx_word' id='word_1_500' title='bbox 786 1715 885 1742; x_wconf 74' lang='lat' dir='ltr'><strong>divina:</strong></span> <span class='ocrx_word' id='word_1_501' title='bbox 906 1716 1014 1742; x_wconf 87' lang='lat' dir='ltr'><strong>virtutis</strong></span> 
     </span>
    </p>
   </div>
   <div class='ocr_carea' id='block_1_67' title="bbox 227 1756 1014 1795">
    <p class='ocr_par' dir='ltr' id='par_1_67' title="bbox 227 1756 1014 1795">
     <span class='ocr_line' id='line_1_67' title="bbox 227 1756 1014 1795; baseline 0.01 -13"><span class='ocrx_word' id='word_1_502' title='bbox 227 1756 360 1784; x_wconf 87' lang='lat' dir='ltr'><strong>universis</strong></span> <span class='ocrx_word' id='word_1_503' title='bbox 375 1757 481 1784; x_wconf 67' lang='lat' dir='ltr'><strong>saeculis</strong></span> <span class='ocrx_word' id='word_1_504' title='bbox 497 1759 655 1792; x_wconf 59' lang='lat' dir='ltr'><strong>praedicant,</strong></span> <span class='ocrx_word' id='word_1_505' title='bbox 669 1768 717 1787; x_wconf 91' lang='lat' dir='ltr'><strong>uec</strong></span> <span class='ocrx_word' id='word_1_506' title='bbox 734 1761 959 1795; x_wconf 85' lang='lat' dir='ltr'><strong>interpretatione</strong></span> <span class='ocrx_word' id='word_1_507' title='bbox 970 1771 1014 1790; x_wconf 59' lang='lat' dir='ltr'><strong>eL</strong></span> 
     </span>
    </p>
   </div>
   <div class='ocr_carea' id='block_1_68' title="bbox 227 1804 1013 1841">
    <p class='ocr_par' dir='ltr' id='par_1_68' title="bbox 227 1804 1013 1841">
     <span class='ocr_line' id='line_1_68' title="bbox 227 1804 1013 1841; baseline 0.008 -11"><span class='ocrx_word' id='word_1_508' title='bbox 227 1804 360 1832; x_wconf 81' lang='lat' dir='ltr'><strong>trinsecus</strong></span> <span class='ocrx_word' id='word_1_509' title='bbox 375 1804 494 1838; x_wconf 73' lang='lat' dir='ltr'><strong>indigent</strong></span> <span class='ocrx_word' id='word_1_510' title='bbox 508 1804 534 1831; x_wconf 89' lang='lat' dir='ltr'><strong>in</strong></span> <span class='ocrx_word' id='word_1_511' title='bbox 551 1805 649 1839; x_wconf 88' lang='lat' dir='ltr'><strong>quibus</strong></span> <span class='ocrx_word' id='word_1_512' title='bbox 665 1812 803 1841; x_wconf 81' lang='lat' dir='ltr'><strong>gestorum</strong></span> <span class='ocrx_word' id='word_1_513' title='bbox 821 1808 910 1836; x_wconf 86' lang='lat' dir='ltr'><strong>lumen</strong></span> <span class='ocrx_word' id='word_1_514' title='bbox 933 1816 1013 1836; x_wconf 88' lang='lat' dir='ltr'><strong>coru-</strong></span> 
     </span>
    </p>
   </div>
   <div class='ocr_carea' id='block_1_69' title="bbox 224 1849 1012 1886">
    <p class='ocr_par' dir='ltr' id='par_1_69' title="bbox 224 1849 1012 1886">
     <span class='ocr_line' id='line_1_69' title="bbox 224 1849 1012 1886; baseline 0.008 -10"><span class='ocrx_word' id='word_1_515' title='bbox 224 1854 293 1876; x_wconf 85' lang='lat' dir='ltr'><strong>scat.</strong></span> <span class='ocrx_word' id='word_1_516' title='bbox 308 1849 487 1882; x_wconf 81' lang='lat' dir='ltr'><strong>Quid,tamen</strong></span> <span class='ocrx_word' id='word_1_517' title='bbox 503 1849 529 1876; x_wconf 89' lang='lat' dir='ltr'><strong>in</strong></span> <span class='ocrx_word' id='word_1_518' title='bbox 552 1849 587 1877; x_wconf 91' lang='lat' dir='ltr'><strong>iis</strong></span> <span class='ocrx_word' id='word_1_519' title='bbox 602 1852 735 1886; x_wconf 77' lang='lat' dir='ltr'><strong>spiritalis</strong></span> <span class='ocrx_word' id='word_1_520' title='bbox 755 1853 909 1881; x_wconf 87' lang='lat' dir='ltr'><strong>intellectus</strong></span> <span class='ocrx_word' id='word_1_521' title='bbox 922 1855 1012 1882; x_wconf 86' lang='lat' dir='ltr'><strong>conti-</strong></span> 
     </span>
    </p>
   </div>
   <div class='ocr_carea' id='block_1_70' title="bbox 224 1896 496 1930">
    <p class='ocr_par' dir='ltr' id='par_1_70' title="bbox 224 1896 496 1930">
     <span class='ocr_line' id='line_1_70' title="bbox 224 1896 496 1930; baseline -0.007 -7"><span class='ocrx_word' id='word_1_522' title='bbox 224 1900 298 1926; x_wconf 83' lang='lat' dir='ltr'><strong>neat,</strong></span> <span class='ocrx_word' id='word_1_523' title='bbox 316 1896 496 1930; x_wconf 81' lang='lat' dir='ltr'><strong>requiramus.</strong></span> 
     </span>
    </p>
   </div>
   <div class='ocr_carea' id='block_1_71' title="bbox 257 1942 1010 1979">
    <p class='ocr_par' dir='ltr' id='par_1_71' title="bbox 257 1942 1010 1979">
     <span class='ocr_line' id='line_1_71' title="bbox 257 1942 1010 1979; baseline 0.007 -11"><span class='ocrx_word' id='word_1_524' title='bbox 257 1942 285 1968; x_wconf 72' lang='lat'><strong>2.</strong></span> <span class='ocrx_word' id='word_1_525' title='bbox 300 1942 365 1969; x_wconf 92' lang='lat' dir='ltr'><strong>Cum</strong></span> <span class='ocrx_word' id='word_1_526' title='bbox 386 1944 476 1970; x_wconf 84' lang='lat' dir='ltr'><strong>anima</strong></span> <span class='ocrx_word' id='word_1_527' title='bbox 492 1944 608 1971; x_wconf 86' lang='lat' dir='ltr'><strong>humana</strong></span> <span class='ocrx_word' id='word_1_528' title='bbox 627 1945 714 1972; x_wconf 87' lang='lat' dir='ltr'><strong>Verbo</strong></span> <span class='ocrx_word' id='word_1_529' title='bbox 738 1945 784 1973; x_wconf 91' lang='lat' dir='ltr'><strong>Dei</strong></span> <span class='ocrx_word' id='word_1_530' title='bbox 811 1954 840 1974; x_wconf 89' lang='lat' dir='ltr'><strong>se</strong></span> <span class='ocrx_word' id='word_1_531' title='bbox 855 1946 1010 1979; x_wconf 84' lang='lat' dir='ltr'><strong>sociaverit,</strong></span> 
     </span>
    </p>
   </div>
   <div class='ocr_carea' id='block_1_72' title="bbox 223 1987 1009 2024">
    <p class='ocr_par' dir='ltr' id='par_1_72' title="bbox 223 1987 1009 2024">
     <span class='ocr_line' id='line_1_72' title="bbox 223 1987 1009 2024; baseline 0.005 -11"><span class='ocrx_word' id='word_1_532' title='bbox 223 1987 349 2014; x_wconf 86' lang='lat' dir='ltr'><strong>dubitare</strong></span> <span class='ocrx_word' id='word_1_533' title='bbox 364 1995 416 2014; x_wconf 91' lang='lat' dir='ltr'><strong>non</strong></span> <span class='ocrx_word' id='word_1_534' title='bbox 438 1988 518 2016; x_wconf 86' lang='lat' dir='ltr'><strong>debet</strong></span> <span class='ocrx_word' id='word_1_535' title='bbox 539 1989 632 2016; x_wconf 88' lang='lat' dir='ltr'><strong>statim</strong></span> <span class='ocrx_word' id='word_1_536' title='bbox 656 1997 686 2017; x_wconf 87' lang='lat' dir='ltr'><strong>se</strong></span> <span class='ocrx_word' id='word_1_537' title='bbox 702 1990 827 2018; x_wconf 90' lang='lat' dir='ltr'><strong>inimicos</strong></span> <span class='ocrx_word' id='word_1_538' title='bbox 843 1990 1009 2024; x_wconf 87' lang='lat' dir='ltr'><strong>habituram,</strong></span> 
     </span>
    </p>
   </div>
   <div class='ocr_carea' id='block_1_73' title="bbox 223 2035 1010 2068">
    <p class='ocr_par' dir='ltr' id='par_1_73' title="bbox 223 2035 1010 2068">
     <span class='ocr_line' id='line_1_73' title="bbox 223 2035 1010 2068; baseline 0.005 -9"><span class='ocrx_word' id='word_1_539' title='bbox 223 2037 251 2059; x_wconf 87' lang='lat' dir='ltr'><strong>et</strong></span> <span class='ocrx_word' id='word_1_540' title='bbox 265 2039 313 2060; x_wconf 86' lang='lat' dir='ltr'><strong>eos</strong></span> <span class='ocrx_word' id='word_1_541' title='bbox 327 2040 395 2068; x_wconf 89' lang='lat' dir='ltr'><strong>qttos</strong></span> <span class='ocrx_word' id='word_1_542' title='bbox 410 2039 472 2062; x_wconf 89' lang='lat' dir='ltr'><strong>ante</strong></span> <span class='ocrx_word' id='word_1_543' title='bbox 487 2035 622 2062; x_wconf 83' lang='lat' dir='ltr'><strong>habuerat</strong></span> <span class='ocrx_word' id='word_1_544' title='bbox 645 2036 748 2063; x_wconf 87' lang='lat' dir='ltr'><strong>amicos</strong></span> <span class='ocrx_word' id='word_1_545' title='bbox 759 2055 767 2068; x_wconf 84' lang='grc'><strong><em>,</em></strong></span> <span class='ocrx_word' id='word_1_546' title='bbox 791 2036 817 2062; x_wconf 94' lang='lat' dir='ltr'><strong>in</strong></span> <span class='ocrx_word' id='word_1_547' title='bbox 837 2036 1010 2064; x_wconf 85' lang='lat' dir='ltr'><strong>adversarios</strong></span> 
     </span>
    </p>
   </div>
   <div class='ocr_carea' id='block_1_74' title="bbox 222 2080 1010 2116">
    <p class='ocr_par' dir='ltr' id='par_1_74' title="bbox 222 2080 1010 2116">
     <span class='ocr_line' id='line_1_74' title="bbox 222 2080 1010 2116; baseline 0.005 -11"><span class='ocrx_word' id='word_1_548' title='bbox 222 2085 284 2106; x_wconf 82' lang='lat' dir='ltr'><strong>esse</strong></span> <span class='ocrx_word' id='word_1_549' title='bbox 298 2080 440 2108; x_wconf 88' lang='lat' dir='ltr'><strong>vertendos</strong></span> <span class='ocrx_word' id='word_1_550' title='bbox 454 2089 460 2107; x_wconf 88' lang='lat'><strong>:</strong></span> <span class='ocrx_word' id='word_1_551' title='bbox 477 2081 558 2115; x_wconf 87' lang='lat' dir='ltr'><strong>idque</strong></span> <span class='ocrx_word' id='word_1_552' title='bbox 581 2089 633 2109; x_wconf 94' lang='lat' dir='ltr'><strong>non</strong></span> <span class='ocrx_word' id='word_1_553' title='bbox 649 2081 734 2109; x_wconf 88' lang='lat' dir='ltr'><strong>solum</strong></span> <span class='ocrx_word' id='word_1_554' title='bbox 757 2082 811 2116; x_wconf 90' lang='lat' dir='ltr'><strong>pati</strong></span> <span class='ocrx_word' id='word_1_555' title='bbox 828 2089 857 2109; x_wconf 86' lang='lat' dir='ltr'><strong>se</strong></span> <span class='ocrx_word' id='word_1_556' title='bbox 871 2082 904 2108; x_wconf 92' lang='lat' dir='ltr'><strong>ab</strong></span> <span class='ocrx_word' id='word_1_557' title='bbox 923 2082 1010 2109; x_wconf 86' lang='lat' dir='ltr'><strong>horni-</strong></span> 
     </span>
    </p>
   </div>
   <div class='ocr_carea' id='block_1_75' title="bbox 225 2125 1009 2159">
    <p class='ocr_par' dir='ltr' id='par_1_75' title="bbox 225 2125 1009 2159">
     <span class='ocr_line' id='line_1_75' title="bbox 225 2125 1009 2159; baseline 0.005 -9"><span class='ocrx_word' id='word_1_558' title='bbox 225 2125 304 2151; x_wconf 84' lang='lat' dir='ltr'><strong>nibus</strong></span> <span class='ocrx_word' id='word_1_559' title='bbox 315 2131 415 2159; x_wconf 87' lang='lat' dir='ltr'><strong>speret,</strong></span> <span class='ocrx_word' id='word_1_560' title='bbox 426 2134 519 2154; x_wconf 89' lang='lat' dir='ltr'><strong>verum</strong></span> <span class='ocrx_word' id='word_1_561' title='bbox 531 2129 612 2155; x_wconf 89' lang='lat' dir='ltr'><strong>etiam</strong></span> <span class='ocrx_word' id='word_1_562' title='bbox 623 2128 657 2155; x_wconf 89' lang='lat' dir='ltr'><strong>de</strong></span> <span class='ocrx_word' id='word_1_563' title='bbox 668 2128 813 2155; x_wconf 87' lang='lat' dir='ltr'><strong>contrariis</strong></span> <span class='ocrx_word' id='word_1_564' title='bbox 828 2128 971 2155; x_wconf 90' lang='lat' dir='ltr'><strong>virtutibus</strong></span> <span class='ocrx_word' id='word_1_565' title='bbox 982 2133 1009 2155; x_wconf 92' lang='lat' dir='ltr'><strong>et</strong></span> 
     </span>
    </p>
   </div>
   <div class='ocr_carea' id='block_1_76' title="bbox 1067 1529 1861 1564">
    <p class='ocr_par' dir='ltr' id='par_1_76' title="bbox 1067 1529 1861 1564">
     <span class='ocr_line' id='line_1_76' title="bbox 1067 1529 1861 1564; baseline 0.001 -7"><span class='ocrx_word' id='word_1_566' title='bbox 1067 1531 1137 1558; x_wconf 90' lang='lat' dir='ltr'><strong>diem</strong></span> <span class='ocrx_word' id='word_1_567' title='bbox 1157 1530 1409 1562; x_wconf 86' lang='lat' dir='ltr'><strong>consummationis,</strong></span> <span class='ocrx_word' id='word_1_568' title='bbox 1435 1535 1462 1557; x_wconf 93' lang='lat' dir='ltr'><strong>et</strong></span> <span class='ocrx_word' id='word_1_569' title='bbox 1477 1529 1571 1557; x_wconf 81' lang='lat' dir='ltr'><strong>adesse</strong></span> <span class='ocrx_word' id='word_1_570' title='bbox 1583 1530 1734 1564; x_wconf 87' lang='lat' dir='ltr'><strong>prohibuit.</strong></span> <span class='ocrx_word' id='word_1_571' title='bbox 1755 1531 1861 1558; x_wconf 77' lang='lat' dir='ltr'><strong>Videas</strong></span> 
     </span>
    </p>
   </div>
   <div class='ocr_carea' id='block_1_77' title="bbox 1066 1575 1859 1611">
    <p class='ocr_par' dir='ltr' id='par_1_77' title="bbox 1066 1575 1859 1611">
     <span class='ocr_line' id='line_1_77' title="bbox 1066 1575 1859 1611; baseline 0.001 -8"><span class='ocrx_word' id='word_1_572' title='bbox 1066 1577 1137 1603; x_wconf 92' lang='lat' dir='ltr'><strong>enim</strong></span> <span class='ocrx_word' id='word_1_573' title='bbox 1162 1577 1231 1603; x_wconf 86' lang='lat' dir='ltr'><strong>Deus</strong></span> <span class='ocrx_word' id='word_1_574' title='bbox 1256 1575 1336 1602; x_wconf 85' lang='lat' dir='ltr'><strong>Pater</strong></span> <span class='ocrx_word' id='word_1_575' title='bbox 1359 1575 1472 1602; x_wconf 87' lang='lat' dir='ltr'><strong>salutem</strong></span> <span class='ocrx_word' id='word_1_576' title='bbox 1493 1575 1613 1610; x_wconf 80' lang='lat' dir='ltr'><strong>gentium</strong></span> <span class='ocrx_word' id='word_1_577' title='bbox 1633 1583 1681 1610; x_wconf 88' lang='lat' dir='ltr'><strong>per</strong></span> <span class='ocrx_word' id='word_1_578' title='bbox 1700 1577 1795 1611; x_wconf 87' lang='lat' dir='ltr'><strong>ipsum</strong></span> <span class='ocrx_word' id='word_1_579' title='bbox 1813 1585 1859 1604; x_wconf 86' lang='lat' dir='ltr'><strong>so-</strong></span> 
     </span>
    </p>
   </div>
   <div class='ocr_carea' id='block_1_78' title="bbox 1065 1621 1859 1658">
    <p class='ocr_par' dir='ltr' id='par_1_78' title="bbox 1065 1621 1859 1658">
     <span class='ocr_line' id='line_1_78' title="bbox 1065 1621 1859 1658; baseline 0.001 -9"><span class='ocrx_word' id='word_1_580' title='bbox 1065 1621 1119 1649; x_wconf 90' lang='lat' dir='ltr'><strong>lutn</strong></span> <span class='ocrx_word' id='word_1_581' title='bbox 1141 1621 1196 1658; x_wconf 75' lang='lat' dir='ltr'><strong>(l2)</strong></span> <span class='ocrx_word' id='word_1_582' title='bbox 1210 1629 1288 1656; x_wconf 88' lang='lat' dir='ltr'><strong>posse</strong></span> <span class='ocrx_word' id='word_1_583' title='bbox 1302 1625 1438 1653; x_wconf 84' lang='lat' dir='ltr'><strong>constare,</strong></span> <span class='ocrx_word' id='word_1_584' title='bbox 1456 1622 1522 1649; x_wconf 91' lang='lat' dir='ltr'><strong>dicit</strong></span> <span class='ocrx_word' id='word_1_585' title='bbox 1543 1623 1574 1648; x_wconf 85' lang='lat' dir='ltr'><strong>ad</strong></span> <span class='ocrx_word' id='word_1_586' title='bbox 1589 1630 1649 1649; x_wconf 90' lang='lat' dir='ltr'><strong>eum</strong></span> <span class='ocrx_word' id='word_1_587' title='bbox 1670 1622 1693 1638; x_wconf 81' lang='grc'><strong><em>³⁸</em></strong></span> <span class='ocrx_word' id='word_1_588' title='bbox 1709 1630 1717 1649; x_wconf 90' lang='lat'>:</span> <span class='ocrx_word' id='word_1_589' title='bbox 1735 1632 1745 1648; x_wconf 72' lang='grc' dir='ltr'>α</span> <span class='ocrx_word' id='word_1_590' title='bbox 1763 1623 1832 1650; x_wconf 85' lang='lat' dir='ltr'><strong>Pete</strong></span> <span class='ocrx_word' id='word_1_591' title='bbox 1846 1631 1859 1649; x_wconf 81' lang='lat' dir='ltr'><strong>a</strong></span> 
     </span>
    </p>
   </div>
   <div class='ocr_carea' id='block_1_79' title="bbox 1065 1667 1861 1704">
    <p class='ocr_par' dir='ltr' id='par_1_79' title="bbox 1065 1667 1861 1704">
     <span class='ocr_line' id='line_1_79' title="bbox 1065 1667 1861 1704; baseline 0.001 -9"><span class='ocrx_word' id='word_1_592' title='bbox 1065 1676 1116 1699; x_wconf 88' lang='lat' dir='ltr'><strong>me,</strong></span> <span class='ocrx_word' id='word_1_593' title='bbox 1134 1673 1161 1694; x_wconf 91' lang='lat' dir='ltr'><strong>et</strong></span> <span class='ocrx_word' id='word_1_594' title='bbox 1174 1667 1243 1695; x_wconf 88' lang='lat' dir='ltr'><strong>dabo</strong></span> <span class='ocrx_word' id='word_1_595' title='bbox 1259 1667 1306 1694; x_wconf 86' lang='lat' dir='ltr'><strong>tibi</strong></span> <span class='ocrx_word' id='word_1_596' title='bbox 1329 1672 1423 1701; x_wconf 76' lang='lat' dir='ltr'><strong>gentes</strong></span> <span class='ocrx_word' id='word_1_597' title='bbox 1437 1668 1621 1694; x_wconf 72' lang='lat' dir='ltr'><strong>luereditalem</strong></span> <span class='ocrx_word' id='word_1_598' title='bbox 1640 1672 1728 1700; x_wconf 86' lang='lat' dir='ltr'><strong>tuam,</strong></span> <span class='ocrx_word' id='word_1_599' title='bbox 1753 1674 1783 1696; x_wconf 82' lang='lat' dir='ltr'><strong>et</strong></span> <span class='ocrx_word' id='word_1_600' title='bbox 1796 1678 1861 1704; x_wconf 84' lang='lat' dir='ltr'><strong>pos-</strong></span> 
     </span>
    </p>
   </div>
   <div class='ocr_carea' id='block_1_80' title="bbox 1064 1713 1860 1749">
    <p class='ocr_par' dir='ltr' id='par_1_80' title="bbox 1064 1713 1860 1749">
     <span class='ocr_line' id='line_1_80' title="bbox 1064 1713 1860 1749; baseline 0 -7"><span class='ocrx_word' id='word_1_601' title='bbox 1064 1714 1212 1742; x_wconf 85' lang='lat' dir='ltr'><strong>sessionem</strong></span> <span class='ocrx_word' id='word_1_602' title='bbox 1223 1719 1294 1740; x_wconf 89' lang='lat' dir='ltr'><strong>tuam</strong></span> <span class='ocrx_word' id='word_1_603' title='bbox 1309 1713 1439 1740; x_wconf 88' lang='lat' dir='ltr'><strong>terminos</strong></span> <span class='ocrx_word' id='word_1_604' title='bbox 1452 1719 1540 1740; x_wconf 63' lang='lat' dir='ltr'><strong>terrae.</strong></span> <span class='ocrx_word' id='word_1_605' title='bbox 1560 1723 1570 1738; x_wconf 72' lang='grc' dir='ltr'><strong>ι</strong></span> <span class='ocrx_word' id='word_1_606' title='bbox 1586 1714 1673 1740; x_wconf 87' lang='lat' dir='ltr'><strong>Donec</strong></span> <span class='ocrx_word' id='word_1_607' title='bbox 1687 1722 1757 1749; x_wconf 80' lang='lat' dir='ltr'><strong>ergo</strong></span> <span class='ocrx_word' id='word_1_608' title='bbox 1768 1721 1860 1748; x_wconf 84' lang='lat' dir='ltr'><strong>pater-</strong></span> 
     </span>
    </p>
   </div>
   <div class='ocr_carea' id='block_1_81' title="bbox 1063 1759 1860 1795">
    <p class='ocr_par' dir='ltr' id='par_1_81' title="bbox 1063 1759 1860 1795">
     <span class='ocr_line' id='line_1_81' title="bbox 1063 1759 1860 1795; baseline 0.001 -8"><span class='ocrx_word' id='word_1_609' title='bbox 1063 1768 1097 1787; x_wconf 90' lang='lat' dir='ltr'><strong>na</strong></span> <span class='ocrx_word' id='word_1_610' title='bbox 1121 1759 1280 1794; x_wconf 88' lang='lat' dir='ltr'><strong>pollicitatio</strong></span> <span class='ocrx_word' id='word_1_611' title='bbox 1294 1760 1471 1795; x_wconf 87' lang='lat' dir='ltr'><strong>compleatur.</strong></span> <span class='ocrx_word' id='word_1_612' title='bbox 1488 1765 1516 1787; x_wconf 88' lang='lat' dir='ltr'><strong>et</strong></span> <span class='ocrx_word' id='word_1_613' title='bbox 1535 1759 1662 1787; x_wconf 77' lang='lat' dir='ltr'><strong>Ecclesia.-</strong></span> <span class='ocrx_word' id='word_1_614' title='bbox 1683 1767 1717 1786; x_wconf 63' lang='grc' dir='ltr'><strong>εκ</strong></span> <span class='ocrx_word' id='word_1_615' title='bbox 1733 1761 1860 1788; x_wconf 76' lang='lat' dir='ltr'><strong>diversis</strong></span> 
     </span>
    </p>
   </div>
   <div class='ocr_carea' id='block_1_82' title="bbox 1063 1806 1859 1841">
    <p class='ocr_par' dir='ltr' id='par_1_82' title="bbox 1063 1806 1859 1841">
     <span class='ocr_line' id='line_1_82' title="bbox 1063 1806 1859 1841; baseline -0.001 -7"><span class='ocrx_word' id='word_1_616' title='bbox 1063 1807 1221 1834; x_wconf 87' lang='lat' dir='ltr'><strong>nationibus</strong></span> <span class='ocrx_word' id='word_1_617' title='bbox 1244 1811 1379 1839; x_wconf 85' lang='lat' dir='ltr'><strong>crescant,</strong></span> <span class='ocrx_word' id='word_1_618' title='bbox 1406 1812 1486 1840; x_wconf 86' lang='lat' dir='ltr'><strong>atque</strong></span> <span class='ocrx_word' id='word_1_619' title='bbox 1514 1806 1631 1833; x_wconf 82' lang='lat' dir='ltr'><strong>introeat</strong></span> <span class='ocrx_word' id='word_1_620' title='bbox 1654 1810 1710 1832; x_wconf 87' lang='lat' dir='ltr'><strong>tota</strong></span> <span class='ocrx_word' id='word_1_621' title='bbox 1730 1807 1859 1841; x_wconf 75' lang='lat' dir='ltr'><strong>gentium</strong></span> 
     </span>
    </p>
   </div>
   <div class='ocr_carea' id='block_1_83' title="bbox 1063 1850 1859 1889">
    <p class='ocr_par' dir='ltr' id='par_1_83' title="bbox 1063 1850 1859 1889">
     <span class='ocr_line' id='line_1_83' title="bbox 1063 1850 1859 1889; baseline 0.003 -11"><span class='ocrx_word' id='word_1_622' title='bbox 1063 1853 1210 1889; x_wconf 84' lang='lat' dir='ltr'><strong>plenitudo,</strong></span> <span class='ocrx_word' id='word_1_623' title='bbox 1227 1858 1255 1879; x_wconf 92' lang='lat' dir='ltr'><strong>ut</strong></span> <span class='ocrx_word' id='word_1_624' title='bbox 1276 1857 1340 1879; x_wconf 85' lang='lat' dir='ltr'><strong>tunc</strong></span> <span class='ocrx_word' id='word_1_625' title='bbox 1355 1853 1411 1887; x_wconf 79' lang='lat' dir='ltr'><strong>(l5)</strong></span> <span class='ocrx_word' id='word_1_626' title='bbox 1431 1854 1537 1878; x_wconf 87' lang='lat' dir='ltr'><strong>demum</strong></span> <span class='ocrx_word' id='word_1_627' title='bbox 1555 1852 1644 1879; x_wconf 89' lang='lat' dir='ltr'><strong>omnis</strong></span> <span class='ocrx_word' id='word_1_628' title='bbox 1664 1850 1752 1878; x_wconf 76' lang='lat' dir='ltr'><strong>Israel</strong></span> <span class='ocrx_word' id='word_1_629' title='bbox 1766 1853 1859 1880; x_wconf 77' lang='lat' dir='ltr'><strong>salve-</strong></span> 
     </span>
    </p>
   </div>
   <div class='ocr_carea' id='block_1_84' title="bbox 1063 1897 1859 1932">
    <p class='ocr_par' dir='ltr' id='par_1_84' title="bbox 1063 1897 1859 1932">
     <span class='ocr_line' id='line_1_84' title="bbox 1063 1897 1859 1932; baseline 0.001 -8"><span class='ocrx_word' id='word_1_630' title='bbox 1063 1903 1117 1930; x_wconf 90' lang='lat' dir='ltr'><strong>tur,</strong></span> <span class='ocrx_word' id='word_1_631' title='bbox 1136 1899 1192 1925; x_wconf 88' lang='lat' dir='ltr'><strong>dies</strong></span> <span class='ocrx_word' id='word_1_632' title='bbox 1209 1897 1378 1932; x_wconf 84' lang='lat' dir='ltr'><strong>producitur,</strong></span> <span class='ocrx_word' id='word_1_633' title='bbox 1395 1903 1422 1925; x_wconf 89' lang='lat' dir='ltr'><strong>et</strong></span> <span class='ocrx_word' id='word_1_634' title='bbox 1439 1898 1562 1924; x_wconf 81' lang='lat' dir='ltr'><strong>diﬂ&#39;crtnr</strong></span> <span class='ocrx_word' id='word_1_635' title='bbox 1582 1905 1708 1929; x_wconf 76' lang='lat' dir='ltr'><strong>occasus,</strong></span> <span class='ocrx_word' id='word_1_636' title='bbox 1723 1906 1780 1925; x_wconf 83' lang='lat' dir='ltr'><strong>nec</strong></span> <span class='ocrx_word' id='word_1_637' title='bbox 1808 1907 1859 1925; x_wconf 83' lang='lat' dir='ltr'><strong>un-</strong></span> 
     </span>
    </p>
   </div>
   <div class='ocr_carea' id='block_1_85' title="bbox 1061 1944 1859 1980">
    <p class='ocr_par' dir='ltr' id='par_1_85' title="bbox 1061 1944 1859 1980">
     <span class='ocr_line' id='line_1_85' title="bbox 1061 1944 1859 1980; baseline 0 -9"><span class='ocrx_word' id='word_1_638' title='bbox 1061 1953 1141 1980; x_wconf 88' lang='lat' dir='ltr'><strong>quam</strong></span> <span class='ocrx_word' id='word_1_639' title='bbox 1158 1945 1196 1972; x_wconf 88' lang='lat' dir='ltr'><strong>sol</strong></span> <span class='ocrx_word' id='word_1_640' title='bbox 1214 1946 1369 1977; x_wconf 88' lang='lat' dir='ltr'><strong>occumbit;</strong></span> <span class='ocrx_word' id='word_1_641' title='bbox 1387 1945 1433 1971; x_wconf 88' lang='lat' dir='ltr'><strong>sed</strong></span> <span class='ocrx_word' id='word_1_642' title='bbox 1445 1951 1552 1977; x_wconf 84' lang='lat' dir='ltr'><strong>semper</strong></span> <span class='ocrx_word' id='word_1_643' title='bbox 1567 1944 1700 1975; x_wconf 69' lang='lat' dir='ltr'><strong>exoritur,</strong></span> <span class='ocrx_word' id='word_1_644' title='bbox 1714 1945 1782 1971; x_wconf 86' lang='lat' dir='ltr'><strong>dum</strong></span> <span class='ocrx_word' id='word_1_645' title='bbox 1798 1953 1859 1971; x_wconf 87' lang='lat' dir='ltr'><strong>cre-</strong></span> 
     </span>
    </p>
   </div>
   <div class='ocr_carea' id='block_1_86' title="bbox 1061 1989 1858 2023">
    <p class='ocr_par' dir='ltr' id='par_1_86' title="bbox 1061 1989 1858 2023">
     <span class='ocr_line' id='line_1_86' title="bbox 1061 1989 1858 2023; baseline -0.004 -5"><span class='ocrx_word' id='word_1_646' title='bbox 1061 1991 1180 2018; x_wconf 88' lang='lat' dir='ltr'><strong>dentium</strong></span> <span class='ocrx_word' id='word_1_647' title='bbox 1199 1991 1326 2018; x_wconf 86' lang='lat' dir='ltr'><strong>cordibus</strong></span> <span class='ocrx_word' id='word_1_648' title='bbox 1350 1989 1389 2017; x_wconf 81' lang='lat' dir='ltr'><strong>sol</strong></span> <span class='ocrx_word' id='word_1_649' title='bbox 1411 1989 1523 2023; x_wconf 71' lang='lat' dir='ltr'><strong>iustitia:</strong></span> <span class='ocrx_word' id='word_1_650' title='bbox 1551 1989 1640 2015; x_wconf 86' lang='lat' dir='ltr'><strong>lumen</strong></span> <span class='ocrx_word' id='word_1_651' title='bbox 1664 1989 1799 2016; x_wconf 84' lang='lat' dir='ltr'><strong>veritatis</strong></span> <span class='ocrx_word' id='word_1_652' title='bbox 1815 1990 1858 2016; x_wconf 88' lang='lat' dir='ltr'><strong>iu-</strong></span> 
     </span>
    </p>
   </div>
   <div class='ocr_carea' id='block_1_87' title="bbox 1059 2034 1853 2069">
    <p class='ocr_par' dir='ltr' id='par_1_87' title="bbox 1059 2034 1853 2069">
     <span class='ocr_line' id='line_1_87' title="bbox 1059 2034 1853 2069; baseline -0.004 -6"><span class='ocrx_word' id='word_1_653' title='bbox 1059 2035 1158 2063; x_wconf 78' lang='lat' dir='ltr'><strong>fundit.</strong></span> <span class='ocrx_word' id='word_1_654' title='bbox 1171 2035 1238 2062; x_wconf 83' lang='lat' dir='ltr'><strong>Cum</strong></span> <span class='ocrx_word' id='word_1_655' title='bbox 1253 2043 1315 2062; x_wconf 86' lang='lat' dir='ltr'><strong>vero</strong></span> <span class='ocrx_word' id='word_1_656' title='bbox 1329 2035 1426 2069; x_wconf 85' lang='lat' dir='ltr'><strong>repleta</strong></span> <span class='ocrx_word' id='word_1_657' title='bbox 1438 2034 1515 2061; x_wconf 79' lang='lat' dir='ltr'><strong>fuerit</strong></span> <span class='ocrx_word' id='word_1_658' title='bbox 1525 2041 1650 2061; x_wconf 88' lang='lat' dir='ltr'><strong>mensura</strong></span> <span class='ocrx_word' id='word_1_659' title='bbox 1662 2034 1853 2066; x_wconf 76' lang='lat' dir='ltr'><strong>credentium,</strong></span> 
     </span>
    </p>
   </div>
   <div class='ocr_carea' id='block_1_88' title="bbox 1060 2078 1853 2114">
    <p class='ocr_par' dir='ltr' id='par_1_88' title="bbox 1060 2078 1853 2114">
     <span class='ocr_line' id='line_1_88' title="bbox 1060 2078 1853 2114; baseline -0.005 -6"><span class='ocrx_word' id='word_1_660' title='bbox 1060 2086 1087 2109; x_wconf 90' lang='lat' dir='ltr'><strong>et</strong></span> <span class='ocrx_word' id='word_1_661' title='bbox 1103 2081 1221 2108; x_wconf 89' lang='lat' dir='ltr'><strong>deterior</strong></span> <span class='ocrx_word' id='word_1_662' title='bbox 1232 2080 1288 2114; x_wconf 89' lang='lat' dir='ltr'><strong>jam</strong></span> <span class='ocrx_word' id='word_1_663' title='bbox 1306 2087 1337 2107; x_wconf 91' lang='lat' dir='ltr'><strong>ac</strong></span> <span class='ocrx_word' id='word_1_664' title='bbox 1353 2079 1462 2107; x_wconf 88' lang='lat' dir='ltr'><strong>decolor</strong></span> <span class='ocrx_word' id='word_1_665' title='bbox 1475 2084 1543 2106; x_wconf 66' lang='lat' dir='ltr'><strong>tetas</strong></span> <span class='ocrx_word' id='word_1_666' title='bbox 1565 2078 1667 2104; x_wconf 76' lang='lat' dir='ltr'><strong>ultione</strong></span> <span class='ocrx_word' id='word_1_667' title='bbox 1692 2079 1853 2113; x_wconf 70' lang='lat' dir='ltr'><strong>generatio-</strong></span> 
     </span>
    </p>
   </div>
   <div class='ocr_carea' id='block_1_89' title="bbox 1060 2124 1857 2162">
    <p class='ocr_par' dir='ltr' id='par_1_89' title="bbox 1060 2124 1857 2162">
     <span class='ocr_line' id='line_1_89' title="bbox 1060 2124 1857 2162; baseline -0.003 -8"><span class='ocrx_word' id='word_1_668' title='bbox 1060 2127 1102 2154; x_wconf 85' lang='lat' dir='ltr'><strong>nis</strong></span> <span class='ocrx_word' id='word_1_669' title='bbox 1122 2128 1260 2154; x_wconf 82' lang='lat' dir='ltr'><strong>advenerit</strong></span> <span class='ocrx_word' id='word_1_670' title='bbox 1278 2126 1345 2162; x_wconf 73' lang='lat' dir='ltr'><strong>(H),</strong></span> <span class='ocrx_word' id='word_1_671' title='bbox 1368 2133 1431 2152; x_wconf 88' lang='lat' dir='ltr'><strong>cum</strong></span> <span class='ocrx_word' id='word_1_672' title='bbox 1456 2125 1626 2152; x_wconf 80' lang='lat' dir='ltr'><strong>increscente</strong></span> <span class='ocrx_word' id='word_1_673' title='bbox 1643 2124 1796 2159; x_wconf 80' lang='lat' dir='ltr'><strong>iniquitate</strong></span> <span class='ocrx_word' id='word_1_674' title='bbox 1815 2132 1857 2152; x_wconf 81' lang='lat' dir='ltr'><strong>re-</strong></span> 
     </span>
    </p>
   </div>
   <div class='ocr_carea' id='block_1_90' title="bbox 224 2167 1858 2208">
    <p class='ocr_par' dir='ltr' id='par_1_90' title="bbox 224 2167 1858 2208">
     <span class='ocr_line' id='line_1_90' title="bbox 224 2167 1858 2208; baseline 0.001 -12"><span class='ocrx_word' id='word_1_675' title='bbox 224 2170 392 2204; x_wconf 82' lang='lat' dir='ltr'><strong>spiritalibus</strong></span> <span class='ocrx_word' id='word_1_676' title='bbox 404 2173 567 2207; x_wconf 88' lang='lat' dir='ltr'><strong>nequitiisid</strong></span> <span class='ocrx_word' id='word_1_677' title='bbox 578 2173 628 2200; x_wconf 86' lang='lat' dir='ltr'><strong>sibi</strong></span> <span class='ocrx_word' id='word_1_678' title='bbox 639 2173 781 2201; x_wconf 87' lang='lat' dir='ltr'><strong>imminere</strong></span> <span class='ocrx_word' id='word_1_679' title='bbox 791 2181 838 2207; x_wconf 89' lang='lat' dir='ltr'><strong>pro</strong></span> <span class='ocrx_word' id='word_1_680' title='bbox 846 2180 920 2201; x_wconf 90' lang='lat' dir='ltr'><strong>certo</strong></span> <span class='ocrx_word' id='word_1_681' title='bbox 930 2174 1006 2201; x_wconf 86' lang='lat' dir='ltr'><strong>sciat.</strong></span> <span class='ocrx_word' id='word_1_682' title='bbox 1024 2167 1046 2194; x_wconf 77' lang='grc' dir='ltr'><strong>ι)</strong></span> <span class='ocrx_word' id='word_1_683' title='bbox 1061 2172 1189 2208; x_wconf 73' lang='lat' dir='ltr'><strong>frigescet</strong></span> <span class='ocrx_word' id='word_1_684' title='bbox 1203 2172 1325 2199; x_wconf 86' lang='lat' dir='ltr'><strong>eharitas</strong></span> <span class='ocrx_word' id='word_1_685' title='bbox 1344 2171 1500 2202; x_wconf 88' lang='lat' dir='ltr'><strong>tmtltortun,</strong></span> <span class='ocrx_word' id='word_1_686' title='bbox 1516 2176 1543 2197; x_wconf 89' lang='lat' dir='ltr'><strong>et</strong></span> <span class='ocrx_word' id='word_1_687' title='bbox 1563 2171 1691 2206; x_wconf 85' lang='lat' dir='ltr'><strong>perpauci</strong></span> <span class='ocrx_word' id='word_1_688' title='bbox 1711 2178 1858 2197; x_wconf 76' lang='lat' dir='ltr'><strong>remanse-</strong></span> 
     </span>
    </p>
   </div>
   <div class='ocr_carea' id='block_1_91' title="bbox 223 2216 1008 2254">
    <p class='ocr_par' dir='ltr' id='par_1_91' title="bbox 223 2216 1008 2254">
     <span class='ocr_line' id='line_1_91' title="bbox 223 2216 1008 2254; baseline 0.006 -12"><span class='ocrx_word' id='word_1_689' title='bbox 223 2216 258 2243; x_wconf 85' lang='lat' dir='ltr'><strong>Et</strong></span> <span class='ocrx_word' id='word_1_690' title='bbox 274 2218 311 2243; x_wconf 89' lang='lat' dir='ltr'><strong>ita</strong></span> <span class='ocrx_word' id='word_1_691' title='bbox 335 2218 378 2252; x_wconf 89' lang='lat' dir='ltr'><strong>tit,</strong></span> <span class='ocrx_word' id='word_1_692' title='bbox 394 2224 420 2246; x_wconf 90' lang='lat' dir='ltr'><strong>ut</strong></span> <span class='ocrx_word' id='word_1_693' title='bbox 436 2221 482 2254; x_wconf 88' lang='lat' dir='ltr'><strong>qui</strong></span> <span class='ocrx_word' id='word_1_694' title='bbox 495 2222 630 2248; x_wconf 80' lang='lat' dir='ltr'><strong>amicitias</strong></span> <span class='ocrx_word' id='word_1_695' title='bbox 645 2221 748 2254; x_wconf 87' lang='lat' dir='ltr'><strong>expetit</strong></span> <span class='ocrx_word' id='word_1_696' title='bbox 765 2219 828 2247; x_wconf 82' lang='lat' dir='ltr'><strong>Jesu</strong></span> <span class='ocrx_word' id='word_1_697' title='bbox 840 2240 848 2251; x_wconf 93' lang='lat'><strong>,</strong></span> <span class='ocrx_word' id='word_1_698' title='bbox 864 2219 1008 2247; x_wconf 82' lang='lat' dir='ltr'><strong>multorum</strong></span> 
     </span>
    </p>
   </div>
   <div class='ocr_carea' id='block_1_92' title="bbox 221 2261 1009 2299">
    <p class='ocr_par' dir='ltr' id='par_1_92' title="bbox 221 2261 1009 2299">
     <span class='ocr_line' id='line_1_92' title="bbox 221 2261 1009 2299; baseline 0.003 -9"><span class='ocrx_word' id='word_1_699' title='bbox 221 2261 303 2298; x_wconf 69' lang='grc'><strong>425</strong></span> <span class='ocrx_word' id='word_1_700' title='bbox 317 2264 367 2291; x_wconf 92' lang='lat' dir='ltr'><strong>sibi</strong></span> <span class='ocrx_word' id='word_1_701' title='bbox 381 2265 449 2292; x_wconf 85' lang='lat' dir='ltr'><strong>sciat</strong></span> <span class='ocrx_word' id='word_1_702' title='bbox 467 2266 622 2293; x_wconf 88' lang='lat' dir='ltr'><strong>inimicitias</strong></span> <span class='ocrx_word' id='word_1_703' title='bbox 639 2265 800 2292; x_wconf 81' lang='lat' dir='ltr'><strong>tolerandas.</strong></span> <span class='ocrx_word' id='word_1_704' title='bbox 812 2266 880 2292; x_wconf 84' lang='lat' dir='ltr'><strong>Audi</strong></span> <span class='ocrx_word' id='word_1_705' title='bbox 899 2271 1009 2299; x_wconf 87' lang='lat' dir='ltr'><strong>aposto-</strong></span> 
     </span>
    </p>
   </div>
   <div class='ocr_carea' id='block_1_93' title="bbox 258 2309 795 2342">
    <p class='ocr_par' dir='ltr' id='par_1_93' title="bbox 258 2309 795 2342">
     <span class='ocr_line' id='line_1_93' title="bbox 258 2309 795 2342; baseline 0.006 -7"><span class='ocrx_word' id='word_1_706' title='bbox 258 2309 280 2324; x_wconf 84' lang='lat'><strong><em>“</em></strong></span> <span class='ocrx_word' id='word_1_707' title='bbox 295 2309 352 2337; x_wconf 83' lang='lat' dir='ltr'><strong>Jos.</strong></span> <span class='ocrx_word' id='word_1_708' title='bbox 369 2319 395 2341; x_wconf 71' lang='grc' dir='ltr'>κ.</span> <span class='ocrx_word' id='word_1_709' title='bbox 411 2312 502 2338; x_wconf 70' lang='grc' dir='ltr'><strong>ιῖ-ΙἹ.</strong></span> <span class='ocrx_word' id='word_1_710' title='bbox 541 2312 563 2328; x_wconf 66' lang='grc'><strong>³⁵</strong></span> <span class='ocrx_word' id='word_1_711' title='bbox 580 2311 795 2342; x_wconf 72' lang='lat' dir='ltr'><strong>llTirii.Itt.12.</strong></span> 
     </span>
    </p>
   </div>
   <div class='ocr_carea' id='block_1_94' title="bbox 221 2343 504 2380">
    <p class='ocr_par' dir='ltr' id='par_1_94' title="bbox 221 2343 504 2380">
     <span class='ocr_line' id='line_1_94' title="bbox 221 2343 504 2380; baseline 0.007 -9"><span class='ocrx_word' id='word_1_712' title='bbox 221 2343 264 2370; x_wconf 76' lang='grc'><strong>17.</strong></span> <span class='ocrx_word' id='word_1_713' title='bbox 305 2345 326 2360; x_wconf 70' lang='grc'><strong>³³</strong></span> <span class='ocrx_word' id='word_1_714' title='bbox 343 2345 412 2373; x_wconf 80' lang='lat' dir='ltr'><strong>Psal.</strong></span> <span class='ocrx_word' id='word_1_715' title='bbox 433 2355 462 2380; x_wconf 84' lang='lat' dir='ltr'><strong>ll,</strong></span> <span class='ocrx_word' id='word_1_716' title='bbox 479 2347 504 2376; x_wconf 87' lang='grc'><strong>8.</strong></span> 
     </span>
    </p>
   </div>
   <div class='ocr_carea' id='block_1_95' title="bbox 229 2390 1006 2451">
    <p class='ocr_par' dir='ltr' id='par_1_95' title="bbox 229 2390 1006 2451">
     <span class='ocr_line' id='line_1_95' title="bbox 229 2390 1006 2451; baseline 0.004 -34"><span class='ocrx_word' id='word_1_717' title='bbox 229 2390 304 2451; x_wconf 48' lang='grc' dir='ltr'><strong>ΠΙ(Ξέ</strong></span> <span class='ocrx_word' id='word_1_718' title='bbox 318 2391 418 2451; x_wconf 46' lang='lat' dir='ltr'><strong>temnes</strong></span> <span class='ocrx_word' id='word_1_719' title='bbox 433 2401 488 2420; x_wconf 80' lang='lat' dir='ltr'><strong>mss</strong></span> <span class='ocrx_word' id='word_1_720' title='bbox 510 2415 517 2425; x_wconf 86' lang='lat'><strong>,</strong></span> <span class='ocrx_word' id='word_1_721' title='bbox 533 2404 541 2421; x_wconf 83' lang='lat' dir='ltr'><strong>t</strong></span> <span class='ocrx_word' id='word_1_722' title='bbox 558 2399 587 2422; x_wconf 89' lang='lat' dir='ltr'><strong>et</strong></span> <span class='ocrx_word' id='word_1_723' title='bbox 601 2394 685 2429; x_wconf 82' lang='lat' dir='ltr'><strong>digni.</strong></span> <span class='ocrx_word' id='word_1_724' title='bbox 711 2404 720 2419; x_wconf 82' lang='grc'><strong><em>›</em></strong></span> <span class='ocrx_word' id='word_1_725' title='bbox 741 2392 818 2420; x_wconf 87' lang='lat' dir='ltr'><strong>Lihb.</strong></span> <span class='ocrx_word' id='word_1_726' title='bbox 842 2394 906 2420; x_wconf 85' lang='lat' dir='ltr'><strong>editi</strong></span> <span class='ocrx_word' id='word_1_727' title='bbox 920 2413 928 2425; x_wconf 88' lang='lat'><strong>,</strong></span> <span class='ocrx_word' id='word_1_728' title='bbox 949 2403 957 2419; x_wconf 85' lang='grc' dir='ltr'><strong>ι</strong></span> <span class='ocrx_word' id='word_1_729' title='bbox 978 2398 1006 2420; x_wconf 88' lang='lat' dir='ltr'><strong>ut</strong></span> 
     </span>
    </p>
   </div>
   <div class='ocr_carea' id='block_1_96' title="bbox 220 2433 335 2460">
    <p class='ocr_par' dir='ltr' id='par_1_96' title="bbox 220 2433 335 2460">
     <span class='ocr_line' id='line_1_96' title="bbox 220 2433 335 2460; baseline -0.009 -8"><span class='ocrx_word' id='word_1_730' title='bbox 220 2433 304 2460; x_wconf 71' lang='lat' dir='ltr'><strong>uigor.</strong></span> <span class='ocrx_word' id='word_1_731' title='bbox 326 2436 335 2451; x_wconf 80' lang='grc' dir='ltr'><strong>ι</strong></span> 
     </span>
    </p>
   </div>
   <div class='ocr_carea' id='block_1_97' title="bbox 256 2461 1003 2495">
    <p class='ocr_par' dir='ltr' id='par_1_97' title="bbox 256 2461 1003 2495">
     <span class='ocr_line' id='line_1_97' title="bbox 256 2461 1003 2495; baseline 0.004 -8"><span class='ocrx_word' id='word_1_732' title='bbox 256 2461 295 2494; x_wconf 74' lang='grc'><strong>(4)</strong></span> <span class='ocrx_word' id='word_1_733' title='bbox 313 2461 344 2487; x_wconf 80' lang='lat' dir='ltr'><strong>Et</strong></span> <span class='ocrx_word' id='word_1_734' title='bbox 362 2470 461 2495; x_wconf 82' lang='lat' dir='ltr'><strong>verum,</strong></span> <span class='ocrx_word' id='word_1_735' title='bbox 481 2464 557 2491; x_wconf 85' lang='lat' dir='ltr'><strong>deest</strong></span> <span class='ocrx_word' id='word_1_736' title='bbox 572 2466 598 2492; x_wconf 91' lang='lat' dir='ltr'><strong>in</strong></span> <span class='ocrx_word' id='word_1_737' title='bbox 616 2465 681 2492; x_wconf 87' lang='lat' dir='ltr'><strong>libb.</strong></span> <span class='ocrx_word' id='word_1_738' title='bbox 696 2464 776 2491; x_wconf 88' lang='lat' dir='ltr'><strong>editis</strong></span> <span class='ocrx_word' id='word_1_739' title='bbox 787 2483 795 2495; x_wconf 88' lang='lat'><strong>,</strong></span> <span class='ocrx_word' id='word_1_740' title='bbox 810 2464 856 2490; x_wconf 84' lang='lat' dir='ltr'><strong>sed</strong></span> <span class='ocrx_word' id='word_1_741' title='bbox 872 2469 960 2491; x_wconf 79' lang='lat' dir='ltr'><strong>exstat</strong></span> <span class='ocrx_word' id='word_1_742' title='bbox 978 2464 1003 2490; x_wconf 92' lang='lat' dir='ltr'><strong>in</strong></span> 
     </span>
    </p>
   </div>
   <div class='ocr_carea' id='block_1_98' title="bbox 219 2497 425 2524">
    <p class='ocr_par' dir='ltr' id='par_1_98' title="bbox 219 2497 425 2524">
     <span class='ocr_line' id='line_1_98' title="bbox 219 2497 425 2524; baseline 0.015 -3"><span class='ocrx_word' id='word_1_743' title='bbox 219 2497 346 2523; x_wconf 85' lang='lat' dir='ltr'><strong>omnibus</strong></span> <span class='ocrx_word' id='word_1_744' title='bbox 361 2505 425 2524; x_wconf 86' lang='lat' dir='ltr'><strong>mss.</strong></span> 
     </span>
    </p>
   </div>
   <div class='ocr_carea' id='block_1_99' title="bbox 257 2530 1004 2567">
    <p class='ocr_par' dir='ltr' id='par_1_99' title="bbox 257 2530 1004 2567">
     <span class='ocr_line' id='line_1_99' title="bbox 257 2530 1004 2567; baseline 0.005 -11"><span class='ocrx_word' id='word_1_745' title='bbox 257 2530 295 2565; x_wconf 84' lang='grc'><strong>(5)</strong></span> <span class='ocrx_word' id='word_1_746' title='bbox 314 2531 347 2558; x_wconf 76' lang='lat' dir='ltr'><strong>Et</strong></span> <span class='ocrx_word' id='word_1_747' title='bbox 367 2535 496 2565; x_wconf 82' lang='lat' dir='ltr'><strong>quomodo</strong></span> <span class='ocrx_word' id='word_1_748' title='bbox 517 2535 597 2561; x_wconf 72' lang='lat' dir='ltr'><strong>solem</strong></span> <span class='ocrx_word' id='word_1_749' title='bbox 616 2535 677 2567; x_wconf 73' lang='lat' dir='ltr'><strong>fecit</strong></span> <span class='ocrx_word' id='word_1_750' title='bbox 696 2539 765 2561; x_wconf 79' lang='lat' dir='ltr'><strong>stare</strong></span> <span class='ocrx_word' id='word_1_751' title='bbox 780 2539 803 2560; x_wconf 70' lang='lat' dir='ltr'><strong>et</strong></span> <span class='ocrx_word' id='word_1_752' title='bbox 827 2534 928 2564; x_wconf 79' lang='lat' dir='ltr'><strong>lunam,</strong></span> <span class='ocrx_word' id='word_1_753' title='bbox 948 2533 1004 2560; x_wconf 70' lang='lat' dir='ltr'><strong>hmc</strong></span> 
     </span>
    </p>
   </div>
   <div class='ocr_carea' id='block_1_100' title="bbox 221 2565 1005 2603">
    <p class='ocr_par' dir='ltr' id='par_1_100' title="bbox 221 2565 1005 2603">
     <span class='ocr_line' id='line_1_100' title="bbox 221 2565 1005 2603; baseline 0.005 -12"><span class='ocrx_word' id='word_1_754' title='bbox 221 2565 317 2603; x_wconf 77' lang='lat' dir='ltr'><strong>desunt</strong></span> <span class='ocrx_word' id='word_1_755' title='bbox 332 2567 358 2593; x_wconf 87' lang='lat' dir='ltr'><strong>iu</strong></span> <span class='ocrx_word' id='word_1_756' title='bbox 374 2568 450 2595; x_wconf 88' lang='lat' dir='ltr'><strong>libris</strong></span> <span class='ocrx_word' id='word_1_757' title='bbox 463 2574 541 2596; x_wconf 87' lang='lat' dir='ltr'><strong>antea</strong></span> <span class='ocrx_word' id='word_1_758' title='bbox 559 2565 649 2600; x_wconf 84' lang='lat' dir='ltr'><strong>editis,</strong></span> <span class='ocrx_word' id='word_1_759' title='bbox 669 2570 715 2596; x_wconf 81' lang='lat' dir='ltr'><strong>sed</strong></span> <span class='ocrx_word' id='word_1_760' title='bbox 734 2569 858 2603; x_wconf 77' lang='lat' dir='ltr'><strong>leguntur</strong></span> <span class='ocrx_word' id='word_1_761' title='bbox 871 2569 897 2594; x_wconf 93' lang='lat' dir='ltr'><strong>iu</strong></span> <span class='ocrx_word' id='word_1_762' title='bbox 914 2569 1005 2595; x_wconf 76' lang='lat' dir='ltr'><strong>codice</strong></span> 
     </span>
    </p>
   </div>
   <div class='ocr_carea' id='block_1_101' title="bbox 221 2600 745 2634">
    <p class='ocr_par' dir='ltr' id='par_1_101' title="bbox 221 2600 745 2634">
     <span class='ocr_line' id='line_1_101' title="bbox 221 2600 745 2634; baseline 0.006 -8"><span class='ocrx_word' id='word_1_763' title='bbox 221 2600 451 2634; x_wconf 66' lang='lat' dir='ltr'><strong>Sangermancnsi</strong></span> <span class='ocrx_word' id='word_1_764' title='bbox 467 2610 494 2630; x_wconf 89' lang='lat' dir='ltr'><strong>et</strong></span> <span class='ocrx_word' id='word_1_765' title='bbox 508 2613 561 2631; x_wconf 89' lang='lat' dir='ltr'><strong>uno</strong></span> <span class='ocrx_word' id='word_1_766' title='bbox 578 2604 745 2632; x_wconf 86' lang='lat' dir='ltr'><strong>Ebroicensi.</strong></span> 
     </span>
    </p>
   </div>
   <div class='ocr_carea' id='block_1_102' title="bbox 266 2635 984 2673">
    <p class='ocr_par' dir='ltr' id='par_1_102' title="bbox 266 2635 984 2673">
     <span class='ocr_line' id='line_1_102' title="bbox 266 2635 984 2673; baseline 0.004 -12"><span class='ocrx_word' id='word_1_767' title='bbox 309 2636 462 2673; x_wconf 77' lang='lat' dir='ltr'><strong>Sangerm.,</strong></span> <span class='ocrx_word' id='word_1_768' title='bbox 480 2648 490 2664; x_wconf 75' lang='grc' dir='ltr'><strong>σ</strong></span> <span class='ocrx_word' id='word_1_769' title='bbox 509 2647 599 2673; x_wconf 87' lang='lat' dir='ltr'><strong>super.</strong></span> <span class='ocrx_word' id='word_1_770' title='bbox 619 2650 627 2665; x_wconf 68' lang='grc' dir='ltr'><strong>ι</strong></span> <span class='ocrx_word' id='word_1_771' title='bbox 646 2640 724 2666; x_wconf 88' lang='lat' dir='ltr'><strong>Libb.</strong></span> <span class='ocrx_word' id='word_1_772' title='bbox 739 2639 816 2672; x_wconf 86' lang='lat' dir='ltr'><strong>editi,</strong></span> <span class='ocrx_word' id='word_1_773' title='bbox 832 2647 843 2664; x_wconf 62' lang='grc' dir='ltr'>«ι</span> <span class='ocrx_word' id='word_1_774' title='bbox 862 2647 953 2673; x_wconf 88' lang='lat' dir='ltr'><strong>supra.</strong></span> <span class='ocrx_word' id='word_1_775' title='bbox 975 2649 984 2665; x_wconf 75' lang='grc' dir='ltr'><strong>ι</strong></span> 
     </span>
    </p>
   </div>
   <div class='ocr_carea' id='block_1_103' title="bbox 268 2671 668 2708">
    <p class='ocr_par' dir='ltr' id='par_1_103' title="bbox 268 2671 668 2708">
     <span class='ocr_line' id='line_1_103' title="bbox 268 2671 668 2708; baseline 0.01 -12"><span class='ocrx_word' id='word_1_776' title='bbox 268 2671 294 2708; x_wconf 64' lang='grc' dir='ltr'><strong>ἶ)</strong></span> <span class='ocrx_word' id='word_1_777' title='bbox 312 2671 380 2708; x_wconf 75' lang='lat' dir='ltr'><strong>Ideni</strong></span> <span class='ocrx_word' id='word_1_778' title='bbox 398 2681 460 2704; x_wconf 90' lang='lat' dir='ltr'><strong>ms.,</strong></span> <span class='ocrx_word' id='word_1_779' title='bbox 480 2683 489 2699; x_wconf 77' lang='grc' dir='ltr'><strong>ι</strong></span> <span class='ocrx_word' id='word_1_780' title='bbox 504 2671 642 2708; x_wconf 53' lang='lat' dir='ltr'><strong>pugnavit.</strong></span> <span class='ocrx_word' id='word_1_781' title='bbox 660 2684 668 2700; x_wconf 76' lang='grc' dir='ltr'><strong>ι</strong></span> 
     </span>
    </p>
   </div>
   <div class='ocr_carea' id='block_1_104' title="bbox 256 2705 1007 2742">
    <p class='ocr_par' dir='ltr' id='par_1_104' title="bbox 256 2705 1007 2742">
     <span class='ocr_line' id='line_1_104' title="bbox 256 2705 1007 2742; baseline 0.004 -12"><span class='ocrx_word' id='word_1_782' title='bbox 256 2705 295 2738; x_wconf 81' lang='grc'><strong>(8)</strong></span> <span class='ocrx_word' id='word_1_783' title='bbox 309 2707 378 2732; x_wconf 69' lang='lat' dir='ltr'><strong>Autlt&#39;</strong></span> <span class='ocrx_word' id='word_1_784' title='bbox 397 2705 666 2741; x_wconf 39' lang='lat' dir='ltr'><strong>npottoliini&#39;l’nulum</strong></span> <span class='ocrx_word' id='word_1_785' title='bbox 679 2712 733 2735; x_wconf 68' lang='lat' dir='ltr'><strong>hau:</strong></span> <span class='ocrx_word' id='word_1_786' title='bbox 746 2710 835 2735; x_wconf 80' lang='lat' dir='ltr'><strong>eadem</strong></span> <span class='ocrx_word' id='word_1_787' title='bbox 850 2707 1007 2742; x_wconf 77' lang='lat' dir='ltr'><strong>conﬁrman-</strong></span> 
     </span>
    </p>
   </div>
   <div class='ocr_carea' id='block_1_105' title="bbox 221 2742 1003 2778">
    <p class='ocr_par' dir='ltr' id='par_1_105' title="bbox 221 2742 1003 2778">
     <span class='ocr_line' id='line_1_105' title="bbox 221 2742 1003 2778; baseline 0.008 -14"><span class='ocrx_word' id='word_1_788' title='bbox 221 2743 282 2778; x_wconf 66' lang='lat' dir='ltr'><strong>tem,</strong></span> <span class='ocrx_word' id='word_1_789' title='bbox 300 2748 357 2778; x_wconf 71' lang='lat' dir='ltr'><strong>cum</strong></span> <span class='ocrx_word' id='word_1_790' title='bbox 369 2742 441 2769; x_wconf 66' lang='lat' dir='ltr'><strong>dicit.</strong></span> <span class='ocrx_word' id='word_1_791' title='bbox 458 2743 717 2771; x_wconf 61' lang='lat' dir='ltr'><strong>Ilascdesideranlur</strong></span> <span class='ocrx_word' id='word_1_792' title='bbox 732 2745 757 2771; x_wconf 91' lang='lat' dir='ltr'><strong>in</strong></span> <span class='ocrx_word' id='word_1_793' title='bbox 772 2744 849 2770; x_wconf 83' lang='lat' dir='ltr'><strong>libris</strong></span> <span class='ocrx_word' id='word_1_794' title='bbox 860 2744 1003 2770; x_wconf 80' lang='lat' dir='ltr'><strong>antcaedi-</strong></span> 
     </span>
    </p>
   </div>
   <div class='ocr_carea' id='block_1_106' title="bbox 223 2774 712 2805">
    <p class='ocr_par' dir='ltr' id='par_1_106' title="bbox 223 2774 712 2805">
     <span class='ocr_line' id='line_1_106' title="bbox 223 2774 712 2805; baseline 0.014 -6"><span class='ocrx_word' id='word_1_795' title='bbox 223 2774 267 2805; x_wconf 85' lang='lat' dir='ltr'><strong>tis,</strong></span> <span class='ocrx_word' id='word_1_796' title='bbox 282 2774 326 2800; x_wconf 81' lang='lat' dir='ltr'><strong>sed</strong></span> <span class='ocrx_word' id='word_1_797' title='bbox 341 2781 448 2803; x_wconf 72' lang='lat' dir='ltr'><strong>exstant</strong></span> <span class='ocrx_word' id='word_1_798' title='bbox 465 2778 489 2804; x_wconf 92' lang='lat' dir='ltr'><strong>in</strong></span> <span class='ocrx_word' id='word_1_799' title='bbox 507 2778 631 2805; x_wconf 84' lang='lat' dir='ltr'><strong>omnibus</strong></span> <span class='ocrx_word' id='word_1_800' title='bbox 647 2787 712 2805; x_wconf 68' lang='lat' dir='ltr'><strong>mss.</strong></span> 
     </span>
    </p>
   </div>
   <div class='ocr_carea' id='block_1_107' title="bbox 257 2809 1003 2848">
    <p class='ocr_par' dir='ltr' id='par_1_107' title="bbox 257 2809 1003 2848">
     <span class='ocr_line' id='line_1_107' title="bbox 257 2809 1003 2848; baseline 0.005 -13"><span class='ocrx_word' id='word_1_801' title='bbox 257 2810 295 2844; x_wconf 75' lang='lat' dir='ltr'><strong>(tl)</strong></span> <span class='ocrx_word' id='word_1_802' title='bbox 312 2809 344 2835; x_wconf 87' lang='lat' dir='ltr'><strong>In</strong></span> <span class='ocrx_word' id='word_1_803' title='bbox 367 2812 436 2837; x_wconf 73' lang='lat' dir='ltr'><strong>nobis</strong></span> <span class='ocrx_word' id='word_1_804' title='bbox 452 2817 475 2838; x_wconf 78' lang='lat' dir='ltr'><strong>ct</strong></span> <span class='ocrx_word' id='word_1_805' title='bbox 497 2813 544 2839; x_wconf 79' lang='lat' dir='ltr'><strong>hoc</strong></span> <span class='ocrx_word' id='word_1_806' title='bbox 559 2814 706 2848; x_wconf 60' lang='lat' dir='ltr'><strong>praeripere.</strong></span> <span class='ocrx_word' id='word_1_807' title='bbox 727 2813 786 2841; x_wconf 74' lang='lat' dir='ltr'><strong>[Luc</strong></span> <span class='ocrx_word' id='word_1_808' title='bbox 807 2813 890 2841; x_wconf 83' lang='lat' dir='ltr'><strong>etiam</strong></span> <span class='ocrx_word' id='word_1_809' title='bbox 906 2812 1003 2840; x_wconf 85' lang='lat' dir='ltr'><strong>desunt</strong></span> 
     </span>
    </p>
   </div>
   <div class='ocr_carea' id='block_1_108' title="bbox 833 2312 1032 2346">
    <p class='ocr_par' dir='ltr' id='par_1_108' title="bbox 833 2312 1032 2346">
     <span class='ocr_line' id='line_1_108' title="bbox 833 2312 1032 2346; baseline 0.005 -7"><span class='ocrx_word' id='word_1_810' title='bbox 833 2312 855 2328; x_wconf 79' lang='grc'><strong>³⁸</strong></span> <span class='ocrx_word' id='word_1_811' title='bbox 869 2312 949 2340; x_wconf 83' lang='lat' dir='ltr'><strong>Eccli.</strong></span> <span class='ocrx_word' id='word_1_812' title='bbox 963 2319 992 2346; x_wconf 90' lang='lat' dir='ltr'><strong>ll,</strong></span> <span class='ocrx_word' id='word_1_813' title='bbox 1008 2313 1032 2340; x_wconf 82' lang='lat' dir='ltr'><strong>l.</strong></span> 
     </span>
    </p>
   </div>
   <div class='ocr_carea' id='block_1_109' title="bbox 1059 2217 1859 2253">
    <p class='ocr_par' dir='ltr' id='par_1_109' title="bbox 1059 2217 1859 2253">
     <span class='ocr_line' id='line_1_109' title="bbox 1059 2217 1859 2253; baseline 0 -8"><span class='ocrx_word' id='word_1_814' title='bbox 1059 2219 1114 2245; x_wconf 87' lang='lat' dir='ltr'><strong>rint</strong></span> <span class='ocrx_word' id='word_1_815' title='bbox 1131 2219 1156 2244; x_wconf 89' lang='lat' dir='ltr'><strong>in</strong></span> <span class='ocrx_word' id='word_1_816' title='bbox 1174 2218 1272 2252; x_wconf 89' lang='lat' dir='ltr'><strong>quibus</strong></span> <span class='ocrx_word' id='word_1_817' title='bbox 1286 2217 1352 2244; x_wconf 85' lang='lat' dir='ltr'><strong>lides</strong></span> <span class='ocrx_word' id='word_1_818' title='bbox 1366 2217 1529 2250; x_wconf 88' lang='lat' dir='ltr'><strong>inveniatur,</strong></span> <span class='ocrx_word' id='word_1_819' title='bbox 1547 2222 1610 2244; x_wconf 81' lang='lat' dir='ltr'><strong>ttiuc</strong></span> <span class='ocrx_word' id='word_1_820' title='bbox 1627 2217 1683 2253; x_wconf 91' lang='lat' dir='ltr'><strong>jam</strong></span> <span class='ocrx_word' id='word_1_821' title='bbox 1705 2220 1859 2247; x_wconf 74' lang='lat' dir='ltr'><strong>abbrevia-</strong></span> 
     </span>
    </p>
   </div>
   <div class='ocr_carea' id='block_1_110' title="bbox 1059 2265 1858 2301">
    <p class='ocr_par' dir='ltr' id='par_1_110' title="bbox 1059 2265 1858 2301">
     <span class='ocr_line' id='line_1_110' title="bbox 1059 2265 1858 2301; baseline 0.003 -10"><span class='ocrx_word' id='word_1_822' title='bbox 1059 2265 1237 2292; x_wconf 88' lang='lat' dir='ltr'><strong>buntnrdies.</strong></span> <span class='ocrx_word' id='word_1_823' title='bbox 1259 2265 1330 2292; x_wconf 88' lang='lat' dir='ltr'><strong>Idem</strong></span> <span class='ocrx_word' id='word_1_824' title='bbox 1348 2265 1430 2300; x_wconf 80' lang='lat' dir='ltr'><strong>igitur</strong></span> <span class='ocrx_word' id='word_1_825' title='bbox 1443 2270 1525 2298; x_wconf 87' lang='lat' dir='ltr'><strong>atque</strong></span> <span class='ocrx_word' id='word_1_826' title='bbox 1543 2265 1600 2299; x_wconf 90' lang='lat' dir='ltr'><strong>ipse</strong></span> <span class='ocrx_word' id='word_1_827' title='bbox 1614 2265 1753 2293; x_wconf 87' lang='lat' dir='ltr'><strong>Dominus</strong></span> <span class='ocrx_word' id='word_1_828' title='bbox 1770 2269 1858 2301; x_wconf 64' lang='lat' dir='ltr'><strong>novit,</strong></span> 
     </span>
    </p>
   </div>
   <div class='ocr_carea' id='block_1_111' title="bbox 1071 2311 1859 2343">
    <p class='ocr_par' dir='ltr' id='par_1_111' title="bbox 1071 2311 1859 2343">
     <span class='ocr_line' id='line_1_111' title="bbox 1071 2311 1859 2343; baseline 0.005 -6"><span class='ocrx_word' id='word_1_829' title='bbox 1071 2311 1093 2327; x_wconf 74' lang='grc'>³⁸</span> <span class='ocrx_word' id='word_1_830' title='bbox 1107 2311 1114 2338; x_wconf 91' lang='lat' dir='ltr'><strong>l</strong></span> <span class='ocrx_word' id='word_1_831' title='bbox 1130 2311 1225 2338; x_wconf 83' lang='lat' dir='ltr'><strong>Thess.</strong></span> <span class='ocrx_word' id='word_1_832' title='bbox 1247 2319 1272 2343; x_wconf 86' lang='lat'><strong>\&#39;,</strong></span> <span class='ocrx_word' id='word_1_833' title='bbox 1292 2311 1334 2338; x_wconf 77' lang='grc' dir='ltr'>Η.</span> <span class='ocrx_word' id='word_1_834' title='bbox 1373 2311 1394 2326; x_wconf 87' lang='grc'><strong>³⁷</strong></span> <span class='ocrx_word' id='word_1_835' title='bbox 1413 2311 1489 2338; x_wconf 73' lang='grc' dir='ltr'>Ιιυιιι.</span> <span class='ocrx_word' id='word_1_836' title='bbox 1515 2319 1561 2342; x_wconf 76' lang='lat' dir='ltr'><strong>xv,</strong></span> <span class='ocrx_word' id='word_1_837' title='bbox 1584 2311 1608 2338; x_wconf 84' lang='lat' dir='ltr'><strong>l.</strong></span> <span class='ocrx_word' id='word_1_838' title='bbox 1648 2311 1672 2327; x_wconf 85' lang='grc'>³⁸</span> <span class='ocrx_word' id='word_1_839' title='bbox 1696 2311 1799 2340; x_wconf 74' lang='lat' dir='ltr'><strong>Matth.</strong></span> <span class='ocrx_word' id='word_1_840' title='bbox 1819 2321 1859 2342; x_wconf 76' lang='grc' dir='ltr'><strong>ιν,</strong></span> 
     </span>
    </p>
   </div>
   <div class='ocr_carea' id='block_1_112' title="bbox 1062 2391 1859 2428">
    <p class='ocr_par' dir='ltr' id='par_1_112' title="bbox 1062 2391 1859 2428">
     <span class='ocr_line' id='line_1_112' title="bbox 1062 2391 1859 2428; baseline 0 -9"><span class='ocrx_word' id='word_1_841' title='bbox 1062 2393 1088 2419; x_wconf 91' lang='lat' dir='ltr'><strong>in</strong></span> <span class='ocrx_word' id='word_1_842' title='bbox 1109 2391 1186 2418; x_wconf 68' lang='lat' dir='ltr'><strong>libris</strong></span> <span class='ocrx_word' id='word_1_843' title='bbox 1204 2397 1281 2417; x_wconf 85' lang='lat' dir='ltr'><strong>antea</strong></span> <span class='ocrx_word' id='word_1_844' title='bbox 1296 2391 1387 2421; x_wconf 87' lang='lat' dir='ltr'><strong>editis.</strong></span> <span class='ocrx_word' id='word_1_845' title='bbox 1405 2392 1456 2428; x_wconf 61' lang='lat' dir='ltr'><strong>sed</strong></span> <span class='ocrx_word' id='word_1_846' title='bbox 1473 2391 1598 2428; x_wconf 82' lang='lat' dir='ltr'><strong>leguntur</strong></span> <span class='ocrx_word' id='word_1_847' title='bbox 1615 2391 1640 2418; x_wconf 92' lang='lat' dir='ltr'><strong>iu</strong></span> <span class='ocrx_word' id='word_1_848' title='bbox 1661 2399 1715 2418; x_wconf 89' lang='lat' dir='ltr'><strong>ms.</strong></span> <span class='ocrx_word' id='word_1_849' title='bbox 1733 2392 1859 2428; x_wconf 75' lang='lat' dir='ltr'><strong>Sanger-</strong></span> 
     </span>
    </p>
   </div>
   <div class='ocr_carea' id='block_1_113' title="bbox 1060 2426 1570 2457">
    <p class='ocr_par' dir='ltr' id='par_1_113' title="bbox 1060 2426 1570 2457">
     <span class='ocr_line' id='line_1_113' title="bbox 1060 2426 1570 2457; baseline -0.002 -4"><span class='ocrx_word' id='word_1_850' title='bbox 1060 2427 1194 2457; x_wconf 83' lang='lat' dir='ltr'><strong>maucnsi,</strong></span> <span class='ocrx_word' id='word_1_851' title='bbox 1209 2434 1312 2452; x_wconf 70' lang='lat' dir='ltr'><strong>necnon</strong></span> <span class='ocrx_word' id='word_1_852' title='bbox 1334 2435 1386 2453; x_wconf 86' lang='lat' dir='ltr'><strong>uno</strong></span> <span class='ocrx_word' id='word_1_853' title='bbox 1404 2426 1570 2453; x_wconf 70' lang='grc' dir='ltr'>Ειιιυίει-ιιδὶ.</span> 
     </span>
    </p>
   </div>
   <div class='ocr_carea' id='block_1_114' title="bbox 1097 2461 1859 2497">
    <p class='ocr_par' dir='ltr' id='par_1_114' title="bbox 1097 2461 1859 2497">
     <span class='ocr_line' id='line_1_114' title="bbox 1097 2461 1859 2497; baseline 0.005 -10"><span class='ocrx_word' id='word_1_854' title='bbox 1097 2462 1152 2497; x_wconf 81' lang='grc'><strong>(10)</strong></span> <span class='ocrx_word' id='word_1_855' title='bbox 1171 2462 1251 2495; x_wconf 81' lang='lat' dir='ltr'><strong>Ergo,</strong></span> <span class='ocrx_word' id='word_1_856' title='bbox 1273 2461 1340 2488; x_wconf 85' lang='lat' dir='ltr'><strong>alias</strong></span> <span class='ocrx_word' id='word_1_857' title='bbox 1365 2463 1449 2494; x_wconf 85' lang='lat' dir='ltr'><strong>deest,</strong></span> <span class='ocrx_word' id='word_1_858' title='bbox 1473 2462 1520 2488; x_wconf 81' lang='lat' dir='ltr'><strong>sed</strong></span> <span class='ocrx_word' id='word_1_859' title='bbox 1539 2461 1635 2496; x_wconf 74' lang='lat' dir='ltr'><strong>legitur</strong></span> <span class='ocrx_word' id='word_1_860' title='bbox 1666 2462 1693 2488; x_wconf 94' lang='lat' dir='ltr'><strong>iu</strong></span> <span class='ocrx_word' id='word_1_861' title='bbox 1724 2464 1859 2491; x_wconf 76' lang='lat' dir='ltr'><strong>oumibus</strong></span> 
     </span>
    </p>
   </div>
   <div class='ocr_carea' id='block_1_115' title="bbox 1059 2505 1124 2523">
    <p class='ocr_par' dir='ltr' id='par_1_115' title="bbox 1059 2505 1124 2523">
     <span class='ocr_line' id='line_1_115' title="bbox 1059 2505 1124 2523; baseline -0.015 0"><span class='ocrx_word' id='word_1_862' title='bbox 1059 2505 1124 2523; x_wconf 76' lang='lat' dir='ltr'><strong>“ISS.</strong></span> 
     </span>
    </p>
   </div>
   <div class='ocr_carea' id='block_1_116' title="bbox 1094 2529 1860 2567">
    <p class='ocr_par' dir='ltr' id='par_1_116' title="bbox 1094 2529 1860 2567">
     <span class='ocr_line' id='line_1_116' title="bbox 1094 2529 1860 2567; baseline 0 -10"><span class='ocrx_word' id='word_1_863' title='bbox 1094 2530 1149 2566; x_wconf 90' lang='lat' dir='ltr'><strong>(ll)</strong></span> <span class='ocrx_word' id='word_1_864' title='bbox 1164 2529 1239 2561; x_wconf 63' lang='lat' dir='ltr'><strong>Mss,</strong></span> <span class='ocrx_word' id='word_1_865' title='bbox 1262 2540 1270 2556; x_wconf 80' lang='grc' dir='ltr'><strong>ι</strong></span> <span class='ocrx_word' id='word_1_866' title='bbox 1286 2531 1519 2566; x_wconf 87' lang='lat' dir='ltr'><strong>appropinquavit.</strong></span> <span class='ocrx_word' id='word_1_867' title='bbox 1542 2541 1550 2557; x_wconf 80' lang='grc' dir='ltr'><strong>ι</strong></span> <span class='ocrx_word' id='word_1_868' title='bbox 1570 2531 1650 2559; x_wconf 87' lang='lat' dir='ltr'><strong>Libb.</strong></span> <span class='ocrx_word' id='word_1_869' title='bbox 1672 2533 1754 2565; x_wconf 80' lang='lat' dir='ltr'><strong>editi,</strong></span> <span class='ocrx_word' id='word_1_870' title='bbox 1777 2542 1789 2559; x_wconf 76' lang='grc' dir='ltr'><strong>ι</strong></span> <span class='ocrx_word' id='word_1_871' title='bbox 1806 2542 1860 2567; x_wconf 76' lang='lat' dir='ltr'><strong>ap.</strong></span> 
     </span>
    </p>
   </div>
   <div class='ocr_carea' id='block_1_117' title="bbox 1058 2566 1288 2602">
    <p class='ocr_par' dir='ltr' id='par_1_117' title="bbox 1058 2566 1288 2602">
     <span class='ocr_line' id='line_1_117' title="bbox 1058 2566 1288 2602; baseline -0.009 -10"><span class='ocrx_word' id='word_1_872' title='bbox 1058 2566 1261 2602; x_wconf 62' lang='lat' dir='ltr'><strong>propinqpabit.</strong></span> <span class='ocrx_word' id='word_1_873' title='bbox 1279 2575 1288 2590; x_wconf 75' lang='grc' dir='ltr'><strong>ι</strong></span> 
     </span>
    </p>
   </div>
   <div class='ocr_carea' id='block_1_118' title="bbox 1094 2599 1859 2635">
    <p class='ocr_par' dir='ltr' id='par_1_118' title="bbox 1094 2599 1859 2635">
     <span class='ocr_line' id='line_1_118' title="bbox 1094 2599 1859 2635; baseline 0.004 -8"><span class='ocrx_word' id='word_1_874' title='bbox 1094 2601 1148 2635; x_wconf 70' lang='lat' dir='ltr'><strong>(l2)</strong></span> <span class='ocrx_word' id='word_1_875' title='bbox 1165 2599 1268 2632; x_wconf 77' lang='lat' dir='ltr'><strong>Solum,</strong></span> <span class='ocrx_word' id='word_1_876' title='bbox 1283 2601 1358 2627; x_wconf 71' lang='lat' dir='ltr'><strong>deest</strong></span> <span class='ocrx_word' id='word_1_877' title='bbox 1376 2601 1400 2627; x_wconf 91' lang='lat' dir='ltr'><strong>iu</strong></span> <span class='ocrx_word' id='word_1_878' title='bbox 1418 2601 1494 2628; x_wconf 54' lang='lat' dir='ltr'><strong>lib-6&#39;s</strong></span> <span class='ocrx_word' id='word_1_879' title='bbox 1517 2606 1596 2627; x_wconf 83' lang='lat' dir='ltr'><strong>antea</strong></span> <span class='ocrx_word' id='word_1_880' title='bbox 1621 2601 1716 2635; x_wconf 84' lang='lat' dir='ltr'><strong>editis,</strong></span> <span class='ocrx_word' id='word_1_881' title='bbox 1734 2604 1785 2630; x_wconf 83' lang='lat' dir='ltr'><strong>sed</strong></span> <span class='ocrx_word' id='word_1_882' title='bbox 1805 2611 1859 2630; x_wconf 73' lang='lat' dir='ltr'><strong>ex—</strong></span> 
     </span>
    </p>
   </div>
   <div class='ocr_carea' id='block_1_119' title="bbox 1057 2636 1695 2669">
    <p class='ocr_par' dir='ltr' id='par_1_119' title="bbox 1057 2636 1695 2669">
     <span class='ocr_line' id='line_1_119' title="bbox 1057 2636 1695 2669; baseline 0 -6"><span class='ocrx_word' id='word_1_883' title='bbox 1057 2642 1110 2663; x_wconf 78' lang='lat' dir='ltr'><strong>stat</strong></span> <span class='ocrx_word' id='word_1_884' title='bbox 1125 2637 1150 2661; x_wconf 89' lang='lat' dir='ltr'><strong>in</strong></span> <span class='ocrx_word' id='word_1_885' title='bbox 1165 2636 1394 2669; x_wconf 68' lang='lat' dir='ltr'><strong>Sangermaucosi</strong></span> <span class='ocrx_word' id='word_1_886' title='bbox 1412 2642 1439 2662; x_wconf 86' lang='lat' dir='ltr'><strong>et</strong></span> <span class='ocrx_word' id='word_1_887' title='bbox 1455 2644 1509 2664; x_wconf 91' lang='lat' dir='ltr'><strong>uno</strong></span> <span class='ocrx_word' id='word_1_888' title='bbox 1524 2636 1695 2663; x_wconf 78' lang='lat' dir='ltr'><strong>Ebroiceusi.</strong></span> 
     </span>
    </p>
   </div>
   <div class='ocr_carea' id='block_1_120' title="bbox 1093 2670 1854 2707">
    <p class='ocr_par' dir='ltr' id='par_1_120' title="bbox 1093 2670 1854 2707">
     <span class='ocr_line' id='line_1_120' title="bbox 1093 2670 1854 2707; baseline -0.001 -10"><span class='ocrx_word' id='word_1_889' title='bbox 1093 2672 1149 2706; x_wconf 81' lang='grc'><strong>(15)</strong></span> <span class='ocrx_word' id='word_1_890' title='bbox 1164 2670 1315 2707; x_wconf 71' lang='lat' dir='ltr'><strong>ldenrms.,</strong></span> <span class='ocrx_word' id='word_1_891' title='bbox 1335 2680 1343 2696; x_wconf 76' lang='grc' dir='ltr'><strong>ι</strong></span> <span class='ocrx_word' id='word_1_892' title='bbox 1368 2676 1397 2697; x_wconf 88' lang='lat' dir='ltr'><strong>nt</strong></span> <span class='ocrx_word' id='word_1_893' title='bbox 1410 2676 1485 2707; x_wconf 73' lang='lat' dir='ltr'><strong>tunc,</strong></span> <span class='ocrx_word' id='word_1_894' title='bbox 1501 2681 1509 2697; x_wconf 75' lang='grc' dir='ltr'><strong>ι</strong></span> <span class='ocrx_word' id='word_1_895' title='bbox 1525 2676 1552 2697; x_wconf 89' lang='lat' dir='ltr'><strong>et</strong></span> <span class='ocrx_word' id='word_1_896' title='bbox 1570 2671 1650 2705; x_wconf 85' lang='lat' dir='ltr'><strong>paulo</strong></span> <span class='ocrx_word' id='word_1_897' title='bbox 1663 2677 1737 2705; x_wconf 85' lang='lat' dir='ltr'><strong>post,</strong></span> <span class='ocrx_word' id='word_1_898' title='bbox 1756 2682 1766 2699; x_wconf 78' lang='grc' dir='ltr'><strong>ι</strong></span> <span class='ocrx_word' id='word_1_899' title='bbox 1786 2681 1854 2707; x_wconf 81' lang='lat' dir='ltr'><strong>pm—</strong></span> 
     </span>
    </p>
   </div>
   <div class='ocr_carea' id='block_1_121' title="bbox 1060 2705 1858 2743">
    <p class='ocr_par' dir='ltr' id='par_1_121' title="bbox 1060 2705 1858 2743">
     <span class='ocr_line' id='line_1_121' title="bbox 1060 2705 1858 2743; baseline 0.001 -10"><span class='ocrx_word' id='word_1_900' title='bbox 1060 2707 1167 2743; x_wconf 83' lang='lat' dir='ltr'><strong>tlucitur</strong></span> <span class='ocrx_word' id='word_1_901' title='bbox 1180 2705 1361 2743; x_wconf 69' lang='lat' dir='ltr'><strong>et__ddl‘ertur.</strong></span> <span class='ocrx_word' id='word_1_902' title='bbox 1380 2715 1388 2732; x_wconf 71' lang='grc' dir='ltr'><strong>ι</strong></span> <span class='ocrx_word' id='word_1_903' title='bbox 1409 2705 1482 2733; x_wconf 90' lang='lat' dir='ltr'><strong>Libri</strong></span> <span class='ocrx_word' id='word_1_904' title='bbox 1505 2706 1579 2736; x_wconf 88' lang='lat' dir='ltr'><strong>editi.</strong></span> <span class='ocrx_word' id='word_1_905' title='bbox 1596 2715 1605 2730; x_wconf 76' lang='grc' dir='ltr'><strong>ι</strong></span> <span class='ocrx_word' id='word_1_906' title='bbox 1626 2711 1656 2732; x_wconf 88' lang='lat' dir='ltr'><strong>et</strong></span> <span class='ocrx_word' id='word_1_907' title='bbox 1670 2705 1858 2743; x_wconf 36' lang='lat' dir='ltr'><strong>tunc...‘pro-</strong></span> 
     </span>
    </p>
   </div>
   <div class='ocr_carea' id='block_1_122' title="bbox 1059 2739 1354 2770">
    <p class='ocr_par' dir='ltr' id='par_1_122' title="bbox 1059 2739 1354 2770">
     <span class='ocr_line' id='line_1_122' title="bbox 1059 2739 1354 2770; baseline -0.003 -3"><span class='ocrx_word' id='word_1_908' title='bbox 1059 2741 1180 2770; x_wconf 87' lang='lat' dir='ltr'><strong>ducitur,</strong></span> <span class='ocrx_word' id='word_1_909' title='bbox 1196 2739 1328 2767; x_wconf 71' lang='lat' dir='ltr'><strong>differtur.</strong></span> <span class='ocrx_word' id='word_1_910' title='bbox 1345 2750 1354 2765; x_wconf 77' lang='grc' dir='ltr'><strong>ι</strong></span> 
     </span>
    </p>
   </div>
   <div class='ocr_carea' id='block_1_123' title="bbox 1091 2775 1854 2811">
    <p class='ocr_par' dir='ltr' id='par_1_123' title="bbox 1091 2775 1854 2811">
     <span class='ocr_line' id='line_1_123' title="bbox 1091 2775 1854 2811; baseline 0.007 -11"><span class='ocrx_word' id='word_1_911' title='bbox 1091 2775 1146 2811; x_wconf 72' lang='lat' dir='ltr'><strong>(l-i)</strong></span> <span class='ocrx_word' id='word_1_912' title='bbox 1161 2775 1233 2801; x_wconf 68' lang='lat' dir='ltr'><strong>Unus</strong></span> <span class='ocrx_word' id='word_1_913' title='bbox 1244 2775 1326 2802; x_wconf 75' lang='lat' dir='ltr'><strong>codex</strong></span> <span class='ocrx_word' id='word_1_914' title='bbox 1338 2775 1520 2808; x_wconf 85' lang='lat' dir='ltr'><strong>Ebroicensis,</strong></span> <span class='ocrx_word' id='word_1_915' title='bbox 1538 2785 1547 2800; x_wconf 73' lang='grc' dir='ltr'><strong>ι</strong></span> <span class='ocrx_word' id='word_1_916' title='bbox 1562 2779 1589 2803; x_wconf 86' lang='lat' dir='ltr'><strong>et</strong></span> <span class='ocrx_word' id='word_1_917' title='bbox 1601 2776 1636 2802; x_wconf 83' lang='lat' dir='ltr'><strong>ad</strong></span> <span class='ocrx_word' id='word_1_918' title='bbox 1653 2777 1805 2804; x_wconf 82' lang='lat' dir='ltr'><strong>deteriores</strong></span> <span class='ocrx_word' id='word_1_919' title='bbox 1817 2786 1854 2805; x_wconf 71' lang='lat' dir='ltr'><strong>ac</strong></span> 
     </span>
    </p>
   </div>
   <div class='ocr_carea' id='block_1_124' title="bbox 1057 2810 1849 2846">
    <p class='ocr_par' dir='ltr' id='par_1_124' title="bbox 1057 2810 1849 2846">
     <span class='ocr_line' id='line_1_124' title="bbox 1057 2810 1849 2846; baseline -0.003 -7"><span class='ocrx_word' id='word_1_920' title='bbox 1057 2810 1225 2839; x_wconf 67' lang='lat' dir='ltr'><strong>deColoratas</strong></span> <span class='ocrx_word' id='word_1_921' title='bbox 1236 2810 1336 2837; x_wconf 68' lang='lat' dir='ltr'><strong>ultimae</strong></span> <span class='ocrx_word' id='word_1_922' title='bbox 1349 2810 1530 2846; x_wconf 76' lang='lat' dir='ltr'><strong>generationis</strong></span> <span class='ocrx_word' id='word_1_923' title='bbox 1541 2811 1667 2839; x_wconf 90' lang='lat' dir='ltr'><strong>nationes</strong></span> <span class='ocrx_word' id='word_1_924' title='bbox 1675 2813 1826 2840; x_wconf 82' lang='lat' dir='ltr'><strong>advenerit.</strong></span> <span class='ocrx_word' id='word_1_925' title='bbox 1836 2822 1849 2837; x_wconf 81' lang='grc' dir='ltr'><strong>ι</strong></span> 
     </span>
    </p>
   </div>
  </div>
