1902 3052
52 103 109 132 885

552 103 584 130 IN
603 103 732 132 LlllllUM
747 103 830 132 JESU
850 104 943 132 NAVE
961 105 1102 133 ll0.\llLl:\
1121 103 1177 132 XII.

1638 103 1690 131 886

53 168 80 188 et
101 161 249 189 extendere
268 161 341 189 diem
355 168 418 189 cum
439 161 533 189 salutis
549 168 590 190 est
607 168 726 198 tempus,
741 170 768 191 et
782 165 844 191 bre-
861 167 884 195 Λ
898 165 1023 192 Assident
1039 165 1141 191 ctenim
1154 163 1234 190 etiam
1250 162 1291 190 his
1304 162 1379 196 ipsis,
1393 169 1462 196 quos
1481 161 1610 194 diximus,
1628 169 1690 189 cor-

52 208 131 235 viare
157 208 240 241 diem,
271 216 335 235 cum
366 207 552 237 tribulationis
575 215 602 236 et
624 210 784 244 perditionis
805 215 847 238 est

53 260 170 289 tempus.
187 253 240 280 Nos
255 259 343 282 tamen
361 254 424 281 dum
439 254 570 282 habemus
585 256 665 287 diem,
678 261 705 282 et
721 256 846 290 produci-

53 306 98 327 tur
115 300 192 326 nobis
209 300 327 335 spatium
347 299 428 330 lueis,
447 308 457 325 ι
474 300 545 327 sicut
561 301 587 327 in
600 301 644 329 die
660 301 772 329 heneste
786 309 845 329 am-

52 346 178 373 bulemus
194 345 226 378 ³ο,
246 355 255 371 ι
273 351 300 372 et
315 353 398 380 opera
418 346 484 373 lucis
497 354 650 380 operemur.

86 392 116 419 ι.
146 390 198 418 Sed
225 396 252 419 et
279 391 343 418 illud
376 392 515 420 videmnus
531 393 596 427 quid
610 399 652 421 est
672 395 743 430 quod
768 395 845 428 dicit,

50 437 171 472 quinque
182 444 259 472 reges
269 437 363 471 fuisse,
378 437 464 465 ethos
476 438 502 464 in
512 438 656 472 speluncas
667 439 767 475 fugisse
777 441 844 476 (15).

51 486 128 519 Smpe
137 485 256 511 diximus
269 484 406 519 duplicem
419 492 478 512 esse
487 485 702 512 Christianorum
717 495 843 522 pugnaui.

51 529 185 557 Perfectis
209 530 318 564 quidem
339 534 367 557 et
392 529 490 557 talibus
511 531 598 564 qualis
613 537 672 559 erat
691 531 791 560 Paulus
817 536 845 559 et

49 576 172 611 Ephesii,
196 576 266 603 sicut
287 575 344 610 ipse
359 575 456 603 Paulus
475 575 530 612 (ιθ)
547 576 612 603 dicit
623 577 664 611 δ’,
687 585 696 603 I
723 585 779 606 non
800 583 842 605 est

49 629 138 656 pugna
156 622 288 648 adversus
303 629 413 648 carnem
428 626 455 649 et
470 622 641 657 sanguinem,
652 623 700 649 sed
715 623 844 650 adversus

49 667 216 702 principatus
241 673 268 694 et
289 673 449 702 potestates,
474 669 617 696 adversum
648 669 740 697 mundi
765 670 845 705 hujus

49 718 169 740 rectores
185 713 358 740 tenebrarum
372 715 479 745 barum.
494 715 624 743 adversus
636 717 767 751 spiritalia
783 718 839 754 (17)

48 760 176 793 nequitia:
191 759 217 786 in
235 760 401 788 cmlestibus.
424 770 433 786 ι
454 761 631 789 lnferioribus
645 770 720 795 vero,
739 770 766 790 et
779 772 845 791 non-

47 807 109 833 dum
133 805 262 840 perfectis
284 814 371 841 pugna
401 808 490 835 adlmc
520 809 650 836 adversus
682 817 791 837 carnem
815 815 842 838 et

898 212 1034 246 poralibus
1049 211 1173 238 sensibus
1189 209 1327 237 hominum
1346 209 1467 243 maligna:
1487 208 1611 241 virtutes,
1629 215 1690 242 rpite

896 265 943 285 eos
958 257 991 284 ad
1012 257 1096 284 malas
1116 256 1349 290 concupiscentias
1369 259 1396 282 et
1410 254 1494 290 426
1514 253 1586 281 fieda
1605 253 1688 280 mini-

897 303 980 331 steria
1000 303 1096 330 aniqu
1117 302 1260 337 prtebenda
1289 301 1448 329 sollicitent.
1465 303 1538 333 Quas
1555 299 1689 333 malignas

896 350 1010 376 virtutes
1024 349 1045 376 si
1064 349 1130 376 fides
1145 348 1201 384 (l9)
1218 347 1319 379 C_hristi
1332 346 1514 382 superaverit,
1532 350 1560 373 et
1576 346 1603 373 in
1617 346 1688 381 ligno

896 393 985 421 crucis
1000 393 1058 428 ejus
1073 393 1173 421 fuerint
1192 400 1339 428 suspensas.
1363 397 1391 419 ut
1405 397 1432 420 et
1453 392 1487 419 de
1511 391 1576 426 ipsis
1592 392 1688 418 trium-

895 439 960 473 phet
977 439 1003 466 in
1019 439 1090 474 ligno
1110 439 1199 466 crucis
1219 446 1286 471 suae,
1302 438 1472 473 interemptis
1487 438 1530 469 iis,
1549 445 1688 472 regnoque

895 485 1024 519 depulsis,
1041 490 1104 511 tune
1116 484 1232 512 emcitnr
1251 484 1341 511 anima
1357 484 1382 510 in
1400 489 1477 518 parte
1490 483 1548 515 Dei,
1563 488 1625 510 tunc
1641 483 1688 510 .Ie-

895 529 1012 556 rusalem
1036 537 1145 564 regnum
1162 529 1206 556 Dei
1223 530 1349 562 cllicitur,
1361 534 1388 556 et
1401 529 1531 563 templum
1546 530 1572 555 iu
1587 536 1620 556 ea
1633 529 1687 556 Do-

895 576 969 602 mino
980 575 1149 602 construitur
1163 575 1230 611 (90).
1243 575 1338 602 Annon
1353 575 1403 601 hoc
1415 575 1449 601 de
1465 575 1611 608 semetipso
1625 581 1688 600 sen-

896 622 978 648 tiebat
1003 622 1047 648 ille
1061 622 1107 656 qui
1129 621 1238 649 dicebat
1253 621 1287 653 δ’,
1303 622 1367 656 quia
1385 631 1394 647 ι
1415 628 1523 648 eramus
1541 619 1688 655 aliquando

894 673 922 695 et
939 676 986 694 nos
1005 667 1145 699 iuseusati,
1161 667 1307 700 increduli,
1325 673 1461 699 errantes,
1478 667 1627 694 servientes
1641 665 1689 693 de-

894 713 1002 740 sideriis
1017 719 1045 740 et
1057 713 1239 747 voluptatibus
1251 713 1354 740 variis?
1373 723 1382 738 ι
1400 713 1457 740 Non
1473 713 1544 740 extim
1559 712 1630 738 aliud
1647 716 1688 738 est

895 759 946 786 hoc
961 761 1033 794 quod
1056 760 1206 788 Jerusalem
1219 761 1365 795 aliquando
1382 761 1464 788 fuisse
1478 760 1528 787 sub
1544 767 1606 794 rege
1619 759 1688 786 Ado-

895 806 1006 832 uibezce
1020 807 1160 840 scribitur,
1172 806 1283 834 velalia:
1302 806 1427 834 civitates
1440 806 1490 833 sub
1504 806 1566 833 aliis
1582 805 1614 833 “.

46 853 206 887 sanguinem
224 854 337 890 geritur,
353 855 385 881 iis
398 854 442 888 qui
459 855 547 881 adlmc
560 855 715 883 carnalibus
731 857 804 884 vitiis
815 865 829 885 e

929 851 955 877 6.
987 851 1039 878 Sed
1071 851 1178 878 interim
1203 851 1283 879 .Iesus
1311 851 1447 879 interfecit
1471 852 1607 883 inimicos,
1633 858 1685 878 nou

46 899 238 934 frag'litatihns
254 900 462 935 impugnantur:
480 901 553 935 quod
571 901 653 928 etiam
668 901 694 928 in
715 901 765 928 hoc
783 902 841 928 loco

46 945 159 972 indicari
187 951 260 980 puto.
280 946 385 972 Etenim
401 945 560 973 Gabaonitis
584 946 716 973 indictum
741 956 801 975 esse
825 956 839 974 ει

45 991 165 1026 quinque
182 991 289 1026 regibus
309 992 428 1018 diximus
451 991 564 1022 bellum,
591 1000 706 1026 quorum
726 994 838 1029 figuram

45 1037 96 1063 dixi
115 1045 177 1064 esse
192 1038 216 1063 in
236 1037 268 1063 iis
279 1038 323 1072 qui
340 1037 492 1072 imperfecti
506 1042 581 1065 sunt.
596 1038 643 1066 lsti
657 1046 722 1073 ergo
737 1048 750 1065 a
762 1040 841 1073 quin-

44 1091 95 1116 que
121 1083 232 1116 regibus
260 1083 464 1118 impugnantur.
496 1083 621 1118 Quinque
645 1089 737 1112 autem
762 1093 838 1120 rcges

45 1131 162 1163 quinque
183 1137 278 1156 sensus
291 1137 436 1164 corporeos
446 1129 577 1160 indicant.
594 1131 695 1162 visum,
705 1132 838 1164 auditum,

45 1180 160 1209 gustum,
189 1180 291 1202 tactum
311 1180 337 1201 et
361 1175 514 1203 odoratum.
545 1176 596 1203 Per
618 1176 734 1212 aliquem
763 1179 836 1205 enim

50 1221 155 1254 horum,
172 1228 392 1255 unumquemque
409 1229 519 1248 necesse
534 1226 574 1248 cst.
590 1222 715 1250 decidere
730 1224 756 1250 in
776 1231 839 1258 pec-

44 1272 142 1293 catum.
170 1266 223 1299 Qui
238 1267 357 1301 quinque
384 1274 480 1294 sensus
506 1268 560 1294 illis
583 1269 702 1302 quinque
730 1270 838 1304 regibus

44 1318 247 1347 comparantur,
274 1313 319 1347 qui
349 1313 523 1347 Gabaonitas,
541 1314 567 1341 id
585 1319 626 1342 est
653 1315 698 1349 qni
713 1318 837 1344 carnales

45 1359 166 1386 homines
179 1363 346 1394 expugnant.
365 1359 442 1392 Quod
468 1364 558 1387 autem
578 1361 705 1388 dicuntur
722 1362 748 1388 in
772 1370 835 1396 spe«

45 1404 135 1432 luncas
146 1405 312 1440 confugisse,
328 1410 417 1440 potest
432 1405 482 1433 hoc
499 1405 616 1434 fortasse
633 1407 759 1440 iudicari,
772 1409 835 1443 quia

44 1451 167 1485 spelunca
187 1451 262 1478 locus
288 1456 329 1478 est
353 1451 379 1477 in
403 1451 567 1486 profundum
593 1457 675 1480 terrae
699 1452 833 1481 defossus.

42 1497 123 1530 Igitur
136 1497 221 1524 etiam
242 1497 285 1524 isti
304 1505 371 1532 quos
392 1505 474 1532 supra
489 1497 606 1525 diximus
619 1505 715 1526 sensus
730 1507 790 1526 cum
806 1507 835 1526 se
849 1516 871 1546 ϐ

44 1543 153 1570 terrenis
178 1543 284 1571 actibus
309 1544 334 1570 in
353 1551 466 1578 corpore
485 1545 564 1578 positi
588 1545 779 1578 demerserint,
808 1552 836 1574 et

44 1589 105 1615 nihil
120 1589 153 1615 ad
165 1597 234 1622 opus
251 1588 308 1620 Dei,
323 1590 370 1616 sed
385 1594 470 1617 totum
489 1590 522 1617 ad
541 1590 723 1618 ministerium
735 1599 832 1627 corpo-

44 1635 77 1660 ris
94 1635 208 1668 egcriut,
221 1634 247 1661 in
263 1635 408 1670 speluncas
420 1636 574 1670 confugisse
589 1636 726 1663 dicuntur.

74 1681 99 1707 5.
116 1680 264 1708 Sciendum
282 1686 370 1708 tamen
385 1682 457 1716 quod
473 1681 523 1708 ista
536 1682 593 1717 ipsa
608 1690 701 1718 regna,
717 1691 833 1717 quorum

45 1732 108 1753 tame
124 1734 202 1761 rcges
216 1727 361 1754 vincuntur
374 1728 408 1754 ab
423 1726 496 1759 Jesu,
510 1732 538 1753 ct
548 1728 709 1762 confugiunt
723 1729 757 1756 ad
773 1736 835 1763 spe-

44 1771 143 1803 lituras,
161 1772 333 1807 postmodum
344 1773 370 1800 in
386 1777 488 1800 sortem
502 1775 614 1800 veniunt
630 1779 789 1801 sanctorum
806 1779 834 1802 et

44 1824 102 1851 pars
120 1817 226 1845 Domini
243 1818 423 1852 appellantur,
447 1819 519 1846 sicut
539 1827 649 1854 regnum
669 1819 831 1853 Jerusalem,

45 1863 81 1889 vel
97 1863 205 1896 Lat-his,
226 1864 264 1890 vel
283 1865 418 1891 Chebron.
434 1865 462 1892 In
479 1874 533 1900 quo
550 1865 600 1893 hoc
617 1866 737 1893 arbitror
762 1866 833 1893 iudi-

43 1909 105 1942 cari,
121 1910 192 1944 quod
209 1911 291 1936 etiam
314 1911 359 1937 isti
384 1911 506 1946 quinque
528 1919 636 1943 sensus,
655 1919 722 1946 quos
750 1919 832 1946 supra

42 1957 222 1989 exposuimus,
241 1956 266 1982 in
281 1964 395 1991 cerpore
412 1958 502 1991 positi,
515 1965 577 1985 cum
595 1965 643 1992 per
658 1957 750 1985 Iesum
771 1957 832 1985 fue-

43 2001 92 2028 t'iut
106 2002 216 2036 devicti,
240 2003 276 2030 ita
291 2009 319 2030 ut
336 2003 483 2031 inﬁdelitas
504 2005 538 2032 ab
551 2005 591 2032 eis
605 2010 632 2032 et
651 2005 831 2033 incredulitas

43 2049 197 2083 depellatur,
216 2056 243 2077 et
265 2058 326 2078 eum
350 2051 502 2078 moriuntur
525 2057 640 2086 peccato
663 2052 688 2079 in
709 2059 742 2080 eo
758 2052 831 2087 quod

43 2095 162 2123 desinunt
177 2104 191 2123 a
202 2097 353 2124 ministerio
368 2098 490 2131 peccati;
507 2099 568 2125 istis
581 2099 646 2134 ipsis
660 2101 829 2134 postmodum

43 2141 168 2169 ministris
199 2148 292 2169 utetur
322 2143 411 2170 anima
440 2144 473 2171 ad
502 2145 667 2179 operandam
693 2146 828 2180 justitiam

893 897 1083 924 crudelitatem
1099 898 1199 924 docens
1216 905 1263 932 per
1277 898 1338 929 hoc,
1358 897 1428 924 sicut
1441 897 1562 924 hmretici
1577 901 1683 932 putant,

892 944 939 970 sed
963 945 1051 970 futura
1081 945 1106 970 in
1125 945 1167 972 his
1188 952 1248 979 qute
1270 949 1402 980 geruntur
1419 949 1589 972 sacramenta
1613 945 1686 971 desi-

892 997 978 1024 gnans
995 989 1051 1024 (2|)
1069 997 1076 1016 :
1093 994 1120 1016 ut
1137 998 1197 1017 cum
1224 991 1391 1018 interemerit
1409 998 1455 1018 eos
1473 999 1562 1024 reges,
1580 990 1625 1024 qni
1643 998 1686 1016 re-

891 1044 973 1071 gnum
997 1037 1099 1071 peccati
1122 1042 1214 1064 tenent
1234 1037 1259 1064 in
1285 1037 1374 1069 nobis,
1397 1038 1530 1071 possimus
1551 1037 1615 1063 illud
1637 1036 1684 1062 im-

891 1082 965 1116 plere
981 1082 1051 1116 quod
1072 1082 1140 1109 dixit
1157 1082 1302 1116 Apes‘tolus
1320 1083 1364 1109 διε
1385 1092 1393 1108 ι
1419 1081 1498 1109 Sicut
1519 1082 1683 1110 exltibuistis

892 1129 1013 1156 membra
1027 1133 1117 1156 vestra
1133 1129 1234 1156 servire
1247 1129 1382 1163 iniquitati
1400 1129 1433 1155 ad
1450 1129 1629 1164 iniquitatem,
1646 1128 1682 1154 ita

891 1182 963 1201 nunc
978 1175 1154 1202 exhibeamus
1172 1175 1294 1202 membra
1309 1179 1401 1203 nostra
1414 1176 1517 1202 servire
1531 1175 1642 1209 justitia-
1655 1174 1681 1201 in

886 1221 1107 1255 jnstificationem
1129 1221 1195 1257 (-32).
1213 1231 1222 1248 ι
1247 1222 1316 1255 Quid
1332 1229 1397 1256 ergo
1416 1228 1469 1252 est,
1493 1221 1564 1256 quod
1583 1223 1617 1248 ah
1641 1221 1684 1249 eis

889 1266 940 1294 hoc
951 1267 1009 1294 loco
1020 1267 1208 1294 velntcruilt-le
1221 1267 1368 1302 culpatur?
1385 1267 1450 1300 lloc,
1463 1268 1550 1302 inquit
1560 1267 1594 1300 ⁸³,
1609 1268 1680 1302 quod

889 1314 1020 1348 scriptum
1032 1319 1074 1341 est
1092 1322 1099 1340 :
1119 1322 1128 1339 ι
1143 1313 1239 1341 Ponite
1253 1315 1337 1348 pedes
1354 1320 1458 1342 vestros
1475 1322 1556 1348 super
1578 1314 1677 1341 collum

889 1367 993 1392 contra,
1019 1364 1046 1387 et
1076 1360 1222 1388 interficite
1245 1369 1304 1389 eos.
1323 1371 1332 1386 ι
1354 1360 1423 1394 Quid
1451 1361 1522 1396 quod
1547 1361 1605 1388 haec
1625 1368 1678 1387 non

888 1405 1044 1437 crudelitas,
1058 1406 1106 1433 sed
1131 1406 1285 1434 lmmanitas
1300 1411 1327 1433 et
1344 1407 1499 1441 benignitas
1521 1405 1680 1434 invenitur?

890 1451 998 1478 Utinam
1022 1456 1050 1479 et
1067 1457 1095 1478 tu
1117 1451 1177 1479 talis
1195 1460 1280 1485 esses,
1305 1453 1350 1488 qui
1374 1461 1491 1488 poneres
1510 1453 1593 1488 pedes
1619 1459 1680 1480 tuos

889 1505 970 1532 super
1000 1502 1141 1533 serpentes
1165 1503 1192 1526 et
1218 1500 1384 1533 scorpiones,
1408 1504 1434 1526 et
1459 1507 1541 1534 supra
1568 1506 1681 1527 omnem

887 1544 1014 1570 virtutem
1030 1544 1143 1576 inimici,
1159 1549 1186 1571 et
1200 1545 1376 1572 coneulcares
1397 1546 1542 1572 draconem
1561 1551 1589 1573 et
1606 1545 1679 1572 basi—

886 1588 992 1623 liscum,
1009 1590 1035 1616 id
1054 1595 1095 1617 est
1120 1590 1254 1625 regulum,
1275 1591 1320 1625 qui
1345 1591 1489 1625 aliquando
1514 1592 1634 1627 regnavit
1651 1592 1678 1618 in

887 1640 923 1666 te,
938 1639 964 1661 et
981 1635 1066 1662 tenuit
1082 1635 1108 1661 iu
1127 1640 1153 1662 te
1166 1643 1277 1669 regnum
1295 1637 1399 1670 peccati
1415 1644 1422 1663 :
1437 1642 1464 1662 ut
1484 1637 1537 1663 illis
1550 1637 1680 1664 omnibus

887 1682 1069 1716 interemptis,
1085 1682 1129 1715 qui
1147 1681 1172 1708 iu
1193 1687 1218 1708 te
1235 1682 1383 1716 regnabant
1403 1691 1484 1714 opere
1502 1683 1616 1718 peccati.
1634 1692 1678 1711 so-

885 1728 927 1754 lus
956 1727 982 1753 iu
1011 1732 1036 1754 te
1063 1731 1157 1760 regnet
1181 1727 1305 1754 Christus
1324 1727 1403 1755 Jesus
1421 1728 1550 1755 Dominus
1574 1734 1677 1761 uoster,

884 1772 926 1798 cui
936 1771 1068 1805 estgloria
1083 1771 1261 1806 etimperium
1277 1771 1333 1807 (9.3)
1351 1773 1376 1799 in
1393 1772 1492 1800 szecula
1503 1773 1676 1802 szeeulorum.

884 1819 982 1846 Amen.

1170 1875 1310 1903 llOSllLlA
1326 1875 1383 1902 .\'l'.

884 1922 922 1950 De
937 1931 967 1950 eo
988 1923 1056 1957 quod
1079 1923 1238 1958 spiritaliter
1251 1922 1364 1957 intelligi
1393 1922 1502 1949 debeant
1528 1923 1594 1950 bella
1617 1932 1678 1957 qum

918 1958 1096 1992 gessitJews,
1115 1963 1137 1984 et
1148 1960 1218 1992 quazl
1240 1966 1372 1992 regressus
1387 1957 1499 1990 populus
1513 1964 1570 1992 post
1591 1959 1677 1986 victo-

919 1994 986 2020 riam
1002 2002 1053 2020 non
1067 1994 1167 2020 mittit-it
1184 1994 1210 2020 in
1225 1994 1316 2028 lingua
1331 2001 1381 2020 sua
1394 1993 1461 2029 (ἐι).

919 2051 944 2078 l.
960 2050 988 2077 Si
1013 2058 1043 2077 ea
1057 2057 1116 2084 quze
1130 2058 1177 2084 per
1197 2050 1306 2086 Moysen
1322 2050 1356 2077 de
1372 2051 1558 2083 tabernaculo,
1578 2051 1617 2078 vel
1630 2059 1677 2078 sa-

882 2097 993 2124 criﬁciis
1010 2102 1037 2124 et
1054 2097 1127 2124 onmi
1149 2096 1194 2123 illo
1207 2097 1279 2124 cultu
1297 2097 1541 2128 adnmbrabantnr,
1558 2102 1637 2132 typus
1648 2103 1677 2125 et

882 2143 976 2169 umbra
989 2142 1115 2169 dicuntur
1129 2150 1189 2170 esse
1202 2142 1366 2174 caelestium.
1386 2144 1445 2170 sine
1463 2143 1545 2170 dubio
1561 2149 1588 2170 et
1603 2144 1671 2172 bell-1

44 2183 161 2221 D.:i(l8),
176 2190 204 2213 et
217 2186 253 2212 ita
278 2187 307 2214 fit
329 2193 358 2214 ut
373 2187 534 2220 Jerusalem,
557 2189 584 2215 in
602 2196 654 2224 qua
678 2190 753 2224 prius
783 2197 829 2218 rex
845 2197 870 2226 ι)
884 2197 943 2222 qua:
962 2196 1009 2223 per
1031 2189 1122 2216 Jesum
1139 2194 1281 2223 geruntur,
1297 2193 1324 2216 et
1348 2197 1441 2224 regum
1458 2194 1539 2224 atque
1555 2191 1674 2218 hostium

44 2237 152 2265 nrqnam
169 2233 299 2267 regnabat
311 2238 339 2260 et
353 2234 495 2268 pessimus.
511 2235 680 2269 postmodum
696 2235 722 2262 in
737 2243 769 2262 ea
782 2244 827 2264 re-

42 2281 100 2310 gnet
126 2277 212 2306 David
239 2285 332 2313 potens
362 2287 453 2313 manu,
471 2279 514 2307 vel
537 2281 666 2314 pacificus
688 2280 826 2309 Salomon.

369 2349 390 2365 “
406 2349 505 2385 Ephes.
521 2358 556 2382 τι,
573 2350 618 2377 12.
656 2350 742 2378 "Tit.
757 2359 798 2383 ιιι,
812 2351 839 2378 5.

44 2440 55 2467 f
75 2408 128 2449 (l5)
141 2410 231 2437 Codex
247 2411 388 2446 Sangario.
404 2419 465 2439 cum
481 2420 535 2440 uno
549 2411 716 2445 Ebroicensi,
732 2422 741 2438 ι
761 2420 826 2440 con-

53 2451 144 2467 “mssa,
171 2455 179 2467 I

53 2451 223 2513 “irai-lilium
243 2489 252 2505 ι
272 2481 429 2516 Apostolus.
459 2492 468 2508 ι
489 2481 590 2509 Ibidem
611 2483 663 2509 duo
678 2483 825 2510 Ebroicen-

44 2518 94 2543 ses,
109 2523 118 2539 ι
139 2523 190 2542 ιιοιι
208 2520 249 2542 est
262 2524 360 2552 pugna.
382 2526 391 2542 ι
411 2517 484 2545 Libri
502 2517 579 2549 editi,
603 2526 612 2543 ι
632 2526 684 2544 non
700 2523 759 2545 crat
776 2527 826 2553 pu-

61 2556 101 2574 ua.
118 2558 127 2574 Ι

43 2554 128 2645 :iill'z;
138 2584 224 2645 Iidem.
236 2595 244 2611 ι
266 2588 396 2614 adversus
405 2588 548 2623 spiritalia.
567 2597 575 2613 ι
590 2587 662 2615 Libri
673 2588 749 2622 editi,
768 2597 778 2614 ι
796 2595 823 2617 et

84 2627 104 2644 ΓΙ
120 2629 133 2644 ει
148 2629 182 2645 In.
198 2630 207 2645 ι

75 2626 182 2648 ιτιιςιιιτι.

44 2624 55 2643 8
75 2624 182 2648 trttalia.

44 2624 130 2714 ηῗιιιξ)
154 2630 212 2688 Dei:
226 2656 301 2684 deest
313 2656 337 2683 in
355 2663 434 2686 antea
455 2658 547 2691 editis,
560 2659 607 2686 sed
620 2663 710 2685 exstat
723 2659 748 2686 in
762 2668 821 2686 οιιι-

82 2697 103 2713 ΙΙΙ
131 2698 195 2714 mss.

76 2697 120 2714 [IIIS
131 2698 170 2716 IIIS
189 2710 195 2716 -

76 2723 128 2756 (l9)
143 2699 230 2763 (Zoile;
246 2726 387 2761 Sangerm.
409 2735 470 2755 cum
497 2735 550 2755 uno
577 2728 744 2763 Ebroicensi,
770 2739 779 2756 ι
798 2732 820 2757 si

45 2756 116 2795 fides3
136 2769 145 2784 ι
162 2759 236 2788 Libb.
253 2756 329 2795 edit‘i,
347 2772 357 2788 ‹
372 2770 432 2790 cum
451 2764 527 2792 fides.
547 2773 557 2790 ι

77 2793 131 2827 (20)
154 2795 254 2824 Omnes
273 2793 351 2831 mss.,
375 2807 385 2824 ‹
408 2799 584 2827 construitur.
617 2809 628 2826 ι
650 2799 726 2827 Libb.
742 2800 818 2832 editi,

49 2836 57 2852 1
78 2835 252 2859 ςυιιδιτιιειιιι.
276 2841 286 2858 Ι

74 2346 96 2362 ⁸⁸
112 2347 190 2377 Rom.
210 2357 271 2381 xui,
288 2349 331 2376 l5.

882 2242 998 2271 strages,
1014 2236 1165 2263 cmlestimu
1186 2243 1276 2263 rerum
1296 2236 1353 2272 (25)
1370 2237 1465 2264 umbra
1481 2243 1508 2265 et
1521 2243 1598 2274 typus
1613 2246 1674 2266 esse

882 2282 992 2309 dicemla
1021 2287 1094 2315 sunt,
1119 2289 1212 2309 eorum
1234 2282 1366 2310 duntaxat
1384 2283 1526 2316 bellorum,
1544 2293 1603 2319 qua:
1619 2284 1673 2312 Do-

877 2351 900 2368 ⁸³
913 2351 975 2380 Jud.
991 2359 1010 2378 ι.
1047 2351 1071 2368 ⁸⁵
1089 2351 1167 2379 Rom.
1193 2360 1229 2384 νι,
1244 2352 1286 2380 l9.
1326 2354 1348 2370 ⁸⁵
1370 2353 1426 2381 Jos.
1443 2361 1470 2386 ι,
1484 2353 1529 2381 9-4.

916 2413 973 2450 (21)
990 2413 1067 2441 Libb.
1084 2413 1161 2450 editi,
1185 2423 1194 2440 ι
1220 2413 1309 2440 futura
1332 2421 1501 2442 sacramenta
1522 2415 1670 2450 designans

878 2449 910 2474 de
925 2449 957 2475 iis
977 2456 1038 2482 qme
1049 2449 1231 2483 gerebantur;
1253 2459 1262 2475 ι
1280 2449 1326 2476 sed
1341 2458 1437 2477 omnes
1454 2458 1519 2478 mss.
1540 2455 1569 2478 ut
1581 2449 1607 2477 in
1625 2459 1671 2477 no-

877 2488 933 2511 stro
946 2488 1031 2510 textu.
1548 2494 1551 2498 ›

913 2518 969 2554 (ἓὲ)
982 2519 1070 2546 Codex
1085 2518 1276 2552 Sangermau.,
1290 2528 1299 2544 ι
1317 2519 1553 2553 justilieationem.
1570 2529 1584 2546 ι
1594 2519 1669 2547 Libri

876 2554 952 2583 editi.
971 2563 980 2579 ι
1000 2554 1255 2581 sanetilicatinnem.
1273 2564 1283 2580 ι

911 2589 969 2621 (25)
987 2588 1063 2616 Ultus
1080 2589 1256 2617 Ebroiceusis
1279 2593 1340 2624 post
1363 2597 1372 2614 I
1392 2589 1534 2624 imperium
1552 2599 1561 2616 I
1580 2590 1666 2623 addit,

879 2633 888 2649 ι
908 2632 969 2651 cunt
982 2624 1083 2656 Spiritu
1097 2629 1202 2651 sancto.
1225 2634 1235 2650 ι

913 2659 968 2694 (24)
984 2659 1017 2686 Et
1028 2660 1098 2690 quod
1114 2666 1244 2694 regressus
1264 2658 1376 2692 populus
1387 2663 1443 2694 post
1456 2659 1591 2687 ricloriam
1613 2668 1667 2688 non

875 2695 977 2720 mntivit
987 2696 1016 2730 ini
1026 2694 1116 2728 lingua
1125 2702 1184 2730 stic.
1205 2693 1372 2721 lltccdesnnt
1384 2695 1410 2730 in
1425 2693 1500 2730 libris
1515 2701 1592 2722 antea
1605 2695 1666 2723 edi-

876 2730 920 2760 tis,
944 2730 990 2757 sed
1012 2729 1137 2762 leguntur
1158 2728 1185 2756 iu
1203 2729 1297 2756 codice
1313 2737 1364 2757 ms.
1382 2728 1525 2764 Saugcrm.
1551 2736 1578 2758 et
1607 2739 1662 2759 uno

876 2764 1041 2791 Ebroireusi.

910 2798 965 2834 ('25)
979 2799 1084 2831 ﬂerunt,
1102 2799 1177 2826 deest
1199 2799 1225 2827 in
1247 2799 1324 2828 libris
1343 2799 1434 2834 editis,
1453 2801 1504 2830 sed
1519 2806 1608 2831 exstat
1629 2801 1658 2829 in

872 2834 964 2862 codice
982 2842 1032 2863 ms.
1050 2834 1176 2870 Sangem.
