1896 3052
212 84 266 118 επ

937 87 1098 116 ORIGENIS

1801 81 1844 115 ess

213 152 305 178 minus
324 155 417 178 noster
430 142 508 176 iesus
527 158 588 176 cum
608 157 656 176 suo
673 149 806 182 exercitu,
822 153 850 176 et
865 149 1007 183 inagistra-
1022 151 1046 178 Α
1063 155 1111 183 per
1122 147 1261 182 speculum
1277 149 1305 175 et
1321 147 1347 174 in
1366 147 1508 182 amigmate
1523 147 1615 182 aliqua
1634 154 1668 174 ex
1690 152 1768 181 parte
1787 155 1844 174 cou-

214 195 298 228 tibus,
314 196 340 223 id
352 200 395 222 cst
407 195 574 222 credentium
594 194 708 229 populis.
724 199 807 229 atque
820 202 913 221 eorum
928 194 1005 221 duci-

213 244 265 269 bus
279 247 373 269 contra
388 240 524 267 diabolum
539 244 566 267 et
580 240 637 274 eius
653 239 765 274 angelos
779 240 927 274 prteliatur.
948 240 1007 276 Ipse

211 287 285 314 enim
306 290 357 318 est,
374 286 418 319 qui
437 286 462 312 in
483 285 567 312 Paulo
591 291 618 312 et
644 285 670 312 in
695 285 819 320 Ephesiis
840 291 941 320 pugnat
955 287 1004 312 ad-

211 332 309 359 versus
325 330 491 365 principatus
501 335 528 356 et
544 334 696 364 potestates
709 335 736 356 ct
746 335 865 358 rectores
878 330 1004 357 tembra-

216 385 272 404 tum
296 377 403 409 harum,
427 376 558 403 adversus
582 376 713 410 spiritalia
739 377 866 411 nequitia:
882 377 908 403 in
925 376 1005 404 coele-

214 423 298 450 stibus
307 422 340 449 “.
351 422 383 449 Et
397 423 467 454 vide,
479 422 585 457 ingrate
598 422 735 453 lueretice,
746 422 882 456 quomodo
889 431 923 450 ex
934 422 1003 450 inle-

210 471 260 503 g'ro
283 469 419 496 veteribus
441 476 509 495 nova
531 468 709 496 concordant.
738 467 905 495 Promissum
923 475 965 497 est
981 469 1002 485 "

209 513 347 541 veteribus
365 521 476 548 regnum
496 519 574 541 teme
591 519 704 546 sanctae,
726 519 805 540 terra:
829 514 938 542 liuentis
961 515 1002 543 lac

208 561 236 587 et
260 560 322 592 ntel,
339 567 398 595 quae
417 564 487 587 terra
509 566 597 588 tunca
623 560 810 595 peccatoribus
827 566 854 588 et
876 562 1002 596 pessimis

211 607 306 634 incolis
317 615 348 633 ac
366 608 476 642 regibus
488 609 641 635 tenebatur.
659 606 737 635 Venit
749 607 776 634 in
791 608 872 635 istam
901 614 1001 636 terram

209 651 288 679 Jesus
303 661 364 679 cum
381 653 502 680 exercitu
520 653 637 685 Domini,
653 658 680 680 et
696 653 855 681 lsracliticis
874 654 999 685 ducibus,

208 703 343 732 expugnat
356 706 461 730 omnes,
484 699 625 730 interimit,
642 700 756 732 obtinet,
769 705 796 727 et
823 701 858 727 ob
880 701 1001 727 victorian

208 744 334 770 literitum
359 744 458 777 accipit
476 751 570 771 eorum
588 752 670 779 regna
689 752 757 778 quos
771 745 846 773 vicit.
866 745 927 772 Tibi
953 754 1001 780 per

207 789 351 823 Evangelia
369 798 421 816 non
443 790 636 824 promittuntur
661 798 741 824 regna
760 796 840 817 tet-nt:
856 791 924 825 (‘26),
951 791 999 818 sed

1060 193 1129 221 tueri
1144 200 1172 221 et
1190 193 1326 228 inspicere
1351 195 1463 229 tlguras,
1489 193 1596 227 plenius
1620 193 1702 221 nobis
1721 200 1844 225 reserare,

1057 245 1084 267 et
1105 239 1253 274 perfectius
1269 239 1430 275 dignaretur
1443 241 1552 274 aperirc
1567 247 1575 265 :
1591 239 1702 266 videres
1717 239 1846 272 quomodo

1057 287 1137 315 nobis
1155 287 1325 314 claresceret
1346 286 1425 320 cujus
1440 285 1613 320 potissimmn
1630 294 1665 312 ex
1683 285 1847 319 spiritalibus

1057 333 1193 366 hostibus,
1212 333 1245 360 iis
1262 332 1308 366 qui
1326 339 1399 358 nunc
1413 331 1572 366 impugnant
1589 331 1672 357 Israel
1688 330 1845 365 spiritalem,

1057 379 1171 412 figuram
1192 378 1280 405 tenuit
1304 377 1357 405 iste
1375 377 1500 412 princeps
1513 377 1546 403 de
1565 375 1690 411 Mageda,
1711 382 1740 403 et
1760 377 1802 404 ille
1817 378 1847 404 de

1055 423 1165 457 Lachis,
1184 428 1212 451 et
1229 423 1272 451 ille
1296 424 1330 451 de
1346 423 1436 450 Lebna
1457 433 1463 450 :
1488 428 1535 449 aut
1553 423 1632 457 cujus
1652 423 1726 449 intra
1755 427 1845 449 temet-

1054 471 1142 505 ipsum
1159 470 1228 503 vitii,
1249 470 1290 498 vel
1315 470 1418 497 erroris
1438 469 1537 504 quibus
1563 469 1655 495 anima
1675 469 1845 502 implicatur,

1053 516 1170 543 farinam
1186 520 1281 543 tenent
1298 515 1398 551 singuli
1424 515 1526 550 quique
1555 514 1654 541 horqu
1670 534 1678 544 ,
1701 521 1773 548 quos
1787 513 1845 540 Jesu

1053 561 1123 589 duce
1143 562 1281 589 interfecit
1299 561 1418 596 populus
1434 561 1552 593 Domini,
1573 560 1590 588 ii
1603 560 1731 587 videlicet
1744 560 1791 593 qui
1803 568 1846 586 an-

1052 608 1132 635 diunt
1149 608 1277 634 mandata
1293 607 1363 642 ejus,
1377 612 1405 634 et
1419 611 1553 642 praecepta
1568 606 1741 638 custodiunt,
1753 606 1845 639 quibus

1053 653 1109 688 ipse
1129 653 1224 680 tribuit
1245 652 1401 680 facultatem
1417 652 1542 680 calcandi
1558 659 1642 686 super
1657 656 1803 686 serpentes
1819 655 1845 678 et

1051 700 1221 734 scorpiones,
1246 704 1274 726 et
1300 707 1382 734 super
1410 704 1519 726 omnem
1543 703 1709 733 potestatem
1731 698 1843 725 inimici.

1050 745 1165 773 Oremus
1181 754 1247 780 ergo
1262 751 1291 773 ut
1305 751 1333 774 et
1351 746 1436 773 nostri
1454 746 1537 780 pedes
1552 745 1621 772 tales
1634 745 1703 778 sint,
1719 749 1772 771 tam
1785 753 1844 776 spe-

1051 793 1128 824 ciosi,
1147 798 1200 819 tam
1217 791 1310 824 validi,
1338 792 1382 826 qui
1408 792 1512 826 possint
1529 791 1637 818 calcare
1655 791 1778 817 cervices
1795 789 1845 816 ini—

209 839 402 870 [frblllillultlur
424 844 504 870 regna
522 836 663 863 caelorum.
689 835 742 862 Sed
760 838 816 863 husc
839 845 921 871 regna
946 844 998 864 non
1016 835 1036 862 Β
1052 838 1195 870 micorum,
1214 839 1260 872 qui
1275 837 1381 873 possint
1400 838 1436 865 ita
1459 841 1541 872 caput
1564 837 1673 864 calcare
1689 838 1825 871 serpentis
1838 857 1845 867 ,

208 886 273 908 sunt
295 888 390 914 vacua,
417 889 468 908 nec
495 882 596 913 inania,
616 881 716 909 habent
740 883 909 910 habitatores
935 890 998 910 suos

208 933 365 962 peccatores
381 934 408 955 et
428 936 542 962 nequam
560 929 682 962 spiritus,
695 931 806 964 angelos
828 929 944 964 refugas.
959 929 997 957 lbi

209 973 330 1000 habitant
344 974 394 1006 illi,
404 975 547 1000 adversum
564 982 632 1008 quos
647 979 673 1001 te
684 975 832 1008 apostolica
849 983 998 1010 personans

208 1020 270 1045 Iuba
286 1019 387 1046 l’anlns
405 1021 564 1046 cohortatur
580 1021 612 1047 ad
628 1021 761 1055 praelium,
776 1027 803 1048 et
817 1022 887 1048 sicut
904 1022 940 1049 ibi
954 1021 997 1048 di-

204 1065 283 1092 cebat
298 1064 354 1101 (27)
376 1065 464 1097 Jesus,
484 1066 545 1099 quia
563 1066 663 1094 bellum
683 1068 736 1094 erit
758 1067 835 1094 vobis
853 1068 995 1094 adversum

203 1110 377 1138 Amorrhatos
389 1116 417 1138 et
433 1111 600 1145 Pherezmos,
620 1117 646 1139 et
665 1112 770 1145 Eva-os,
789 1119 816 1140 et
833 1112 972 1141 Jebusmos
987 1121 995 1140 3

203 1156 330 1184 similiter
348 1157 394 1184 tibi
412 1157 492 1185 etiatn
509 1158 552 1185 hic
560 1157 660 1184 Paulus
671 1158 923 1192 denuntiatdicens,
937 1159 996 1186 Non

203 1202 255 1228 erit
268 1202 343 1229 vobis
355 1211 443 1237 pugna
457 1203 589 1230 adversus
603 1207 714 1230 carnem
736 1209 764 1231 ct
777 1204 934 1238 sanguinem
946 1204 969 1220 ⁵⁵
987 1225 994 1237 ,

204 1248 230 1274 id
246 1253 287 1275 est
303 1257 355 1276 non
371 1250 411 1275 sic
430 1249 610 1283 pugnabimus
632 1250 703 1276 sicut
719 1256 907 1285 pugnaverunt
921 1251 994 1278 anti—

203 1294 260 1327 qui,
278 1301 327 1321 nec
341 1295 366 1320 in
388 1295 470 1322 terris
490 1295 568 1322 nobis
584 1295 715 1323 adversus
730 1296 854 1324 homines
871 1297 995 1324 habenda

203 1343 266 1365 sunt
292 1339 395 1374 prtulia,
411 1340 458 1367 sed
473 1340 603 1368 adversus
619 1341 799 1376 principatus,
820 1348 847 1369 ct
864 1343 996 1371 adversus

203 1389 363 1420 potestates,
382 1386 513 1414 adversus
530 1387 622 1414 mundi
636 1387 716 1422 hujus
732 1394 855 1415 rectores
868 1389 996 1416 tenebra-

204 1438 274 1457 nttn.
288 1430 346 1458 Jam
366 1432 459 1466 utique
475 1432 607 1468 intelligis
621 1433 647 1460 in
662 1433 763 1468 quibus
785 1433 852 1462 locis
871 1435 996 1470 hujusce-

203 1477 275 1504 modi
295 1477 350 1504 sint
366 1478 412 1505 tibi
432 1478 563 1506 movenda
581 1479 743 1507 certain-ina.
768 1480 823 1507 Aut
837 1481 859 1507 si
876 1482 922 1508 tibi
940 1489 993 1509 non

1052 889 1080 911 ut
1109 884 1267 911 calcaneum
1296 888 1417 910 nostrum
1442 884 1568 910 mordere
1599 887 1653 909 non
1674 883 1773 917 possit.
1797 882 1845 915 Qui

1050 929 1124 956 enim
1151 933 1254 964 pugnat
1276 928 1327 956 sub
1342 928 1406 956 Jesu
1432 931 1501 956 duce
1529 929 1675 955 adversum
1692 929 1846 956 contrarias

1050 981 1209 1011 potestates,
1231 974 1312 1002 debet
1333 975 1416 1002 etiam
1438 974 1503 1002 illud
1527 973 1693 1009 promereri,
1716 974 1790 1009 quod
1815 974 1847 1000 de

1051 1022 1188 1056 prioribus
1203 1020 1382 1048 bellatoribus
1399 1020 1531 1047 scribitur
1547 1027 1554 1047 :
1574 1030 1583 1045 ‹
1601 1019 1634 1046 Et
1651 1027 1781 1047 reversus
1793 1024 1847 1051 est,

1048 1068 1137 1101 inquit
1149 1068 1184 1100 ⁸¹,
1201 1068 1345 1094 universus
1362 1068 1475 1101 populus
1490 1067 1524 1093 ad
1550 1064 1645 1093 Jesutn
1674 1066 1823 1093 incolumis
1839 1083 1848 1097 ,

1048 1119 1075 1141 et
1096 1121 1148 1141 non
1167 1113 1277 1140 mutivit
1298 1112 1441 1147 quisquam
1468 1112 1501 1139 de
1523 1112 1586 1138 liliis
1610 1111 1693 1138 Israel
1712 1112 1739 1138 in
1755 1111 1845 1146 lingit:

1051 1168 1112 1188 sua.
1130 1170 1139 1186 ι
1159 1158 1242 1186 Vides
1259 1167 1323 1193 ergo
1339 1159 1402 1193 quia
1426 1159 1471 1192 qui
1491 1158 1541 1184 sub
1555 1157 1620 1185 Jesu
1639 1158 1752 1190 militat,
1771 1159 1848 1185 ineo.

1047 1205 1130 1233 lumis
1143 1205 1223 1232 debet
1241 1205 1330 1232 redire
1345 1205 1378 1231 de
1395 1204 1498 1239 prmlio,
1516 1211 1566 1231 nec
1581 1211 1698 1238 usquam
1714 1205 1797 1231 debet
1813 1213 1847 1231 ex

1043 1252 1142 1287 jaculis
1155 1252 1267 1286 maligni
1283 1251 1376 1286 ignitis
1388 1250 1486 1277 vulnus
1498 1251 1637 1284 accipere,
1651 1257 1705 1277 non
1722 1250 1749 1277 in
1761 1251 1847 1278 corde

1048 1297 1141 1333 pollui,
1159 1305 1211 1324 non
1226 1298 1252 1324 in
1270 1297 1438 1332 cogitatione
1451 1295 1599 1326 maculari,
1619 1303 1674 1322 non
1693 1303 1746 1330 per
1763 1296 1847 1327 iram,

1048 1352 1101 1371 non
1116 1351 1165 1379 per
1182 1343 1376 1377 cupiditatem,
1394 1350 1446 1369 non
1462 1349 1510 1376 per
1531 1341 1614 1368 aliam
1628 1338 1784 1375 quamlibet
1798 1349 1846 1369 oc-

1047 1390 1184 1417 casionem
1200 1388 1376 1416 daemoniacis
1397 1388 1454 1423 (50)
1479 1387 1641 1414 vulneribus
1658 1387 1753 1414 locum
1768 1388 1845 1414 dare.

1047 1436 1123 1469 Quod
1153 1441 1243 1462 autem
1269 1435 1373 1462 addidit
1389 1433 1458 1469 (5i),
1478 1433 1541 1468 quia
1569 1433 1660 1460 nullus
1683 1433 1798 1460 mutivit
1822 1434 1848 1460 in

1047 1480 1138 1515 lingua
1154 1487 1213 1512 sua,
1229 1480 1280 1507 hoc
1295 1480 1360 1506 mibi
1375 1479 1485 1506 videtur
1498 1479 1617 1512 ostendi,
1633 1480 1698 1514 quia
1712 1479 1748 1507 de
1759 1480 1849 1507 victo-

203 1523 300 1551 sulllcit
317 1523 479 1558 intellectus,
495 1526 546 1552 nisi
560 1526 641 1553 etiam
657 1527 714 1554 loca
729 1527 785 1562 ipsa
807 1528 863 1563 (28)
878 1529 994 1556 manife-
1007 1518 1031 1549 (ἶ
1049 1527 1088 1553 ria
1107 1534 1187 1553 nemo
1214 1534 1244 1553 se
1257 1526 1373 1560 jactavit
1394 1525 1463 1560 (3.9.),
1486 1533 1568 1552 nemo
1587 1533 1644 1553 sua:
1670 1526 1769 1553 virtuti
1783 1527 1848 1561 quia

202 1575 243 1596 sta
258 1570 304 1597 tibi
326 1578 392 1599 \‘oce
404 1572 561 1606 signentur,
574 1574 638 1600 audi
657 1574 682 1600 in
703 1575 935 1609 consequentiluls
948 1575 970 1592 ⁵³
985 1585 992 1603 :

204 1621 214 1641 ι
232 1617 382 1644 Adversum
403 1619 546 1651 spiritalia.
563 1619 650 1654 inquit
666 1619 732 1654 (29),
754 1621 920 1655 ιιθαιιίιὶωἰη
938 1629 994 1649 εω-

201 1661 325 1690 lestibus.
348 1672 358 1689 ι
380 1664 486 1691 Audiin
506 1665 551 1700 qui
568 1665 623 1691 sint
640 1659 691 1697 illi,
706 1666 751 1699 qui
769 1666 816 1693 tibi
836 1666 906 1694 bello
926 1673 952 1694 et
968 1668 991 1694 vi

200 1708 236 1735 de
247 1709 406 1737 crnlestibns
418 1709 570 1744 echllcttdi
592 1715 667 1744 sunt,
685 1717 713 1737 ut
725 1716 751 1737 tu
768 1712 857 1745 possis
872 1712 929 1738 loca
949 1712 994 1739 illa

199 1756 275 1790 regni
300 1756 430 1784 ctelorum
455 1757 618 1784 lnereditatis
632 1762 706 1784 sorte
721 1758 873 1792 suscipere.
895 1758 948 1785 Sed
965 1763 993 1785 et

200 1802 332 1829 Dominus
347 1803 374 1830 in
393 1803 541 1838 Evangelio
558 1811 646 1831 nonne
657 1803 798 1830 evidenter
815 1803 873 1830 ha‘c
891 1804 993 1831 indittat

199 1853 262 1875 eum
277 1849 342 1876 dicit
354 1849 377 1864 '°
393 1857 400 1876 :
416 1858 425 1876 ε
449 1849 472 1876 Α
492 1850 587 1877 diebus
598 1849 711 1877 Joannis
729 1858 841 1885 regnum
860 1849 992 1878 caelorum

199 1894 253 1920 vim
269 1895 382 1928 patitur,
392 1901 418 1923 et
432 1895 486 1922 vim
503 1895 634 1923 facientes
647 1896 777 1929 diripiunt
794 1897 877 1924 illud?
893 1907 902 1923 ι

233 1939 262 1966 Ξ.
280 1940 350 1974 Quid
376 1947 441 1976 ergo
456 1949 560 1974 cessas,
586 1949 603 1968 ο
618 1941 755 1974 haeretice,
773 1943 855 1969 etiam
879 1942 993 1970 Domino

198 1991 227 2012 et
243 1986 377 2014 Salvatori
393 1993 489 2014 nastro
502 1987 668 2014 calumniam
692 1987 794 2020 facere,
807 1989 853 2024 qui
879 1997 992 2023 regnum

198 2031 343 2063 caelorum,
369 2032 440 2066 quod
456 2032 629 2060 credentibus
654 2033 680 2059 in
699 2040 728 2060 se
746 2034 923 2067 promiserat,
945 2042 994 2068 per

199 2078 254 2104 vim
271 2077 351 2112 diripi
374 2077 470 2111 jubet?
487 2079 519 2105 Et
542 2078 636 2112 utique
660 2079 681 2106 si
700 2079 854 2107 adhibenda
870 2080 912 2107 vis
938 2085 992 2112 est,

198 2126 304 2149 certum
324 2127 366 2150 est
381 2123 453 2158 quod
468 2124 670 2158 possidentibus
688 2125 841 2152 adhibenda
855 2129 906 2152 est.
932 2124 992 2151 Vim

198 2168 272 2195 enim
297 2169 397 2202 facere,
426 2170 477 2197 hoc
493 2175 535 2197 est
555 2171 692 2204 expellere
719 2171 912 2205 possidentem,
928 2178 992 2206 pos—

197 2214 405 2250 sessionemque
433 2215 561 2250 diripere.
598 2216 684 2243 Dicite
713 2225 790 2251 ergo,
820 2216 883 2250 quid
916 2216 990 2243 aliud

197 2264 240 2286 est
271 2261 343 2295 quod
375 2261 509 2289 accusatis
543 2262 640 2289 fecisse
672 2262 763 2289 Jcsum
803 2270 988 2290 successorem

197 2305 306 2334 Mosei?
322 2307 410 2342 Atque
439 2307 542 2335 utinam
576 2308 650 2343 digni
677 2316 800 2336 essemus
820 2309 919 2342 quibus
937 2309 989 2336 Do-

198 2354 288 2381 minus
299 2353 378 2381 Jesns
392 2353 532 2387 sapientia:
545 2361 600 2380 sum
615 2355 702 2380 aulam
723 2355 887 2388 panderetet
902 2355 988 2381 intro-

196 2399 310 2426 duceret
327 2407 375 2427 nos
390 2399 460 2426 intra
473 2400 615 2427 thesauros
630 2401 751 2428 scientias
770 2407 837 2432 sine,
851 2406 879 2427 et
895 2405 926 2427 ea
954 2401 987 2427 de

195 2439 279 2481 ἦρ’]
297 2446 396 2480 quibus
419 2453 492 2473 nunc
516 2446 681 2480 pedetentim
710 2452 841 2473 conamur
858 2449 987 2481 tanquam

231 2492 257 2508 “
275 2492 375 2528 Ephes.
393 2499 428 2523 rt.
445 2492 489 2521 12.
528 2493 550 2509 ⁸⁷
565 2493 651 2526 Levii.
666 2501 712 2520 xx.

197 2526 262 2554 Cor.
279 2526 323 2561 xv,
340 2528 383 2556 l0.
422 2528 445 2544 ⁵³
461 2528 528 2558 Luc.
544 2536 611 2558 xvn.
636 2529 679 2556 l0.

234 2574 292 2611 (ἓξ)
304 2574 396 2611 Codex
409 2575 554 2611 Sangerm.
578 2583 588 2603 ι
610 2582 727 2604 terrena.
746 2584 756 2603 ι

234 2609 291 2647 (ᾔ)
309 2610 392 2647 idem,
406 2619 422 2647 rt
438 2609 549 2639 et‘sicut
563 2620 610 2647 per
626 2613 717 2639 tubam
736 2613 853 2640 dicebat.
869 2622 879 2638 ι

235 2644 293 2679 (28)
305 2645 379 2678 Ipsa,
397 2646 472 2674 deest
490 2647 517 2674 in
536 2644 613 2675 libris
625 2648 715 2681 editis,
730 2648 776 2675 sed
788 2652 879 2675 exstat
893 2648 919 2675 in
937 2656 988 2677 ms.

199 2677 345 2711 Sangerm.

236 2700 508 2753 (ᾗῖᾖῦιυὶιη-ἀεθει
525 2718 608 2753 etiam
632 2718 659 2746 in
683 2717 758 2745 libris
778 2718 869 2750 editis,
895 2726 989 2746 verum

200 2750 299 2788 exstat
307 2750 333 2774 in
346 2750 553 2788 ms.__Sangerm.
564 2752 646 2780 Paulo
658 2757 719 2788 post
729 2761 824 2788 omnes
837 2761 903 2781 mss.
917 2759 991 2780 recte

203 2780 312 2823 Ευιιρξει,
330 2792 340 2823 _I
360 2783 430 2811 bello
440 2780 508 2823 efvi
522 2788 554 2814 de
571 2780 738 2818 cwlcsiibus.
758 2798 767 2815 ›
792 2780 820 2816 In
833 2788 897 2817 libb.
911 2789 991 2817 editis

202 2814 382 2851 dmidcratur,
399 2827 408 2844 ε
423 2820 459 2846 vi.
478 2829 486 2846 ι

749 2493 772 2509 ⁸⁸
787 2493 887 2528 Ephes.
909 2501 935 2521 Vt
967 2493 1011 2521 12.

1045 1571 1186 1606 superavit
1200 1571 1325 1605 ascripsit
1339 1570 1395 1606 (55)
1411 1577 1419 1596 ε
1432 1571 1480 1598 sed
1494 1571 1614 1598 scientes
1625 1571 1691 1605 quia
1706 1569 1792 1598 .Iesus
1805 1578 1848 1598 est

1046 1617 1091 1652 qui
1111 1616 1254 1644 victoriam
1271 1615 1376 1648 tribuit,
1394 1615 1442 1649 ipsi
1466 1615 1491 1642 in
1511 1615 1604 1650 lingua
1627 1623 1677 1642 sua
1699 1623 1756 1642 non
1787 1624 1847 1642 tnu-

1047 1665 1128 1691 tiunt.
1151 1663 1227 1696 Quod
1248 1663 1316 1690 bene
1338 1661 1495 1695 intelligens
1511 1661 1659 1696 Apostolus
1679 1660 1794 1689 dicebat
1804 1659 1846 1689 "2

1047 1719 1057 1735 ι
1075 1709 1131 1736 Νοιι
1146 1713 1236 1735 autem
1251 1715 1313 1742 ego,
1333 1707 1379 1735 sed
1399 1707 1485 1742 gratia
1503 1707 1569 1739 Dei,
1583 1715 1645 1742 qua:
1661 1708 1689 1734 in
1705 1716 1752 1735 me
1767 1714 1821 1736 est.
1836 1718 1846 1735 ι

1044 1755 1113 1782 Ρυιο
1138 1760 1228 1782 autem
1244 1754 1308 1789 quia
1328 1755 1361 1780 ad
1377 1754 1428 1781 hoc
1446 1754 1560 1788 respicit
1584 1759 1612 1780 et
1641 1753 1708 1781 illud
1735 1754 1846 1782 Domini

1045 1802 1202 1828 mandatum
1223 1801 1294 1835 quod
1309 1800 1347 1826 ait
1363 1799 1386 1815 ⁵³
1401 1810 1406 1826 :
1423 1809 1432 1825 t
1450 1799 1518 1827 Cum
1535 1804 1627 1826 autetn
1645 1800 1775 1828 feceritis
1789 1809 1847 1828 out-

1044 1848 1087 1874 nin
1107 1847 1174 1879 ιιωε,
1199 1847 1282 1873 dicite
1298 1846 1360 1880 quia
1389 1845 1460 1872 servi
1492 1845 1603 1873 inutiles
1628 1855 1728 1874 sumus
1746 1857 1752 1874 :
1772 1848 1846 1883 quod

1044 1893 1187 1920 debuimus
1205 1892 1306 1924 facere,
1323 1891 1444 1918 fecimus.
1463 1900 1472 1916 ι
1487 1890 1521 1918 Ει
1544 1891 1570 1918 in
1592 1891 1644 1918 hoc
1664 1893 1743 1919 enim
1763 1893 1846 1919 simili

1047 1940 1127 1966 modo
1147 1946 1237 1966 rerum
1254 1945 1384 1973 prospere
1398 1940 1537 1972 gestarum
1563 1937 1675 1964 videtur
1695 1939 1848 1973 prohibere

1041 1983 1212 2017 jaclantiam.

1079 2030 1105 2056 5.
1124 2029 1177 2056 Sed
1199 2028 1328 2062 Marcion,
1348 2034 1376 2056 ct
1394 2026 1566 2059 Valentinus,
1579 2032 1605 2055 et
1625 2023 1778 2061 Basilides,
1792 2037 1845 2056 caa-

1045 2075 1150 2109 terique
1174 2082 1236 2101 cum
1255 2075 1321 2110 ipsis
1340 2074 1471 2106 lueretici,
1489 2074 1554 2100 dum
1579 2074 1638 2101 haec
1652 2074 1754 2102 nolunt
1775 2075 1847 2102 sicut

1043 2126 1140 2148 sancto
1151 2120 1253 2155 Spiritu
1267 2121 1377 2155 dignum
1388 2123 1429 2147 est
1444 2119 1609 2155 intelligere,
1626 2120 1847 2148 declinaverunt

1044 2175 1058 2194 a
1077 2167 1140 2198 fide,
1158 2171 1185 2192 et
1208 2166 1382 2193 inseruerunt
1399 2173 1428 2192 se
1448 2165 1640 2200 impietatibus
1657 2167 1756 2194 multis
1775 2167 1846 2202 (54),

1045 2213 1141 2244 alium,
1156 2212 1240 2239 Deum
1257 2209 1334 2247 legis,
1352 2216 1380 2239 et
1397 2211 1489 2239 mundi
1505 2218 1660 2240 creatorem
1674 2221 1708 2240 ac
1722 2213 1846 2247 judicent

1044 2257 1225 2292 proferentes,
1240 2258 1311 2285 velut
1329 2262 1376 2293 per
1393 2258 1450 2284 hinc
1473 2265 1534 2292 quae
1550 2259 1653 2293 scripta
1671 2264 1738 2286 sunt
1751 2277 1760 2292 ,
1784 2267 1848 2286 cru-

1044 2305 1182 2332 delitatem
1203 2305 1348 2339 quamdam
1363 2305 1523 2337 docentem,
1553 2305 1626 2338 quod
1653 2305 1767 2332 calcare
1800 2306 1848 2332 ho-

1044 2353 1128 2379 stiu‘m
1155 2352 1274 2379 Cervices
1287 2352 1425 2386 iubentur,
1436 2355 1517 2385 atqtte
1535 2351 1562 2378 in
1579 2351 1654 2385 ligno
1671 2353 1847 2386 suspendere

1045 2405 1123 2432 reges
1144 2402 1223 2425 terra:
1244 2397 1325 2430 illius,
1342 2404 1423 2431 quam
1439 2396 1576 2424 violenter
1590 2398 1738 2424 invadunt.
1753 2399 1847 2433 Atque

1045 2445 1147 2472 utinam
1170 2444 1301 2471 Dominus
1319 2452 1394 2471 lucus
1409 2443 1488 2471 Iesus
1507 2444 1594 2472 Filius
1618 2445 1665 2472 Dei
1686 2446 1757 2473 mihi
1772 2446 1847 2473 istud

1052 2493 1075 2510 ¹⁸⁹
1099 2494 1166 2521 ibid.
1222 2493 1244 2509 ⁵⁸³
1260 2493 1355 2520 Matth.
1374 2497 1411 2521 XI.
1432 2493 1474 2519 12.
1528 2493 1550 2508 ⁸¹
1574 2492 1632 2519 dos.
1653 2501 1682 2521 ι.
1701 2493 1750 2521 21.
1794 2492 1846 2520 "l

1222 2493 1244 2509 '°
1260 2493 1355 2520 Matth.
1374 2497 1411 2526 XI,
1432 2493 1474 2519 12.
1528 2493 1550 2508 ⁸¹
1574 2491 1632 2519 dos.
1653 2501 1682 2524 ι,
1701 2493 1750 2521 21.

1093 2576 1137 2610 50)
1154 2575 1244 2603 Codex
1261 2576 1415 2610 Sattgenn.,
1434 2584 1442 2600 ι
1459 2575 1630 2603 dmmonicis.
1645 2584 1654 2602 ι

1077 2611 1131 2646 (51)
1146 2612 1229 2644 Idem,
1247 2620 1256 2636 ε
1270 2612 1352 2637 addit.
1366 2620 1374 2635 I

1077 2646 1131 2683 (52)
1147 2647 1247 2674 Omnes
1264 2652 1342 2677 tnss.,
1363 2655 1372 2671 ι
1390 2645 1515 2680 jactavil.
1536 2655 1545 2671 ι
1566 2645 1645 2673 Lihb.
1670 2647 1759 2679 editi,
1778 2647 1845 2682 «jn-

1040 2687 1257 2757 “ﬁniemus
1279 2723 1366 2748 ωδε..
1395 2724 1405 2741 ι
1428 2715 1568 2751 ascripsit.
1597 2725 1607 2742 ι
1637 2716 1720 2745 Libb.
1753 2717 1843 2751 cditi,

1043 2752 1238 2824 "Iféllribtliid’ex
1254 2787 1410 2823 Sangcrnt.,
1432 2786 1595 2815 (doloribus
1612 2787 1718 2815 multis.
1736 2797 1747 2815 ι
