1902 3052
185 88 236 117 891

923 88 1084 116 ORlGENlS

1770 91 1827 120 892

187 154 243 182 tur,
259 153 285 176 et
303 149 444 177 destruere
469 150 561 182 urbes,
579 157 611 177 ac
639 157 720 185 regna
746 152 915 178 subvertere.
934 151 979 177 Sic
996 153 1016 180 Α
1033 154 1119 177 strutn
1132 169 1140 182 ,
1161 154 1188 176 ct
1207 157 1298 176 muros
1326 149 1451 176 t-lal't'tnis
1472 155 1643 177 exstruxerat
1668 150 1724 185 (5'2)
1744 161 1750 178 :
1766 152 1826 179 hmc

189 195 262 222 enim
284 201 311 222 et
331 195 395 222 illttd
409 195 511 222 dictutn
533 195 688 230 religiosius
705 200 732 222 et
749 196 909 223 clementius
923 195 979 231 (46)

189 242 344 276 apparebit,
360 242 431 275 quod
452 241 553 267 dicitur
570 241 606 267 ita
626 241 792 269 subvenisse
815 246 841 268 ct
857 247 979 268 vastasse

189 287 312 322 singulas
324 295 445 321 quasque
461 288 552 319 urbes,
569 292 597 314 ut
609 288 676 314 nihil
691 288 717 314 in
728 289 768 315 eis
781 288 979 322 relinqueretur

189 334 262 368 quod
279 335 406 368 spiraret,
433 341 521 368 neque
545 333 590 368 qni
609 334 703 360 salvus
726 334 812 364 ﬁeret,
831 341 918 368 neque
934 333 978 368 qui

189 380 329 414 ell'ngerct.
348 380 455 408 Utinatn
474 381 546 407 cnitn
568 380 698 407 Dotninns
715 381 747 408 de
763 381 905 407 animabus
919 388 979 408 cre-

188 426 317 453 dentibus
330 426 395 457 sibi,
412 432 438 453 et
450 434 518 461 qttas
536 434 585 454 suo
598 427 716 453 vindieat
728 434 821 461 regno.
835 426 906 454 etde
920 435 978 454 mea

188 472 274 505 ipsius
290 473 380 498 anittta
398 473 433 499 ita
451 472 541 506 eiiciat
559 477 586 500 ct
603 473 761 507 exstinguat
778 473 868 499 omnia
885 473 977 507 priora

187 517 270 546 mala.
283 523 313 544 ut
327 517 417 544 nullus
434 518 458 544 in
475 526 517 544 me
529 518 641 544 malitiae
654 526 754 545 sensus
767 518 835 545 ttltra
851 519 976 552 respiret,

188 563 280 589 nullus
298 563 355 595 irze,
372 564 460 589 nttllus
476 564 703 598 concupiscentia:
720 559 836 598 alienius
851 565 929 592 malae
949 565 975 592 itt

187 616 231 635 tne
253 608 374 636 salvetur
388 608 519 641 affectus,
548 610 639 637 nullus
665 611 785 645 supersit
804 611 850 645 qui
866 611 979 645 ell'ugiat

186 660 278 680 sermo
299 653 386 681 maltts
410 654 443 681 de
468 662 516 681 ore
535 662 604 682 meo.
632 655 678 682 Sic
704 656 776 682 enim
802 661 896 690 potero
912 656 977 683 .lcsu

187 701 255 726 duce
272 704 402 735 purgatus
418 701 451 728 ab
464 702 591 728 omnibus
608 702 745 736 prioribus
762 702 851 736 malis,
867 703 936 730 cllici
950 703 975 729 iu

186 745 343 773 civitatibus
375 746 493 773 ﬁliorum
525 740 629 780 Israel,
656 748 689 774 de
718 748 816 782 quibus
846 749 975 782 scriptum

184 791 280 818 est":
300 800 309 816 ι
328 791 547 819 ιΕιΙῘῐίεειιιιιιιιιιι-
563 793 688 820 civitates
703 793 779 820 .ludte
796 793 863 829 (47),
883 799 910 821 et
926 795 974 820 ba-

185 836 308 863 hitabunt
324 837 351 863 in
365 837 415 864 eis.
437 847 446 864 ι
471 838 575 864 Etenim
594 846 665 865 tntnc
691 828 903 874 uniuscujusque
924 847 974 866 no-
992 828 1012 854 Β

190 887 276 909 Strum
298 882 354 918 (48)
373 884 491 910 anituatn
506 883 586 912 Jesus
609 885 724 912 destruit
745 890 772 912 et
798 886 914 913 mdilicat
930 895 936 912 :
950 891 978 913 et

184 929 255 955 sicut
277 929 434 957 ιιίειιϋιιιιιυε
451 935 514 958 tttnc
528 939 590 958 eutn
610 931 756 959 Jcrentiam
780 933 976 960 dissereremus

183 974 246 1007 quia
262 975 318 1010 (49)
333 982 475 1010 acceperat
495 978 576 1004 verba
595 978 622 1004 in
643 986 674 1004 os
700 986 777 1005 suum
794 980 892 1013 quibus
911 980 976 1007 sub-

183 1025 303 1047 verteret
330 1026 356 1048 et
376 1023 537 1054 :ediliearet,
566 1024 693 1051 evelleret
709 1029 735 1051 et
760 1024 917 1059 plantaret;
937 1026 973 1052 ita

183 1068 265 1093 etiam
293 1075 363 1094 nunc
379 1068 406 1094 in
424 1069 464 1096 bis
479 1077 537 1102 qua:
556 1070 686 1097 habemus
703 1071 728 1097 in
750 1072 875 1098 manibus
895 1071 974 1098 intel-

183 1113 318 1147 ligendum
336 1121 401 1148 pulo
414 1136 421 1147 ,
449 1123 501 1142 non
517 1116 666 1144 secundum
682 1117 837 1150 hmreticos,
861 1118 901 1145 vel
928 1125 973 1145 sc-

182 1159 299 1184 cundum
315 1158 441 1193 .lud:eos;
461 1162 507 1188 sed
520 1162 592 1189 sicttt
609 1163 644 1189 ibi
665 1164 698 1190 ad
711 1163 856 1191 Jerentiant
872 1165 973 1191 dictum

181 1210 220 1230 est
234 1204 276 1230 ‘3:
296 1214 305 1230 ι
324 1205 394 1232 Ecce
411 1207 541 1234 constitui
564 1214 588 1235 te
606 1208 686 1236 hodie
711 1216 792 1243 super
827 1215 921 1244 gentes
946 1214 974 1237 et

182 1257 277 1285 regna,
294 1252 445 1284 eradicare,
463 1257 490 1280 et
507 1254 674 1285 subvertere,
697 1259 724 1281 et
745 1256 879 1289 perditum
897 1256 972 1289 dare,

182 1300 211 1322 et
227 1301 287 1329 post
304 1297 361 1324 hate
375 1298 522 1332 :rdilieare,
539 1305 566 1325 et
583 1299 728 1333 plantare;
746 1309 754 1325 ι
775 1301 811 1327 ita
838 1305 865 1328 et
883 1301 915 1328 de
940 1301 973 1328 iis

184 1349 245 1375 qua“
261 1350 309 1376 per
323 1342 416 1370 Jesutu
433 1345 593 1372 scribuntur
611 1352 686 1380 gesta
716 1347 882 1374 credendum
908 1353 949 1374 est
965 1357 971 1375 :

185 1387 238 1414 imo
263 1389 353 1422 potius
373 1391 406 1416 de
432 1390 464 1417 iis
484 1399 544 1425 qua:
569 1399 616 1426 per
634 1397 756 1419 nostrum
774 1393 915 1420 Demittunt
929 1393 974 1421 Je-

183 1442 244 1460 sutn
257 1434 339 1461 etiam
350 1443 421 1463 nunc
431 1443 563 1469 geruntur
577 1438 602 1464 in
616 1437 702 1465 nobis.
718 1437 840 1465 Primum
854 1447 974 1475 namque

182 1486 251 1514 opus
266 1479 345 1507 Verbi
364 1479 410 1507 Dei
427 1486 466 1507 est
481 1501 488 1512 ,
506 1482 647 1509 eradicare
675 1482 856 1516 prtccedeutia
878 1483 947 1510 tuala
963 1503 970 1516 ,
986 1503 1007 1531 ε

181 1525 276 1561 spinas
288 1533 321 1553 ac
337 1526 450 1553 tribulos
473 1527 609 1554 ritiorum.
628 1527 696 1555 Dntn
713 1528 785 1555 enim
813 1528 871 1556 istm
893 1530 972 1557 mala:

182 1571 290 1598 radices
307 1577 466 1606 occupatam
480 1573 603 1599 detinent
619 1577 719 1601 terrain
735 1594 742 1606 ,
759 1582 811 1600 non
827 1579 916 1608 potest
929 1583 972 1603 se-

182 1615 256 1643 tuina
270 1615 337 1643 bona
353 1621 379 1643 et
395 1622 489 1643 sancta
502 1618 650 1653 suscipere.

217 1659 244 1687 6.
266 1660 456 1688 Necessarium
473 1669 539 1696 ergo
554 1669 581 1689 et
596 1663 712 1697 primutn
731 1664 782 1691 hoc
804 1672 871 1699 opus
891 1665 970 1692 Verbi

182 1705 229 1733 Dei
245 1712 295 1738 est,
314 1707 432 1742 plantam
451 1708 507 1743 (50)
518 1709 659 1737 eradicare
675 1711 778 1744 peccati
789 1730 796 1742 ,
821 1716 848 1738 et
863 1719 970 1738 omnem

182 1753 301 1787 plantam
326 1762 406 1788 quam
431 1763 482 1782 nou
506 1755 636 1789 plantavit
656 1755 737 1783 Pater
751 1757 880 1789 emiestis,
895 1758 970 1785 evel-

181 1798 252 1829 lere,
272 1799 380 1833 ignique
397 1808 569 1828 consumere.
595 1801 713 1828 Secundi
736 1802 791 1836 jam
818 1804 909 1838 operis
929 1808 972 1831 e:t

181 1844 314 1878 plantare.
335 1845 404 1878 Quid
422 1852 463 1873 est
483 1847 553 1880 quod
570 1847 674 1881 plantat
693 1848 784 1875 Dens?
801 1849 908 1884 Moyses
932 1850 971 1876 di-

181 1890 229 1922 cit,
253 1891 316 1925 qnia
341 1892 499 1925 paradisum
525 1893 657 1927 plantavit
673 1893 754 1921 Deus.
773 1895 825 1921 Sed
848 1900 874 1921 et
900 1903 971 1922 ttttnc

181 1935 285 1970 plantat
305 1937 376 1963 Deus
391 1936 447 1973 (51)
461 1946 468 1970 ;
481 1943 509 1964 et
525 1939 646 1972 quotidie
661 1939 766 1974 plantat
785 1940 810 1966 in
827 1941 972 1968 animabus

181 1982 362 2010 credentium.
389 1982 418 2010 ln
445 1983 536 2010 anitna
555 1984 628 2010 enitn
645 1985 678 2012 de
694 1992 747 2019 qua
770 1986 873 2013 excidit
890 1987 970 2019 iratn,

181 2028 416 2055 mansuetudinem
435 2029 556 2064 plantat;
574 2036 602 2057 et
625 2030 659 2057 de
676 2038 729 2065 qtta
752 2032 855 2058 excidit
877 2041 971 2067 snper-

182 2073 264 2105 biam,
282 2073 389 2106 plantat
401 2074 603 2108 humilitatem;
615 2077 686 2104 etde
697 2086 748 2112 qua
761 2078 883 2105 cradieat
896 2078 973 2106 lasei-

180 2118 264 2150 viam,
281 2119 437 2153 pudicitiam
454 2120 578 2154 plantat;
595 2127 622 2149 et
634 2122 666 2149 de
681 2130 734 2157 qua
748 2124 881 2158 exstirpat
896 2126 972 2159 igno-

1032 202 1123 223 sermo
1139 194 1185 222 Dei
1205 195 1339 222 subvertit
1369 200 1396 221 et
1423 196 1544 227 subruit,
1562 201 1589 221 nl
1609 197 1707 222 tnerito
1724 205 1825 224 secun-

1031 242 1095 267 dttttt
1122 241 1279 275 Apostolum
1297 240 1320 256 “
1336 240 1482 268 elliciauutr
1501 250 1510 266 ‹
1526 241 1572 268 Dei
1596 241 1715 274 cultura,
1731 247 1758 269 et
1776 242 1822 270 Dei

1032 287 1196 317 :t'dilicatio,
1225 295 1305 322 supra
1340 287 1544 314 fundamentum
1580 288 1764 322 apostolorum
1796 294 1824 316 et

1032 333 1228 368 prophetarum
1252 332 1332 366 positi
1357 333 1391 358 ab
1413 332 1470 367 ipso
1488 333 1545 368 (55)
1572 340 1679 360 Summo
1697 334 1822 368 angnlari

1030 379 1113 415 429
1130 379 1218 413 lapide
1232 378 1342 406 Christo
1358 377 1433 412 Jesu,
1452 386 1484 405 ex
1496 386 1550 414 quo
1565 379 1694 413 junctura
1710 379 1823 407 aedilicii

1030 430 1138 452 crescat
1155 425 1181 452 in
1203 425 1332 459 templum
1347 424 1394 452 Dei
1417 425 1442 452 iu
1455 426 1569 460 spiritu,
1588 435 1597 452 ›
1614 431 1641 452 et
1657 426 1693 452 ita
1712 425 1823 453 demum

1029 471 1097 497 elliri
1120 479 1276 497 mereamur
1292 471 1317 497 itt
1334 471 1493 498 haereditate
1506 476 1584 497 terrm
1596 471 1734 498 sattcttein
1747 476 1822 506 parte

1029 517 1190 549 Israelitica,
1207 517 1350 544 eitslinctis
1376 518 1503 544 omnibus
1527 523 1553 544 et
1570 518 1721 552 peremptis
1737 517 1818 544 hosti-

1030 563 1080 589 bus
1096 563 1194 589 nostris
1213 571 1220 593 ;
1241 563 1277 588 ita
1295 568 1389 589 utnon
1408 563 1579 596 relinquatur
1601 571 1633 589 ex
1657 564 1697 589 eis
1714 564 1760 597 qni
1780 571 1820 589 re-

1028 608 1116 642 spiret
1133 609 1159 635 itt
1177 609 1266 640 nobis,
1281 609 1328 635 sed
1342 608 1415 635 solus
1433 609 1459 635 in
1477 609 1555 635 nobis
1574 610 1688 642 respiret
1703 609 1819 643 Spiritus

1029 654 1133 681 Christi
1146 662 1194 688 per
1207 662 1266 688 ora,
1284 659 1311 681 et
1327 663 1480 688 sermones,
1493 660 1520 681 et
1536 655 1745 689 intelligentiam
1768 655 1820 689 spi-

1030 700 1151 733 ritalem,
1169 700 1317 727 secundum
1338 701 1489 727 doctrinam
1507 698 1570 727 Jcsu
1592 701 1694 727 Christi
1714 699 1819 727 Domini

1028 746 1129 777 nostri,
1147 746 1189 772 ctti
1207 750 1246 772 est
1267 745 1323 782 (5i)
1339 746 1424 772 virtus
1437 750 1462 772 et
1477 751 1596 780 potestas
1610 747 1637 772 itt
1657 746 1758 772 smcula
1771 753 1819 772 sa:-

1028 791 1160 818 enlorum.
1172 791 1269 818 Amen.

1307 846 1444 873 llOllllLlA
1465 846 1535 874 XIV.

1029 891 1066 919 De
1074 891 1155 919 Jabin
1165 900 1224 927 rege
1236 892 1313 921 Asor,
1327 898 1352 918 et
1364 893 1395 918 tle
1411 893 1511 919 caeteris
1527 894 1642 928 reqibus,
1653 893 1699 928 qui
1711 901 1822 927 congre—

1220 927 1275 961 gati
1292 932 1351 953 sunt
1371 927 1509 953 adversum
1530 927 1625 955 Israel.

1064 973 1089 999 l.
1109 973 1164 999 llas
1179 973 1286 1000 easdem
1299 972 1458 1006 Scripturas
1471 979 1534 1001 ante
1549 973 1696 1001 adventum
1710 975 1822 1009 quidem

1028 1018 1134 1045 Domini
1160 1018 1246 1045 nostri
1271 1017 1333 1045 .lesu
1348 1018 1448 1045 Christi
1465 1026 1526 1045 cum
1543 1019 1645 1054 legeret
1668 1019 1756 1047 Israel
1776 1020 1824 1048 ille

1027 1065 1072 1098 qtti
1086 1065 1236 1092 secundum
1251 1072 1360 1092 carttetn
1370 1069 1421 1096 est,
1435 1065 1502 1092 nihil
1515 1065 1589 1092 aliud
1601 1066 1627 1092 in
1641 1066 1673 1093 iis
1685 1066 1739 1093 nisi
1749 1066 1823 1094 bella

1025 1116 1052 1138 et
1069 1110 1228 1138 clTusionem
1245 1112 1389 1147 sanguinis
1404 1111 1582 1146 intclligebat,
1600 1119 1633 1138 ex
1654 1119 1710 1146 quo
1736 1113 1824 1140 etiam

1026 1159 1058 1185 ad
1077 1158 1186 1184 nimiam
1202 1157 1370 1185 ferocitatem
1387 1159 1554 1185 acuebantur
1572 1159 1654 1184 animi
1670 1166 1779 1191 eorum,
1793 1163 1825 1187 et

1025 1212 1133 1238 semper
1151 1204 1230 1230 bellis
1251 1212 1284 1231 ac
1303 1204 1484 1231 seditionibus
1500 1205 1694 1239 pascebantur.
1718 1204 1822 1232 Postea

1025 1257 1090 1275 vero
1108 1257 1189 1283 qttatu
1204 1250 1348 1283 praesentia
1372 1250 1477 1277 Domini
1499 1251 1550 1276 inci
1567 1249 1631 1277 Jesu
1647 1250 1752 1278 Christi
1767 1252 1825 1278 htt-

1027 1295 1116 1322 manis
1138 1295 1266 1322 cordibus
1289 1296 1422 1330 placidum
1448 1297 1570 1323 scicntia:
1597 1296 1687 1324 lumen
1708 1297 1823 1329 infudit,

1024 1342 1123 1376 quippe
1136 1350 1196 1368 cuttt
1213 1343 1361 1368 secundum
1381 1342 1538 1376 Apostolum
1556 1343 1578 1358 ⁶⁵
1601 1343 1656 1377 ips~-
1669 1343 1704 1369 sit
1732 1352 1741 1368 ι
1767 1352 1823 1377 pa:

1026 1393 1129 1421 nostra,
1148 1398 1157 1413 ι
1173 1396 1270 1422 pacem
1292 1395 1341 1415 nos
1368 1388 1447 1415 docet
1470 1396 1501 1415 ex
1519 1389 1575 1423 ipsa
1601 1389 1716 1416 lectione
1734 1389 1825 1416 bello-

1024 1441 1094 1460 rntn.
1110 1434 1163 1460 l‘ax
1179 1434 1251 1460 enini
1269 1434 1390 1461 redditur
1408 1434 1514 1465 anima),
1531 1435 1553 1461 si
1568 1435 1602 1462 ab
1613 1443 1643 1462 ea
1660 1436 1753 1463 hostes
1779 1438 1823 1464 sui

1024 1483 1134 1512 peccata
1162 1487 1194 1505 ac
1219 1478 1283 1505 vitia
1310 1478 1507 1513 propellanlur.
1530 1479 1562 1506 Et
1581 1480 1640 1507 ideo
1665 1484 1823 1508 scentulum

1027 1526 1200 1553 traditionem
1228 1527 1334 1554 Domini
1360 1528 1446 1554 nostri
1472 1527 1535 1554 Iesu
1551 1529 1664 1560 Christi,
1689 1538 1752 1556 cum
1773 1539 1826 1558 nos

1024 1571 1140 1607 legimus
1152 1573 1214 1604 ista.
1227 1581 1367 1600 armatnur
1377 1574 1485 1608 quidem
1498 1575 1579 1600 etiam
1591 1583 1650 1606 nos,
1662 1581 1687 1602 et
1698 1577 1825 1604 cont-ita-

1024 1626 1085 1645 ttntr
1105 1619 1138 1645 ad
1157 1619 1292 1654 praelium,
1311 1619 1357 1646 sed
1372 1620 1506 1646 adversus
1524 1620 1583 1646 illos
1604 1621 1696 1647 hostes
1715 1621 1763 1654 qui
1789 1622 1825 1649 de

1024 1670 1118 1692 nostro
1130 1666 1211 1692 corde
1224 1666 1386 1700 procedunt,
1400 1666 1581 1700 cogitationes
1597 1666 1703 1693 scilicet
1717 1667 1822 1699 malas,

1024 1709 1107 1743 furta,
1121 1710 1190 1737 falsa
1207 1711 1372 1744 testimonia,
1385 1711 1580 1746 blasphemias,
1600 1717 1776 1746 eteterosqne
1790 1714 1824 1741 iis

1024 1756 1128 1783 similes
1154 1756 1327 1782 adversarios
1349 1756 1447 1783 anima:
1471 1761 1589 1784 nostra):
1605 1757 1638 1784 de
1658 1764 1712 1791 qua
1733 1746 1824 1784 con:-

1024 1810 1095 1833 mur,
1119 1801 1269 1828 secundum
1287 1803 1358 1835 quod
1375 1802 1431 1828 ha-e
1447 1802 1581 1836 scriptura
1606 1801 1702 1833 refl-rt,
1716 1803 1737 1829 si
1760 1803 1823 1830 lieri

1023 1854 1122 1884 potest,
1139 1857 1191 1876 non
1215 1849 1369 1883 relinquere
1382 1850 1465 1876 ullum
1482 1850 1526 1884 qui
1541 1850 1630 1876 salvus
1647 1851 1704 1882 fiat,
1728 1858 1823 1884 neque

1022 1897 1067 1931 qtti
1082 1897 1207 1932 respiret.
1229 1897 1256 1924 Si
1267 1898 1338 1924 enim
1351 1897 1400 1924 hos
1417 1896 1507 1923 hostes
1521 1896 1732 1928 obtinuerimus,
1747 1906 1823 1923 cotu-

1023 1948 1148 1978 petenter
1166 1943 1351 1971 obtinebitntts
1373 1943 1454 1970 etiam
1478 1949 1574 1968 aereas
1598 1947 1772 1976 pelcstatcs,
1794 1947 1822 1969 et

1024 1997 1106 2025 regno
1122 1998 1172 2017 suo
1189 1998 1246 2021 eas,
1266 1990 1336 2024 qttod
1353 1990 1422 2016 intra
1437 1996 1486 2015 n0s
1500 1995 1581 2022 supra
1594 1989 1721 2014 vitiorum
1738 1989 1822 2015 sedes

1023 2037 1235 2067 collocaveram,
1251 2036 1426 2071 depellcttttts.
1444 2033 1471 2061 ln
1491 2034 1629 2069 prioribus
1649 2033 1822 2061 lectionibus

1026 2091 1072 2110 rex
1088 2082 1238 2110 Jerusalem
1264 2086 1478 2117 congregaverat
1503 2089 1595 2108 secum
1613 2081 1682 2107 alios
1696 2086 1822 2115 quatuor

1025 2136 1102 2163 reges
1118 2128 1262 2155 adversum
1286 2127 1378 2155 Jestnn
1395 2132 1419 2153 et
1448 2127 1590 2153 adversum
1616 2125 1687 2152 ﬁlios
1715 2125 1820 2157 Israel,

181 2165 298 2191 rantiam
311 2185 318 2196 ,
337 2166 432 2193 inserit
450 2168 604 2195 scientiam.
628 2168 686 2196 Non
709 2170 755 2197 tibi
781 2170 890 2197 videtur
906 2171 970 2198 tults
988 2173 1009 2199 D
1026 2182 1097 2202 nunc
1116 2177 1205 2199 autem
1219 2173 1275 2206 jam
1293 2181 1345 2200 non
1368 2181 1436 2199 untts
1455 2177 1572 2207 quatuor
1587 2176 1749 2205 congregat,
1772 2177 1821 2197 ant

181 2218 241 2238 esse
266 2211 364 2238 debere
383 2212 514 2246 plantatio
533 2221 613 2247 quam
639 2215 744 2250 plantat
773 2216 853 2248 Deus,
884 2217 970 2251 magis

178 2263 261 2291 quam
294 2259 461 2285 sensibilium
489 2264 714 2296 terrenorumque
738 2261 899 2296 lignorum?
923 2263 970 2291 Est

180 2304 245 2330 item
264 2303 289 2330 itt
317 2305 413 2338 primis
443 2313 511 2339 optts
540 2305 619 2333 Verbi
647 2306 694 2334 Dei
713 2327 720 2339 ,
745 2308 886 2335 destruere
906 2310 970 2335 tedi—

182 2350 241 2376 lit-ia
260 2350 411 2382 diabolica,
432 2360 492 2385 qua:
513 2352 537 2378 itt
556 2353 646 2379 anima
659 2354 814 2381 construxit
838 2355 968 2381 humana.

181 2398 226 2425 llle
258 2399 359 2426 etenim
383 2404 473 2427 turres
499 2401 633 2435 superbia:
661 2401 687 2428 in
715 2409 879 2435 unoqurque
920 2410 969 2428 no-

216 2467 238 2483 “
251 2467 334 2495 Amos
349 2476 385 2501 ιι,
402 2468 444 2496 14.
496 2470 518 2486 ⁸³
529 2469 631 2497 Jerem.
647 2478 665 2500 ι.
681 2470 724 2498 lt).

215 2536 271 2572 (46)
289 2537 378 2573 Codex
398 2537 541 2573 Sangcrm.
562 2548 572 2566 ι
598 2540 699 2567 rectius
717 2544 745 2567 ct
761 2539 932 2568 clementius.
958 2550 968 2567 ι

216 2573 272 2608 (47)
287 2572 372 2607 Idem,
388 2583 398 2599 ‹
412 2572 522 2602 Ιιιιῑιιεῖι).
537 2583 547 2600 ι

217 2607 273 2642 (48)
291 2608 374 2641 Idem,
394 2617 403 2634 ε
416 2615 547 2636 vestrum.
562 2619 570 2636 I

218 2642 274 2677 (49)
288 2642 359 2670 ldem
384 2652 445 2671 cum
458 2653 511 2671 ttno
530 2645 688 2672 Ebroicensi
706 2655 712 2672 :
730 2646 950 2675 ulissereremus
964 2666 971 2678 .

182 2678 277 2716 quia}:
293 2677 370 2716 _L_ibb.
385 2680 461 2716 editi,
478 2689 487 2705 ι
503 2680 713 2714 disserebamus,
730 2681 787 2716 qui.
802 2690 811 2707 ι

220 2712 276 2748 (.59)
293 2713 374 2748 idem,
394 2723 402 2739 ι
416 2714 530 2748 plantas.
544 2725 553 2740 ι

220 2746 276 2781 (51)
289 2747 340 2774 Sed
357 2753 381 2775 et
398 2746 465 2775 nunc
487 2750 589 2780 planta!
612 2751 692 2778 Deus.
708 2751 770 2779 Ilaec
787 2753 879 2780 dt'Slllll
897 2752 923 2778 in
941 2752 972 2778 li-

185 2782 243 2821 bris
261 2782 351 2821 editis,
373 2784 419 2810 sed
442 2784 569 2818 leguntur
593 2786 619 2813 in
651 2787 794 2821 Sangertn.
812 2796 861 2814 ms.
879 2793 904 2815 et
919 2795 972 2814 uno

187 2815 359 2844 Ebroieensi.

762 2470 785 2485 ⁸⁵
801 2469 884 2498 lCor.
902 2479 942 2503 ttt,
958 2471 984 2504 9,
999 2476 1026 2499 et
1037 2471 1136 2506 Ephes.
1150 2479 1180 2503 tt,
1192 2470 1238 2498 20.

1025 2221 1154 2254 quinque,
1171 2221 1217 2247 sed
1234 2220 1293 2246 vide
1307 2227 1376 2245 unus
1391 2223 1519 2252 quantam
1537 2217 1741 2244 multitudinem
1753 2226 1823 2244 eon-

1023 2271 1115 2301 gregat
1129 2274 1136 2292 :
1152 2274 1160 2291 ι
1177 2265 1211 2292 Ut
1222 2260 1567 2296 autemaudirit,inquit",
1579 2261 1660 2289 Jahin
1672 2269 1722 2289 rt-x
1737 2263 1821 2294 Asor,

1024 2311 1099 2338 misit.
1115 2311 1148 2337 ad
1162 2310 1249 2337 .lobah
1264 2317 1354 2342 regem
1381 2308 1611 2338 Antorrltseorum,
1630 2313 1658 2334 et
1675 2308 1708 2333 ad
1724 2316 1821 2342 regem

1009 2350 1153 2387 ‘Svmeon.
1166 2360 1193 2383 et
1209 2355 1241 2382 ad
1258 2363 1346 2389 regem
1364 2353 1409 2380 ΖΠ
1421 2353 1488 2388 (55),
1500 2357 1527 2379 et
1540 2353 1572 2380 ad
1587 2361 1665 2388 reges
1677 2353 1724 2387 qui
1737 2357 1822 2380 erant.

1023 2403 1094 2430 circa
1123 2402 1251 2430 Sidonem
1280 2409 1415 2435 magnam,
1445 2405 1472 2428 et
1499 2408 1548 2435 per
1575 2405 1720 2430 montana,
1745 2399 1823 2426 etin

1276 2470 1301 2486 ⁶⁶⁴
1318 2470 1419 2504 Ephes.
1439 2478 1467 2502 ιι,
1486 2470 1527 2496 IL.
1566 2469 1589 2485 "
1609 2469 1669 2497 ειυς.
1685 2479 1725 2502 xl,
1741 2470 1820 2498 l-lo.

1063 2541 1119 2576 (52)
1143 2540 1233 2567 Codex
1256 2539 1402 2576 ‘Sangertn.
1418 2559 1427 2571 ,
1460 2548 1470 2565 ι
1491 2543 1676 2566 exstruxerat.
1691 2549 1704 2564 ν
1736 2537 1821 2565 Libb.

1025 2574 1104 2612 editi:
1119 2585 1128 2601 t
1139 2574 1284 2612 exstruxit.
1300 2584 1313 2612 t_
1330 2609 1335 2612 _
1369 2609 1375 2612 _
1401 2609 1407 2612 _
1509 2608 1521 2612 _
1534 2608 1568 2612 Μ
1632 2607 1648 2612 __
1666 2607 1672 2612 ι
1784 2611 1787 2612 ν

1061 2611 1117 2646 (515)
1138 2611 1220 2643 ldem,
1236 2619 1244 2636 t
1258 2609 1336 2645 positi
1351 2609 1386 2637 ab
1401 2609 1469 2644 ipso.
1482 2617 1493 2635 ι
1509 2608 1588 2636 Libb.
1606 2608 1685 2640 editi,
1702 2618 1712 2634 ι
1729 2611 1824 2643 posito

1027 2655 1094 2674 IDSO.
1106 2656 1116 2672 ›

1140 2680 1223 2713 idem,
1242 2689 1251 2706 t
1271 2679 1312 2706 etti
1327 2684 1380 2707 est.
1397 2690 1407 2706 I
1422 2679 1500 2707 Libb.
1517 2678 1622 2716 editi_._»t
1639 2679 1719 2716 cujus
1734 2683 1819 2716 est.)

1024 2714 1125 2743 Ibidem
1142 2720 1203 2750 post
1218 2725 1227 2741 ι
1248 2719 1368 2749 potestas
1379 2724 1389 2741 ι
1404 2716 1487 2742 codex
1500 2722 1569 2742 unus
1582 2714 1760 2742 Ebroicensis
1771 2715 1823 2742 ad-

1025 2752 1063 2778 dit
1079 2759 1086 2777 :
1107 2761 1115 2776 ι
1138 2759 1199 2786 cum
1214 2751 1317 2786 Spiritu
1331 2755 1438 2786 sancto.
1458 2759 1468 2776 ι

1059 2786 1116 2820 (551
1126 2785 1178 2821 Zif.
1193 2784 1267 2814 Alter
1281 2785 1454 2813 l-lbroiceusis
1471 2793 1477 2811 :
1495 2784 1596 2819 «Asiae,
1611 2793 1620 2810 ι
1633 2784 1703 2812 alter
1723 2795 1733 2812 ι
1749 2785 1822 2813 Ase~

1025 2822 1100 2856 plna.
1116 2831 1124 2846 ι
