1902 3052
189 117 242 145 895

919 113 1079 141 οιιιιιεΝιδ

1768 116 1830 146 830

191 177 334 205 Dutttinttnt
350 177 432 204 Deum
447 177 577 209 adorabo,
597 182 623 204 et
641 177 689 212 ipsi
713 176 762 204 soli
781 175 908 203 serviam.
925 174 977 200 An—
995 172 1018 202 Α
1033 171 1166 198 dicentem
1184 169 1217 197 ad
1235 164 1381 204 discipulos
1392 176 1456 198 suos
1471 168 1495 187 "
1513 179 1521 198 :
1537 180 1547 197 ι
1563 170 1624 199 Sint
1639 172 1722 200 lumbi
1739 175 1826 202 vestri

191 225 268 251 diunt
286 229 375 251 alitem
392 224 478 256 illiilli,
491 225 536 258 qui
555 228 619 250 sunt
631 231 664 250 ex
689 229 766 257 parte
784 222 852 255 ejus,
869 222 939 248 sicut
953 224 980 248 et

191 277 264 297 nunc
280 269 344 297 fecit
372 270 424 297 iste
450 270 584 304 Symeon,
614 269 689 296 illum
716 269 830 296 audiens
858 268 930 294 venit
945 268 978 294 ad

192 323 308 350 pugnant
324 321 419 342 contra
444 315 547 342 Jesnm.
566 315 650 342 Mittit
665 320 756 342 autem
784 321 812 341 et
827 314 861 340 ad
887 320 978 346 regem

192 361 242 388 ΖΠ.
254 361 396 388 Zifautem
407 361 600 395 interpretatur
611 361 806 395 quomodo/luit
817 359 892 395 !(6(i)
909 359 980 385 \‘elut

190 407 350 434 admirantis
361 414 487 435 sermone
501 415 508 434 :
524 407 587 441 quia
605 411 633 434 et
652 414 745 434 revera
759 405 911 432 mirandum
926 409 979 437 est,

189 453 326 487 quomodo
335 451 418 479 [luunt
429 453 518 479 omnia
530 460 590 487 quae
603 457 667 479 sunt
679 452 759 487 hujus
776 451 868 478 mundi
884 458 981 478 carna-

190 496 235 529 lia,
245 502 271 523 et
286 498 422 531 quomodo
434 498 504 525 lluxa
515 503 578 525 sunt
595 503 621 524 et
637 498 750 530 caduca,
762 505 822 532 qua:
835 497 904 532 apud
918 497 979 523 inli-

188 543 263 570 deles
277 544 401 571 homines
415 545 602 579 permanentia
616 544 781 578 deputantur
796 547 824 570 et
840 547 978 578 perpetua.

188 589 239 622 Qui
254 595 343 617 autent
360 598 450 616 rerttm
466 590 623 617 considerat
639 589 785 621 rationem,
800 594 826 616 et
847 589 908 615 vitae
930 588 979 614 liu-

185 635 230 669 jus
242 643 303 670 qua:
314 641 444 670 putantur
455 637 535 667 bona,
552 641 709 668 contuetur,
719 636 855 670 quomodo
871 643 979 669 semper

190 686 332 708 mutentur
359 686 386 708 et
403 685 558 712 transeant,
578 680 628 708 iste
643 679 871 712 dicit,Quomodo
899 679 977 706 lluit!

189 726 273 753 Vocat
292 730 382 753 autem
399 732 494 753 contra
510 725 581 753 tilios
603 724 684 753 Israel
700 725 823 752 diabolus
836 725 918 752 etiam
933 732 980 752 eos

188 772 234 807 qui
249 772 321 799 circa
339 772 467 799 Sidonem
487 780 611 807 magnam
631 777 704 800 sunt.
723 767 778 807 ligo
792 772 901 807 quidem
916 780 977 798 eum

188 819 215 845 in
229 818 295 846 locis
308 819 417 846 Sidonis
428 818 574 853 aliquoties
588 819 745 846 demoratus
757 819 819 851 sint,
838 826 977 852 nunquam

188 865 306 900 comperi
323 866 391 892 duas
405 873 464 892 esse
477 865 604 897 Sidonas,
615 872 696 892 unam
708 872 845 900 magnam,
857 869 884 891 et
897 865 976 891 aliain

188 917 311 944 parvam,
325 917 455 945 quantum
471 911 505 938 ad
523 914 659 937 terrenum
674 911 792 944 pertinet
808 909 909 936 locum.
924 909 977 936 Sed

188 956 210 983 si
224 956 257 983 ad
269 955 522 991 interpretationem
537 957 655 984 nominis
669 957 791 988 redeam,
806 956 879 990 quod
894 956 978 990 signi-

191 1001 255 1029 ﬁcat
278 1003 454 1035 venatricem,
480 1002 522 1030 vel
552 1008 696 1030 venatores
720 1001 786 1038 (67).
811 1001 890 1028 video
905 1001 977 1036 quod

189 1047 409 1076 adversariorum
424 1048 569 1081 virtutum,
585 1048 611 1075 in
631 1048 728 1083 quibus
745 1048 836 1075 multa:
850 1054 913 1075 sunt
927 1047 979 1073 dif-

189 1093 321 1126 ferentiae,
336 1094 447 1128 quidam
464 1085 528 1122 sunt
554 1099 700 1122 venatores
715 1095 741 1121 in
758 1094 860 1129 parvis,
876 1099 904 1121 et
919 1094 979 1128 qui-

188 1138 251 1165 dam
280 1143 422 1166 venatores
444 1139 471 1165 in
496 1139 619 1174 magnis;
641 1139 667 1166 id
694 1143 751 1169 est.
769 1139 841 1173 quod
860 1138 905 1165 alii
929 1145 978 1172 per

189 1190 271 1218 parva
287 1189 399 1218 peccatu
431 1185 549 1216 animas,
568 1185 614 1211 alii
641 1192 688 1219 per
710 1192 805 1219 magna
827 1184 976 1219 decipiunt.

190 1229 269 1257 Verbi
285 1231 386 1265 gratia,
412 1237 473 1258 cum
492 1231 518 1257 in
538 1229 723 1264 voluptatibus
738 1230 831 1257 sulculi
844 1235 870 1257 et
886 1230 978 1257 carnis

190 1276 295 1303 deliciis
312 1276 401 1303 anima
413 1277 556 1311 decipitur,
573 1276 598 1303 in
612 1283 696 1310 parvo
707 1281 784 1310 Capta
801 1276 915 1303 direnda
926 1280 978 1305 est.

188 1322 256 1349 Cum
274 1329 337 1350 vero
356 1327 401 1349 aut
429 1322 635 1350 Providentiam
652 1326 743 1357 negat,
773 1326 819 1348 aut
842 1322 978 1350 dtemones

188 1367 266 1401 qttasi
286 1368 369 1394 Deum
393 1367 471 1401 colit,
486 1368 543 1395 ha'c
560 1367 586 1394 in
609 1375 706 1402 magno
727 1367 845 1402 putanda
861 1373 902 1395 est
919 1375 980 1395 esse

189 1413 312 1447 decepta.
323 1412 355 1439 Et
366 1412 425 1440 ideo
435 1420 506 1439 nttnc
516 1412 598 1439 mittit
607 1412 639 1438 ad
648 1411 776 1439 Sidonem
787 1419 911 1445 magnam
921 1410 977 1445 (68)

189 1460 235 1494 qui
256 1461 332 1495 quasi
348 1460 381 1487 ad
395 1461 565 1488 vrnationem
580 1467 703 1495 magnam
712 1461 875 1487 conveniant
885 1465 978 1487 contra

1033 217 1180 251 przccincti,
1193 221 1219 242 et
1238 216 1355 243 lucernae
1370 221 1466 244 vestra:
1479 217 1620 245 ardentes.
1638 228 1649 246 ι
1673 219 1744 246 Sunt
1757 227 1828 255 ergo

1032 270 1124 290 eorum
1148 263 1192 297 qui
1216 263 1242 289 in
1268 262 1389 290 Eeclesia
1411 263 1491 291 iidem
1513 265 1675 292 catholicam
1702 267 1825 298 docent.

1031 315 1058 336 et
1080 309 1186 344 plebem
1207 309 1252 336 Dei
1270 309 1354 336 verbo
1368 310 1493 338 veritatis
1510 310 1682 344 illuminant,
1704 312 1828 340 Incertae

1032 359 1169 385 ardentes.
1187 357 1204 384 li
1224 365 1289 385 vero
1313 358 1358 392 qui
1384 358 1512 385 haeretica
1538 359 1664 394 dogmata
1691 367 1724 386 ex
1739 360 1824 396 431

1032 404 1178 438 Scriptura:
1214 408 1314 430 sanctte
1349 403 1512 430 testimOniis
1546 403 1623 431 falsis
1660 405 1827 432 assertioni-

1031 452 1082 479 bus
1107 450 1222 482 docent,
1247 456 1296 484 pro
1323 456 1356 476 eo
1386 449 1458 483 quod
1477 449 1635 484 Scripturas
1662 450 1765 485 legunt,
1784 451 1827 477 vi-

1031 498 1132 525 denlur
1152 496 1303 524 accendere
1324 496 1452 523 lucernas
1466 505 1474 523 ;
1489 496 1535 523 sed
1551 496 1613 531 quia
1630 495 1707 527 falsis
1732 505 1825 523 as‘ser-

1032 543 1150 570 tioniims
1166 546 1292 574 utuntur,
1305 549 1359 569 non
1373 547 1436 568 Stlltl
1447 542 1577 574 lucernae,
1585 542 1632 569 sed
1642 542 1719 575 quasi
1736 543 1824 569 lucer-

1033 596 1085 619 nte,
1103 588 1176 615 Misit
1188 589 1270 616 etiam
1292 588 1324 614 ad
1341 595 1470 621 campos;
1487 594 1599 614 necesse
1614 587 1687 613 enim
1708 592 1780 618 erat,
1795 594 1824 614 ut

1032 633 1057 659 in
1071 633 1230 660 societatem
1242 640 1319 659 suam
1335 637 1443 659 vocaret
1455 632 1538 658 etiam
1553 639 1601 658 eos
1616 633 1661 666 qui
1680 632 1706 658 in
1719 634 1824 667 eainpls

1032 684 1106 712 Sttltl,
1127 684 1154 707 et
1175 679 1287 707 humilia
1308 680 1420 714 sapiunt
1442 686 1474 705 ae
1493 683 1615 706 terrena.
1642 678 1716 706 Misit
1743 684 1770 706 ct
1797 681 1822 706 in

1031 725 1204 759 Faneandor,
1232 725 1279 760 qui
1306 725 1503 759 interpretatur
1529 726 1664 751 conversio
1692 725 1761 760 (72).
1791 725 1825 752 Et

1031 772 1176 799 conversio
1193 773 1291 806 duplex
1310 771 1480 806 intelligitur.
1505 771 1554 798 Est
1568 772 1640 798 enim
1664 773 1824 804 conversio,

1033 826 1084 854 qua
1101 819 1163 852 quis
1177 819 1210 845 ad
1230 818 1314 845 Deum
1330 818 1513 850 convertitur,
1531 818 1571 844 vel
1591 825 1605 844 a
1622 818 1676 844 Deo
1693 823 1737 845 est
1755 825 1825 846 con-

1031 873 1122 893 versus
1142 865 1174 892 ad
1198 865 1279 892 bona.
1309 864 1358 892 Est
1373 869 1463 891 autem
1483 869 1510 892 et
1528 865 1580 892 alia
1596 864 1651 899 (75)
1665 865 1827 898 conversio,

1029 919 1080 945 qua
1098 918 1143 937 rex
1158 909 1251 942 Jabin,
1268 910 1293 937 id
1309 915 1351 938 est
1370 910 1506 944 diabolus,
1527 911 1560 938 ad
1582 918 1612 938 se
1634 912 1745 938 animus
1757 919 1828 938 eono

1029 957 1122 989 vertit,
1154 957 1223 984 sicut
1248 960 1275 983 et
1302 957 1335 983 de
1361 956 1497 991 Symeone
1514 960 1598 991 supra
1618 957 1800 992 exposuimus
1818 965 1827 983 :

1029 1003 1117 1038 qualis
1132 1003 1250 1038 putanda
1274 1007 1316 1030 est
1341 1007 1369 1029 et
1386 1003 1429 1030 illa
1450 1003 1609 1034 conversio,
1633 1011 1695 1038 quae
1722 1003 1830 1031 Calatis

1030 1049 1177 1081 acciderat,
1202 1049 1235 1075 de
1249 1056 1302 1083 qua
1321 1048 1389 1075 dicit
1408 1048 1554 1082 Apostolus
1576 1048 1621 1073 ”:
1641 1058 1650 1073 ι
1665 1048 1830 1075 Currebatis

1029 1095 1109 1127 bene.
1136 1094 1197 1129 quis
1215 1102 1264 1122 vos
1289 1094 1440 1128 impedtvit,
1459 1103 1468 1119 ι
1499 1094 1552 1121 hoc
1578 1098 1621 1121 est.
1646 1095 1786 1121 convertit
1813 1101 1830 1120 a

1029 1150 1110 1170 cursu
1130 1142 1201 1169 bono
1219 1146 1247 1168 et
1264 1140 1365 1167 itinere
1384 1140 1480 1167 recto?
1498 1139 1581 1166 Mittit
1597 1145 1624 1166 et
1648 1140 1680 1166 ad
1698 1146 1747 1166 eos
1760 1159 1768 1170 ,
1782 1139 1830 1174 qui

1029 1193 1108 1217 erant
1122 1188 1149 1215 in
1168 1187 1313 1215 maritimis
1328 1187 1408 1219 locis,
1428 1188 1462 1214 ad
1478 1187 1583 1214 vicinos
1601 1186 1735 1213 ilnetuum
1756 1186 1831 1214 Clua-

1031 1243 1150 1266 nanatos.
1178 1234 1222 1269 qui
1251 1235 1466 1269 interpretantur
1486 1232 1552 1260 velut
1569 1233 1690 1260 commoti
1710 1232 1784 1268 (76),
1801 1233 1829 1260 id

1030 1286 1071 1309 est
1084 1281 1130 1316 qui
1152 1287 1259 1315 semper
1276 1279 1441 1307 motionibus
1463 1283 1491 1306 et
1515 1279 1642 1306 ﬂuctibus
1664 1284 1831 1313 permovent

1029 1331 1138 1358 cuncta,
1168 1331 1195 1353 et
1213 1326 1246 1352 ad
1272 1325 1426 1352 maritimos
1449 1325 1634 1352 Amorrhzeos.
1666 1325 1831 1352 Amorrhzei

1030 1373 1248 1411 interpretantur
1265 1375 1460 1399 amareacentea
1481 1370 1537 1407 (75)
1552 1392 1560 1403 ,
1575 1371 1621 1405 qui
1641 1375 1706 1397 sunt
1720 1371 1831 1398 similes

1031 1419 1094 1450 illis,
1111 1418 1145 1445 de
1166 1418 1266 1452 quibus
1286 1417 1411 1451 superius
1430 1416 1618 1443 disseruimus.
1643 1415 1717 1442 Talis
1742 1415 1832 1448 igitur

1031 1470 1075 1493 est
1099 1463 1240 1498 catalogus
1271 1462 1354 1490 totius
1380 1462 1482 1490 militiae
1506 1461 1682 1488 invisibilium
1705 1462 1830 1488 hostium

190 1507 261 1534 ﬁlios
272 1506 366 1534 Israel.
382 1506 466 1534 Mittit
483 1511 510 1533 et
523 1506 557 1533 ad
576 1511 715 1533 tn0ntana.
734 1507 861 1534 Montana
879 1507 980 1534 intelli-
993 1520 1016 1550 ρ
1032 1511 1078 1546 qui
1107 1514 1306 1544 congregantur
1321 1516 1369 1543 per
1393 1516 1483 1543 regem
1497 1507 1576 1535 Jabin
1588 1527 1595 1539 ,
1622 1512 1650 1534 ut
1667 1513 1833 1542 expugnent

189 1553 278 1588 gcnda
294 1558 356 1580 sunt
378 1553 469 1580 omnis
492 1560 588 1580 sensus
605 1553 652 1587 qui
669 1553 774 1580 extollit
799 1561 829 1580 se
853 1557 881 1580 et
898 1553 980 1587 erigit

191 1599 323 1626 adversus
335 1599 477 1626 scientiam
503 1598 562 1626 Dei.
582 1598 664 1626 Mittit
676 1604 703 1626 et
719 1600 747 1626 in
774 1599 878 1626 Araba.
894 1599 980 1626 Inter‘

191 1651 315 1679 pretatur
331 1649 422 1671 autent
434 1645 523 1671 Araba
536 1645 640 1672 insidia!
653 1645 720 1680 (69).
734 1645 832 1672 invitat
843 1653 909 1680 ergo
926 1645 982 1672 vir-

191 1695 264 1718 tutes
277 1690 539 1725 insidiatrices,qua:
551 1692 685 1718 humanas
697 1691 799 1718 animas
815 1699 868 1718 non
884 1691 920 1722 vi,
932 1698 981 1718 nec

190 1736 291 1770 apertis
303 1736 551 1771 impugnationilms
568 1735 636 1772 (70),
652 1737 698 1763 sed
708 1737 864 1771 improvisis
876 1737 981 1764 insidiis

190 1781 349 1816 callidisque
365 1781 520 1816 decipiant:
539 1782 609 1808 forte
625 1782 723 1816 quales
743 1787 808 1809 sunt
830 1787 857 1810 ct
874 1783 910 1810 illi
923 1804 930 1816 ,
948 1783 981 1810 de

190 1830 290 1863 quibus
314 1829 448 1865 Propheta
471 1829 537 1857 dicit
551 1829 596 1856 7‘:
617 1838 626 1855 ι
647 1829 795 1857 Insidiatur
817 1830 844 1857 in
872 1829 981 1857 occulto

190 1877 263 1904 sicut
288 1875 329 1902 leo
344 1875 370 1902 in
388 1875 470 1903 cubili
488 1883 549 1909 suo,
566 1875 710 1902 insidiatur
722 1881 751 1903 ιιι
767 1877 855 1911 rapiat
880 1884 982 1912 paupe—

191 1931 260 1950 rem.
272 1930 282 1948 i
291 1922 344 1949 Sed
360 1924 382 1949 si
398 1923 461 1957 quis
474 1922 535 1949 talis
544 1926 586 1949 est
596 1922 684 1956 qualis
693 1921 803 1955 Paulus,
814 1923 981 1950 conlidenter

191 1969 254 1995 dicit
271 1968 316 1996 7’:
337 1978 347 1995 ι
370 1968 430 1996 Non
457 1968 529 1996 enim
557 1968 713 2002 ignomnms
741 1969 855 1996 astutias
880 1969 949 2004 ejus.
967 1979 977 1996 ›

192 2013 273 2042 Mittit
288 2019 315 2041 et
326 2015 352 2041 in
367 2013 512 2041 Generotli.
524 2014 721 2049 interpretatur
736 2019 827 2042 autem
844 2015 981 2043 Ceneroth

191 2061 267 2095 quasi
281 2060 395 2087 [πει-πω
405 2060 471 2095 (7t).
488 2058 546 2087 Non
560 2060 687 2095 lucernae,
701 2061 748 2089 sed
762 2062 839 2096 quasi
852 2061 981 2089 lucernae.

192 2106 273 2134 Aliud
291 2109 332 2133 est
350 2106 422 2132 enim
439 2105 560 2138 lucerna,
578 2106 650 2134 aliud
667 2108 745 2142 quasi
762 2107 884 2135 lucerna.
899 2107 982 2135 Joan-

192 2161 240 2179 nes
257 2161 266 2178 ι
282 2152 393 2180 lucerna
419 2158 478 2180 erat
504 2153 605 2182 ardens
619 2150 652 2188 ⁷³,
675 2164 684 2180 ι
704 2154 768 2190 quia
786 2158 845 2181 erat
869 2153 982 2189 angelus

1033 1564 1082 1583 nos
1114 1555 1162 1590 qui
1195 1554 1337 1588 sequimur
1363 1553 1459 1580 ducem
1485 1551 1577 1579 .lesum
1602 1557 1629 1579 et
1651 1552 1831 1579 Salvatorcm

1033 1606 1166 1629 nostrum.
1194 1600 1248 1627 Sed
1266 1599 1330 1634 quid
1343 1599 1409 1626 dicit
1425 1598 1576 1626 Dominus?
1605 1608 1613 1623 t
1627 1597 1665 1625 Ne
1691 1598 1830 1629 verearis,

1034 1647 1122 1682 inquit
1136 1647 1170 1679 ⁷⁸,
1188 1654 1203 1673 a
1216 1645 1286 1673 faeie
1299 1653 1406 1677 eorum,
1421 1644 1484 1678 quia
1499 1644 1618 1670 crastina
1633 1644 1676 1670 die
1691 1644 1744 1670 hac
1757 1644 1830 1671 hora

1033 1693 1136 1720 tradam
1153 1700 1201 1720 eos
1216 1692 1243 1719 in
1259 1698 1357 1718 manus
1373 1696 1443 1718 tuas.
1458 1699 1467 1716 ι
1482 1689 1566 1716 Video
1583 1690 1654 1724 quod
1667 1689 1749 1717 hodie
1768 1698 1828 1717 non

1033 1747 1174 1775 possumus
1190 1738 1253 1766 illos
1273 1746 1368 1766 omnes
1386 1737 1560 1772 opprimere.
1579 1745 1630 1764 nec
1647 1742 1764 1764 cunctos
1786 1738 1831 1763 in-

1034 1786 1167 1818 terﬁcere,
1195 1785 1242 1812 sed
1277 1784 1399 1811 crastino
1425 1783 1606 1817 perimeatur,
1639 1783 1665 1810 id
1692 1787 1735 1810 est
1764 1788 1831 1817 pest

1033 1831 1293 1859 causuminationetn
1308 1830 1387 1864 hujus
1402 1830 1505 1857 saeculi.
1528 1829 1604 1858 Tune
1619 1831 1719 1858 etenim
1734 1832 1833 1858 omnis

1032 1879 1119 1906 virtus
1134 1877 1273 1905 contraria
1288 1877 1459 1909 destruetur,
1477 1881 1505 1903 et
1523 1881 1587 1903 tunc
1606 1876 1712 1911 penitus
1733 1877 1831 1903 Vince<

1034 1930 1087 1957 tur,
1111 1931 1173 1951 cum
1197 1923 1297 1950 videris
1314 1923 1346 1949 iis
1368 1923 1414 1957 qui
1436 1930 1451 1950 a
1477 1922 1599 1950 sinistris
1621 1927 1683 1949 sunt
1707 1923 1760 1950 dici
1776 1924 1801 1939 ⁷⁷
1821 1932 1828 1950 :

1036 1970 1095 1997 tlte
1123 1970 1148 1997 in
1171 1970 1260 2004 ignem
1286 1974 1428 2001 :eternum,
1455 1976 1535 2003 quem
1565 1969 1731 2003 praeparavit
1755 1969 1830 1996 Deus

1034 2015 1142 2042 diabolo
1153 2019 1180 2042 et
1194 2014 1296 2049 angelis
1313 2014 1382 2049 ejus.
1397 2023 1406 2041 ι
1425 2013 1503 2041 Tunc
1518 2014 1590 2042 enim
1606 2018 1634 2041 et
1651 2022 1701 2041 nos
1714 2015 1739 2041 si
1753 2015 1830 2042 vice-

1035 2062 1130 2093 rimus,
1146 2066 1173 2088 et
1189 2061 1316 2088 obtinere
1330 2061 1490 2096 poterimus,
1508 2066 1654 2095 sequentes
1667 2060 1761 2088 Jesum
1776 2063 1830 2088 du-

1033 2115 1102 2139 cem,
1130 2107 1315 2141 pereipiemus
1340 2115 1450 2142 regnum
1468 2109 1540 2141 quod
1567 2107 1728 2142 praeparavit
1755 2107 1829 2134 Deus

1035 2153 1117 2180 Pater
1132 2154 1236 2181 sanctis
1250 2154 1317 2186 suis,
1333 2160 1360 2180 et
1376 2154 1409 2180 iis
1422 2155 1466 2187 qni
1483 2154 1609 2180 mandata
1625 2153 1682 2187 ejus
1700 2158 1728 2180 et
1742 2153 1827 2187 justi-

191 2199 271 2227 lueis.
289 2199 371 2232 Quasi
393 2199 503 2226 lucerna
521 2206 612 2228 autem
642 2205 683 2228 est
706 2200 751 2227 ille
772 2201 817 2234 qui
839 2200 981 2235 transﬁgu-
999 2193 1020 2220 D
1037 2198 1087 2225 tias
1110 2198 1304 2233 impleverunt.
1333 2207 1381 2233 per
1413 2199 1500 2233 ipsutn
1527 2198 1670 2225 Dominum
1698 2204 1827 2226 nostrum

193 2250 236 2272 rat
253 2253 283 2273 se
309 2246 335 2272 in
354 2246 479 2279 angelum
500 2246 580 2274 lucis.
602 2246 635 2274 Et
656 2246 680 2273 si
704 2246 746 2273 vis
768 2246 856 2273 adhuc
870 2246 982 2273 eviden—

192 2292 246 2318 tius
265 2299 378 2319 noscere
395 2292 563 2320 dtll‘erentias
584 2292 779 2324 lucernarum,
796 2296 822 2318 et
841 2291 919 2326 quasi
942 2291 981 2318 lu-

191 2345 348 2370 cernarum,
365 2346 425 2373 qua:
439 2339 466 2365 in
482 2338 618 2366 Cenerotb
636 2342 709 2370 sunt,
728 2337 791 2364 audi
810 2337 980 2364 Salvatoretn

225 2383 250 2399 “
266 2383 411 2446 asptlIan.
450 2385 472 2400 ⁷²
486 2384 507 2412 ΙΙ
524 2384 587 2412 Cor.
605 2391 635 2416 ll,
652 2383 695 2410 Η.
733 2382 846 2410 "Joan.
867 2391 893 2414 γ,
905 2383 951 2410 53.

230 2427 255 2446 v.
310 2439 318 2446 .

192 2427 255 2451 xxv,
273 2427 318 2446 41.

227 2466 283 2498 (66)
305 2465 351 2500 Zif
373 2471 462 2492 autent
491 2465 691 2498 interpretatur,
715 2465 847 2499 quomodo
863 2460 943 2498 ﬂuit!
963 2465 983 2491 A

189 2507 234 2532 ΞΠ
247 2503 342 2531 κοιῦεῒ
359 2511 368 2528 t
388 2501 480 2527 littere.
499 2509 508 2525 ι

228 2537 285 2571 (67)
307 2537 384 2569 Quod
399 2536 530 2570 signiﬁcat
552 2535 722 2567 venatricem,
741 2533 778 2561 rei
794 2539 944 2561 certatores.
960 2534 981 2561 Α

190 2576 239 2601 τίκ
259 2582 268 2597 ι
289 2572 392 2599 venari.
408 2580 418 2596 ι

227 2609 284 2642 (681
306 2607 441 2641 Magnam.
457 2605 538 2634 Deest
552 2605 578 2632 in
591 2605 658 2633 libb.
673 2605 764 2638 editis,
783 2605 829 2632 sed
845 2605 942 2639 legitur
957 2605 982 2631 in

194 2641 386 2670 Gemeticensi.

230 2678 288 2711 (69)
307 2677 501 2712 Ιπιενρνειαιιιν
521 2682 610 2704 autem
630 2677 719 2704 Araba
738 2675 853 2704 insidiw.
871 2676 911 2703 Ab
924 2681 984 2704 non

197 2720 206 2737 I
226 2713 367 2739 insidiatus
379 2718 429 2739 est.
449 2722 458 2739 ι

230 2747 286 2784 (70)
306 2746 396 2775 Codex
411 2748 567 2783 Sangerm.,
586 2758 595 2774 ι
613 2747 858 2784 inipugnatoribus.
875 2755 884 2773 ι
904 2746 981 2773 Libb.

194 2782 272 2813 editi,
287 2792 295 2807 ι
311 2782 550 2817 expugnatoribus.
563 2792 573 2810 ι

231 2819 254 2852 (ἱ
266 2817 288 2852 Ι)
309 2816 502 2851 Interpretatur
515 2824 601 2844 autent
619 2818 746 2845 (λειπένοιὴ
761 2817 837 2853 quasi
855 2817 980 2845 lucernw.

196 2851 235 2878 lit
247 2859 263 2882 β
280 2862 288 2879 ι
306 2852 383 2887 quasi
401 2861 410 2878 ›
427 2857 454 2879 et
466 2858 500 2882 Ἴ
520 2863 529 2878 ι
543 2853 662 2880 lucerna.
686 2863 694 2879 ι

446 2896 461 2906 κ

989 2383 1012 2398 ⁷⁸
1025 2382 1092 2410 an.
1111 2391 1161 2416 xu,
1173 2383 1218 2410 55.

1036 2245 1127 2272 Jesunt
1141 2245 1292 2276 Christum,
1305 2246 1347 2272 eui
1361 2251 1403 2272 est
1416 2245 1501 2279 gloria
1522 2250 1550 2273 et
1567 2245 1709 2279 itnperimn
1727 2246 1753 2272 in
1772 2254 1827 2274 sa:-

1036 2291 1097 2318 cula
1109 2291 1280 2319 saeculorum.
1295 2293 1390 2318 Amen.

1256 2383 1279 2398 ⁷⁸
1294 2382 1354 2411 Gal.
1371 2392 1396 2416 ι’,
1414 2383 1440 2410 7.
1479 2383 1501 2399 ⁷⁸
1512 2382 1567 2410 Jos.
1582 2390 1620 2414 Xt,
1635 2383 1660 2410 6.
1694 2383 1716 2398 ⁷⁷
1728 2383 1825 2413 Matth.

1073 2463 1129 2498 (72)
1152 2458 1325 2496 aneandor,
1341 2465 1386 2499 qui
1398 2465 1589 2498 interpretatur
1603 2465 1750 2491 conversio.
1774 2465 1826 2492 Me-

1037 2498 1091 2525 lius
1104 2500 1331 2533 interpretaretur
1347 2498 1512 2526 iconversio
1523 2499 1710 2533 generationis
1725 2509 1735 2526 ι
1747 2509 1762 2527 a
1773 2505 1826 2531 ma

1041 2543 1049 2559 ι
1063 2535 1198 2561 com'ertit
1211 2543 1221 2560 ›
1237 2540 1265 2561 et
1277 2539 1325 2563 ’δτι
1343 2543 1352 2560 ι
1367 2535 1515 2569 generatio.
1536 2543 1545 2559 ι

1073 2569 1129 2603 (73)
1145 2569 1211 2596 Mss.
1229 2578 1238 2595 ι
1255 2569 1317 2596 alia.
1336 2580 1344 2596 ι
1362 2569 1440 2596 Libb.
1462 2570 1524 2596 editi
1539 2576 1547 2595 :
1564 2578 1573 2595 ι
1589 2569 1644 2596 illa.
1660 2579 1670 2595 ι

1073 2605 1129 2639 (74)
1150 2604 1324 2636 ΟΙιιιηαηαύε,
1356 2605 1400 2640 qui
1427 2605 1635 2638 interpretantur
1661 2605 1730 2631 velut
1754 2613 1827 2632 coni-

1036 2641 1110 2666 moti.
1127 2640 1204 2668 ISth
1218 2640 1286 2666 sicut
1301 2645 1393 2672 κινῇ
1408 2649 1416 2665 ι
1426 2640 1538 2670 moveri,
1553 2641 1748 2666 commoveri.)
1768 2642 1826 2666 Cae-

1037 2679 1122 2701 terum
1134 2675 1611 2708 prucvclutcommotlupmdlegitur
1625 2675 1652 2701 in
1669 2682 1748 2708 mss,
1764 2675 1826 2702 libri

1035 2711 1100 2736 editi
1117 2709 1215 2736 habent
1232 2719 1241 2734 ι
1256 2710 1327 2737 Velut
1343 2710 1500 2737 commotio.
1517 2719 1526 2734 ι
1543 2709 1644 2737 ibidem
1660 2709 1726 2736 libb.
1739 2711 1825 2737 editi:

1039 2753 1048 2770 ι
1069 2745 1114 2779 qui
1126 2752 1234 2778 semper
1245 2745 1272 2772 iii
1288 2746 1452 2773 tnutionibus
1466 2750 1492 2772 et
1511 2745 1635 2771 ﬂuctibus
1650 2752 1826 2779 permanent,

1036 2784 1062 2806 el
1079 2780 1111 2806 ad
1126 2780 1287 2812 maritimos,
1302 2790 1310 2806 I
1330 2782 1375 2808 sed
1390 2789 1454 2807 mss.
1473 2785 1501 2806 ut
1518 2781 1544 2807 in
1559 2785 1652 2806 nostro
1666 2785 1756 2806 textu.

1071 2815 1127 2849 (75)
1142 2814 1288 2842 Anton/uri
1301 2817 1507 2851 interpretantur
1523 2822 1727 2843 umoruccutcs.
1737 2816 1829 2846 ΔἾΊὩ

1038 2859 1047 2875 ι
1065 2857 1186 2878 amarunt
1204 2858 1274 2879 εδει.
1292 2861 1300 2877 Ι
