1902 3052
71 131 120 159 897

346 188 484 216 IIOMILIA
508 189 565 218 XV.

74 238 102 263 In
116 242 144 261 ea
158 241 217 273 quo:
229 241 425 273 consequuntur
441 242 498 270 post
517 237 606 273 labia.
617 246 626 262 ι
641 237 742 273 ΙίιῙνι-ἰι
761 239 851 273 Jeuu,

182 269 276 305 inquit,
292 271 359 296 sicut
373 269 531 305 prwcepernt
547 273 571 299 ei
588 269 728 301 Beothius.
748 286 757 301 ι

103 328 127 356 l.
144 328 199 355 Nisi
212 328 278 355 bella
298 329 348 355 ista
363 329 484 357 carnalia
499 330 612 364 figuram
631 331 762 359 bellortttn
778 334 854 368 spiri-

69 374 156 401 talitnn
186 379 323 408 gererent,
357 383 516 410 mmquam,
541 377 649 411 opinor,
674 376 851 407 Judaiearum

70 420 238 446 historiarum
256 419 314 447 libri
331 420 472 456 discipulis
481 422 594 454 Christi,
608 423 654 457 qni
674 424 744 451 venit
758 433 852 459 pacem

69 467 172 497 docere,
198 466 302 500 legendi
332 467 357 494 in
380 468 506 496 ecclesiis
524 469 638 497 fuissent
664 470 698 497 ab
723 472 853 504 apostolis

69 514 167 540 traditi.
192 513 251 546 Qto
276 514 347 540 enim
369 514 408 541 eis
423 514 554 542 bellorum
572 515 717 550 proliceret
737 517 788 544 ista
804 519 848 544 tle-

67 560 188 594 seriptio,
204 559 302 593 quibus
316 559 415 586 dicitttr
430 559 464 586 ab
476 559 539 587 Jesu
553 561 576 576 ⁷³
591 568 599 587 :
618 570 627 587 ι
644 561 740 591 Pacem
763 571 851 593 meam

68 606 101 631 do
119 605 212 638 vobis,
238 612 331 639 pacem
349 613 435 632 meam
455 606 577 641 relinquo
594 607 670 634 vobis
683 608 694 634 ?
709 618 717 634 ι
742 609 772 635 Et
793 609 853 643 qui-

67 650 114 677 bus
141 658 189 685 pcr
219 651 376 685 Apostolum
401 651 514 686 jubetur
541 657 568 679 et
597 653 752 682 dicitur":
773 645 851 683 «Non

68 697 242 731 vosmetipsos
270 697 438 724 vindicantes
451 718 459 730 ,
475 707 484 724 ι
508 703 536 725 et
555 707 561 726 :
581 708 590 724 ι
604 698 689 734 Magis
726 700 851 734 injuriam

67 742 191 777 accipite.
210 752 220 768 ι
238 747 285 770 et:
302 752 312 768 ‹
327 743 410 778 Magis
435 743 557 772 fraudem
583 746 727 780 patimini?
746 757 755 773 ι
777 747 852 775 Unde

67 787 182 822 denique
205 788 296 815 sciens
320 788 467 823 Apostolus
494 791 567 817 nulla
597 793 674 819 nobis
700 793 755 828 jam
783 794 852 820 ultra

66 833 130 861 bella
148 842 209 861 esse
221 835 366 862 carnaliter
381 838 547 873 peragenda,
576 840 623 866 sed
649 840 748 867 animm
764 846 853 867 certa-

66 880 135 906 mina
163 886 256 907 contra
285 882 423 916 spiritales
462 883 636 911 adversarios
671 886 848 918 desudanda,

66 925 134 952 velut
159 927 289 961 magister
315 927 417 955 militia:
447 935 611 963 praeceptum
640 931 687 958 dat
720 931 850 960 militibus

64 971 161 999 Christi
177 973 270 1000 dicens
282 973 304 989 ⁸ο
319 981 326 1000 :
350 983 359 1000 ι
375 974 478 1002 lnduite
493 982 539 1002 vos
556 983 632 1002 artna
649 976 694 1003 Dei
710 997 718 1009 ,
740 983 769 1004 ut
785 985 848 1012 pos-

64 1017 121 1044 sitis
131 1023 206 1045 stare
223 1018 355 1047 adversus
378 1020 493 1048 astutias
513 1019 569 1057 (76)
596 1021 707 1049 diaboli.
726 1032 735 1049 ι
757 1023 791 1050 Ει
820 1029 850 1051 ιιι

65 1062 157 1092 horum
183 1064 345 1098 spiritaliutu
375 1066 510 1094 bellorum
546 1075 579 1094 ex
611 1073 733 1096 veterum
768 1070 852 1105 gestis

63 1108 161 1137 habere
177 1111 312 1145 possimus
325 1113 462 1147 exempla,
479 1113 546 1140 istas
558 1114 637 1141 nobis
651 1123 743 1142 rerum
760 1122 850 1152 gesta-

65 1162 120 1181 rum
138 1156 311 1184 narrationes
326 1156 352 1184 itt
370 1157 487 1185 ecclesia
503 1159 588 1188 voluit
604 1161 726 1193 recitari,
744 1166 772 1188 ut
789 1170 849 1193 nos,

64 1201 84 1227 si
99 1201 235 1235 spiritales
247 1209 353 1234 sumus,
367 1204 510 1232 audientes
519 1206 582 1240 quia
600 1206 641 1233 lex
652 1207 783 1241 spiritalis
797 1213 850 1240 est,

65 1249 89 1275 in
125 1248 157 1275 iis
188 1255 247 1283 qua:
278 1249 404 1276 audimus
428 1251 483 1284 (77)
511 1252 682 1287 spiritalibus
715 1254 851 1288 spiritalia

64 1300 258 1327 coniparemus,
272 1298 299 1320 et
315 1295 532 1329 contemplemur
547 1305 579 1324 ex
598 1298 631 1325 iis
651 1299 779 1334 gentibus
792 1308 852 1334 qua:

64 1339 200 1366 carnalem
230 1339 311 1367 Israel
335 1341 477 1369 visibiliter
502 1349 711 1379 oppugnarunt,
743 1350 852 1380 quanta:

64 1384 115 1412 sint
141 1390 237 1420 gentes
256 1387 458 1414 contrariarum
472 1389 602 1417 virtutum
615 1396 648 1415 ex
665 1389 849 1425 spiritalibus,

63 1438 120 1465 qua:
133 1431 262 1458 dicuntur
278 1432 414 1466 spiritales
423 1434 550 1469 nequitia:
562 1436 587 1462 iu
605 1436 772 1469 caelestibus,
789 1445 849 1471 qua:

64 1477 191 1505 adversus
208 1478 359 1506 Ecclesiam
375 1479 494 1514 Domini,
513 1488 574 1516 qua:
588 1476 636 1509 'est
658 1491 740 1510 verus
756 1484 850 1517 Israel,

63 1523 195 1551 suscitent
210 1523 290 1550 bella.
306 1523 434 1552 Moabitae
455 1527 567 1552 veniunt
583 1531 609 1553 et
628 1528 804 1562 Ammonius,
823 1534 851 1557 et.
865 1535 887 1566 (ζ

61 1575 155 1596 onmes
177 1568 212 1595 illi
232 1576 319 1603 reges,
334 1575 360 1596 et
379 1574 474 1605 gentes
490 1572 659 1606 invisibiles,
681 1582 751 1608 quas
770 1583 850 1610 supe-

65 1615 118 1642 rius
136 1616 364 1650 memoravimus,
385 1618 528 1646 adversum
549 1627 598 1647 nos
615 1621 727 1648 veniunt
745 1630 850 1656 pugna-

65 1665 129 1689 tura:
142 1662 212 1698 (78),
226 1663 259 1690 ad
276 1664 327 1691 hoc
338 1669 370 1690 ut
386 1672 499 1699 peccare
512 1674 562 1693 nos
575 1666 685 1693 faciant.
699 1667 766 1700 Quia
780 1669 851 1696 sicut

64 1714 160 1743 corpus
178 1715 289 1744 accepto
301 1710 365 1737 ferri
380 1711 492 1739 vulnere
513 1713 639 1741 moritur.
660 1714 696 1740 ita
713 1719 739 1740 et
759 1715 848 1742 anima

64 1760 172 1789 accepto
206 1757 310 1790 peccati
336 1757 448 1785 vulnere
477 1758 602 1786 moritur.
628 1759 660 1786 Et
688 1766 753 1794 puto
777 1761 850 1795 quod

63 1801 156 1830 eadem
170 1802 340 1837 frequentius
352 1804 444 1832 dicere
458 1805 536 1832 nobis
549 1806 657 1840 quidem
672 1807 776 1842 pigrum
791 1815 851 1835 esse

63 1848 173 1881 debeat,
190 1850 266 1878 vobis
281 1855 368 1878 tamen
388 1852 571 1879 necessarium
587 1853 632 1880 sit.
650 1852 758 1880 Utinam
776 1855 849 1881 enim

65 1894 104 1921 vel
135 1895 307 1930 frequentius
333 1897 404 1924 tlicla
430 1898 487 1925 haec
511 1899 610 1926 nuituis
635 1901 734 1926 vestris
755 1902 851 1929 crebro

64 1941 197 1970 inculcata
215 1944 338 1977 teneatis,
356 1949 385 1970 ut
404 1952 455 1972 non
476 1945 532 1973 Inec
551 1945 680 1980 legentes.
700 1947 741 1974 vel
755 1947 851 1974 Judai-

64 1996 123 2015 cum
148 1989 175 2016 in
198 1991 238 2018 eis
262 1997 370 2018 sensum
386 1992 511 2023 teneatis,
541 1992 582 2020 vel
609 1993 778 2020 hmreticum.
798 1993 850 2021 Sed

64 2040 240 2071 posteaquam
267 2037 431 2071 generaliter
457 2039 686 2070 comtnonuimus,
716 2047 768 2066 non
797 2041 852 2067 erit

64 2082 230 2116 superﬂuum
245 2084 326 2110 etiam
350 2083 491 2118 speciatim
510 2085 543 2112 de
559 2085 592 2113 iis
605 2093 666 2120 quae
687 2085 753 2113 lecta
775 2091 851 2120 sunt,

64 2134 148 2161 pauca
165 2128 313 2155 disserere.
330 2129 493 2164 Repetentes
510 2131 594 2166 igitur
608 2138 639 2158 ea
652 2140 710 2167 qua:
726 2131 752 2159 in
770 2140 852 2168 supe-

66 2172 184 2201 rioribus
198 2174 296 2201 omissa
314 2176 430 2207 fuerant,
448 2177 627 2205 disseramus.

98 2219 125 2247 Ξ.
146 2229 155 2246 t
168 2220 201 2247 Et
217 2220 280 2247 fecit
292 2241 300 2252 ,
317 2222 404 2256 inquit
415 2222 449 2255 ⁸¹,
465 2223 505 2250 eis
520 2223 615 2257 Iesus,
631 2225 702 2252 sicut
716 2232 851 2260 prmcepe-
868 2211 892 2241 θ

66 2270 106 2292 rat
122 2267 146 2293 ei
170 2266 309 2295 Dominus.
330 2269 420 2304 Equos
434 2277 528 2296 eorum
543 2270 729 2302 subnervavit,
748 2277 774 2298 et
790 2279 854 2298 cur-

67 2321 111 2340 rus
124 2321 220 2341 eorum
236 2316 341 2342 exussit
357 2316 422 2351 igni.
446 2316 479 2343 Et
499 2324 649 2343 conversus
666 2316 745 2344 Jcsus
765 2318 791 2343 in
810 2317 854 2344 illo

67 2364 188 2394 tempore
200 2363 344 2396 occupavit
367 2361 437 2389 Asor
451 2367 477 2389 et
493 2370 583 2397 regem
605 2362 664 2397 ejus
678 2363 779 2390 occidit
797 2363 855 2398 gla-

66 2406 119 2439 dio,
136 2412 164 2433 et
180 2407 317 2435 interfecit
337 2416 444 2435 omnem
461 2409 506 2444 qui
527 2409 650 2442 spirabat
669 2409 696 2436 in
714 2417 745 2436 ea
767 2410 855 2437 inore

65 2452 158 2485 gladii,
173 2457 200 2480 et
214 2455 385 2482 exterminati
405 2460 467 2482 sunt
485 2462 592 2488 omnes,
610 2453 647 2481 ita
662 2459 692 2481 ut
706 2462 757 2482 non
774 2455 855 2483 relin-

66 2507 198 2535 queretur
214 2502 240 2529 iu
256 2509 287 2538 ea
304 2501 350 2536 qui
365 2501 523 2535 respiraret.
534 2510 543 2526 ι
556 2500 712 2527 Mandatum
726 2500 827 2528 dicitur
839 2507 854 2527 a

67 2549 122 2575 Deo
138 2549 233 2575 dattun
254 2548 286 2574 ad
301 2547 403 2580 Iesum,
427 2551 455 2574 ut
477 2552 652 2581 posteaquam
673 2550 856 2581 expugnasset

67 2593 160 2622 hostes
185 2594 310 2628 superius
343 2598 519 2624 memoratos,
550 2592 614 2618 ιιιιιιί
639 2597 782 2626 parceret,
807 2592 854 2618 sed

65 2648 151 2674 equos
174 2648 266 2667 eorum
287 2638 475 2666 subnervaret.
502 2637 578 2664 Unde
600 2637 674 2664 velut
693 2638 853 2664 mandatum

100 2689 123 2705 ⁷⁸
134 2688 215 2716 Joan.
237 2696 292 2717 xw.
315 2686 361 2713 27.
400 2686 447 2713 τί
470 2686 533 2714 Cor.
559 2693 596 2718 vt,
622 2686 649 2713 7.

66 2732 122 2757 ιιι,
137 2725 165 2751 5.
205 2724 228 2740 δ’·
248 2723 330 2750 Zaeh.
346 2730 384 2754 ix,
397 2721 439 2749 I0.

100 2782 159 2817 (76)
175 2783 236 2821 Quo
248 2789 312 2821 mss.
327 2782 513 2814 Ebroicenscs,
525 2792 545 2821 ut
562 2780 726 2821 IllSItIIaS'.-?.
786 2815 803 2821 __
819 2815 825 2821 _

101 2815 160 2853 (77)
181 2817 271 2844 Codex
291 2818 434 2853 Sangrrm.
459 2816 615 2844 taudimus.
630 2825 640 2842 ι
668 2815 746 2844 Libb.
761 2815 827 2843 editi
847 2824 853 2842 :

70 2863 78 2879 t
89 2853 253 2881 audivimus.
267 2863 276 2878 ι

554 133 587 161 IN
607 133 734 161 LIBRUM
753 132 834 160 JESU
856 133 947 162 NAVE
968 134 1108 164 Il0.\IlLl;\
1130 137 1187 164 XV.

686 2687 709 2703 ⁸ο
734 2685 833 2720 Ephcs.
857 2693 895 2717 ιι,
920 2685 963 2711 ll.

1640 135 1694 163 898

869 196 889 224 Α
909 193 954 219 Dri
971 193 1083 228 implens
1094 194 1185 225 Iesus,
1201 193 1265 221 fecit
1280 193 1350 220 sicut
1365 192 1493 228 praecepit
1508 193 1532 220 ei
1550 192 1690 222 Dominus.

906 239 933 266 In
952 248 1004 273 quo
1021 241 1109 274 primo
1125 241 1245 268 ontnium
1267 240 1382 267 dicimus
1396 239 1430 265 ad
1445 246 1502 271 eos,
1527 240 1572 274 qui
1598 241 1693 267 volunt

904 286 1053 314 secundum
1067 285 1185 313 litteram
1203 290 1307 312 tantum
1324 285 1381 312 lucc
1393 284 1474 322 432
1487 286 1612 321 intelligi,
1629 287 1694 320 quia

905 328 927 355 si
942 328 1050 362 quidem
1063 328 1263 362 supertuissent.
1281 329 1365 363 aliqui
1381 337 1415 356 ex
1440 330 1575 362 hostibus,
1594 339 1692 357 conse-

904 381 990 408 quens
1003 374 1145 400 videbatur
1157 381 1243 408 equos
1257 375 1431 406 sulmervari,
1457 383 1490 402 ne
1511 377 1549 402 uti
1565 377 1604 403 eis
1629 376 1692 411 quis

904 424 996 452 posset
1018 419 1051 446 ad
1083 418 1185 453 fugam.
1206 419 1284 447 Nunc
1306 428 1370 447 vero
1395 428 1456 448 cum
1481 422 1590 449 dicatur
1604 423 1695 449 nullus

905 465 1018 492 relictos
1040 473 1101 492 esse
1125 466 1172 501 qui
1189 466 1307 501 spiraret
1335 467 1360 494 in
1385 468 1520 499 hostibus,
1536 477 1586 498 cur
1611 470 1693 498 etiam

904 513 965 546 equi
980 513 1142 539 sulntervari
1163 512 1306 546 jubentur,
1334 513 1378 546 qui
1403 514 1496 548 utique
1512 515 1570 542 usui
1586 522 1618 544 ae
1645 515 1696 542 mi-

905 558 1018 584 nisterio
1035 563 1160 592 poterant
1175 566 1235 586 esse
1253 559 1420 586 victoribus?
1445 560 1492 586 Vis
1513 565 1602 587 autem
1622 561 1695 587 scire

904 603 968 638 quia
982 604 1084 631 soleant
1109 604 1237 632 Israelita:
1257 605 1338 638 hujus
1356 606 1393 633 rei
1408 611 1436 633 et
1452 606 1578 633 utilitatis
1590 607 1692 634 habere

905 657 1010 682 curam,
1025 655 1051 676 ct
1071 650 1186 677 devictis
1208 651 1332 678 hostibus
1346 653 1378 678 ad
1394 659 1459 679 suos
1474 660 1539 679 usus
1554 660 1694 680 reservare

902 693 1041 727 jumenta?
1071 695 1098 722 lu
1121 695 1247 723 Numen-is
1270 696 1386 731 legimus
1407 699 1538 732 scriptum
1563 699 1598 731 θ’,
1631 700 1694 734 quia

905 748 965 767 eum
980 749 1012 768 cx
1029 747 1164 775 przcccpto
1182 741 1229 769 Dei
1247 744 1446 776 processissent
1459 752 1581 779 pugnare
1597 745 1694 772 adver-

905 796 963 814 sum
987 787 1165 821 Madianitas,
1192 789 1305 817 devictis
1329 791 1453 818 hostibus
1480 791 1583 826 aliquot
1611 791 1694 819 millia

906 834 1044 873 asinorum
1066 835 1098 861 de
1117 834 1206 869 pricda
1225 835 1345 862 hostium
1365 843 1542 864 reservarunt
1559 838 1618 864 suis
1639 839 1695 864 usi-

905 879 955 905 bus
969 879 1136 914 profuturos,
1157 888 1207 908 nec
1221 881 1333 908 oumino
1348 881 1467 909 refertur
1481 883 1517 912 ibi
1534 883 1595 918 quia
1609 884 1695 911 inter-

903 924 1017 954 fecerint
1033 927 1124 956 asinos
1148 927 1269 954 hostibus
1282 928 1427 962 superatis.

939 972 966 1000 5.
996 973 1050 1000 Nos
1081 980 1145 1008 ergo
1174 973 1343 1008 Scripturam
1373 979 1496 1003 sanetam
1531 976 1694 1012 sibimetipsi

903 1020 1086 1054 conferentes,
1102 1025 1129 1048 et
1142 1021 1312 1055 spiritalibus
1327 1022 1462 1055 spiritalia
1486 1027 1694 1057 comparantes,

904 1066 1076 1100 requiramus
1090 1067 1156 1101 quid
1170 1071 1211 1093 est
1225 1066 1296 1100 quod
1309 1066 1341 1093 de
1358 1067 1446 1094 asinis
1459 1067 1568 1102 quidem
1582 1076 1636 1096 non
1653 1073 1695 1096 est

903 1111 1034 1145 scriptum
1050 1112 1111 1146 quia
1136 1111 1291 1139 subuervati
1307 1117 1387 1145 sunt,
1411 1120 1460 1140 nec
1484 1113 1693 1142 llladianitarum

904 1157 988 1192 spolia
1003 1158 1046 1185 vel
1065 1158 1193 1185 animalia
1214 1158 1375 1194 interempta
1406 1159 1541 1192 dicantur,
1561 1160 1608 1187 sed
1629 1168 1695 1195 pro-

905 1204 988 1232 fuisse
1005 1205 1161 1232 lsraeliticis
1190 1205 1283 1232 usibus
1297 1213 1304 1232 :
1318 1206 1352 1232 de
1365 1205 1425 1232 istis
1447 1210 1538 1236 autem
1559 1206 1606 1241 qui
1633 1215 1688 1235 non

905 1251 1043 1278 habebant
1061 1251 1161 1283 asinos,
1181 1251 1228 1278 sed
1247 1258 1334 1285 equos
1347 1270 1355 1284 ,
1378 1252 1506 1286 pramepit
1531 1252 1588 1287 ipse
1603 1253 1695 1281 Domi-

905 1305 967 1329 nus,
986 1302 1013 1324 et
1028 1297 1206 1332 dixit,Equos
1221 1305 1317 1325 eorum
1333 1299 1537 1327 subnervabitis
1554 1309 1561 1328 :
1577 1301 1649 1335 quod
1668 1305 1696 1328 et

904 1342 985 1370 Jesus
1001 1342 1073 1370 sicut
1086 1350 1102 1370 a
1118 1342 1234 1370 Domino
1248 1345 1404 1377 mandatur,
1416 1345 1547 1380 explevit.
1564 1346 1695 1374 Pulamus

905 1388 962 1415 haec
981 1388 1113 1416 accidisse
1131 1387 1264 1422 fortuitu,
1287 1394 1316 1416 ut
1341 1391 1402 1425 equi
1422 1390 1535 1419 hostiles
1554 1391 1696 1419 interimo—

905 1439 1012 1465 rcntur,
1033 1438 1060 1461 et
1077 1434 1147 1461 asini
1167 1440 1354 1468 servarentur,
1384 1440 1411 1463 et
1438 1436 1464 1463 in
1484 1438 1625 1472 priet-eritis
1649 1438 1695 1465 Dei

905 1479 1017 1506 fortuita
1040 1479 1131 1515 aliqua
1157 1481 1324 1509 arbitramur
1355 1483 1496 1510 incidere?
1524 1484 1565 1511 An
1589 1484 1696 1519 dignius

905 1526 1011 1552 videtur
1030 1531 1058 1554 ut
1073 1531 1201 1561 putemus
1217 1528 1305 1562 magis
1325 1529 1350 1555 in
1365 1529 1398 1556 iis
1414 1529 1585 1564 Scripturam
1598 1532 1696 1566 mysti-

903 1581 964 1600 cutn
984 1573 1086 1607 aliquid
1104 1573 1250 1602 iudicare?
1270 1575 1391 1611 Denique
1407 1580 1434 1603 et
1456 1576 1502 1603 filii
1521 1577 1605 1604 Israel
1629 1586 1696 1604 ιιιιιι-

904 1627 985 1654 quam
1008 1620 1087 1655 equis
1112 1620 1152 1647 usi
1173 1628 1234 1648 esse
1257 1621 1424 1654 referuntur,
1451 1627 1479 1650 et
1498 1622 1540 1650 lex
1568 1623 1635 1650 nihil
1663 1624 1697 1651 de

902 1666 992 1701 equis,
1008 1667 1055 1693 sed
1070 1666 1103 1693 de
1117 1666 1204 1694 asinis
1229 1668 1350 1700 mandat,
1369 1672 1463 1703 utpote
1478 1669 1512 1696 de
1533 1669 1697 1696 anitnalibns

904 1720 964 1747 quae
987 1714 1022 1740 ad
1047 1713 1181 1741 humanos
1205 1713 1313 1742 labores
1334 1715 1478 1749 juvandos,
1505 1721 1533 1744 et
1557 1716 1590 1743 ad
1611 1724 1696 1745 onera

903 1767 997 1787 eorum
1014 1760 1146 1794 portanda
1159 1760 1285 1787 videntur
1296 1762 1439 1794 exsistere,
1456 1763 1517 1797 equi
1531 1770 1594 1790 vero
1610 1764 1697 1799 magis

904 1805 936 1832 ad
953 1805 1091 1832 hominum
1107 1806 1287 1840 perditionem
1304 1815 1310 1833 :
1331 1806 1382 1834 hoc
1402 1808 1473 1834 enim
1492 1815 1544 1840 est,
1560 1809 1631 1842 quod
1649 1818 1697 1844 per

904 1859 951 1878 cos
977 1852 1004 1878 in
1026 1851 1126 1886 prthiis
1146 1853 1262 1887 geritur.
1288 1852 1394 1880 Last-ivi
1413 1858 1502 1880 motus
1530 1854 1642 1887 animal,
1668 1861 1696 1882 et

904 1898 1027 1932 superba!
1053 1898 1170 1926 cervicis
1198 1899 1342 1933 accipitur.
1369 1898 1438 1926 Sunt
1460 1907 1526 1933 ergo
1544 1899 1612 1927 asini
1641 1901 1696 1928 fre-

904 1948 1019 1978 quenter
1031 1951 1045 1971 a
1064 1944 1206 1979 Scriptura
1233 1944 1260 1971 in
1282 1950 1345 1980 typo
1366 1945 1487 1980 gentium
1506 1946 1584 1980 positi
1604 1947 1696 1974 :sient

903 1995 932 2016 et
948 1989 1072 2018 Salvator
1087 1989 1242 2017 ostenditur
1255 1997 1336 2025 supra
1358 1991 1466 2017 asinum
1484 1991 1594 2023 sedens,
1621 1999 1693 2018 ιιιιιι-

904 2043 985 2071 quam
998 2041 1088 2063 autern
1099 2042 1170 2071 equo
1182 2035 1281 2063 sedens
1294 2036 1421 2064 refertur.
1435 2036 1486 2063 Sed
1498 2041 1526 2064 et
1541 2045 1603 2064 cum
1616 2037 1697 2064 dist-i-

904 2083 982 2118 pulos
1001 2082 1082 2110 mittit
1105 2083 1138 2109 ad
1152 2082 1309 2110 solvendam
1329 2083 1443 2114 asinam.
1473 2088 1501 2111 et
1520 2084 1622 2118 pullum
1641 2085 1696 2111 asi-

905 2137 956 2162 nae,
967 2129 1032 2156 dicit
1045 2129 1085 2156 eis
1097 2128 1139 2155 ⁸³ε
1158 2137 1168 2155 t
1187 2129 1216 2156 Si
1230 2129 1291 2163 quis
1307 2136 1354 2157 vos
1370 2129 1590 2165 interrogaverit,
1614 2131 1696 2158 dicite

905 2176 967 2210 quia
982 2176 1112 2203 Dominus
1129 2175 1170 2203 eis
1187 2183 1257 2210 opus
1274 2175 1365 2203 habet.
1379 2185 1388 2202 ι
1426 2175 1459 2202 Ει
1488 2176 1589 2203 sedens
1615 2184 1698 2211 super

905 2226 966 2246 eum
977 2219 1127 2254 ingreditur
1139 2219 1300 2252 Jerusalem,
1317 2225 1345 2247 et
1359 2228 1496 2255 nunquam
1508 2229 1579 2256 equo
1592 2222 1694 2248 sedens

904 2265 1044 2300 ingressus
1057 2272 1118 2293 esse
1130 2265 1241 2293 dicitur.
1263 2266 1316 2293 Sed
1334 2271 1361 2294 et
1381 2267 1514 2302 propheta
1531 2268 1565 2294 de
1584 2267 1642 2302 ipso
1660 2268 1696 2294 ita

903 2311 1137 2346 pranuntiavet‘at
1160 2311 1233 2346 quod
1255 2312 1354 2339 sedens
1379 2312 1456 2340 asino
1480 2313 1586 2340 veniret
1601 2313 1635 2340 ad
1652 2311 1697 2340 Je-

904 2358 1033 2391 rusalem,
1067 2358 1162 2385 dicens
1187 2358 1211 2374 ⁸⁸
1231 2367 1237 2385 :
1255 2358 1348 2386 «Ecce
1378 2367 1425 2386 rex
1450 2363 1511 2386 tuus
1538 2364 1697 2386 mansuetus

913 2405 1011 2431 sedens
1018 2411 1100 2439 super
1113 2404 1282 2440 subjugalem
1300 2410 1327 2432 et
1341 2404 1443 2440 pullum
1455 2405 1537 2432 asina:
1549 2405 1696 2433 novellum.

904 2451 936 2478 Et
951 2451 1143 2478 exterminabit
1156 2458 1253 2479 currus
1269 2450 1397 2485 Ephrem,
1417 2455 1444 2478 et
1455 2458 1553 2486 equum
1567 2458 1601 2478 ex
1616 2450 1696 2478 Ieru-

905 2497 1001 2524 salem.
1021 2506 1030 2522 ι
1060 2497 1140 2524 Vides
1160 2504 1224 2532 ergo
1238 2497 1300 2531 quia
1315 2496 1382 2531 (79).
1396 2497 1544 2523 secundum
1559 2497 1698 2531 prophetae

904 2543 1079 2576 sententiam,
1094 2543 1139 2578 qui
1160 2550 1241 2577 super
1264 2542 1369 2570 asinum
1386 2541 1476 2574 sedet,
1505 2542 1698 2569 exterminabit

879 2588 883 2592 '
904 2596 1002 2616 euri-us
1018 2589 1148 2624 Ephrem,
1165 2593 1193 2616 et
1216 2596 1315 2622 eqtntm
1337 2588 1370 2615 de
1395 2587 1557 2614 Jerusalem.
1585 2588 1616 2615 Et
1638 2589 1698 2615 ideo

905 2637 1032 2662 videntur
1051 2635 1115 2662 mihi
1137 2634 1206 2662 asini
1224 2633 1346 2668 quidem,
1375 2638 1404 2660 ut
1430 2634 1558 2665 diximus,
1584 2634 1697 2669 figuram

1001 2684 1022 2700 ⁸¹
1038 2682 1096 2711 Jos.
1116 2690 1156 2714 ιιι,
1180 2682 1258 2709 9-H.
1303 2681 1326 2697 ⁸¹
1343 2681 1422 2708 Νιιιιι.
1445 2689 1521 2708 xxxr.
1559 2681 1581 2697 ⁸³
1599 2681 1696 2709 lllntth.

955 2779 1000 2821 78)
1021 2777 1104 2812 ldcm,
1122 2787 1131 2804 t
1153 2782 1323 2813 pugnaturae.
1343 2786 1351 2803 ι
1375 2776 1454 2804 Libb.
1473 2777 1550 2810 editi,
1574 2785 1698 2813 «pugna-

909 2820 1002 2885 Μιθθῖ
1017 2849 1078 2877 Ilss.
1097 2859 1105 2875 ι
1121 2849 1194 2884 quia.
1210 2858 1219 2875 ›
1239 2848 1318 2876 Libb.
1336 2849 1409 2879 editi,
1434 2857 1442 2874 ι
1458 2847 1605 2883 quomodo.
1621 2857 1630 2874 ι
