1902 3052
211 132 264 161 899

934 127 1094 157 ORIGEXIS

1796 125 1847 150 909

212 199 322 220 servare
341 199 435 219 eorum
451 192 495 227 qni
509 199 541 220 ex
556 192 679 227 gentibus
696 192 822 225 credunt,
840 199 922 226 super
933 198 1002 225 quos
1017 191 1039 219 Α
1053 188 1115 223 quis
1141 189 1232 222 equini
1258 188 1366 222 generis
1389 187 1422 213 de
1439 186 1534 221 spoliis
1549 185 1667 212 hostium
1682 190 1763 219 capta
1783 186 1847 212 Sub-

213 239 269 275 (80)
286 239 388 266 sedisse
406 238 536 266 scribitur
549 239 693 272 Dominus;
704 239 764 272 eqin
778 245 840 264 vero
853 239 898 272 qui
911 242 1003 265 exter-

213 286 359 317 minamur,
378 291 404 312 et
417 293 523 317 currus,
540 285 651 319 figuram
666 291 758 312 tenere
772 285 879 311 illorum
889 304 896 316 ,
910 283 955 318 qui
976 285 1002 309 in

212 331 368 358 cuilestibus
382 331 472 364 positi,
487 338 534 365 per
551 330 691 358 laSt-iviam
707 335 734 357 et
756 330 910 364 superbiam
927 329 1002 356 deci.

213 377 319 407 derunt,
336 376 443 410 quando
455 376 494 403 vel
511 376 543 402 ad
564 376 633 403 ﬁlias
650 377 788 403 homitmm
805 376 1002 410 concupiscat-

211 420 269 452 das,
287 421 448 455 semetipsos
474 421 629 448 incentorcs
656 421 711 456 (Si)
736 423 930 456 prznbuerunt,
961 422 1001 448 vel

210 465 296 491 secuti
323 470 386 492 sunt
413 466 500 497 illum,
526 466 571 500 qui
597 466 667 492 dixit
687 466 711 482 ⁸³
734 475 741 493 :
768 466 893 493 «Ponant
922 474 1003 501 super

211 511 297 537 nubes
321 511 411 537 sedem
439 518 536 542 n-eam,
568 515 595 537 et
620 518 667 538 ero
693 511 789 538 similis
817 511 970 539 Altissimo.
991 521 1000 537 ι

211 556 275 584 Inde
293 556 417 584 fortassis
432 562 474 583 est
490 557 561 591 quod
577 562 604 584 et
619 557 754 592 Propheta
772 558 839 585 dicit
855 558 877 574 ⁸⁸
894 567 900 585 :
920 568 929 583 (
942 557 1003 584 Fal-

216 609 264 629 sus
280 610 367 637 equus
379 603 411 628 ad
428 602 553 629 salutem.
570 611 580 629 ι
606 602 639 629 Ει
652 603 750 630 iterum
765 603 828 630 dicit
856 604 888 630 de
911 604 942 630 iis
957 603 1001 638 qui

213 648 240 675 in
259 648 427 675 dmmonibus
445 648 616 676 conﬁdebant
632 649 655 664 "
674 657 682 676 :
699 659 707 674 (
722 649 752 675 111
771 649 796 675 in
814 650 958 681 curribus,
972 655 1000 677 et

212 695 229 722 ii
247 695 273 721 in
289 695 380 726 equis,
395 702 444 721 nos
457 701 548 721 autem
566 695 592 722 in
611 695 722 722 nomine
747 695 793 721 Dei
818 695 905 722 nostri
926 696 1003 723 invo—

211 740 333 767 cabimus
357 740 422 776 (821.
441 750 449 766 ι
472 740 564 776 Neque
580 741 652 767 enim
671 749 772 768 currus
789 745 816 769 et
837 749 921 776 equos
947 742 1002 769 Deo

211 785 372 812 contulisset
388 790 520 820 quantum
550 787 583 812 ad
611 786 791 813 invocantium
814 791 918 821 spectat
935 788 1002 814 :scd

211 830 304 864 utique
338 831 388 857 hoc
416 830 548 862 ostendit,
578 832 640 865 quia
667 832 740 858 sicut
763 839 812 858 nos
842 832 1000 859 invocamus

213 876 295 904 Deum
311 885 413 910 vei-nni,
432 877 467 904 ita
485 877 520 904 illi
548 878 676 904 invocant
690 885 788 904 currus
810 882 837 905 et
853 886 948 912 equos,
972 878 999 906 id
1018 864 1038 892 Β

211 929 254 950 est
273 924 420 956 dmmoues,
449 932 518 959 quos
537 923 699 950 invocabant
725 929 821 959 gentes
850 925 917 957 illm,
942 933 1002 959 qum

211 970 342 997 adversus
366 970 448 997 Israel
464 971 562 998 bellum
579 970 718 1005 gerebant.
738 970 790 998 Sed
809 975 837 998 et
857 971 1000 1007 Egyptio-

212 1023 270 1041 rum
287 1023 373 1050 equos
390 1021 587 1043 counuemorat
615 1015 756 1049 Scriptura
772 1037 778 1049 ,
801 1022 827 1044 et
845 1017 911 1044 istos
930 1017 1003 1052 ipsos

211 1068 279 1095 quos
295 1069 366 1088 nunc
391 1062 510 1089 interimi
535 1061 620 1096 jubet.
647 1061 722 1089 Unde
744 1063 795 1090 hoc
822 1063 933 1099 intelligi
956 1063 1002 1089 da-

212 1113 254 1134 tur
267 1107 333 1143 (83),
345 1109 416 1142 quod
429 1108 455 1134 in
473 1113 535 1143 typo
550 1108 658 1143 quidem
675 1110 814 1136 asinorum
831 1115 926 1144 gentes
941 1118 1003 1144 qua:

210 1153 243 1179 ad
268 1153 456 1180 credulitatem
483 1154 604 1186 veniunt,
633 1155 731 1182 merito
757 1161 933 1182 reservantur
949 1163 956 1183 :
972 1155 999 1183 in

212 1205 274 1234 typo
299 1207 363 1227 vero
387 1208 529 1235 equorum,
557 1206 583 1228 et
611 1209 760 1234 currumu,
790 1202 927 1230 daemones
953 1203 1000 1237 qui

210 1245 335 1272 lnnnauze
355 1245 434 1272 saluti
450 1246 598 1273 adversarii
615 1252 687 1280 sunt,
716 1252 742 1274 et
769 1248 883 1279 inimici,
901 1249 1001 1276 merito

211 1291 392 1324 perinumtur.
409 1291 461 1319 Sed
478 1297 504 1319 ct
522 1292 543 1319 si
559 1293 700 1326 passiones
718 1294 839 1328 corporis
850 1313 859 1326 ,
889 1294 915 1321 id
941 1299 1000 1326 est,

210 1336 364 1370 libidinem,
380 1337 528 1368 lasciviam.
547 1337 589 1365 vel
605 1338 781 1373 superbiam,
798 1346 831 1366 ae
848 1339 998 1372 levitatem,

211 1381 311 1416 quibus
336 1381 431 1408 infelix
459 1382 548 1409 anima
577 1382 650 1409 velut
674 1384 803 1418 equitans
820 1389 958 1418 vectatur,
975 1391 1003 1412 et

211 1429 298 1457 fertur
327 1430 361 1457 ad
383 1430 542 1465 pracipitia,
571 1436 656 1464 equos
680 1439 751 1458 nunc
769 1432 821 1459 diei
845 1436 872 1459 et
902 1440 998 1460 currus

212 1475 410 1510 intelligamus,
432 1480 458 1502 et
483 1475 556 1510 ipsos
569 1483 630 1502 esse
657 1476 702 1510 qui
729 1485 761 1504 ex
788 1484 926 1513 prmcepto
955 1479 1001 1505 Dei

1055 239 1158 261 nervet.
1168 234 1287 266 Quorum
1298 239 1387 261 autem
1398 233 1458 267 equi
1472 231 1688 259 sulmervantur?
1700 231 1747 258 Est
1759 232 1845 258 etiam

1055 280 1105 307 hoc
1115 287 1203 313 opera:
1217 280 1332 314 pretium
1347 285 1479 313 quau-ere.
1497 277 1598 312 Equos,
1613 277 1703 311 inquit
1713 277 1748 310 '°,
1764 275 1847 305 Jahiu

1053 326 1133 362 433
1141 325 1355 353 subnervandos.
1365 324 1443 351 .labin
1454 329 1543 351 autem
1555 323 1695 358 prudentia
1710 323 1847 356 interpre-

1055 375 1128 398 tatur
1152 370 1194 398 vel
1209 378 1312 399 senatu.
1338 370 1403 403 Quae
1429 373 1470 396 est
1485 371 1535 395 ista
1551 367 1705 403 prudentia,
1725 367 1768 394 vel
1785 367 1848 402 quis

1054 424 1165 449 sensus,
1184 416 1262 450 eujns
1284 415 1494 442 subnervandus
1514 420 1554 442 est
1574 414 1692 441 currus?
1712 413 1788 441 Illius
1806 414 1847 440 ui-

1054 464 1152 490 mirum
1163 485 1169 496 ,
1189 463 1222 490 de
1236 470 1287 497 qua
1303 462 1369 488 dicit
1384 461 1529 496 Apostolus
1544 461 1577 492 ⁹¹,
1594 461 1656 495 quia
1676 469 1686 486 (
1698 461 1846 496 prudentia

1054 510 1146 536 carnis
1170 509 1281 536 inimica
1298 512 1339 535 est
1365 508 1438 534 Deo:
1458 517 1468 534 ι
1494 513 1520 535 et
1541 507 1584 535 ille
1608 515 1704 534 sensus
1719 528 1727 537 ,
1743 508 1778 534 de
1795 515 1847 542 quo

1054 557 1119 583 dicit
1142 557 1174 589 9',
1203 565 1212 582 (
1228 556 1312 583 inllati
1332 563 1411 583 sensu
1438 555 1530 583 carnis
1552 562 1618 581 sum.
1635 564 1643 580 ι
1674 553 1754 581 Jabin
1780 562 1845 581 vero

1055 609 1102 629 rrx
1117 602 1196 629 Asor.
1218 602 1288 629 Asnr
1304 607 1394 628 autem
1420 602 1483 628 aula
1499 602 1707 635 interpretatur.
1729 599 1794 627 “ac
1804 606 1843 626 est

1053 649 1124 674 Asor
1140 655 1200 682 qme
1214 647 1335 674 omnium
1353 647 1450 674 horum
1479 654 1622 681 regnorum
1636 646 1762 673 obtinere
1780 646 1843 673 dici-

1055 698 1099 721 tur
1122 694 1328 728 principatum:
1354 694 1399 728 qni
1423 693 1586 728 intelligitur
1609 693 1737 727 princeps
1766 692 1844 727 hujus

1054 740 1147 766 mutuli
1168 747 1285 774 regnans
1300 740 1324 767 in
1342 740 1402 766 aula
1419 760 1426 770 .
1452 740 1476 767 id
1492 745 1530 767 est
1544 760 1551 772 ,
1566 747 1648 774 super
1663 745 1783 773 terram,
1807 741 1846 768 vel

1053 786 1125 820 quod
1150 786 1236 820 majus
1251 792 1293 814 est
1308 807 1315 817 .
1338 787 1363 813 in
1382 787 1455 814 vitiis
1473 787 1576 814 carnis.
1601 785 1654 813 Sed
1678 791 1706 814 ct
1722 787 1845 814 omnium

1057 831 1161 859 illorum
1186 840 1289 867 regum,
1314 841 1432 866 quoruut
1454 833 1507 860 vim
1528 833 1677 860 secundum
1704 833 1846 861 nominum

1053 885 1164 904 suorqu
1178 878 1429 912 interpretationem
1440 878 1496 912 jam
1511 883 1572 905 ante
1582 878 1772 912 exposuimus,
1786 879 1847 913 equi

1054 925 1088 952 ab
1100 923 1164 951 .lesu
1181 925 1308 952 dicuntur
1325 925 1452 952 interfici.
1471 924 1589 957 Quorum
1605 932 1654 951 nos
1669 924 1691 950 si
1707 929 1785 951 recte
1799 925 1848 950 sub

1052 971 1116 999 Jesu
1140 972 1209 998 duce
1237 971 1405 1003 militamus.
1435 971 1565 998 debemus
1585 970 1612 997 in
1639 969 1850 1005 nobismetipsis

1053 1017 1215 1045 abscindere
1231 1018 1309 1049 vitia,
1327 1022 1354 1044 et
1368 1023 1479 1052 accepto
1495 1016 1611 1050 spiritali
1627 1016 1720 1051 gladio
1732 1017 1850 1044 subner-

1054 1070 1117 1089 vare
1130 1070 1238 1089 omnem
1261 1063 1342 1090 istum
1360 1063 1510 1097 equitatqu
1534 1063 1681 1097 pessimum
1704 1062 1849 1090 vitiorum.

1054 1107 1107 1135 Sed
1123 1113 1149 1135 ct
1170 1117 1266 1136 currus
1278 1109 1409 1136 debemus
1424 1109 1569 1136 incendere
1579 1129 1586 1140 ,
1602 1109 1627 1136 id
1642 1113 1696 1142 est,
1709 1116 1823 1136 omnem
1836 1117 1849 1135 a

1054 1154 1133 1181 nobis
1145 1155 1311 1189 arrogantiae
1328 1159 1356 1182 et
1373 1155 1499 1183 elationis
1517 1155 1641 1189 spiritum
1661 1163 1803 1188 resecare,
1822 1162 1851 1182 ut

1054 1200 1124 1227 ultra
1146 1208 1200 1228 non
1219 1201 1244 1227 in
1260 1202 1338 1236 equis
1357 1209 1444 1236 neqtte
1461 1202 1486 1228 in
1503 1202 1586 1228 armis
1599 1222 1606 1233 ,
1627 1201 1672 1229 sed
1693 1203 1720 1228 in
1736 1203 1850 1229 nomine

1054 1246 1160 1274 Domini
1184 1247 1229 1274 Dei
1247 1248 1331 1275 nostri
1356 1248 1521 1275 iuvocenms.
1539 1247 1681 1280 Quomodo
1703 1253 1801 1275 autem
1825 1250 1850 1274 in

1054 1293 1259 1328 nobismetipsis
1281 1293 1476 1328 complebimus
1498 1300 1524 1321 et
1549 1295 1600 1321 hoc
1620 1294 1694 1328 quod
1715 1295 1796 1328 dicit,
1823 1302 1852 1322 ut

1054 1347 1107 1365 non
1134 1339 1291 1366 remittatur
1316 1339 1388 1366 ullus
1405 1339 1450 1374 qui
1477 1339 1616 1374 respiret?
1636 1339 1790 1368 Videndum
1811 1348 1852 1368 est

1054 1384 1115 1418 quis
1129 1384 1226 1418 sitqui
1249 1391 1300 1412 nec
1323 1385 1460 1420 respirare
1483 1386 1592 1419 quidem
1616 1393 1666 1420 per
1680 1393 1850 1421 prmi-cptum

1057 1430 1166 1458 Domini
1179 1430 1301 1464 jubetur.
1325 1430 1406 1458 Verbi
1422 1437 1502 1458 causa
1519 1451 1527 1461 .
1546 1432 1568 1458 si
1591 1432 1630 1458 ira
1648 1433 1810 1460 ascenderit
1827 1434 1851 1460 iu

1054 1483 1101 1503 cor
1117 1484 1205 1503 meum
1219 1496 1226 1508 ,
1244 1481 1332 1511 potest
1348 1476 1405 1515 lieri
1430 1481 1458 1503 ut
1472 1484 1554 1512 opera
1573 1477 1682 1511 quidem
1700 1478 1852 1507 iracundia:

210 1522 369 1549 subncrvari
383 1521 522 1556 jubentur,
548 1530 599 1548 non
622 1522 674 1549 erit
701 1524 799 1551 rationi
821 1531 920 1552 nostra:
937 1533 1003 1553 con-
1016 1536 1038 1565 C
1057 1530 1108 1550 non
1125 1523 1266 1557 impleam,
1282 1523 1324 1550 vel
1343 1528 1414 1550 metu
1430 1524 1589 1556 deterritus,
1605 1524 1647 1551 vel
1660 1525 1746 1552 etiam
1763 1526 1850 1553 futuri

212 1568 294 1595 traria
327 1568 515 1604 intelligentia.
549 1570 739 1598 Subnervatur
782 1579 870 1606 equus
903 1573 1002 1607 quippe

209 1615 317 1649 quando
346 1615 463 1650 jejuniis,
481 1622 508 1644 et
533 1616 645 1652 vigiliis,
672 1622 700 1645 et
727 1618 801 1645 omni
830 1619 1002 1647 abstinentia:

210 1660 356 1689 afﬂictione
382 1669 482 1696 corpus
508 1663 678 1691 liumiliatur.
705 1664 740 1691 Et
755 1672 852 1692 currus
868 1665 922 1700 igni
936 1673 1002 1692 exu~

211 1712 315 1738 runtur.
345 1716 404 1734 cum
434 1708 460 1735 in
491 1708 569 1736 nobis
597 1710 751 1744 completur
779 1718 869 1738 sermo
895 1711 1002 1740 Domini

210 1753 325 1781 dicentis
334 1752 392 1778 ἠτα
404 1754 494 1788 Ignem
507 1755 569 1781 verti
591 1755 699 1782 mittere
712 1756 737 1782 in
753 1760 864 1789 terram,
880 1761 908 1784 et
919 1765 1002 1792 quam

209 1799 271 1826 volo
289 1804 318 1826 ut
334 1800 507 1827 accendatur.
528 1809 538 1826 ›
570 1799 629 1833 Quo
648 1801 709 1835 igne
729 1800 786 1834 jam
800 1809 828 1829 se
852 1802 888 1829 illi
905 1804 1002 1832 ardere

209 1844 327 1872 cenfessi
339 1850 410 1877 sunt,
428 1846 473 1881 qui
491 1845 616 1874 dicebant
628 1847 650 1862 ⁸³
662 1856 668 1873 ;
681 1856 690 1872 (
707 1847 801 1874 Nunne
817 1856 866 1875 cor
879 1855 1000 1876 nostrum

209 1895 269 1918 erat
279 1891 378 1918 ardens
394 1891 462 1918 intra
480 1899 541 1925 nos,
564 1900 626 1919 cum
647 1893 805 1927 adaperiret
823 1895 901 1922 nobis
921 1895 997 1922 Scri-

207 1938 322 1973 pturas?
339 1950 348 1964 ι
364 1937 429 1966 Ideo
440 1946 505 1973 ergo
520 1943 547 1966 et
566 1939 649 1967 falsus
661 1947 747 1974 equus
766 1940 868 1967 dicitur
882 1941 915 1967 ad
927 1940 1000 1968 salu-

209 1989 275 2015 tem,
298 1984 320 2011 si
345 1989 434 2012 moms
459 1986 582 2020 corporis
611 1986 696 2013 nostri
723 1986 788 2013 ferri
811 1987 1000 2021 permittamus

208 2029 342 2061 infrenos,
359 2038 409 2058 nec
428 2031 601 2059 abstinentia.-
616 2030 682 2066 jugo
703 2032 805 2059 lasciva
826 2033 919 2060 carnis
942 2033 1000 2068 (8-4)

208 2081 237 2102 et
253 2076 367 2110 superba
386 2077 455 2104 colla
472 2078 630 2106 subdamus.
659 2079 713 2107 Sed
735 2084 762 2106 et
793 2086 865 2106 nunc
889 2078 911 2106 si
937 2080 1000 2114 quis

1051 1569 1146 1604 judicii
1163 1570 1260 1596 timore
1275 1569 1411 1597 cohibitus
1426 1580 1431 1597 :
1451 1570 1498 1597 sed
1526 1578 1589 1601 non,
1608 1571 1705 1606 inquit,
1724 1572 1778 1599 hoc
1793 1573 1852 1600 suf-

1055 1617 1122 1649 ficit,
1135 1616 1268 1651 agendum
1285 1615 1330 1642 tibi
1345 1616 1435 1650 potius
1448 1621 1500 1647 est,
1514 1622 1646 1650 quatenus
1662 1625 1696 1644 ne
1708 1620 1765 1652 ipsa
1785 1620 1851 1652 qui-

1055 1662 1115 1690 dem
1131 1661 1278 1688 commotio
1292 1661 1437 1688 iracundiai
1452 1661 1542 1689 locum
1560 1662 1658 1689 habeat
1676 1663 1747 1689 intra
1764 1669 1803 1690 te.
1823 1663 1849 1690 Si

1056 1708 1127 1736 enim
1139 1707 1291 1735 effervescit
1309 1707 1417 1734 animus
1428 1712 1454 1733 et
1469 1707 1657 1739 conturbatur,
1667 1709 1775 1735 etiamsi
1797 1719 1848 1735 non

1054 1753 1208 1789 impleverit
1224 1760 1293 1788 opus
1306 1772 1312 1783 .
1328 1753 1385 1786 ipsa
1407 1757 1498 1779 tamen
1523 1753 1692 1787 perturbatio
1714 1754 1850 1782 indecens

1054 1805 1096 1828 cst
1117 1800 1142 1827 ei
1167 1799 1212 1834 qui
1236 1800 1287 1826 sub
1300 1799 1364 1826 Jesu
1384 1799 1483 1826 militat
1507 1799 1585 1826 duce.
1612 1800 1745 1828 Similiter
1765 1806 1797 1828 et
1817 1804 1849 1829 de

1053 1846 1280 1881 concupiscentia:
1306 1846 1373 1872 vitio
1389 1842 1449 1877 {et
1472 1845 1506 1872 de
1525 1845 1659 1878 tristitim,
1683 1848 1848 1881 cmterisquc

1053 1893 1179 1919 omnibus
1191 1891 1362 1919 sentiendum
1376 1895 1427 1918 est.
1442 1890 1478 1918 De
1488 1891 1586 1926 quibus
1598 1891 1703 1918 cunctis
1716 1891 1752 1918 ita
1763 1900 1848 1927 :Igcn-

1054 1939 1116 1965 dum
1130 1943 1172 1965 est
1196 1937 1329 1972 discipulo
1345 1935 1422 1967 Jesu.
1439 1941 1468 1963 ut
1483 1936 1550 1964 nihil
1570 1937 1680 1964 omnino
1695 1937 1796 1964 horum
1821 1939 1846 1964 in

1053 1985 1112 2020 ejus
1129 1986 1214 2012 corde
1239 1985 1353 2019 respiret
1367 1992 1375 2011 :
1393 1992 1428 2011 ne
1440 1984 1510 2011 forte
1524 1984 1546 2010 si
1563 1983 1639 2018 parvi
1656 1983 1773 2018 alicujus
1789 1984 1846 2010 vitii

1053 2037 1098 2057 aut
1115 2031 1284 2058 coltsuetudo
1298 2034 1345 2057 aut
1363 2029 1492 2065 cogitatio
1509 2029 1678 2064 relinquatur
1691 2029 1718 2055 in
1738 2031 1825 2057 corde
1838 2050 1846 2062 ,

1053 2085 1181 2113 processu
1195 2078 1324 2112 temporis
1337 2076 1521 2108 convalescat,
1534 2081 1561 2103 et
1572 2076 1699 2111 paulatim
1717 2077 1794 2103 vires
1807 2076 1846 2103 la-

208 2121 278 2149 furte
303 2130 336 2149 ex
360 2123 401 2149 his
431 2130 492 2157 qua:
514 2124 631 2152 dicimus
655 2125 701 2152 Dei
727 2125 817 2152 verbis
842 2125 1000 2152 stimulatur
1017 2134 1037 2161 ο
1053 2123 1159 2151 litando
1176 2123 1341 2158 conquirat,
1367 2128 1449 2157 atque
1466 2123 1499 2149 ad
1516 2122 1640 2149 ullimutn
1661 2128 1773 2149 revocet
1798 2130 1846 2149 nos

209 2173 291 2202 atque
302 2170 502 2203 compuugitur,
518 2171 578 2197 etis
594 2171 639 2205 qui
656 2171 785 2198 hesterno
801 2171 844 2198 die
855 2179 957 2205 pronus
971 2177 998 2198 et

210 2214 329 2241 fervidus
358 2220 486 2250 tanquam
516 2223 603 2250 equus
629 2217 654 2243 iu
683 2217 821 2244 libidinem
850 2217 998 2248 ferebatur,

211 2259 290 2286 hodie
304 2259 326 2286 si
340 2260 382 2286 his
398 2260 497 2288 auditis
512 2263 637 2296 paenitet,
652 2264 834 2295 convertitur,
853 2270 884 2290 ac
901 2271 999 2290 secun-

208 2305 271 2332 dum
290 2307 448 2340 prophetam
468 2315 482 2334 u
505 2308 602 2335 timore
621 2308 667 2335 Dei
683 2309 808 2336 confixus
824 2309 944 2336 refrenat
959 2317 998 2342 se,

209 2355 236 2377 et
249 2356 358 2378 revocat
372 2360 386 2378 a
404 2359 526 2386 peccato,
541 2359 569 2381 ct
582 2355 707 2389 pudicam
726 2355 823 2383 dehinc
837 2361 996 2390 castamque

208 2398 295 2433 dligit
315 2400 416 2432 vitam,
441 2400 594 2428 videbimur
621 2401 702 2428 etiam
734 2410 782 2428 nos
808 2402 896 2437 gladio
923 2402 996 2428 verbi

208 2444 255 2471 Dei
275 2442 427 2480 "evaginato
454 2446 635 2474 subnervasse
653 2455 738 2481 equos
756 2455 762 2474 :
778 2453 805 2474 et
832 2447 918 2482 magis
950 2455 997 2482 per

209 2491 259 2517 hoc
268 2491 348 2525 digne
357 2491 484 2526 impletur
497 2497 662 2527 praeceptum
675 2492 732 2525 Dei,
741 2499 821 2526 quam
834 2492 856 2519 si
869 2492 997 2518 animalia

242 2546 265 2562 ”
278 2547 336 2573 lsai.
359 2555 413 2576 xw.
429 2547 473 2574 14.
514 2547 537 2562 ⁸⁸
551 2547 621 2575 Psal.
640 2547 780 2579 uxu,i7.
817 2545 840 2563 ⁸⁷
858 2546 928 2573 Psal.
944 2547 1025 2577 “.7.

207 2582 228 2597 “
245 2581 324 2609 Βιιιιι.
340 2591 396 2614 ιιιι,
412 2583 438 2609 7.
477 2583 499 2599 "
512 2583 614 2611 Coloss.
634 2591 663 2614 ιι,
680 2583 720 2609 18.
759 2581 782 2597 ’³
797 2581 891 2609 Matth.
908 2590 955 2614 ut,
975 2582 1020 2609 45.

207 2672 224 2699 b
243 2638 298 2671 (80)
324 2638 387 2666 Mss.
415 2648 424 2665 (
448 2647 528 2674 super
557 2648 635 2674 quos.
659 2649 668 2666 ι
696 2639 776 2671 Editi,
800 2648 810 2665 (
837 2646 918 2674 super
941 2638 1001 2673 qui-

227 2681 268 2699 us.
283 2683 293 2699 ι

227 2681 268 2699 IIS.

245 2683 268 2699 Β.

208 2683 299 2768 ΓΠ(δῦ
319 2709 379 2736 Mss.
403 2719 411 2734 (
429 2709 595 2737 iuceutores.
613 2719 621 2736 I
640 2710 717 2737 Libb.
739 2709 816 2737 editi.
844 2719 853 2735 ι
877 2710 996 2737 incesta-

221 2751 291 2768 orus.
310 2754 319 2768 ι

221 2751 291 2769 υΓιτδ.
310 2754 319 2769 ι

243 2788 298 2822 (8'2)
316 2788 371 2815 Mss
398 2799 406 2815 (
423 2790 618 2817 invoraliiutus.
633 2800 641 2815 ι
661 2791 738 2818 Libb.
759 2791 825 2818 editi
850 2799 860 2816 (
886 2790 994 2824 magni-

210 2822 360 2850 iicahtmut'.
376 2834 385 2849 ι
418 2825 476 2860 nos
508 2826 592 2851 codex
620 2827 764 2859 Saugerm.
790 2834 902 2860 «neque
920 2822 992 2852 citim

211 2864 305 2884 currus
323 2863 348 2885 ct
363 2866 445 2893 equos
462 2859 515 2885 Dea
534 2861 689 2894 contuleris,
709 2862 756 2888 sed
776 2859 882 2895 utique,
900 2869 909 2887 ι
936 2865 989 2888 etc.

1052 2171 1084 2197 ad
1100 2171 1230 2197 vomitum
1246 2175 1381 2200 nostrum,
1402 2174 1430 2197 et
1445 2171 1510 2196 fiant
1527 2178 1536 2194 (
1555 2169 1671 2196 hominis
1688 2169 1762 2195 illius
1777 2178 1787 2194 ι
1803 2168 1843 2195 cui

1053 2217 1104 2243 hoc
1130 2216 1278 2248 acciderit,
1308 2224 1319 2241 (
1335 2215 1482 2243 novissima
1509 2215 1600 2249 pejora
1622 2214 1764 2250 prioribus
1784 2216 1816 2240 ".
1833 2225 1842 2240 ι

1052 2261 1109 2288 llnc
1127 2266 1185 2287 erat
1201 2261 1271 2295 quod
1291 2264 1318 2286 et
1342 2259 1477 2294 Propheta
1495 2259 1666 2294 prospiciens
1685 2258 1713 2285 iu
1731 2257 1846 2285 Psalmis

1052 2311 1198 2342 pnumouel
1216 2306 1309 2333 dicens
1328 2306 1370 2333 ἰε
1401 2315 1410 2332 (
1428 2305 1528 2332 Beatus
1550 2305 1595 2340 qui
1618 2309 1691 2331 leuet
1707 2309 1735 2331 et
1760 2305 1846 2331 allidit

1053 2352 1180 2387 parvulos
1198 2356 1259 2378 tttos
1272 2351 1306 2378 ad
1322 2356 1445 2386 petram;
1465 2359 1474 2375 ›
1494 2348 1641 2384 Babylonis
1658 2348 1767 2375 scilicet
1784 2356 1845 2382 par-

1052 2397 1139 2429 vr:l.:s,
1159 2398 1203 2431 qui
1222 2397 1287 2424 nulli
1306 2397 1351 2424 alii
1372 2396 1570 2431 intelliguntur,
1592 2395 1643 2423 nisi
1664 2395 1845 2430 cogitationes

1053 2445 1129 2472 mala:
1146 2452 1206 2479 qua!
1221 2451 1269 2470 cor
1291 2449 1413 2470 nostrmn
1428 2442 1598 2470 confundunt
1617 2447 1644 2469 ct
1667 2443 1842 2470 conturbant.

1053 2493 1109 2519 lloc
1128 2492 1202 2518 enim
1219 2492 1413 2525 interpretatur
1434 2491 1553 2526 Babylon
1569 2490 1636 2527 (85).
1652 2490 1718 2524 Qua:
1737 2490 1844 2525 cogita-

1074 2546 1097 2562 ⁸³
1112 2546 1178 2574 Luc.
1192 2554 1242 2578 xtl,
1255 2547 1300 2574 l9.
1348 2547 1371 2562 ⁸⁸
1384 2546 1529 2579 Lucxxtv,
1547 2545 1591 2572 32.

1059 2582 1083 2598 "’
1097 2582 1168 2609 l'sal.
1183 2590 1294 2615 cxxxvr,
1309 2581 1336 2609 9.

1061 2675 1067 2680 '
1092 2639 1148 2673 (85)
1164 2638 1228 2667 Mss.
1255 2648 1264 2664 (
1278 2639 1391 2675 intelligi
1405 2640 1495 2667 datur.
1516 2648 1524 2664 ι
1540 2637 1620 2665 Libb.
1640 2637 1718 2671 editi,
1739 2647 1749 2664 ι
1763 2637 1839 2665 intel—

1050 2674 1157 2745 hgiiiii'
1172 2683 1260 2745 Libb.,
1277 2709 1352 2741 editi,
1378 2719 1386 2735 ι
1410 2710 1467 2737 fieri
1492 2709 1681 2745 permittamus
1697 2708 1839 2745 iuuenes.

1051 2743 1101 2772 nec
1117 2743 1287 2772 abstinentiae
1297 2745 1361 2779 iugo
1378 2743 1515 2772 laSciviain
1532 2744 1635 2772 carnis.
1654 2753 1664 2768 ι
1689 2743 1747 2772 Sed
1759 2743 1838 2771 codex

1052 2780 1295 2814 Sangermaueusis
1312 2787 1339 2806 ut
1354 2781 1379 2806 iu
1394 2785 1487 2807 nostro
1503 2784 1589 2814 tevlu,

1088 2812 1145 2849 (δἐι)
1166 2814 1222 2841 [loc
1249 2815 1318 2841 cnim
1343 2812 1834 2848 interpremturBabylon.«Conl'ttsim

1643 2545 1666 2561 ⁹⁹
1683 2544 1742 2572 Jos.
1758 2553 1799 2577 xu,
1816 2544 1841 2571 6.

1046 2860 1166 2897 Babylon
1182 2861 1376 2896 interpretatur
1391 2870 1404 2888 a
1421 2853 1472 2892 '75:
1485 2871 1493 2887 (
1510 2861 1639 2889 confudit.
1657 2870 1666 2886 ι
