1896 3052
82 133 135 161 901

569 133 601 160 l.\'
623 133 754 162 LIBRUM
773 134 855 163 JESU
876 134 970 164 NAVF.
987 135 1131 164 HOMILIA
1152 136 1210 164 XV.

1675 148 1729 177 909..

83 192 176 219 tiones
191 191 255 218 dntn
275 191 365 219 adhuc
388 192 507 226 parvulae
527 197 601 226 sunt,
619 198 646 221 ct.
671 194 748 221 initia
769 195 880 228 habent,
897 199 919 227 Α
934 195 1027 223 Potest
1044 200 1135 223 autent
1160 197 1243 224 etiam
1264 197 1298 225 de
1319 197 1378 233 ipso
1402 199 1516 230 Domino
1534 208 1561 230 et
1588 203 1732 235 Saivatore

82 237 211 265 tenendae
227 241 301 270 sunt,
314 242 340 264 et
354 237 494 265 allidendzc
509 237 541 265 ad
555 244 671 272 petram.
684 241 730 275 qui
746 246 788 268 cst
802 242 882 269 Chri-

80 287 146 310 stus
157 302 165 314 ,
186 287 214 309 et
230 285 290 317 ipso
301 282 412 316 jubente
426 282 581 319 Jugulandaa
594 305 601 317 ,
620 289 650 312 ut
669 285 736 312 nihil
762 287 788 313 in
804 287 882 314 nobis

80 329 206 356 resideat
222 331 294 364 quod
318 330 445 363 respiret.
462 329 540 357 Sicut
560 338 627 366 ergo
643 332 679 359 ibi
698 332 805 360 beatum
825 339 879 366 est,

80 372 229 408 Babylonis
248 375 374 409 parvulos
396 380 500 410 tettere,
514 381 542 404 et
564 378 675 406 allidere
698 380 731 407 ad
755 386 871 415 petram,

77 424 108 446 ct
123 420 302 455 cogitationes
315 422 398 448 malas
413 422 502 449 statim
519 423 545 450 in
561 424 644 451 initiis
661 433 757 453 nccare
775 435 782 453 :
796 427 831 454 ita
843 431 871 454 et

77 464 127 492 hic
143 466 254 494 beatttm
272 467 474 502 intelligendum
498 473 541 496 est
560 473 587 496 et
611 471 770 504 perfectttm.
787 472 809 499 si
826 473 869 499 ni-

76 511 119 537 hil
141 511 310 547 relinquatur
328 513 354 540 itt
378 513 456 541 nobis
475 515 546 549 qttod
569 516 653 549 possit
674 517 808 552 gentiliter
824 527 868 546 rt»

74 557 195 591 Spirare.

112 600 140 627 4.
163 610 172 626 ι
188 601 218 628 Et
235 610 345 634 omnes,
366 604 454 639 inquit
477 605 511 639 ’³,
529 612 608 641 reges
623 613 716 634 eorum
738 607 876 635 interfecit

68 644 157 673 .lcsus
178 648 203 674 iu
229 656 279 675 ore
300 649 393 684 gladii.
411 660 419 676 ι
451 651 477 677 In
505 652 634 679 omnibus
652 652 729 679 nobis
749 654 874 687 regnavit

70 699 219 726 peccatum
232 714 239 726 .
251 700 277 722 et
293 696 451 724 inmunibus
468 698 544 724 nobis
561 698 623 725 vitia
638 707 830 733 regnaverunt,
846 707 874 730 et

69 739 162 766 fuitin
173 741 251 768 nobis
260 743 386 769 omnibus
401 752 513 777 regnum
531 746 658 779 generale
675 747 790 781 peccati,
802 748 873 775 sicut

67 789 99 812 el.
120 786 272 821 Apostolus
290 788 356 815 dicit
370 789 411 816 ":
438 799 446 815 ι
461 791 561 817 Unities
577 791 649 817 enitn
666 799 848 825 peccaverunt
862 813 871 826 ,

67 836 99 859 et
116 838 199 867 egent
223 833 306 868 gloria
332 835 389 862 Dei.
409 845 418 861 ι
441 835 635 871 Unusquisque
659 841 749 866 tamen
777 840 872 867 habuit

67 879 97 906 in
117 887 149 907 se
167 880 284 914 aliquem
296 882 443 916 specialem
462 890 563 916 regem,
581 884 626 918 qui
642 885 667 910 in
684 892 716 912 eo
731 887 870 920 regnabat,
890 876 909 904 Π

63 931 95 952 et
113 927 309 954 dominabatur
324 928 360 955 ei.
379 927 458 955 Verbi
475 937 574 961 causa,
589 929 615 956 iit
631 930 685 956 alio
703 939 815 966 regtmttt
833 939 873 960 te-

64 973 157 999 nebat
174 973 302 1005 avaritia,
319 973 346 1000 itt
361 973 414 1000 alio
431 976 569 1009 superbia,
586 976 612 1002 iu
629 975 684 1003 alio
699 978 871 1005 mendacium

63 1020 228 1054 regnabat,
244 1021 271 1047 in
287 1021 340 1048 alio
364 1020 448 1048 libido
465 1022 660 1050 dominabatur
674 1043 682 1055 ,
698 1028 726 1051 et
744 1024 814 1052 alius
829 1033 873 1053 re-

59 1074 130 1100 gem
149 1067 307 1100 patiebatur
322 1067 453 1095 furorem.
475 1069 551 1101 Quod
570 1074 660 1097 autent
680 1069 738 1098 haec
751 1071 789 1098 ita
805 1071 869 1103 sint,

58 1118 91 1141 et
105 1113 135 1140 in
150 1121 317 1148 unoqttoque
329 1121 450 1143 nostrum
468 1123 563 1152 regnet
576 1124 730 1152 peccatum,
744 1118 870 1153 apostolo

58 1159 155 1187 Paulo
169 1161 252 1187 crede
270 1161 379 1189 dict-nti.
394 1163 439 1189 Ait
456 1164 527 1190 enini
538 1165 578 1192 ’τε
597 1175 606 1191 ι
620 1165 677 1192 Non
690 1173 756 1200 ergo
775 1170 869 1200 regnet

56 1211 214 1240 peccatttnt
228 1207 253 1233 in
269 1212 360 1234 vestro
375 1210 482 1236 ttmrlali
498 1218 614 1245 corpore
633 1211 666 1238 ad
686 1212 866 1238 obedientium

54 1254 96 1280 ei.
119 1263 129 1279 ι
155 1253 222 1280 Erat
236 1261 300 1288 ergo
320 1262 430 1290 regnum
457 1259 559 1291 peccati
582 1258 608 1284 iit
631 1265 794 1292 uneqnoque
817 1266 867 1285 uo—

53 1306 151 1326 strum
161 1306 308 1334 attteqttattt
324 1303 511 1332 crederemus,
524 1304 620 1331 Postea
638 1312 702 1331 vero
719 1312 799 1339 quam
819 1313 865 1332 ve-

54 1346 100 1372 nit
118 1343 215 1378 Jesns,
230 1351 258 1373 et
277 1347 377 1375 occidit
394 1356 490 1375 omnes
513 1356 605 1384 reges,
621 1350 666 1382 qui
687 1350 712 1375 itt
730 1349 808 1376 nobis
824 1354 863 1376 te-

54 1392 170 1418 nebant
192 1401 273 1428 regna
294 1395 396 1427 peccati
412 1415 419 1427 ,
447 1396 575 1429 pra-cepit
599 1395 679 1422 nobis
709 1396 864 1423 interficere

52 1449 161 1468 omnes
178 1441 247 1468 istos
265 1450 341 1476 rcges
353 1463 360 1474 ,
379 1449 405 1469 el
420 1442 522 1470 nttllum
539 1452 571 1471 ex
597 1444 638 1471 eis
653 1443 816 1479 relinquere.
833 1444 861 1472 Si

53 1487 125 1521 quis
141 1487 218 1514 enim
245 1488 364 1522 aliquem
382 1489 477 1516 lmrmn
497 1491 521 1516 in
546 1491 694 1525 sometipso
712 1493 862 1519 servaverit

53 1534 155 1561 vivum
174 1554 180 1565 ,
199 1535 226 1560 in
241 1536 364 1562 exercitu
381 1536 444 1563 .lesu
469 1544 529 1564 esse
543 1545 596 1564 non
614 1539 725 1572 poterit.
749 1539 776 1564 Si
796 1546 860 1574 ergo

51 1586 160 1615 regnet
179 1581 269 1608 adhuc
284 1581 340 1618 (86)
367 1583 391 1609 in
410 1589 434 1610 te
461 1584 576 1611 avaritia
589 1603 596 1616 ,
623 1584 645 1611 si
660 1585 791 1619 iactantia
806 1605 814 1618 ,
835 1587 858 1613 si

51 1627 206 1661 superbia,
223 1628 245 1655 si
263 1628 356 1661 libido,
374 1637 426 1656 non
444 1630 499 1656 eris
517 1629 684 1658 lsraeliticus
701 1632 790 1662 miles,
807 1639 857 1660 nec

51 1672 159 1707 imples
176 1678 341 1708 pra-ceptum
367 1675 438 1709 quod
458 1676 530 1702 dedit
554 1675 683 1703 Dominus
703 1677 736 1703 ad
753 1676 856 1704 Jrsunt.

53 1728 64 1745 ι
79 1719 163 1746 Sicut
177 1719 339 1753 constituit,
357 1721 446 1755 inquit
461 1721 494 1752 ⁸⁸,
510 1722 534 1748 ei
557 1721 663 1757 Moyses
679 1730 747 1757 puer
764 1723 857 1750 Domi-

52 1765 95 1792 tii.
117 1773 127 1790 ι
154 1764 205 1792 llic
229 1772 297 1800 puer
316 1765 420 1793 Domini
448 1767 555 1802 Moyses
569 1788 576 1800 ,
596 1775 686 1795 sermo
713 1768 770 1802 ipse
790 1769 858 1803 legis

52 1811 228 1845 appellatur,
250 1812 320 1839 sicut
341 1813 406 1840 etin
421 1814 569 1849 Evangelia
585 1814 652 1841 dicit
665 1814 707 1841 ’σε
727 1823 736 1838 ι
751 1814 858 1842 Habent

51 1857 173 1892 Moysen
200 1862 227 1884 et
253 1859 421 1894 ptopltetas,
449 1861 560 1887 audiant
589 1859 658 1887 illos.
677 1869 686 1886 ι
705 1859 762 1887 Lex
789 1868 856 1894 ergo

53 1904 192 1938 rnecepit
212 1904 291 1931 nobis
304 1905 457 1933 interficere
472 1913 566 1933 omnes
583 1914 661 1941 reges
678 1906 793 1940 peccati,
811 1907 855 1941 qui

51 1957 108 1977 nos
128 1955 285 1984 provocant
310 1951 343 1978 ad
366 1957 518 1986 pet-catum.
539 1962 548 1978 ι
567 1952 613 1980 Sic
632 1953 697 1981 fecit
712 1952 791 1980 Jesus
804 1974 811 1987 ,
829 1959 856 1981 ct

52 2004 111 2023 tton
138 2000 184 2023 est
210 2000 398 2031 transgressus
422 1998 570 2033 quidquam
593 2000 627 2026 ab
653 1999 779 2027 etttnibus
796 2007 856 2035 qua:

50 2042 204 2070 constituit
216 2043 240 2069 ei
260 2043 394 2078 Moyses‘.
413 2054 422 2070 ι
443 2044 564 2073 Diximus
573 2046 684 2080 quidem
705 2047 853 2074 secundum

50 2088 180 2123 priorem
206 2089 386 2123 expositionis
405 2090 461 2125 (87)
480 2091 619 2125 ordinem,
645 2092 707 2127 quia
723 2100 854 2127 quaecun-

49 2141 108 2168 que
123 2133 167 2159 lex
183 2134 241 2166 Dei,
255 2135 301 2167 qui
316 2142 388 2162 nunc
403 2135 509 2171 Moyses
522 2136 683 2170 appellatur,
699 2137 851 2168 constituit,

49 2179 153 2214 implet
169 2179 248 2207 .Iesus
266 2180 291 2206 in
318 2182 414 2208 nobis:
434 2187 462 2208 et
480 2182 538 2216 ipse
553 2188 594 2209 est
612 2184 656 2217 qui
675 2183 809 2210 interimit
824 2183 851 2210 iu

934 245 1030 268 nostro
1044 242 1113 274 dici,
1129 243 1192 276 quia
1209 250 1270 277 qua:
1285 247 1416 280 praecepit
1437 247 1544 284 Moyses
1563 251 1588 278 in
1605 252 1674 287 lege,
1689 253 1730 280 fe-

933 287 971 314 cit
988 286 1078 318 Jesus,
1095 293 1122 313 et
1139 296 1191 314 non
1207 294 1249 315 est
1271 294 1461 325 transgressus
1476 286 1642 330 quidqttami
1661 306 1731 332 quo-

932 333 1005 359 niam
1021 333 1130 367 quidem
1147 333 1214 361 dicit
1227 336 1375 369 Apostolus
1390 338 1411 369 ‘,
1427 339 1489 372 quia
1508 350 1517 365 ι
1531 349 1592 368 cttnt
1607 345 1727 372 venisset

929 377 1070 411 plenitudo
1085 379 1217 412 temporis
1233 380 1288 415 (88)
1307 382 1379 409 misit
1394 383 1464 411 Deus
1479 385 1576 414 Filium
1592 396 1670 416 suum
1685 390 1727 417 fa-

929 428 1003 449 ctum
1019 431 1052 450 ex
1069 423 1192 457 tnnliere,
1211 425 1312 453 facttttu
1331 429 1381 456 sub
1397 428 1466 465 lege.
1483 440 1493 457 ι
1513 431 1541 459 Si
1556 441 1621 469 ergo
1638 436 1726 465 factus

929 475 972 497 est
993 471 1044 498 sub
1067 470 1144 506 lege,
1160 479 1221 500 cum
1240 473 1291 500 sub
1307 474 1365 510 lege
1381 483 1453 505 esset
1472 479 1541 514 (89),
1558 482 1648 510 omnia
1665 491 1724 518 quia

927 515 970 542 lex
988 517 1133 545 mandabat
1153 519 1284 554 implevit,
1304 526 1333 548 ut
1348 530 1398 550 nos
1416 525 1562 554 redimeret
1577 535 1591 554 a
1609 515 1724 557 tnaledl-

926 566 972 589 cto
986 562 1063 596 legis.
1080 563 1133 591 Sed
1151 571 1178 592 et
1198 566 1254 600 ipse
1267 567 1301 594 de
1315 575 1345 594 se
1361 569 1427 597 dicit
1442 570 1463 603 ³,
1479 572 1545 606 quia
1568 583 1578 599 ι
1595 581 1648 602 non
1662 575 1724 603 veni

927 607 1013 643 legem
1026 609 1142 642 solvere,
1159 612 1207 638 sed
1222 613 1383 648 adimplere.
1403 623 1412 640 ι

963 654 989 682 5.
1010 665 1019 681 ι
1035 656 1067 684 Et
1085 658 1208 693 aet-cpit,
1233 659 1353 694 inquit‘,
1374 660 1450 689 iesus
1469 671 1564 692 omnes
1587 666 1614 693 in
1633 666 1720 701 bello,

925 702 987 736 quia
1014 710 1062 736 per
1085 703 1228 733 Domimtm
1252 706 1357 733 factum
1383 713 1426 735 est
1456 711 1486 734 ut
1515 710 1720 740 confortarttur

923 747 1007 783 434
1022 756 1070 775 eor
1086 758 1192 782 eorum,
1208 756 1236 778 et
1250 760 1429 782 occurrerent
1442 756 1467 782 in
1485 757 1608 790 prmlium
1624 765 1719 787 contra

925 793 1019 821 Israel.
1036 804 1045 821 ι
1068 795 1124 823 Non
1151 797 1220 825 dixit
1237 799 1301 833 quia
1329 800 1436 835 aliquos
1462 804 1568 837 accepit
1590 803 1669 833 Jesus
1691 807 1719 834 in

925 840 1015 874 bello,
1031 848 1058 868 ct
1071 842 1177 877 aliquos
1195 852 1248 871 non
1266 846 1374 880 accepit
1386 867 1394 880 ,
1414 849 1462 875 sed
1479 856 1575 878 omnes
1591 853 1695 885 accepit
1709 871 1719 886 ,

927 886 950 911 id
963 892 1013 916 esl,
1029 888 1101 922 cepit
1115 898 1221 922 oumcs,
1237 892 1353 926 peremit
1368 900 1476 922 omnes.
1491 895 1597 923 Etenim
1615 899 1719 932 species

925 933 1028 964 peccali
1049 935 1173 968 purgavit
1190 935 1322 964 Dominus
1338 938 1427 973 Jesus,
1447 949 1596 977 omnesque
1613 945 1720 972 destru-

925 978 973 1004 xit.
990 979 1086 1006 Cuncti
1102 989 1219 1016 namque
1241 991 1251 1009 ι
1269 992 1379 1013 eramus
1393 986 1525 1015 insensati
1538 1009 1546 1020 ,
1562 990 1694 1018 inereduli
1708 1012 1716 1023 .

922 1032 1056 1058 errantes.
1074 1028 1226 1056 servientes
1247 1031 1391 1060 desideriis
1408 1035 1502 1067 variis,
1519 1036 1546 1062 in
1565 1037 1668 1064 malitia
1687 1043 1717 1066 et

922 1073 1022 1101 invidia
1040 1080 1170 1109 agentes,
1186 1077 1300 1105 odibiles
1312 1098 1320 1111 ,
1337 1081 1461 1109 odientes
1483 1082 1599 1110 invicem
1615 1083 1638 1117 ⁸,
1655 1094 1665 1111 ι
1687 1089 1716 1113 et

920 1124 1001 1147 onme-
1015 1122 1199 1158 quodcunque
1214 1123 1278 1151 illud
1294 1131 1335 1152 est
1352 1128 1456 1161 peccati
1473 1135 1569 1162 genus,
1584 1131 1655 1164 quod
1671 1131 1713 1158 itt-

920 1166 1028 1193 venitttr
1044 1167 1070 1193 in
1084 1167 1241 1196 hominibus
1258 1176 1404 1206 antequam
1418 1175 1543 1202 credant.
1560 1175 1633 1202 Bene
1646 1184 1715 1212 ergo

918 1210 997 1242 (iil'il,
1012 1212 1075 1246 quia
1092 1220 1187 1240 onmes
1199 1214 1300 1242 occidit
1311 1215 1391 1244 Je‘sus
1405 1218 1450 1251 qui
1465 1222 1594 1247 exierunt
1606 1221 1639 1248 ad
1655 1210 1713 1249 bel-

918 1257 984 1284 Ιιιιιι.
1003 1257 1080 1284 Nulla
1097 1259 1169 1286 enim
1187 1260 1292 1294 species
1309 1264 1413 1296 peccati
1431 1268 1504 1291 tanta
1519 1271 1572 1297 est,
1587 1274 1639 1301 qua
1656 1275 1709 1296 non

916 1304 952 1330 sit
965 1305 1091 1337 superior
1104 1304 1195 1337 Jnsus,
1211 1306 1256 1340 qui
1273 1313 1315 1334 est
1331 1307 1447 1336 Verbum
1463 1312 1634 1346 itsapieutia
1650 1313 1710 1342 Dei.

916 1350 1012 1377 Omnia
1027 1351 1100 1378 enim
1113 1357 1223 1386 supcrat
1236 1358 1263 1380 et
1278 1354 1372 1381 vincit.
1389 1355 1486 1383 Annon
1501 1357 1537 1384 ita
1559 1360 1710 1393 credimus,

915 1396 978 1429 quia
992 1404 1074 1423 omne
1089 1405 1176 1432 genus
1191 1400 1294 1433 pet-cati
1310 1408 1370 1426 cum
1384 1402 1418 1428 ad
1431 1402 1550 1430 salutare
1568 1404 1706 1434 lavacrum

915 1442 1038 1469 venimus
1057 1444 1207 1471 aufertur?
1224 1445 1280 1472 lloc
1297 1446 1369 1473 enint
1392 1453 1419 1474 et
1444 1449 1583 1483 apostolus
1609 1451 1709 1481 Paulus

913 1489 1039 1524 designat
1053 1501 1059 1518 :
1079 1491 1124 1526 qui
1143 1499 1204 1518 cum
1220 1493 1345 1520 universa
1362 1499 1536 1528 peccatorum
1553 1504 1651 1531 genera
1668 1500 1710 1526 di-

913 1542 1094 1569 nmnerasset,
1117 1538 1192 1565 addit
1215 1544 1276 1573 post
1289 1539 1389 1572 omnia,
1405 1546 1431 1567 ct
1451 1541 1516 1569 dicit
1532 1543 1560 1570 ‘z
1578 1553 1586 1568 ι
1603 1545 1634 1570 Et
1651 1545 1708 1572 lia-c

912 1583 1021 1616 quidem
1037 1582 1137 1616 fuistis,
1154 1584 1201 1611 sed
1216 1584 1301 1611 abluti
1327 1585 1395 1611 estis
1406 1605 1414 1617 ,
1452 1585 1501 1613 sed
1542 1587 1705 1615 sanctificati

914 1627 993 1659 estis,
1008 1629 1056 1656 sed
1068 1628 1211 1662 justilicali
1229 1632 1296 1658 estis
1320 1630 1378 1666 (90)
1405 1631 1431 1659 in
1462 1633 1573 1661 nomine
1599 1635 1707 1663 Domini

912 1673 997 1699 nostri
1009 1672 1071 1701 Jesu
1090 1673 1203 1701 Christi.
1221 1684 1229 1700 ι
1245 1675 1301 1702 Hoc
1317 1684 1384 1711 ergo
1398 1677 1477 1704 tnodo
1490 1686 1585 1706 omnes
1600 1681 1707 1714 cepisse

911 1718 938 1746 in
959 1719 1052 1754 praelio
1069 1719 1171 1747 dicitur
1183 1739 1191 1752 ,
1213 1725 1240 1747 et
1256 1729 1353 1748 omnes
1368 1723 1534 1755 peremisse,
1552 1734 1560 1750 ι
1578 1725 1641 1760 quia
1658 1733 1706 1760 per

910 1764 1052 1792 Domitiani
1068 1765 1168 1792 faelunt
1184 1770 1226 1793 est
1249 1772 1276 1793 ut
1298 1767 1478 1795 iuvalescerct
1491 1776 1538 1795 cor
1553 1777 1658 1804 eorum,
1675 1777 1704 1800 et

909 1815 1086 1838 occurrerent
1101 1810 1128 1837 iit
1145 1811 1267 1846 praelium
1295 1817 1389 1839 contra
1409 1814 1511 1847 Israel,
1528 1821 1556 1841 ut
1573 1818 1704 1845 extermi-

909 1862 1050 1884 narentur.
1071 1867 1080 1884 ι
1100 1857 1168 1884 Dum
1183 1858 1256 1885 enini
1283 1867 1336 1886 non
1353 1860 1465 1887 veniunt
1480 1861 1599 1890 inim'ca:
1618 1863 1704 1892 virtu-

910 1908 949 1930 tes
962 1923 970 1936 ,
992 1911 1054 1938 quae
1071 1908 1180 1938 peccata
1206 1910 1355 1940 operantur
1379 1906 1404 1933 in
1428 1907 1523 1940 nobis,
1542 1917 1590 1935 nec
1605 1916 1703 1943 provo-

909 1955 970 1978 cant
987 1957 1036 1977 nos
1049 1951 1084 1977 ad
1103 1951 1280 1986 peccandum,
1298 1959 1347 1979 nec
1364 1953 1503 1981 lacessunt
1521 1955 1553 1981 ad
1568 1956 1702 1983 dimican-

907 1997 989 2029 dum,
1009 1996 1124 2024 interfici
1140 2005 1192 2024 ttott
1211 2003 1344 2033 possunt,
1360 2007 1409 2027 nec
1431 2002 1620 2029 exterminari.
1638 2002 1700 2029 Ideo

907 2049 971 2077 ergo
988 2041 1060 2070 Deus
1075 2042 1175 2070 dicitur
1192 2045 1367 2078 permittere,
1385 2045 1440 2072 imo
1456 2051 1482 2073 et
1506 2047 1618 2073 incitare
1634 2056 1698 2082 pro-

907 2088 1051 2122 pemodum
1068 2089 1241 2116 adversarius
1259 2090 1376 2118 virtutes
1389 2091 1466 2119 exire
1483 2093 1626 2120 adversum
1648 2101 1699 2121 nos

906 2135 932 2162 in
953 2135 1076 2169 przelium
1091 2155 1099 2167 ,
1118 2140 1148 2162 ut
1162 2141 1189 2163 et
1206 2143 1256 2163 nos
1271 2137 1412 2164 victoriam
1432 2138 1583 2173 capiamus,
1601 2145 1628 2166 et
1647 2140 1699 2168 illae

907 2181 1047 2209 interitum
1064 2188 1277 2216 consequantur.
1296 2181 1373 2210 Unde
1387 2183 1453 2210 tttihi
1468 2184 1575 2211 videtur
1583 2192 1643 2211 esse
1657 2185 1700 2212 in-

49 2226 136 2255 nobis
151 2226 227 2259 vitia,
243 2231 270 2254 et
295 2228 464 2262 nequissima
491 2230 594 2263 peccati
613 2237 693 2264 regna
709 2229 855 2256 subvertit.
873 2228 893 2256 Ι)
910 2228 1119 2263 linitnsqnidam
1132 2236 1263 2257 numerus
1272 2230 1473 2257 contrariartntt
1488 2231 1616 2258 virtutum
1629 2232 1697 2268 (9i),

86 2298 113 2315 ⁸⁵
127 2296 187 2325 Jos.
204 2305 242 2328 XI.
265 2298 310 2325 12.

47 2335 59 2350 θ
73 2333 138 2361 Gal.
157 2340 194 2365 ιν,
211 2333 239 2360 .t.
277 2334 288 2349 ³
302 2334 397 2361 Matth.
415 2342 440 2368 v,
460 2335 503 2362 l7.

361 2299 384 2315 ⁸⁸
400 2299 477 2326 Rom.
499 2307 539 2332 ιιι,
561 2300 606 2328 25.
661 2300 683 2316 '7
697 2300 774 2327 Rom.

361 2336 397 2361 lil.
415 2342 440 2363 v.
460 2335 503 2362 l7.
542 2336 552 2350 ⁸
566 2335 621 2362 Jos.
644 2344 682 2363 λι.
699 2338 741 2363 l3.
759 2336 790 2362 17

583 2344 621 2362 os.
644 2344 682 2369 λι,
699 2344 741 2367 ιδ,
759 2344 803 2362 ιι.

85 2401 147 2439 (86)
174 2402 280 2430 Adhuc.
298 2402 378 2431 Deest
400 2404 427 2431 in
452 2404 517 2432 libb.
536 2404 628 2439 editis,
643 2404 690 2432 sed
714 2409 804 2432 exstat
819 2405 845 2431 in

48 2447 122 2466 mss.

87 2484 283 2521 (87)7Uterque
305 2486 496 2514 Ebroieensis:
524 2496 533 2512 ‹
550 2487 671 2521 priorem
695 2487 846 2521 expositio-

48 2521 106 2548 nis.
123 2529 132 2545 ι
153 2520 417 2556 sattgerutattettsis,
442 2530 452 2547 ι
468 2520 587 2555 priorem
606 2520 818 2556 expositionum.
834 2531 843 2547 ι

48 2556 132 2583 Libl).
149 2555 233 2587 editi,
254 2565 262 2581 ι
276 2557 374 2589 prioris
389 2558 578 2591 expositionis.
598 2566 607 2583 ι

98 2602 146 2636 88)
165 2601 256 2638 Codex
271 2602 428 2638 Sangerm.,
449 2612 458 2629 ι
475 2607 636 2636 temporum.
655 2613 664 2629 ι

98 2603 146 2636 88)
165 2603 256 2629 Codex
271 2603 428 2638 Sangerm.,
449 2612 458 2629 ι
475 2607 636 2636 temporum.
655 2613 664 2629 ι

86 2603 147 2674 ἓδθ)
162 2636 240 2665 Libb.
255 2638 319 2674 editi
330 2659 337 2671 ,
357 2647 367 2663 ι
384 2646 444 2665 cum
461 2639 511 2665 sub
526 2638 583 2673 lege
597 2646 650 2665 non
664 2643 747 2666 esset.
765 2648 773 2664 ι
790 2638 843 2666 Sed

46 2680 117 2700 mss.
136 2681 147 2698 ι
163 2680 224 2699 cum
243 2673 293 2700 sttb
311 2674 368 2708 lege
384 2678 468 2700 esset.
485 2683 495 2699 ι

84 2719 144 2754 (90)
173 2719 201 2746 lit
229 2727 279 2746 ms.
306 2719 450 2754 Sangerm.
484 2720 561 2747 deest
590 2728 600 2745 ι
626 2720 671 2747 sed
701 2719 843 2753 justificati

45 2760 234 2826 eSli_l;i),Unde
250 2790 433 2821 nti/tit-idetur
452 2799 507 2817 esse
521 2790 642 2825 inﬁnitus
661 2791 770 2824 quidam
793 2798 843 2817 uu-

47 2821 137 2852 me'rus'
159 2826 359 2851 caulrariurtuu
385 2825 529 2858 rirlulum,
550 2821 614 2852 rete.
645 2821 720 2852 “illic
753 2825 840 2851 locum

50 2867 82 2885 t-.\
108 2866 188 2892 parte
213 2861 334 2887 imitatur
359 2860 542 2898 Hieronymus
567 2861 600 2888 ad
618 2860 719 2888 liabat‘.
737 2867 780 2894 tit,
797 2860 839 2888 Η.

661 2300 683 2316 ³⁷
697 2300 774 2327 Rom.
789 2308 829 2332 Vl,
844 2299 890 2326 12.
944 2299 967 2314 ⁸⁸
980 2299 1012 2325 Jo

664 2344 682 2361 t.
699 2338 741 2361 t3.
759 2336 803 2361 t7.
842 2335 852 2350 ⁸
869 2335 923 2361 'l‘it.
941 2341 981 2361 ιιι.
996 2333 1012 2360 5

944 2298 967 2314 ’⁸
980 2297 1038 2325 Jos.
1055 2306 1093 2328 in.
1115 2298 1157 2325 l2.
1212 2299 1234 2315 "
1248 2298 1314 2326 Luc.
1328 2306 1384 2333 xvi,
1405 2299 1452 2328 29.

1061 2333 1072 2349 °
1089 2333 1175 2361 lCor.
1196 2341 1232 2368 vt,
1251 2334 1294 2361 li.

1505 2299 1581 2328 'Jos.
1599 2301 1694 2333 xi,15.

902 2402 974 2445 idem
986 2402 1120 2445 Origenes
1136 2404 1170 2431 ad
1186 2402 1298 2445 Joannis
1311 2411 1352 2445 tit.
1369 2404 1404 2432 49
1418 2413 1426 2432 :
1446 2413 1456 2430 ι
1472 2404 1604 2445 Convenit
1614 2405 1690 2439 juxta

903 2436 1070 2474 Scripturas,
1083 2444 1226 2473 peccantes
1241 2440 1322 2466 multa
1335 2439 1425 2467 facere
1436 2445 1534 2474 praeter
1546 2436 1688 2474 rationem;

904 2480 956 2509 non
972 2476 1006 2500 ob
1021 2473 1106 2505 aliud,
1122 2474 1173 2501 ttisi
1189 2475 1250 2509 quia
1265 2474 1332 2502 facti
1350 2473 1450 2502 fuerint
1465 2482 1578 2508 capaces
1593 2482 1690 2508 opera-

903 2507 986 2543 tionis
994 2509 1056 2535 tuali
1068 2509 1190 2543 spiritus.
1198 2507 1244 2536 vel
1253 2509 1397 2537 voluntatis
1409 2507 1539 2536 immundi
1547 2507 1686 2537 da'nionis.

903 2541 961 2579 μου
977 2541 1135 2570 dubitarunt
1151 2545 1234 2579 igitur
1247 2545 1287 2571 vel
1304 2552 1334 2571 ea
1347 2552 1408 2578 quae
1420 2544 1612 2571 existimantur
1628 2553 1688 2572 esse

901 2576 971 2604 levia
989 2583 1100 2612 peccata
1118 2576 1258 2606 daemoniis
1273 2576 1393 2606 tribuere
1407 2600 1414 2612 ,
1441 2579 1476 2606 illi
1493 2580 1538 2612 qui
1563 2580 1690 2608 dixerunt

901 2614 1070 2647 repentinam
1088 2614 1167 2645 iram,
1182 2615 1363 2648 similitetquc
1376 2615 1573 2642 detractionem
1590 2616 1689 2643 theme-

899 2648 972 2675 ttiunt
996 2656 1066 2676 esse.
1092 2658 1101 2675 ι
1133 2650 1234 2682 Aperte
1260 2650 1371 2684 respicit
1394 2650 1427 2676 ad
1453 2649 1561 2676 Hennae
1586 2649 1632 2677 lib.
1655 2657 1688 2684 It,

897 2684 1025 2710 mandato
1037 2685 1064 2714 ‘2.
1080 2685 1123 2710 ubi
1141 2693 1150 2708 ι
1163 2684 1297 2711 detractio
1313 2684 1427 2711 idicitur
1444 2686 1620 2712 «inconstans
1635 2686 1689 2712 da:-

897 2719 1026 2755 tunnium.
1043 2728 1052 2744 ι
1069 2719 1132 2745 ltent
1149 2719 1197 2755 lib.
1208 2725 1250 2755 ιιι.
1265 2719 1347 2746 simil.
1361 2719 1387 2750 9,
1402 2728 1461 2752 cap.
1477 2720 1523 2752 ‘22,
1535 2729 1544 2746 ι
1563 2728 1688 2755 magnotu

899 2753 1063 2780 dminonittm
1081 2760 1132 2785 eat,
1148 2754 1260 2780 attdatia
1279 2759 1306 2780 et
1321 2755 1482 2781 confidentia
1507 2753 1641 2788 inanist
1660 2760 1689 2784 el:

898 2796 959 2822 cap.
972 2789 1017 2821 '25,
1034 2789 1152 2816 ltortalio
1169 2789 1197 2815 lit
1213 2795 1240 2815 ut
1258 2798 1267 2814 t
1286 2790 1319 2815 ab
1333 2789 1380 2824 ira:
1393 2790 1527 2816 dzcmonio
1541 2799 1550 2816 ι
1570 2799 1619 2817 nos
1635 2798 1688 2824 pu-

899 2824 1046 2860 riliceintts.
1069 2824 1122 2850 Sed
1142 2829 1170 2851 et
1189 2824 1316 2858 scriptori
1335 2823 1565 2858 ﬂccognidamtm,
1583 2823 1642 2853 lib.’
1655 2833 1686 2860 tt,

897 2865 958 2892 cap.
973 2858 1019 2891 25,
1040 2859 1194 2894 ignorantia
1208 2865 1249 2887 est
1265 2860 1368 2887 dictaea
1385 2859 1532 2894 pessimus.
