1902 3052
225 138 278 167 903

225 203 274 230 pm
289 202 322 221 eo
340 195 412 230 quod
427 202 475 230 per
491 195 611 231 singulos
626 203 695 231 pene
712 196 839 223 homines
855 200 920 223 sunt
933 195 1016 229 spiri—
1031 196 1054 224 Α

227 245 270 267 tus
283 241 378 275 aliqui,
393 241 499 268 diversa
517 241 543 268 in
557 242 589 268 iis
606 246 782 274 peccatorum
796 249 895 276 genera
909 242 1021 269 molien-

227 291 277 314 tes.
293 287 374 314 Verbi
391 295 486 320 causa,
502 292 544 315 est
560 288 660 323 aliquis
682 288 874 316 fornicationis
891 288 1017 322 spiritus,

226 339 267 361 est
284 334 330 362 ira:
351 334 463 369 spiritus
481 334 571 362 alius:
596 340 638 362 est
656 335 779 362 avaritia:
795 335 907 370 spiritus
919 354 927 366 ,
951 334 1021 362 alius

225 386 290 408 vero
307 381 451 415 superbiat.
470 382 501 408 Et
517 381 539 408 si
558 381 667 408 eveniat
687 380 743 418 (9‘2)
759 388 820 408 esse
836 381 954 415 aliquem
972 381 1020 408 ho-

226 426 339 458 minem,
355 427 401 461 qui
419 428 461 454 lns
478 429 608 454 omnibus
624 427 715 461 malis,
734 433 781 455 aut
798 428 881 455 etiam
896 427 1020 463 pluribus

227 475 354 509 agitetur,
370 481 467 501 omnes
489 475 553 507 hos.
567 475 608 503 vel
621 475 704 502 etiam
721 474 812 508 plures
827 474 853 501 in
873 481 902 501 se
920 475 1020 501 habere

225 520 350 547 inimicos
363 521 500 555 putandus
521 525 562 548 est
576 521 703 556 spiritus.
719 520 797 548 Unde
813 525 841 547 et
859 527 908 554 per
925 520 1020 554 singu-

226 566 266 594 los
281 569 373 601 plttres
387 575 446 594 esse
463 567 591 594 credendi
607 571 681 600 sunt,
696 567 758 601 quia
776 574 828 593 non
843 565 949 601 singula
964 566 1020 592 sin-

225 612 279 647 gttli
297 613 419 641 homines
439 613 540 640 habent
558 613 634 644 vitia,
656 613 695 640 vel
712 617 822 647 peccata
835 612 1018 644 committunt,

225 659 272 685 sed
288 659 363 693 plura
379 660 412 685 ab
427 667 589 694 utmqttoque
602 659 728 686 videntur
740 659 858 686 admitti.
874 658 907 686 Et
920 659 1018 686 iterum

226 713 280 733 non
299 712 341 734 est
356 707 505 741 ptttandunt
521 706 592 741 quod
611 714 681 733 unus
696 706 889 734 fornicationis
906 706 1019 740 spiritus

224 753 335 780 sedttcat
348 760 409 780 eum
425 753 480 788 qui,
497 753 572 780 verbi
591 752 689 787 gratia,
710 753 736 780 in
753 753 903 780 Britanniis
927 752 1018 780 forni-

223 803 313 831 Catnr,
329 804 355 826 et
371 799 445 825 illum
461 798 506 833 qui
523 798 549 825 itt
566 798 640 825 ludia
657 818 664 830 ,
680 798 722 826 vel
739 799 765 826 in
789 799 850 826 aliis
866 799 922 834 (95)
940 799 1018 832 locis,

224 852 313 876 neque
329 853 410 871 lllIlIIII
429 852 490 872 esse
508 845 556 871 ira:
575 844 723 878 spiritum,
740 845 785 879 qui
802 845 919 872 diversis
937 845 963 871 iit
981 845 1019 872 Io-

224 891 264 917 eis
287 891 411 918 diversos
426 890 552 918 homines
569 890 654 926 agitet
668 899 675 918 :
700 891 747 917 sed
763 896 829 926 pttto
845 892 929 926 magis
944 892 1020 927 prin-
1034 881 1056 909 Β

225 936 312 970 cipem
341 936 449 970 quidem
473 936 662 963 lornicationis
689 936 815 971 spiritum
834 944 916 963 ttttutn
935 945 996 965 esse
1010 957 1018 970 ,

225 983 387 1010 innumeros
403 991 469 1010 vero
492 991 552 1010 esse
568 984 614 1018 qui
633 984 659 1010 itt
674 984 726 1010 hoc
740 983 764 1010 ei
779 983 868 1010 ollicio
884 990 1017 1018 pareant,

223 1035 251 1056 et
274 1037 322 1064 per
336 1029 461 1065 singulos
485 1037 609 1065 quosque
634 1030 758 1057 homines
782 1030 882 1057 diversi
905 1031 1018 1066 spiritus

224 1074 274 1101 sub
287 1082 320 1102 eo
332 1075 454 1109 principe
470 1074 628 1107 militantes,
644 1075 678 1102 ad
693 1074 880 1108 hujuscemodi
894 1083 942 1103 eos
955 1083 1018 1111 pec-

223 1123 282 1146 cata
312 1118 470 1148 sollicitent.
496 1118 631 1147 Similiter
659 1124 687 1146 et
710 1119 860 1147 iracundia:
890 1120 1017 1154 spiritum

224 1165 374 1200 principem
403 1172 488 1192 unum
509 1172 571 1192 esse
601 1165 744 1198 arbitror,
768 1165 927 1194 innnnteros
953 1173 1018 1194 vero

222 1217 284 1238 csse
298 1211 348 1238 sub
361 1211 420 1245 ipso
435 1216 561 1246 agentes,
575 1212 620 1247 qtti
636 1219 684 1246 per
696 1211 818 1246 singulos
830 1220 954 1248 quosque
968 1213 1018 1240 lto-

225 1257 310 1285 mines
329 1257 444 1291 hujuseo
463 1257 522 1284 vitii
546 1262 657 1292 peccata
679 1258 858 1285 succendunt.
883 1258 1018 1286 Similiter

223 1306 252 1330 et
267 1301 389 1329 avaritiae
406 1310 490 1329 unum
508 1309 569 1329 esse
590 1302 752 1337 principem,
774 1303 815 1330 sic
829 1308 856 1330 et
872 1304 1017 1338 superbiai,

223 1353 252 1375 et
264 1352 425 1375 eteterorum
439 1347 583 1376 malorum.
599 1349 631 1376 Et
648 1348 710 1376 ideo
724 1357 778 1376 non
795 1358 865 1377 ttttus
882 1351 1018 1386 principa-

225 1398 270 1422 tus
283 1394 382 1422 dicitur
395 1394 421 1421 in
436 1394 583 1422 contrariis
598 1395 746 1423 virtutibus
766 1396 801 1422 ab
811 1396 956 1430 Apostolo,
970 1398 1017 1424 sed

223 1440 332 1475 plures,
354 1439 499 1467 adversum
520 1447 589 1474 quos
605 1447 724 1474 pugnata
742 1440 793 1468 sibi
812 1448 874 1469 esse
895 1446 922 1468 et
940 1442 1018 1470 nobis

226 1485 354 1513 omnibus
378 1486 483 1513 scribit.
503 1486 569 1513 Esse
591 1491 682 1514 tattten
701 1494 763 1514 reor
781 1487 878 1514 horum
893 1487 1016 1515 omniutn

223 1531 281 1566 (94)
297 1531 447 1566 principem
461 1551 469 1563 ,
485 1531 561 1559 velut
584 1532 792 1560 eminentiorem
818 1527 965 1567 quemdam
989 1534 1016 1561 in

225 1578 344 1613 nequitia
360 1599 368 1611 ,
387 1583 415 1605 et
433 1579 459 1605 in
474 1578 577 1606 scelere
599 1579 755 1611 celsioretu,
773 1579 819 1614 qui
835 1584 920 1606 totum
938 1588 1017 1607 mttu-

224 1627 299 1659 dum,
316 1634 397 1661 quem
410 1626 454 1654 isti
483 1627 516 1653 ad
536 1633 647 1662 peccata
661 1627 760 1662 singuli
775 1626 875 1662 quique
891 1635 938 1662 per
957 1635 1018 1662 pec-

223 1676 346 1700 catorum
368 1673 475 1707 species
490 1681 539 1709 pro
556 1677 634 1708 parte
655 1673 807 1700 sollicitant
821 1693 828 1705 ,
853 1674 927 1701 solus
944 1674 1018 1702 velut

222 1718 345 1746 omnium
363 1718 517 1754 principum
540 1719 595 1746 dux
608 1740 616 1752 ,
630 1724 658 1747 et
675 1719 758 1746 totius
771 1719 898 1747 nefanda;
914 1719 1017 1747 tnilititc

223 1764 363 1799 magister,
383 1765 518 1800 exagitet;
536 1765 614 1800 cttjus
629 1767 743 1801 ﬁguram
757 1773 820 1793 eum
834 1765 914 1793 Jahin
927 1767 1018 1794 di-cu-

223 1814 364 1844 teretnus,
380 1818 429 1846 pro
446 1819 530 1846 parvo
552 1811 739 1847 intelligentiae
762 1816 863 1839 nostra:
885 1817 965 1847 captu
989 1812 1016 1840 itt

222 1857 410 1891 superioribus
422 1856 612 1891 patefecimus.

258 1901 285 1929 ϐ.
316 1902 384 1929 Puto
411 1910 478 1931 sane
506 1904 569 1938 quia
603 1903 691 1931 sancti
727 1903 828 1938 quique
864 1911 1018 1940 repugnan-

224 1953 265 1977 tes
300 1949 431 1976 adversus
463 1949 532 1977 istos
562 1950 720 1978 incentores
756 1954 930 1985 peccatorum
961 1950 1017 1985 spi-

223 1996 302 2027 ritus,
326 2000 354 2023 ct
377 1996 517 2024 vincentes
535 2004 601 2029 cos,
624 2001 706 2031 atque
723 2004 820 2024 eorum
835 2004 1015 2031 unumquem-

221 2048 275 2076 que
289 2047 459 2076 superantes,
477 2043 641 2070 imminuant
666 2043 818 2071 exercitum
842 2043 995 2070 daemonum
1008 2064 1016 2077 ,

223 2092 251 2114 et
265 2088 338 2115 velut
349 2089 563 2123 quatnplurimos
574 2089 631 2125 (95)
643 2097 738 2118 eorttm
761 2090 932 2119 interimant.
949 2089 1017 2118 Ver-

223 2133 250 2160 bi
280 2140 375 2166 causa,
391 2139 421 2162 ut
434 2135 457 2162 is
481 2134 526 2169 qui
545 2140 620 2163 caste
643 2136 796 2170 pudiceque
824 2136 940 2165 vivendo
962 2136 1018 2165 for-

223 2180 368 2207 nicationis
394 2180 521 2216 spiritum
556 2182 745 2216 superaverit,
762 2189 765 2191 '
783 2191 838 2210 non
873 2184 943 2211 ultra
977 2183 1017 2212 fas

951 134 1114 164 ORIGENIS

1065 704 1179 736 ,ltitabat
1211 703 1268 739 (98)
1301 704 1452 731 da‘monem
1490 703 1596 738 patiens
1619 726 1626 735 ,

1056 750 1184 785 'garetur
1201 750 1282 786 435
1304 757 1318 776 a
1337 749 1491 782 Salvatorc,
1514 750 1586 785 quod
1615 751 1662 778 tibi
1692 758 1797 778 nomen
1813 757 1865 781 est.

1066 796 1247 831 respondisse
1271 796 1350 831 legio.
1383 805 1392 821 ι
1414 795 1497 823 Multa
1523 797 1615 828 enim,
1650 796 1740 831 inquit
1767 797 1790 829 “,
1816 796 1867 824 da».-

1826 139 1870 166 99)

1069 193 1224 221 exteriores
1252 193 1396 225 tenebras,
1418 193 1459 221 vel
1491 200 1546 228 quo
1570 193 1695 228 quisquis
1721 194 1772 222 ille
1804 194 1873 223 locus

1079 241 1120 268 eis
1141 240 1239 274 dignus
1263 245 1320 272 est,
1343 239 1515 266 abducantur
1541 246 1556 265 a
1577 239 1653 274 justo
1675 240 1774 274 judice
1800 239 1872 267 Chri-

1075 291 1130 317 sto,
1152 286 1248 321 agonis
1265 286 1346 320 hujus
1364 286 1427 313 vitae
1443 285 1599 313 mortalium
1615 286 1742 320 prteside.
1762 287 1799 313 Et
1816 287 1872 315 inde

1074 338 1116 359 est
1129 333 1200 366 quod
1216 332 1334 368 plurimo
1353 333 1506 360 daemonum
1532 332 1715 366 ntttnerojam
1739 333 1830 363 victo,
1844 336 1872 359 ad

1075 378 1264 407 credulitatem
1279 384 1374 413 gentes
1397 380 1490 407 venire
1509 379 1687 407 relaxantur:
1714 380 1762 414 qui
1783 380 1872 412 utique

1075 424 1229 452 nullatenus
1246 426 1402 453 sinerentur
1415 425 1470 461 (96)
1481 446 1489 459 ,
1503 425 1525 453 si
1544 426 1656 460 integra;
1672 433 1788 458 eorum,
1808 425 1873 453 sicut

1076 471 1153 504 prius
1172 471 1294 504 fuerant,
1311 471 1495 499 subsisterent
1509 470 1641 506 legiones.
1656 470 1735 504 Quod
1751 471 1777 498 si
1796 470 1870 498 alicui

1074 515 1181 544 difﬁcile
1192 518 1300 545 videtur
1313 525 1373 545 esse
1385 517 1456 552 quod
1467 517 1583 544 dicimus
1595 525 1643 552 per
1654 517 1783 553 singulos
1795 525 1871 553 quos—

1073 571 1126 598 que
1149 564 1321 598 peccantium
1343 564 1427 591 multa
1446 571 1546 591 vacare
1566 564 1622 599 (97)
1642 564 1785 592 dtemonia
1802 586 1810 598 ,
1827 570 1869 593 aut

1075 610 1226 638 fahttlosunt
1243 612 1294 638 hoc
1320 615 1413 646 putat,
1447 611 1540 639 redeat
1564 611 1598 637 ad
1615 610 1761 646 Evangelii
1780 618 1867 639 aucto-

1074 658 1182 684 ritatem
1198 677 1205 689 ,
1226 663 1252 684 et
1284 658 1403 684 inveniet
1430 657 1506 684 illtttn
1532 657 1578 691 qui
1607 657 1634 685 in
1661 657 1801 693 sepulcris
1827 658 1866 685 ha-

1660 712 1723 732 cunt
1754 705 1867 733 interro—

1073 843 1163 869 monia
1177 850 1282 870 sumus.
1303 852 1313 869 ι
1330 842 1400 876 Quid
1423 849 1489 878 ergo
1519 843 1618 870 ntirum
1645 842 1771 874 videtur,
1787 843 1810 870 si
1826 852 1869 878 per

1071 889 1176 923 singula
1192 897 1290 924 genera
1305 894 1479 924 peccatorqu
1504 888 1603 924 singuli
1625 889 1771 917 dmtttottes
1786 890 1867 917 ascri«

1070 935 1181 966 bantur,
1198 943 1258 962 cum
1274 936 1404 970 scriptum
1419 935 1455 962 sit
1480 935 1506 962 itt
1523 942 1578 962 uno
1605 935 1717 962 homine
1731 935 1866 971 integrant

1072 980 1156 1007 fuisse
1169 981 1323 1008 themonutn
1341 980 1494 1016 legionem?
1518 980 1628 1008 Memini
1656 986 1753 1008 autem
1771 982 1866 1010 similia

1071 1035 1115 1054 me
1135 1027 1237 1054 dixisse
1257 1026 1339 1053 etiam
1355 1026 1383 1053 in
1401 1026 1435 1053 iis
1450 1026 1527 1060 locis,
1553 1027 1579 1053 in
1594 1027 1693 1061 quibus
1705 1029 1865 1063 exponeba-

1071 1079 1131 1100 mus
1147 1071 1311 1100 versiculum
1329 1072 1422 1106 psahni
1439 1073 1466 1099 in
1481 1080 1535 1107 qtto
1552 1073 1684 1107 scriptum
1699 1078 1746 1100 est
1762 1074 1774 1090 ’
1792 1082 1800 1100 :
1817 1084 1825 1100 I
1844 1075 1866 1101 In

1071 1118 1210 1146 matutinis
1227 1118 1423 1146 interficiebam
1437 1126 1535 1146 ontnes
1547 1123 1710 1153 peccatores
1727 1124 1826 1151 terrm,
1842 1125 1866 1145 ιιι

1070 1164 1225 1199 disperdam
1243 1165 1276 1192 de
1292 1165 1405 1192 civitate
1419 1164 1525 1192 Dontini
1540 1172 1635 1192 omnes
1650 1165 1697 1200 qui
1717 1171 1868 1201 operantur

1070 1210 1253 1246 iniquitatem.
1273 1219 1282 1237 ι
1302 1210 1340 1238 Ita
1357 1211 1475 1243 denique
1494 1211 1576 1238 etiam
1593 1210 1619 1237 in
1633 1218 1716 1237 manu
1731 1211 1867 1245 justonmt

1069 1258 1151 1293 gladii
1187 1258 1321 1293 ancipites
1360 1265 1420 1285 eSse
1449 1257 1593 1289 dicuntur,
1627 1256 1688 1284 sine
1715 1257 1804 1284 dubio
1825 1258 1865 1292 qui

1068 1305 1224 1334 contrarias
1243 1305 1358 1332 virtutes
1373 1304 1518 1338 perimant.
1535 1303 1603 1330 Puto
1621 1308 1714 1330 autem
1730 1304 1807 1338 quod
1824 1311 1866 1330 ve-

1069 1351 1225 1380 hementior
1241 1351 1274 1378 ad
1296 1351 1353 1378 lucc
1379 1350 1519 1385 probanda
1536 1357 1596 1384 qua:
1611 1349 1736 1377 diximus
1757 1350 1865 1386 apostoli

1069 1397 1145 1425 Pauli
1161 1398 1205 1425 illa
1233 1397 1351 1433 proferri
1384 1398 1471 1433 possit
1496 1399 1628 1431 assertio,
1654 1406 1719 1426 cum
1741 1397 1864 1427 dicit":

1071 1452 1081 1470 α
1101 1443 1171 1471 Deus
1184 1449 1274 1471 autem
1286 1445 1361 1478 pacis
1377 1448 1502 1471 conterat
1516 1444 1649 1471 Satanam
1673 1446 1728 1472 sub
1755 1445 1865 1480 pedibus

1069 1489 1171 1516 Vestris
1186 1489 1329 1517 velociter.
1351 1498 1360 1516 I
1381 1488 1409 1516 Si
1426 1490 1499 1516 enim
1519 1498 1588 1517 unus
1602 1494 1644 1517 est
1658 1490 1865 1525 Salanus,un-

1071 1535 1151 1563 modo
1166 1540 1254 1570 potest
1269 1537 1329 1570 ipse
1343 1537 1478 1564 contritus
1493 1543 1553 1564 esse
1571 1536 1621 1564 sub
1638 1537 1758 1571 pedibus
1776 1545 1863 1565 servo-

1073 1589 1132 1609 rum
1148 1581 1206 1614 Dei,
1222 1587 1250 1609 ct
1265 1581 1363 1609 iterum
1375 1582 1506 1617 operari?
1530 1582 1558 1609 Si
1574 1583 1646 1609 enim
1662 1584 1806 1612 comritus
1819 1588 1863 1612 est.

1071 1632 1099 1654 et
1113 1635 1127 1654 a
1142 1627 1197 1654 Deo
1224 1628 1371 1660 enutritus,
1395 1619 1617 1663 operari-utique
1641 1628 1700 1664 (99)
1719 1629 1797 1655 ultra
1817 1636 1863 1656 non

1072 1677 1171 1708 potest.
1186 1673 1224 1701 Ne
1238 1673 1308 1701 forte
1320 1681 1385 1708 ergo
1399 1675 1466 1701 tanti
1479 1682 1540 1702 esse
1554 1675 1664 1709 putandi
1677 1675 1737 1702 sint
1748 1675 1864 1707 Satanas,

1071 1721 1166 1755 quanti
1184 1725 1248 1748 sunt
1274 1719 1323 1752 illi,
1338 1720 1384 1755 qui
1408 1726 1559 1755 operantur
1572 1728 1653 1755 opera
1672 1721 1799 1749 Salame.
1816 1721 1864 1748 Hoc

1072 1767 1144 1794 enim
1165 1766 1231 1794 mihi
1245 1766 1354 1794 videtur
1366 1767 1484 1794 indicari
1501 1772 1529 1794 et
1547 1767 1572 1794 in
1589 1767 1744 1802 Sapientia.
1772 1769 1817 1796 ubi
1831 1769 1865 1795 di-

1071 1811 1144 1838 citur
1173 1811 1207 1844 ⁸⁸,
1231 1811 1294 1846 quia
1309 1820 1318 1838 ‹
1336 1812 1436 1846 impius
1463 1812 1628 1839 tttaledicens
1650 1812 1800 1845 Satanam,
1816 1814 1864 1847 ipss

1072 1857 1340 1886 maledicitanimatn
1352 1866 1440 1886 suam.
1457 1869 1466 1885 ι
1486 1858 1540 1887 Sed
1554 1864 1582 1886 et
1598 1859 1623 1886 in
1640 1859 1736 1894 aliquo
1750 1861 1862 1894 quodam

1072 1904 1174 1939 libello,
1190 1905 1235 1940 qui
1263 1905 1415 1940 appellatur
1433 1904 1638 1933 Testamentum
1666 1907 1811 1934 duodecim
1821 1915 1862 1940 pa-

1072 1952 1262 1984 trime/tarum,
1277 1952 1402 1987 quamvis
1416 1959 1470 1979 non
1485 1951 1618 1981 habeatur
1632 1953 1659 1980 in
1693 1960 1813 1985 canone,
1829 1957 1862 1978 ta-

1072 1998 1123 2024 lem
1145 2002 1236 2025 tattten
1251 1998 1400 2032 quemdam
1418 2005 1528 2025 sensum
1545 1998 1717 2031 invenimus‘,
1733 1999 1808 2034 quod
1822 2005 1862 2032 per

1072 2044 1197 2077 singulos
1212 2049 1356 2078 peccantes
1366 2044 1463 2078 singuli
1480 2043 1590 2071 Satanae
1604 2044 1721 2080 intelligi
1740 2046 1860 2073 debeant.

1073 2089 1232 2117 l'lridentius
1247 2094 1337 2116 autem
1352 2095 1379 2116 et
1395 2090 1452 2124 ipsa
1473 2089 1591 2117 nominis
1615 2090 1674 2124 ejus
1702 2090 1859 2125 interpreta-

1073 2135 1119 2168 tio,
1134 2136 1205 2163 sicttt
1219 2135 1332 2163 studiosi
1347 2136 1523 2165 Hebraeorum
1542 2137 1662 2167 tradunt.
1678 2136 1733 2164 hoc
1750 2137 1818 2164 idem
1827 2136 1859 2162 si-

1072 2180 1203 2215 gniﬁcare
1216 2181 1335 2209 videtur.
1352 2181 1467 2209 Satanas
1482 2189 1598 2217 namque
1611 2182 1784 2209 adversarius
1797 2182 1859 2209 dici-

223 2225 261 2253 sit
294 2225 369 2253 illum
392 2226 529 2261 spiritum,
549 2227 595 2262 qtti
621 2227 656 2255 ab
677 2227 723 2255 illo
743 2233 837 2256 saneto
865 2229 954 2258 vietus
968 2236 1022 2266 est,
1040 2239 1061 2266 ο
1076 2227 1245 2255 lur.0mncs
1270 2234 1335 2262 ergo
1363 2227 1407 2261 qui
1428 2228 1611 2255 adversantur
1640 2228 1686 2254 Dei
1720 2227 1858 2256 voluntati.

223 2273 383 2308 impugnare
417 2273 517 2301 iterttm
551 2274 634 2301 alium
673 2274 835 2307 hominem;
871 2276 919 2303 sed
953 2277 1025 2306 sicttt

223 2318 263 2347 illi
287 2319 411 2354 spiritus,
433 2318 479 2353 qui
499 2319 633 2354 rogabant
662 2318 754 2348 Jesum
781 2327 814 2348 ne
839 2320 866 2348 itt
893 2322 1022 2358 abyssum

224 2365 402 2393 mitterentur
429 2365 459 2399 ⁷,
484 2365 558 2400 quod
586 2373 658 2393 nunc
682 2365 790 2393 interitu
818 2367 949 2395 Dominus
974 2372 1023 2404 pro

224 2413 355 2450 praesenti
380 2413 587 2448 dispensatione
612 2413 769 2447 concessit;
797 2415 834 2442 ita
850 2423 1023 2451 consequens

223 2459 354 2491 videtur,
384 2458 456 2493 quod
482 2458 582 2493 singuli
620 2459 722 2494 quiqtte
754 2467 873 2496 nequam
909 2462 1024 2496 spiritus

224 2512 285 2532 cum
306 2506 453 2533 vincuntur
477 2512 492 2532 a
518 2505 631 2538 sanctis,
654 2505 698 2533 vel
729 2505 757 2532 in
781 2506 908 2543 abyssum
936 2507 975 2535 vel
995 2507 1022 2534 in

257 2593 269 2610 '
283 2593 380 2623 Matth.
393 2603 453 2624 thl.
490 2596 501 2612 ⁸
517 2595 583 2624 Luc.
603 2603 661 2628 vttt,
675 2595 720 2622 30.
757 2595 768 2610 ’
782 2594 854 2622 Psal.
869 2603 907 2628 Cl,
927 2595 955 2622 8.

226 2686 232 2693 _
261 2650 316 2693 (92)
333 2652 397 2680 Mss.
425 2663 434 2679 ι
450 2658 477 2681 et
499 2662 522 2681 st
544 2653 664 2682 eveniat.
681 2663 690 2679 ι
718 2652 798 2680 Libb.
821 2652 900 2685 editi,
921 2661 929 2678 I
947 2657 974 2680 et
992 2654 1014 2680 si

226 2692 357 2714 Inveniat.
372 2697 382 2714 ι

242 2721 316 2782 Ιί(Ξὶὸ)
344 2723 408 2751 Mss.
431 2733 440 2751 ι
457 2723 496 2752 vel
523 2724 550 2751 in
571 2724 643 2752 aliis.
664 2734 673 2751 I
699 2724 759 2752 Lib.
785 2722 870 2754 editi,
899 2731 909 2748 ‹
933 2728 961 2751 et
987 2723 1013 2750 itt

273 2778 276 2782 .
289 2777 295 2782 .
313 2767 321 2782 Ι

225 2763 295 2783 ntus.
313 2767 321 2782 I

261 2791 318 2828 (9-5)
332 2792 411 2828 Libb.
424 2793 511 2826 editi,
537 2803 546 2819 ε
564 2800 681 2828 pugnant
703 2801 763 2822 esse
784 2793 864 2821 nobis
884 2792 1013 2820 omnibus

225 2826 332 2854 scribit.
349 2827 451 2855 Tamen
468 2836 529 2856 reor
548 2826 683 2856 omnium.
700 2838 710 2855 ι

260 2862 317 2897 (θῖ)
342 2862 400 2889 Duo
419 2870 484 2891 mss.
501 2863 698 2896 Ebroiccnses,
718 2873 727 2889 ι
743 2863 817 2892 velut
832 2871 917 2899 equos
934 2863 1015 2899 pluri.

996 2596 1017 2612 ‘°
1031 2596 1110 2624 Rom.
1129 2603 1186 2627 xvt,
1197 2595 1244 2622 ‘20.

1074 2271 1184 2299 Satanae
1199 2276 1313 2308 possunt
1325 2272 1388 2299 dici.
1402 2272 1464 2299 Haec
1478 2280 1544 2306 ergo
1559 2272 1677 2299 diximus
1690 2280 1741 2307 pro
1753 2281 1786 2299 eo
1796 2271 1858 2306 quod

1073 2320 1205 2354 scriptum
1221 2323 1263 2347 est
1278 2319 1336 2351 ",t
1356 2320 1418 2354 quia
1442 2318 1607 2347 confortavit
1630 2318 1762 2346 Dominus
1784 2317 1857 2345 corda

1073 2374 1168 2394 eorum
1194 2371 1223 2393 ut
1249 2366 1356 2393 exirent
1386 2366 1419 2393 ad
1437 2365 1559 2400 praelium
1590 2369 1682 2392 contra
1708 2364 1804 2396 Israel,
1834 2368 1858 2388 ιιι

1073 2412 1333 2439 exterminarentur.
1355 2422 1364 2438 ι
1383 2412 1482 2439 Beatus
1498 2419 1565 2446 ergo
1578 2416 1619 2438 est
1637 2411 1683 2444 qtti
1706 2410 1857 2437 indesinen-

1074 2463 1114 2484 ter
1130 2456 1278 2491 spiritalem
1293 2457 1453 2483 machzeram
1475 2461 1582 2488 tenens,
1599 2463 1652 2482 tton
1668 2454 1759 2482 aufert
1775 2461 1831 2482 eam
1843 2459 1856 2477 ι

1074 2503 1225 2531 cervicibus
1241 2503 1335 2530 ltortttn
1355 2503 1486 2535 hostium,
1501 2503 1534 2529 de
1553 2502 1651 2536 quibus
1668 2501 1793 2535 superius
1807 2508 1853 2528 tttcv

1284 2595 1303 2610 "
1322 2594 1394 2622 Eccl.
1413 2601 1470 2626 nt,
1484 2593 1529 2625 50.
1568 2594 1589 2609 "
1606 2593 1664 2621 Jos.
1685 2601 1724 2622 xt.
1740 2593 1786 2620 20.

1072 2660 1142 2680 mos.
1158 2662 1167 2678 )

1108 2688 1166 2723 (96)
1191 2687 1292 2715 Omnes
1320 2687 1497 2722 manuscripti
1513 2707 1521 2720 ,
1549 2696 1558 2713 ι
1578 2687 1748 2714 sinerentur.
1768 2695 1778 2712 ι
1801 2685 1851 2712 Lib.

1069 2724 1147 2753 editi,
1164 2733 1172 2746 ί
1195 2724 1352 2750 liniretttttr.
1371 2731 1381 2753 ι

1105 2758 1162 2793 (97)
1178 2758 1238 2793 Duo
1252 2758 1446 2790 Ebroicenses,
1466 2766 1475 2782 ε
1492 2757 1595 2791 vagari.
1611 2767 1621 2784 ι

1102 2792 1158 2827 (⁷98)
1176 2792 1269 2825 Iidem,
1288 2801 1297 2819 t
1314 2793 1465 2820 habitabat.
1477 2803 1485 2819 ι
1508 2792 1585 2820 Libb.
1601 2792 1683 2825 editi,
1703 2792 1850 2827 thabilll.’

1100 2828 1160 2890 (99g
1173 2827 1268 2862 Utique
1296 2828 1372 2869 deest
1397 2828 1423 2855 itt
1448 2827 1514 2856 libb.
1537 2829 1629 2861 editis,
1652 2828 1699 2855 sed
1722 2831 1808 2856 exstat
1831 2826 1851 2853 in

1100 2871 1118 2890 ι.
1159 2870 1381 2890 anttcrmanenst.

1066 2870 1118 2891 ms.
1137 2864 1381 2899 Sangcrmanensi.
