1902 3052
52 95 104 124 905

549 93 583 122 ΙΝ
603 93 732 122 LIBRUM
752 93 834 122 JESU
856 94 950 122 NAVE
969 94 1110 124 HOMILIA
1133 96 1202 125 XVI.

1626 98 1680 125 9(‘0

53 153 228 186 moravimus,
257 152 331 180 sicut
353 155 380 179 et
402 151 536 180 Jeremias
558 153 690 188 propheta
713 153 778 180 dicit
795 153 817 168 “
835 160 842 179 :
859 155 882 183 Α
896 161 930 180 eo
941 154 1119 189 appellantur.
1135 155 1205 190 quod
1221 154 1369 189 longaevam
1387 155 1512 183 duxerint
1526 155 1619 190 vitam,
1634 158 1682 184 sed

56 210 65 227 ι
81 198 237 227 Maledictns
251 198 332 225 homo
346 197 393 231 qui
406 196 470 223 facit
484 204 564 232 opera
581 197 686 224 Domini
703 196 840 232 negligen-

55 252 103 276 ter.
115 250 141 272 et
153 244 242 271 aufert
257 244 417 270 machaeram
431 250 508 270 suam
525 250 540 270 a
559 242 691 278 sanguine
713 242 838 269 inimico-

53 299 122 319 rum.
140 300 149 316 ι
165 290 221 317 Hoc
233 290 254 316 si
270 288 419 316 secundum
437 287 556 314 litteram
575 287 768 322 intelligamus,
793 293 840 314 ne-

53 345 126 366 cesse
156 336 210 364 erit
235 342 284 362 nos
314 334 500 362 indesinenter
531 333 690 368 sanguinem
715 332 838 360 fundere.

53 384 126 417 Quod
141 382 227 410 Judaei
255 385 385 416 putantes
399 380 446 415 qui
472 387 505 406 ex
532 379 638 414 integro
656 386 721 406 caro
736 382 798 405 sunt
813 382 841 405 et

53 429 172 464 sanguis,
203 427 329 455 crudeles
345 430 373 452 et
395 424 580 459 implacabiles
613 424 690 454 ﬁunt,
718 423 838 450 dicentes

53 473 269 502 maledictionem
287 472 404 507 positam
419 478 479 497 esse
495 471 536 501 iis,
552 471 597 504 qui
613 478 627 496 a
653 471 786 504 sanguine
799 469 841 497 ef-

54 521 186 549 fundendo
200 518 380 549 cessaverint,
394 522 421 544 et
437 516 498 543 ideo
523 517 604 550 pedes
628 523 722 543 eorum
735 515 841 543 veloces

54 571 113 595 sunt
124 566 158 593 ad
174 564 365 592 eli'nndendum
380 564 549 597 sanguinem.
564 561 618 589 Sed
641 562 693 590 illis
712 562 839 597 hujusce-

53 612 123 639 modi
140 610 329 646 intelligentia,
352 609 415 644 quia
442 616 507 636 caro
525 613 554 635 et
574 608 687 644 sanguis
714 612 788 641 sunt,
801 608 841 634 vi—

53 659 171 690 deatur;
203 653 270 684 mihi
298 660 389 683 autem
415 658 527 689 praestet
554 655 685 682 Dominus
703 661 840 688 nunquam

53 703 187 739 negligere
201 709 285 737 opera
298 701 414 730 Domini,
428 705 478 726 nec
491 698 599 727 auferre
614 699 764 734 spiritalem
783 698 842 734 gla-

53 750 123 776 dium
136 747 210 776 verbi
230 747 275 774 Dei
291 755 306 774 a
325 747 459 781 sanguine
483 745 682 773 contrariarum
698 745 841 776 virtutum,

52 800 78 821 et
93 793 258 821 mortiﬁcare
269 799 315 820 eas
330 792 356 819 in
381 799 545 826 unoquoque
560 791 725 818 auditorum.
756 789 842 817 Inter-

895 207 945 233 pro
958 201 1116 226 maturitate
1137 209 1232 227 sensus
1244 205 1272 227 et
1294 201 1427 235 gravitate
1449 202 1512 229 vita:
1527 203 1684 231 veneranda

896 244 947 271 hac
958 245 1140 279 appellatione
1165 246 1338 277 decorentur,
1365 246 1481 274 maxime
1492 254 1553 274 cum
1574 248 1685 275 additur

895 289 928 316 ad
948 290 1132 326 presbyterum
1155 299 1247 318 sermo
1271 291 1322 319 iste
1340 292 1386 326 qui
1411 292 1544 327 sequitur,
1562 301 1571 318 ι
1589 293 1685 328 plenus

895 335 1012 364 dierum.
1031 345 1041 361 ι
1057 335 1085 363 Si
1101 337 1172 363 enim
1193 337 1241 364 aevi
1258 337 1412 372 prolixitate
1430 338 1616 373 appellandus,
1636 340 1683 374 qui

895 381 1049 416 presbyter,
1063 381 1104 408 vel
1125 382 1216 409 senior
1239 382 1387 412 videretur.
1403 391 1484 418 quem
1501 385 1587 418 magis
1600 392 1691 419 opnra

897 426 970 453 tebat
993 427 1074 453 alium
1102 428 1153 454 hoc
1180 428 1290 454 nomine
1316 429 1434 460 ecnseri,
1463 436 1543 463 quam
1565 430 1683 465 primum

895 473 992 506 Adam,
1007 475 1048 501 vel
1062 480 1137 502 certe
1156 475 1346 507 Mathusalem,
1369 481 1417 502 aut
1436 475 1503 508 Noe,
1528 477 1574 511 qui
1589 478 1685 512 utique

895 519 973 554 longe
985 520 1108 555 pluribus
1122 520 1160 556 (5)
1176 528 1257 555 quam
1275 521 1366 548 caeteri
1380 521 1460 548 annis
1476 521 1502 548 in
1518 523 1570 549 hoc
1584 524 1685 551 mundo

894 565 996 592 vixisse
1012 565 1204 593 declarantur?
1227 565 1280 593 Sed
1297 574 1370 593 nunc
1394 566 1536 594 videamus
1564 568 1635 602 quod
1651 576 1684 595 ex

896 610 949 638 illis
963 611 1071 645 quidem
1085 611 1168 648 436
1185 612 1274 639 nullus
1300 611 1419 639 refertur
1435 619 1448 638 a
1465 611 1607 647 Scriptura
1623 621 1686 649 prc-

896 657 990 692 sbyter
1002 661 1049 684 aut
1068 658 1161 684 senior
1184 658 1345 692 appellatus,
1361 658 1408 684 sed
1425 657 1447 685 is
1469 658 1515 692 qui
1529 658 1608 693 longe
1624 659 1686 687 bre-

895 702 979 729 vioris
1001 703 1132 737 temporis
1155 702 1237 730 vitam
1254 703 1341 734 duxit,
1358 702 1461 738 primus
1476 702 1503 729 in
1535 703 1685 738 Scripturis

895 747 998 775 sanctis
1021 747 1157 774 Abraham
1180 749 1334 783 presbyter,
1358 748 1398 774 vel
1417 748 1509 775 senior
1522 749 1684 783 appellatur.

897 792 1002 820 Dictmn
1017 797 1059 820 est
1081 792 1163 819 etiam
1178 793 1212 819 ad
1228 793 1336 828 Moysen
1362 801 1376 820 a
1396 792 1512 820 Domino
1527 794 1566 821 “z
1584 803 1593 820 ι
1611 794 1687 828 Elige

54 840 181 868 ﬁciuntur
197 843 287 865 autem
302 838 328 864 in
343 837 421 865 vobis
437 838 473 864 ita
488 837 608 869 demum,
633 836 656 863 si
683 836 726 864 his
741 835 842 863 auditis
860 829 880 858 Β
897 838 944 865 tibi
964 839 997 864 ab
1009 838 1081 865 omni
1097 838 1195 872 popqu
1208 839 1394 874 presbyteros,
1411 847 1478 873 quos
1493 843 1520 866 tu
1538 841 1608 867 nosti
1621 841 1686 876 quia

52 893 144 912 earum
157 892 241 919 opera
259 892 311 911 non
329 884 426 917 agatis.

87 931 112 958 '7.
127 931 231 958 Dicitur
249 935 339 956 autem
356 930 383 956 in
397 929 628 964 consequentibus
645 928 678 961 ",
691 927 754 963 quia
771 937 781 953 ι
797 934 843 955 ce-

52 977 90 1011 pit
105 976 184 1004 Jesus
198 983 307 1003 omnem
324 979 433 1006 terram,
451 975 522 1001 sicut
545 974 683 1001 mandavit
709 973 842 1001 Dominus

54 1022 147 1057 Moysi.
169 1031 178 1047 ι
196 1022 242 1049 Ille
255 1021 335 1049 Jesus
353 1021 423 1048 ﬁlius
439 1020 523 1052 Nave,
548 1028 601 1047 non
620 1020 697 1047 video
712 1019 783 1054 quod
798 1027 844 1046 ce.

54 1068 120 1102 perit
134 1075 243 1095 omnem
274 1072 385 1095 terram.
409 1067 544 1101 Quantum
561 1067 633 1094 enim
662 1070 741 1092 terra:
757 1065 839 1099 cepit,

53 1114 96 1147 qui
110 1113 232 1141 Iudaeam
252 1113 339 1140 tenuit
353 1113 459 1140 solam?
481 1111 578 1139 Noster
592 1116 681 1138 autent
714 1110 843 1137 Dominus

54 1159 129 1188 Jesus
145 1160 204 1194 ipse
216 1167 279 1186 vere
291 1160 363 1194 cepit
376 1166 483 1186 omnem
499 1162 612 1188 terram,
634 1157 661 1183 in
677 1164 709 1184 eo
723 1156 795 1191 quod
810 1163 842 1182 ex

52 1205 121 1231 omni
136 1210 222 1236 terra,
238 1209 321 1239 atque
346 1212 379 1231 ex
391 1204 517 1231 omnibus
534 1203 699 1234 nationibus,
728 1202 761 1228 ad
781 1209 842 1228 eum

52 1250 191 1278 concurrit
203 1250 372 1277 credentium
388 1250 427 1285 (1)
445 1249 601 1277 multitudo.
618 1248 733 1275 Additur
758 1247 842 1274 etiam

53 1301 110 1330 post
131 1296 191 1323 hate
211 1300 385 1330 posteaquam
399 1303 508 1322 omnem
535 1300 636 1322 terram
654 1294 725 1328 cepit
741 1293 841 1322 Jesus:

55 1351 64 1367 ι
79 1341 111 1369 Ει
125 1342 270 1376 requievit,
284 1341 372 1376 inquit
384 1342 418 1374 ",
439 1346 511 1368 terra
537 1349 552 1367 a
576 1340 664 1368 bellis.
684 1350 692 1366 ι
708 1340 764 1367 lloc
775 1348 843 1375 quo-

54 1388 131 1415 modo
142 1395 207 1414 vere
221 1388 356 1414 videbitur
374 1387 427 1415 dici
443 1387 476 1414 de
490 1387 545 1414 ﬁlio
563 1385 644 1418 Nave,
667 1387 729 1421 quia
752 1393 844 1414 cessa-

53 1434 90 1462 vit
118 1440 191 1462 terra
215 1443 229 1461 a
251 1434 341 1467 bellis,
365 1442 424 1469 qua:
448 1441 587 1469 nunquam
602 1433 658 1460 fere
677 1434 844 1468 temporibus

53 1479 108 1514 ejus
122 1480 240 1508 cessavit
264 1488 278 1506 a
303 1480 403 1507 bellis?
418 1480 471 1507 Sed
496 1480 547 1507 hoc
561 1479 715 1515 completur
738 1481 763 1506 iu
786 1480 844 1507 solo

54 1525 167 1553 Domino
184 1532 244 1552 meo
266 1525 328 1552 Iesu
343 1525 463 1553 Christo.
493 1525 521 1552 Si
548 1525 620 1552 enim
646 1525 803 1552 consideres
819 1531 845 1552 te

54 1573 96 1606 qui
112 1572 209 1599 venisti
234 1572 267 1598 ad
293 1571 396 1601 Jesum,
413 1576 439 1598 et
453 1571 487 1597 ab
507 1577 539 1597 eo
563 1577 611 1604 per
637 1570 765 1604 baptismi
781 1577 843 1604 gra-

57 1619 130 1650 tiam,
146 1618 336 1646 remissionem
364 1621 528 1645 consecutus
549 1624 578 1644 es
603 1622 793 1651 peccatorum,
817 1621 844 1643 et

52 1665 105 1699 jam
129 1665 156 1691 in
181 1670 207 1691 te
226 1671 277 1690 non
294 1668 397 1698 pugnat
419 1670 483 1690 caro
502 1662 634 1689 adversus
656 1662 792 1696 spiritum.
817 1666 846 1689 et

55 1710 165 1743 spiritus
180 1710 313 1736 adversus
338 1716 459 1738 carnem,
474 1708 594 1735 cessavit
616 1706 653 1741 12)
679 1711 749 1734 terra
772 1711 815 1733 tua
829 1715 843 1734 a

54 1756 128 1783 bellis
147 1764 155 1783 :
172 1756 194 1783 si
210 1759 299 1781 tamen
325 1759 440 1780 mortem
466 1751 529 1779 Jesu
556 1752 656 1779 Christi
681 1752 706 1778 in
729 1759 845 1786 corpore

56 1807 98 1829 tuo
116 1801 308 1831 circumferas,
333 1801 368 1826 ita
388 1799 600 1826 utcessautibus
622 1799 647 1825 in
666 1803 692 1826 te
718 1798 845 1825 omnibus

55 1848 153 1881 pra-liis
166 1847 295 1874 elﬁciaris
309 1846 450 1880 paciﬁcus,
470 1849 497 1872 ct
511 1845 584 1872 ﬁlius
601 1845 646 1871 Dei
661 1844 777 1871 voceris.
791 1843 844 1870 Sed

56 1894 104 1920 boc
118 1894 164 1921 ﬁet
177 1897 356 1928 posteaquam
373 1891 440 1918 bella
456 1891 634 1925 transegeris,
661 1895 688 1917 et
714 1890 845 1917 adversa-

55 1941 107 1966 rius
119 1940 230 1966 viceris.
244 1937 321 1965 Tunc
335 1937 384 1963 tibi
396 1936 505 1963 dabitur
517 1937 634 1970 requies,
648 1939 677 1962 ul
689 1935 846 1969 requiescas

55 1985 103 2012 sub
118 1986 173 2012 vite
187 1990 244 2017 tua,
258 1983 302 2018 qui
318 1987 360 2010 est
371 1981 497 2009 Christus
507 1980 596 2014 Jesns,
610 1987 638 2008 et
657 1981 706 2008 sub
721 1980 772 2007 ﬁcu
787 1986 844 2012 tua,

55 2032 98 2064 qui
119 2035 161 2058 est
181 2030 300 2065 Spiritus
321 2034 442 2062 sanctus,
457 2033 486 2055 nt
505 2028 540 2054 ita
563 2027 663 2061 gratias
677 2026 779 2053 referas
790 2027 845 2053 Deo

56 2076 125 2104 l’alt‘i
138 2075 320 2110 omnipotenti
341 2075 367 2102 in
390 2076 449 2110 ipso
461 2073 570 2101 Christo
591 2071 654 2099 Jesu
669 2072 781 2099 Domino
797 2080 846 2098 no-

55 2128 120 2153 stro,
148 2122 192 2149 cui
208 2126 249 2149 est
261 2121 345 2156 gloria
364 2127 391 2149 et
404 2119 546 2154 imperium
567 2117 607 2152 (5)
626 2117 653 2144 in
678 2117 776 2145 saecula
794 2125 844 2144 stc-

55 2168 184 2194 cnlorunt.
200 2168 297 2195 Amen.

333 2210 474 2239 llOMlLIA
493 2209 563 2237 XVI.

56 2259 91 2286 De
102 2268 131 2286 ea
143 2262 214 2295 quod
227 2258 353 2292 scriptum
365 2262 414 2289 est,
423 2267 432 2295 ς
441 2256 556 2295 Eidem:
568 2259 623 2294 erat
636 2252 778 2295 presbyter.
795 2252 844 2295 hoc

87 2302 122 2321 est
136 2289 225 2321 senior
238 2298 261 2320 et
276 2289 409 2327 provectus
423 2293 449 2317 in
463 2291 555 2317 diebus
578 2290 694 2327 s_uia;tel
712 2289 843 2327 quomodo

87 2331 228 2356 [Hereditas
253 2325 298 2362 per
321 2327 428 2362 Moysen
441 2329 503 2353 data
524 2330 560 2352 cst
577 2325 678 2350 duabus
698 2325 776 2349 semis
793 2325 844 2347 tri-

88 2365 170 2392 bubus
185 2365 234 2392 (4).

106 2365 170 2391 ultus
196 2365 212 2390 4
228 2384 234 2390 .

88 2366 114 2438 1.
132 2365 223 2438 Etitim)
235 2413 299 2436 ante
315 2417 364 2436 nos
380 2408 489 2443 quidam
513 2408 691 2433 observantes
712 2407 843 2431 notarunt

55 2455 81 2482 iu
96 2455 258 2490 Scripturis,
275 2455 338 2489 quia
363 2451 529 2488 presbyteri,
552 2450 594 2478 vel
607 2449 729 2477 seniores
743 2456 796 2475 non
811 2455 843 2474 ex

897 884 1046 918 presbyteri
1061 890 1135 912 sunt.
1157 892 1166 908 ι
1186 883 1239 910 Sed
1251 883 1365 910 observa
1384 884 1466 911 etiam
1480 889 1521 917 tu,
1536 892 1553 911 o
1567 887 1685 920 auditor,

897 929 924 956 in
936 930 1008 956 omni
1025 929 1179 964 Scriptura,
1196 930 1283 956 sicubi
1296 929 1422 957 invenire
1434 936 1510 966 potes
1526 932 1686 965 appellatio-

897 983 959 1003 nem
978 976 1048 1004 ltanc
1063 976 1156 1003 senior
1171 979 1199 1002 et
1215 975 1309 1010 plenus
1328 976 1444 1009 dieruml
1476 977 1590 1012 positam
1607 986 1688 1013 super

897 1021 987 1055 aliqtto
1001 1025 1155 1055 peccatore.
1172 1019 1250 1047 Nunc
1266 1028 1331 1055 ergo
1343 1022 1432 1048 sancti
1447 1021 1567 1056 Spiritus
1584 1030 1633 1049 vox
1646 1027 1687 1049 est

897 1067 1101 1102 pronuntiantis
1127 1066 1219 1093 Jesutu
1243 1067 1445 1102 presbyterum,
1476 1068 1518 1094 vel
1538 1068 1685 1098 seniorem.

897 1117 924 1140 et
943 1116 1101 1146 provectum
1118 1112 1144 1138 in
1161 1112 1268 1139 diebus.
1287 1112 1324 1139 Ita
1341 1113 1413 1139 errat
1428 1113 1495 1139 dicit
1512 1113 1532 1128 ¹⁷
1555 1122 1562 1140 :
1582 1123 1590 1139 ι
1607 1113 1686 1141 .lesua

897 1158 969 1185 enim
989 1163 1059 1190 erat,
1085 1158 1183 1192 inquit,
1209 1158 1361 1194 presbyter,
1388 1158 1429 1185 vel
1443 1161 1535 1186 senior
1547 1164 1575 1186 et
1589 1167 1686 1193 prove-

897 1208 956 1230 ctus
969 1204 1085 1231 dierutn.
1102 1213 1112 1229 ι
1127 1203 1203 1236 Quod
1230 1205 1323 1238 utique
1334 1203 1367 1230 de
1394 1210 1539 1238 peccatore
1562 1205 1613 1232 dici
1633 1213 1685 1232 nou

898 1253 1015 1284 poterat,
1032 1249 1095 1283 quia
1122 1254 1249 1284 peccator
1272 1257 1323 1276 non
1341 1254 1382 1276 est
1399 1256 1544 1284 provectus
1568 1251 1686 1279 dierum.

898 1294 955 1322 NOII
972 1296 1044 1322 enim
1058 1303 1087 1322 se
1102 1295 1225 1322 extendit
1239 1295 1272 1322 ad
1285 1303 1315 1322 ea
1330 1303 1391 1329 qua:
1408 1300 1470 1322 ante
1484 1300 1543 1322 sunt
1559 1295 1607 1331 ((i),
1619 1297 1689 1324 obli-

898 1342 1007 1369 viscens
1024 1349 1054 1367 ea
1073 1349 1134 1376 qua).
1158 1347 1309 1368 retrorsum
1336 1347 1410 1375 sunt,
1431 1343 1477 1368 sed
1491 1350 1599 1375 semper
1614 1343 1688 1370 r'ctro

898 1386 1077 1419 convertitur,
1093 1391 1120 1412 et
1136 1386 1168 1412 ad
1183 1386 1312 1413 vomitum
1325 1394 1402 1413 suum
1421 1387 1500 1419 redit,
1517 1393 1543 1413 ct
1560 1388 1619 1414 ideo
1634 1396 1687 1414 non

898 1436 976 1466 aptus
988 1436 1030 1459 est
1045 1439 1129 1466 regno
1145 1432 1288 1459 ctelorum.
1305 1432 1354 1465 Qui
1373 1438 1463 1460 autem
1477 1442 1584 1468 semper
1600 1434 1638 1469 (7)
1653 1435 1687 1461 ad

898 1477 988 1512 priora
1006 1477 1175 1510 extenditur,
1190 1483 1216 1505 et
1234 1478 1266 1504 ad
1293 1478 1487 1512 perfectionem
1515 1480 1610 1512 fertur,
1637 1480 1688 1507 iste

898 1528 1043 1558 provectus
1070 1528 1111 1550 est
1128 1524 1156 1550 in
1173 1525 1268 1551 diebus
1292 1525 1359 1551 suis.
1387 1525 1419 1551 Et
1440 1533 1511 1552 mine
1533 1533 1597 1561 ergo
1621 1526 1687 1553 dicit

898 1569 1029 1596 Dominus
1045 1569 1078 1596 ad
1095 1568 1186 1596 Iesum
1203 1569 1225 1585 ¹³
1243 1580 1248 1597 :
1267 1578 1277 1595 ι
1295 1570 1333 1596 Tu
1349 1575 1494 1604 provectus
1509 1579 1537 1599 cs
1551 1572 1576 1599 in
1592 1572 1687 1599 diebus

898 1615 960 1640 tuis.
978 1623 988 1639 ›
1007 1612 1104 1640 Nescio
1116 1621 1166 1648 ego
1182 1614 1204 1641 si
1222 1614 1247 1641 in
1268 1615 1318 1641 hoc
1340 1615 1399 1641 loco
1419 1615 1483 1642 illud
1510 1620 1597 1650 potest
1612 1616 1687 1643 vide-

897 1659 1007 1694 ri,qnia
1022 1659 1072 1686 hoc
1096 1659 1206 1687 diccbat
1233 1660 1362 1687 Dominus
1390 1661 1423 1687 ad
1449 1660 1553 1694 Jesum,
1570 1662 1640 1696 quod
1653 1663 1688 1689 de

897 1710 976 1732 mtate
987 1705 1046 1740 ejus
1060 1706 1140 1732 senili
1163 1713 1259 1732 omnes
1274 1706 1415 1738 videbant,
1441 1712 1468 1733 et
1496 1715 1591 1735 omnes
1605 1715 1689 1735 novo-

899 1756 971 1778 rant.
987 1751 1020 1778 Et
1033 1759 1093 1785 qua:
1105 1756 1168 1779 sunt
1183 1756 1237 1778 tam
1258 1759 1353 1786 magna
1372 1760 1498 1787 responsa
1518 1754 1568 1781 ista
1584 1755 1687 1787 divina,

897 1804 956 1832 quae
969 1797 1125 1824 hominibus
1142 1797 1314 1830 deferuntur,
1337 1803 1367 1824 ut
1388 1799 1480 1826 dicunt
1496 1800 1553 1827 seni
1574 1801 1688 1831 homini.

897 1843 960 1878 quia
978 1850 1060 1870 senex
1075 1851 1116 1874 es,
1133 1843 1206 1877 quod
1223 1851 1317 1870 omnes
1330 1843 1468 1876 videbant,
1484 1849 1512 1871 et
1531 1853 1628 1873 omnes
1640 1855 1686 1873 uo-

897 1890 1011 1916 verant?
1027 1889 1079 1916 Sed
1099 1889 1164 1916 mihi
1190 1889 1295 1916 videtur
1318 1897 1447 1922 magnum
1478 1890 1587 1924 aliquod
1607 1893 1688 1918 testi-

898 1936 1018 1962 monium
1033 1943 1048 1962 a
1063 1936 1177 1962 Domino
1194 1942 1241 1969 per
1253 1935 1309 1962 haec
1336 1936 1395 1962 dari
1413 1936 1467 1962 lilio
1483 1936 1568 1968 Nave,
1585 1945 1645 1963 cum
1662 1939 1687 1965 vi

897 1981 1007 2014 dicitur,
1027 1981 1089 2015 quia
1121 1985 1267 2015 provectus
1293 1980 1398 2008 dierum
1426 1989 1465 2009 cs.
1494 1982 1526 2008 Et
1556 1988 1686 2016 quantum

897 2027 1006 2061 quidem
1024 2026 1147 2061 proloqui
1163 2026 1250 2057 nobis,
1265 2027 1307 2053 vel
1323 2027 1430 2061 aperire
1451 2028 1482 2054 de
1502 2028 1602 2055 divinis
1628 2038 1689 2065 my—

898 2073 991 2100 steriis
1006 2072 1048 2099 fas
1061 2077 1112 2104 est,
1130 2079 1179 2105 ego
1192 2071 1312 2098 arbitror
1325 2072 1396 2106 quod
1418 2072 1487 2098 sicut
1510 2073 1548 2099 sol
1569 2074 1618 2100 iste
1632 2075 1689 2101 dies

898 2120 963 2146 facit
979 2119 1080 2146 mundo
1107 2119 1180 2150 huic,
1197 2118 1232 2144 ila
1246 2122 1273 2145 et
1290 2118 1329 2145 sol
1341 2117 1454 2152 justitirn
1480 2119 1561 2146 faciat
1583 2121 1689 2155 aliquos

861 2172 883 2201 ο
899 2165 955 2192 dies
974 2164 1122 2199 spiritales,
1133 2165 1177 2198 qui
1195 2163 1300 2199 fulgore
1315 2165 1436 2190 veritatis
1463 2169 1489 2190 et
1505 2165 1630 2198 lampade
1645 2173 1690 2193 Sn-

898 2211 1008 2246 pienlia:
1024 2211 1204 2238 illustrenlur.
1224 2211 1252 2237 Si
1268 2210 1329 2245 quis
1350 2218 1416 2246 ergo
1440 2211 1465 2237 in
1485 2213 1626 2245 praeceptis
1641 2213 1687 2238 Dei

899 2258 982 2284 vitam
1000 2259 1070 2285 hanc
1084 2262 1256 2291 praesentem,
1275 2264 1346 2290 qum,
1369 2257 1440 2283 sicut
1465 2256 1549 2283 Jacob
1567 2257 1689 2289 dicebat,

898 2311 1045 2340 paucorum
1061 2307 1089 2329 et
1103 2303 1234 2329 malorum
1264 2303 1369 2330 dierutn
1390 2307 1441 2332 est.
1463 2303 1634 2337 transegetil,
1661 2310 1690 2330 et

899 2348 1102 2378 iuunaculatum
1126 2356 1156 2375 se
1173 2349 1205 2375 ab
1221 2349 1274 2376 hoc
1297 2349 1397 2375 mundo
1414 2349 1592 2382 custodierit,
1608 2354 1688 2383 atque

899 2403 994 2424 omnes
1007 2394 1178 2421 adversarios
1189 2399 1215 2421 et
1231 2395 1323 2422 hostes
1338 2403 1402 2422 suos
1415 2395 1555 2429 subegerit
1578 2396 1689 2429 spirita~

898 2444 951 2474 les,
965 2442 998 2468 ab
1016 2441 1074 2468 istis
1101 2440 1194 2475 paucis
1211 2445 1238 2467 et
1265 2441 1343 2468 malis
1360 2440 1456 2468 diebus
1478 2440 1635 2475 provehitur
1661 2445 1689 2466 et

90 2537 110 2553 "
135 2536 193 2563 Jer.
213 2542 307 2566 .(LVIII,
326 2533 368 2561 l0.
408 2531 501 2559 "Jos.
524 2530 623 2562 “.25.
664 2529 685 2544 "
712 2528 777 2556 ibid.
817 2527 839 2542 "
858 2526 937 2553 Num.
954 2531 992 2551 xl.
1010 2523 1053 2550 16.
1095 2523 1114 2538 ’⁷
1138 2521 1195 2551 Jos.
1213 2522 1311 2554 xtn,l.
1351 2522 1372 2537 "‘
1389 2521 1456 2549 ibid.

90 2617 244 2652 (l)0mnes
272 2622 351 2646 mem.
379 2623 388 2639 l
419 2611 599 2641 credentium.
629 2619 638 2636 ι
661 2608 740 2636 Libb.
767 2606 843 2638 editi,

58 2662 67 2679 ι
85 2653 219 2689 gentium.
236 2661 246 2677 ›
484 2683 500 2689 _‘
557 2681 566 2689 _
579 2681 597 2689 η
609 2679 623 2689 ι
665 2678 727 2689 ’,ω

90 2678 129 2721 (εὶ)
143 2687 246 2714 Omnes
267 2693 345 2718 mss.,
362 2695 370 2711 ι
386 2683 515 2712 cessavit.
531 2691 540 2707 ι
556 2679 637 2708 Libb.
662 2678 740 2711 editi,
758 2686 768 2703 ι
786 2684 846 2705 ces-

56 2724 136 2793 ωῗὲί
149 2732 216 2793 aest
232 2765 242 2793 ᾳ
261 2756 403 2790 imperium
420 2764 429 2780 ι
445 2761 514 2781 unus
525 2751 610 2779 codex
625 2748 736 2777 Ebroic.
751 2746 843 2774 addit:

62 2801 71 2820 ι
91 2802 149 2819 ι-ιιιη
169 2792 271 2827 Spiritu
286 2797 391 2817 sancto.
412 2799 421 2815 ι

92 2817 342 2863 (1]Ἐῗᾲὶιοηιοάο
365 2824 506 2852 hwreditns
522 2830 568 2855 per
586 2820 695 2855 Moysen
722 2817 787 2844 data
806 2820 844 2843 est

244 2874 378 2903 ιἈτιιοι.
397 2873 456 2902 tiu.
482 2869 551 2901 Xll.

896 2604 997 2630 duabus
1009 2602 1088 2629 semis
1105 2601 1235 2628 tribubus.
1262 2600 1324 2628 llaec
1349 2600 1541 2628 desiderantur
1568 2599 1593 2626 in
1610 2599 1688 2626 libris

897 2645 975 2666 antea
995 2639 1087 2668 editis,
1114 2638 1160 2664 sed
1177 2637 1303 2671 leguntur
1321 2636 1346 2662 in
1367 2644 1419 2662 ms.
1445 2635 1686 2671 Sange‘rtnanensi.

933 2673 971 2708 (ὅ)
988 2673 1036 2699 Ms.
1050 2707 1053 2708 ν
1066 2669 1237 2708 Βίλιιίςσεηιιῖ,Δ
1251 2680 1260 2696 ι
1289 2671 1483 2708 utiqnehlongc
1513 2669 1644 2704 pluribus.
1675 2680 1684 2696 ι

898 2705 976 2735 Libh.
992 2707 1066 2736 editi.
1084 2716 1092 2731 ι
1110 2707 1215 2740 utrique
1232 2705 1309 2740 longe
1327 2705 1459 2739 pluribus.
1483 2714 1492 2729 ι

934 2742 972 2776 (6)
987 2742 1036 2769 Ms.
1052 2742 1205 2774 Sanga-nn,
1223 2750 1232 2764 ι
1249 2741 1352 2776 inante
1367 2745 1440 2776 sunt.
1461 2749 1471 2765 ι

935 2774 1106 2812 Semper.
1133 2776 1212 2812 l'ecst
1227 2776 1253 2802 in
1278 2775 1354 2802 libris
1373 2775 1463 2807 editis,
1482 2775 1528 2802 sed
1545 2774 1643 2808 legitur
1656 2775 1683 2802 in

899 2820 949 2840 ms.
969 2811 1206 2846 Sangcrmanensi.

1597 2851 1631 2881 29
