1896 3052
184 105 246 136 ὊθΊ

928 95 1091 126 ORIGENIS

1771 86 1822 115 θω

197 165 371 198 promovetur
386 161 421 188 ad
440 160 499 188 illos
515 159 571 187 dies
584 163 699 186 κιαι-ηοξ
722 163 749 185 e‘t
765 158 859 189 bonos,
885 156 983 184 πῖθι-ιιι
997 159 1018 186 Α
1033 155 1065 182 ad
1081 155 1148 183 “"88
1160 153 1235 182 orbis
1250 156 1383 180 terrarum
1401 151 1428 179 in
1442 152 1589 184 conspectu
1604 148 1664 182 ejus
1676 146 1823 181 proci-lem

197 209 263 236 solis
281 208 341 235 luce
368 208 498 241 signatos.
522 205 579 232 Tali
593 212 656 239 ergo
681 205 796 238 quodam
821 204 916 231 ordine
941 204 982 229 in-

200 254 360 288 telligendus
375 258 417 280 est
428 258 454 280 et
467 252 545 279 Jcstts
566 259 597 278 ex
622 251 720 278 divinis
736 250 872 285 responsis
883 256 981 284 prove—

200 304 260 326 ctus
273 299 377 326 dierum
392 297 574 331 pronuntiari.

234 345 262 371 2.
278 344 378 372 Verum
395 344 523 378 quoniam
550 341 719 369 instituimus
742 348 802 375 qua:
816 341 848 367 de
860 339 925 368 Iesu
939 340 982 366 di-

199 393 296 417 cuntur
306 389 387 416 etiam
399 394 426 416 et
439 388 471 414 ad
485 388 627 414 Dominum
640 392 667 413 et
680 386 847 413 Salvatorem
860 389 982 412 nostrum

199 433 312 465 referre,
325 433 386 466 quis
400 432 437 459 ita
455 432 598 467 presbyter
614 435 641 458 et
660 430 753 458 senior
769 433 913 464 provectus
926 429 984 456 die-

198 487 260 508 rum
281 478 452 512 intelligitur.
466 478 536 504 sicut
549 477 664 511 ipsequi
677 481 719 503 est
741 475 912 510 principium,
931 474 985 508 pri-

199 524 352 559 mogenitus
365 523 456 550 omnis
467 522 618 549 creaturae?
632 522 694 548 ideo
705 521 827 548 fortassis
841 520 899 554 ipse
911 520 984 548 solus

198 577 262 597 vere
274 574 301 595 et
321 569 425 602 integre
437 567 580 602 presbyter
602 566 711 597 dicitur,
728 570 791 592 ante
805 572 886 599 quem
904 571 986 593 nemo

198 620 250 642 est.
274 615 356 649 igitur
370 612 477 640 tametsi
493 617 557 640 sunt
579 611 624 646 qui
651 612 776 638 dicantur
796 611 822 638 in
836 611 985 645 Seripturis

199 660 350 695 presbyteri
367 659 409 686 vel
426 659 558 690 seniores,
583 658 625 685 vel
641 657 794 692 pontiﬁces,
823 661 914 687 tamen
931 656 986 683 Do—

199 707 288 733 minus
301 705 382 736 Iesus
393 705 464 734 sicut
480 704 506 731 in
530 703 704 739 pontiﬁcibus
727 702 885 738 pontiﬁcum
910 703 986 737 priu-

200 758 263 785 ceps
277 755 329 781 est,
345 754 372 777 et
395 750 466 777 sicut
483 749 509 776 in
525 749 680 784 pastoribus
696 748 822 782 princeps
847 751 984 782 pastorum

199 801 252 830 est,
279 796 316 823 ita
332 796 401 822 etin
426 794 593 830 presbyteris
607 795 650 821 vel
678 794 832 822 senioribus
862 792 986 827 princeps

199 842 419 877 presbyterorum
443 841 579 875 putandus
592 845 645 873 est,
667 844 696 867 et
720 839 747 866 in
759 838 895 873 episcopis
912 838 986 872 prin-

200 895 263 922 ceps
275 887 474 921 episcoporum,
488 890 516 912 et
527 892 608 912 omne
623 884 808 919 quodcunque
829 882 986 910 honorabile

200 940 299 961 nomen
312 935 364 963 est,
382 931 500 966 primum
517 930 544 957 in
564 931 625 962 hoc,
643 934 670 956 et
687 929 834 963 principem
849 935 909 955 esse
924 935 985 954 cre-

201 978 318 1006 dendum
327 981 369 1004 est
377 976 557 1008 Salvatorem,
570 976 634 1010 quia
644 975 702 1010 ipse
712 979 754 1002 est
762 974 882 1001 onmium
893 977 984 1008 caput.

236 1024 263 1051 '5.
282 1023 363 1050 Addit
379 1027 468 1050 autem
483 1022 572 1049 adhuc
587 1028 745 1055 responsum
761 1019 885 1046 divinum
906 1023 933 1045 et
947 1018 987 1045 di-

200 1070 239 1096 cit
253 1068 294 1094 ":
314 1077 323 1093 ι
339 1067 378 1094 Τυ
394 1071 538 1102 provectus
552 1073 581 1093 es
597 1065 623 1092 in
638 1065 745 1098 diebus,
763 1070 789 1091 et
807 1069 877 1091 terra
894 1063 986 1091 relicta

200 1119 241 1141 est
259 1113 343 1140 multa
361 1113 447 1141 valde.
466 1122 475 1138 ι
496 1112 523 1139 ln
536 1111 725 1146 superioribus
738 1111 892 1142 dicebatur,
917 1110 988 1137 sicut

200 1158 416 1189 observavimus,
433 1157 496 1192 quia
512 1156 629 1184 cessavit
650 1160 722 1183 terra
737 1163 752 1181 a
769 1154 857 1186 bellis,
875 1158 902 1181 et
924 1153 986 1187 quia

201 1204 279 1232 Iesus
291 1204 364 1238 cepit
380 1210 485 1230 omnem
503 1207 603 1229 terram
623 1209 630 1226 :
647 1205 675 1227 et
697 1200 740 1227 hic
760 1201 840 1226 modo
855 1199 987 1233 scriptum

201 1254 240 1276 est
257 1248 307 1283 (8),
322 1237 386 1282 quia
404 1251 474 1274 terra
490 1245 582 1273 relicta
597 1249 639 1272 est
666 1245 747 1271 multa
762 1244 849 1270 valde.
869 1237 988 1270 Putasne

201 1293 340 1321 contraria
351 1292 402 1319 sibi
416 1291 555 1324 Scriptura
573 1290 729 1318 contineat?
758 1289 812 1316 Hoc
827 1296 876 1316 nec
895 1289 988 1316 leviter

201 1338 393 1373 suspicandum
411 1342 463 1364 est.
481 1336 534 1363 Sed
559 1336 702 1363 redeamus
725 1335 758 1362 ad
782 1334 988 1368 intelligentiam

204 1383 362 1419 spiritalem,
379 1387 406 1409 et
422 1383 447 1409 in
465 1389 496 1408 ea
511 1381 577 1408 nihil
594 1381 715 1408 invenies
729 1388 790 1408 esse
808 1380 986 1413 contrarium.

204 1427 310 1455 Intuere
323 1426 427 1453 Domini
442 1431 469 1453 et
494 1425 645 1452 Salvatoris
662 1426 746 1453 nostri
775 1425 863 1460 primo
879 1424 988 1459 quidem

204 1474 320 1501 adventu
336 1479 396 1499 cum
415 1472 487 1499 venit
509 1471 645 1498 seminare
662 1471 774 1498 verbum
799 1478 876 1497 suum
891 1471 916 1497 in
942 1477 988 1497 or-

204 1521 266 1547 bem
281 1524 369 1551 terrae,
392 1517 526 1552 quomodo
541 1517 612 1550 cepit
631 1524 739 1544 onmem
764 1521 862 1543 terram
876 1515 933 1543 solo
948 1523 991 1542 se-

204 1564 379 1599 minisjactu.
396 1567 424 1590 et
436 1563 571 1596 quomodo
585 1562 755 1589 adversarias
784 1566 937 1597 potestates
957 1569 991 1588 ex

203 1617 235 1637 ea
249 1614 277 1637 et
288 1609 399 1644 angelos
412 1608 530 1642 refugas,
542 1607 587 1642 qui
605 1607 746 1642 gentilium
766 1613 872 1635 mentes
882 1607 994 1635 obsede-

205 1660 278 1687 rant,
292 1654 432 1689 ell‘ugavit,
447 1658 475 1681 et
498 1653 608 1680 interim
624 1653 770 1681 seminavit
789 1653 899 1681 verbum
912 1658 994 1688 atque

205 1699 343 1727 Ecclesias
367 1698 534 1733 propagavit.
552 1697 614 1725 Haec
639 1703 682 1726 est
705 1698 792 1733 prima
819 1697 878 1732 ejus
910 1698 993 1725 totius

205 1749 284 1773 terra:
299 1744 442 1780 possessio.
456 1744 575 1778 Sequere
588 1748 678 1771 autem
692 1751 744 1776 me,
759 1751 775 1771 ο
796 1743 916 1775 auditor,
944 1750 992 1778 per

205 1791 317 1818 subtiles
338 1790 423 1817 lineas
447 1789 531 1820 verbi,
549 1793 577 1815 et
605 1790 745 1818 ostendam
779 1790 828 1817 tibi
859 1789 994 1824 quomodo

204 1837 286 1864 etiam
302 1837 420 1864 secundo
435 1837 526 1871 capiat
540 1842 640 1863 terram
660 1837 738 1867 hanc,
757 1844 817 1870 quae
833 1843 904 1863 nunc
923 1835 993 1863 dici—

206 1887 250 1908 tur
274 1882 307 1908 ad
336 1881 427 1909 Jesum
448 1881 530 1908 multa
549 1888 610 1909 esse
640 1881 779 1908 derelicta.
811 1881 880 1908 Audi
906 1881 939 1908 de
962 1888 994 1907 eo

205 1927 318 1955 Paulum
333 1928 467 1955 dicentem
481 1928 504 1944 ’θ
521 1937 527 1954 :
547 1937 556 1953 α
574 1927 686 1962 Oportet
701 1928 772 1954 enim
788 1935 848 1954 cum
868 1934 993 1960 regnare,

206 1973 292 2001 donec
307 1977 389 2008 ponat
405 1981 499 2000 omnes
512 1973 638 1999 inimicos
650 1980 714 1999 suos
733 1971 881 1999 scabellum
898 1972 994 2005 pedum

206 2026 327 2046 suerum.
350 2028 359 2043 ι
377 2018 439 2045 llaec
453 2026 518 2053 ergo
534 2023 576 2045 est
590 2023 671 2051 terra,
686 2025 746 2052 quae
771 2025 842 2044 nunc
856 2017 939 2043 multa
956 2017 996 2044 di-

207 2064 280 2091 citur
294 2071 354 2090 esse
370 2063 509 2095 derelicta,
529 2064 615 2091 donec
644 2070 738 2090 omnes
752 2062 864 2089 omnino
877 2063 996 2090 subdan~

207 2114 252 2135 tur
268 2108 318 2135 sub
332 2108 446 2142 pedibus
459 2107 531 2141 ejus,
549 2111 575 2134 et
601 2114 649 2141 per
664 2108 719 2134 haec
735 2106 893 2133 haereditate
906 2106 996 2140 capiat

1031 201 1190 235 Ethiopes;
1219 207 1228 223 ι
1254 199 1317 227 et“
1341 207 1347 225 :
1375 207 1384 224 ι
1407 197 1445 224 De
1471 201 1547 224 trans
1574 195 1649 229 ripas
1676 193 1821 219 ﬂuminum

1031 245 1178 279 Ethiopia:
1193 244 1309 272 offerent
1332 241 1477 270 sacriﬁcia.
1492 249 1502 265 δ
1523 239 1599 267 Unde
1623 241 1735 264 constat
1750 235 1821 270 quod

1033 291 1060 317 in
1075 289 1193 318 secundo
1211 289 1326 317 adventu
1350 286 1420 316 hanc
1445 288 1547 312 terram
1566 281 1679 309 multam
1697 287 1758 314 qua:
1776 286 1822 305 sn-

1033 340 1133 370 perest.
1148 333 1281 363 obtinebit
1301 332 1379 360 Iesus
1396 339 1403 357 :
1418 329 1465 358 sed
1478 328 1549 356 beati
1564 331 1629 354 sunt
1646 325 1697 357 illi,
1734 324 1781 359 qui
1797 324 1822 350 in

1033 381 1122 416 primo
1146 379 1204 413 ejus
1230 379 1347 406 adventu
1362 374 1466 404 obtenti
1491 378 1564 401 sunt.
1595 371 1640 399 Isti
1668 370 1747 398 enim
1761 375 1824 396 vere

1033 426 1102 461 grati
1117 430 1206 457 erunt,
1220 425 1276 459 qui,
1296 423 1388 450 multis
1396 419 1558 448 adversariis
1572 416 1779 446 resistentibus,
1796 419 1824 440 et

1035 472 1126 499 multis
1139 471 1260 499 hostibus
1274 467 1505 504 impugnantibus,
1532 464 1603 493 bello
1617 468 1645 490 et
1665 462 1754 488 armis
1769 461 1825 487 Ine-

1036 517 1177 545 reditatem
1205 521 1284 544 rei-ra:
1311 511 1533 548 repromissionis
1564 509 1715 543 accipiunt.
1755 507 1824 532 Cum

1035 569 1099 598 vero
1125 569 1158 589 ex
1188 559 1352 588 necessitate
1379 558 1442 593 quis
1469 556 1550 584 fuerit
1576 554 1729 588 subjectus,
1760 557 1825 578 time

1034 607 1142 642 quando
1167 607 1248 634 etiam
1280 604 1456 632 novissimum
1487 602 1629 629 inimicum
1646 599 1754 627 destrui
1777 606 1824 624 nc-

1035 660 1112 682 cesse
1124 656 1176 684 est,
1194 651 1298 679 scilicet
1322 654 1448 681 mortem,
1465 656 1518 676 non
1533 647 1586 677 erit
1598 646 1654 680 jam
1684 644 1774 680 gratia
1791 643 1823 670 iis

1035 699 1080 734 qui
1096 697 1287 732 subjiciuntur.

1070 744 1098 771 Δ.
1112 743 1176 770 Post
1191 743 1249 770 hac
1267 748 1329 769 cum
1343 743 1529 768 enumerasset
1558 736 1692 772 plurimas
1717 739 1827 770 gentes,

1036 789 1116 825 5.37
1131 788 1165 816 de
1187 787 1306 815 Sidoniis
1321 786 1386 814 solis
1409 784 1527 813 dixit":
1547 783 1605 810 «Et
1627 788 1724 809 omnes
1746 780 1827 807 Sido-

1039 835 1097 862 nios
1112 842 1161 870 ego
1176 833 1364 861 exterminabo
1381 838 1396 858 a
1416 831 1486 858 lacie
1501 829 1618 856 llliorum
1632 826 1728 854 Israel.
1741 835 1752 852 ι
1774 826 1827 852 Νο-

1039 880 1130 907 minati
1158 883 1221 906 sunt
1245 876 1411 909 Chananaai,
1435 874 1565 903 nominati
1593 877 1659 901 sunt
1682 876 1710 900 et
1735 872 1755 899 ii
1781 871 1830 905 qui

1039 930 1134 953 contra
1154 924 1251 952 faciem
1268 922 1379 958 [Egypti
1401 925 1480 954 sunt,
1498 925 1526 948 et
1548 920 1568 947 ii
1588 919 1634 954 qui
1654 922 1719 946 sunt
1739 925 1775 944 ex
1800 917 1830 942 liv

1039 971 1118 1000 nibus
1132 970 1274 1001 Accaron,
1297 973 1325 995 et
1341 967 1460 995 sinistris
1482 965 1604 1001 partibus
1624 963 1782 995 llnminnm,
1802 967 1831 988 et

1039 1017 1099 1044 alia:
1113 1014 1320 1050 quamplurima:
1333 1017 1439 1047 gentes,
1452 1016 1476 1038 et
1497 1011 1530 1037 de
1543 1009 1610 1037 solis
1624 1008 1744 1036 Sidoniis
1760 1007 1832 1034 dicit

1041 1062 1172 1090 Dominus
1187 1060 1260 1096 quod
1276 1066 1323 1086 eos
1340 1064 1487 1085 eversurus
1504 1056 1550 1084 sit.
1573 1054 1677 1082 Sidonii
1696 1054 1833 1081 dicuntur

1040 1112 1141 1139 autem,
1153 1107 1223 1134 sicut
1240 1104 1372 1139 anteiam
1388 1104 1516 1135 diximus,
1530 1107 1677 1129 senatores.
1690 1099 1743 1134 Qui
1761 1107 1833 1133 ergo

1042 1152 1228 1186 intelliguntur
1245 1150 1290 1178 isti
1308 1148 1372 1176 mali
1389 1152 1533 1175 venatores
1547 1153 1615 1181 quos
1632 1145 1764 1174 Dominus
1781 1152 1834 1171 ex-

1042 1198 1187 1229 terminat,
1208 1197 1259 1224 nisi
1283 1195 1335 1223 ilhc
1356 1194 1473 1221 virtutes
1498 1191 1643 1220 contrariae
1668 1191 1701 1218 de
1727 1189 1835 1222 quibus

1041 1244 1107 1271 dicit
1131 1243 1267 1278 Propheta
1285 1243 1320 1274 “,
1337 1241 1401 1277 quia
1423 1249 1433 1266 ι
1449 1239 1560 1274 laqueos
1585 1241 1752 1272 paraverunt
1780 1243 1833 1269 pe-

1042 1289 1121 1316 dibus
1144 1287 1347 1322 meis?»quibus
1363 1286 1470 1313 scilicet
1490 1288 1623 1311 venentur
1639 1288 1666 1309 et
1689 1281 1833 1315 decipiant

1043 1334 1148 1362 animas
1162 1334 1195 1361 ad
1211 1337 1363 1368 peccatum.
1383 1332 1452 1359 lstos
1466 1337 1530 1365 ergo
1545 1328 1676 1357 Dominus
1696 1326 1834 1354 exterrui-

1042 1384 1107 1412 nat;
1126 1379 1200 1414 quia,
1225 1379 1246 1405 si
1265 1378 1309 1405 isti
1326 1377 1392 1404 tales
1412 1375 1566 1403 interierint
1590 1377 1744 1404 venatores,
1766 1379 1831 1398 cum

1040 1424 1096 1459 jam
1113 1431 1192 1452 nemo
1211 1423 1293 1451 fuerit
1307 1424 1353 1458 qui
1371 1422 1482 1456 laqueos
1500 1421 1593 1448 tendat
1604 1423 1630 1445 et
1645 1417 1724 1448 retia,
1739 1421 1771 1443 ut
1786 1417 1835 1444 de-

1042 1468 1125 1503 cipiat
1148 1469 1253 1496 animas
1277 1467 1303 1494 in
1328 1472 1449 1502 peccato,
1474 1470 1537 1492 tunc
1558 1463 1713 1498 requiescet
1743 1469 1833 1489 unus-

1043 1514 1157 1549 quisque
1169 1514 1220 1542 sub
1234 1514 1290 1540 vite
1303 1520 1363 1545 sua,
1377 1517 1404 1539 et
1420 1513 1469 1539 sub
1485 1510 1538 1537 ﬁcu
1554 1517 1613 1536 sua.

1078 1561 1105 1588 5.
1127 1561 1181 1588 Sed
1205 1564 1233 1588 et
1256 1558 1321 1586 illud
1351 1558 1430 1585 nobis
1455 1557 1536 1584 hodie
1561 1555 1659 1582 lectum
1680 1559 1743 1585 est,
1767 1554 1834 1589 quia

1043 1605 1150 1641 Moyses
1166 1604 1271 1632 dederit
1287 1603 1471 1631 hacreditatem
1489 1600 1653 1636 quibusdam
1669 1609 1675 1626 :
1692 1605 1753 1634 post
1775 1600 1835 1627 Ιιέεσ

1043 1659 1108 1679 vero
1132 1651 1241 1686 legitur,
1263 1650 1326 1685 quia
1346 1653 1373 1676 et
1396 1647 1474 1675 Jcsus
1497 1646 1646 1674 secundum
1664 1650 1833 1679 praeceptum

1046 1697 1154 1725 Domini
1166 1695 1306 1724 distribuit
1321 1694 1518 1721 hereditatem.
1530 1693 1638 1719 Primus
1649 1699 1714 1726 ergo
1726 1691 1834 1726 Moyses

1045 1742 1227 1770 hmreditatem
1257 1739 1414 1771 distribuit,
1443 1738 1578 1765 secundus
1613 1743 1704 1764 autem
1742 1736 1833 1763 .lcsus.

1045 1788 1121 1815 Nunc
1138 1787 1246 1822 Moysen
1264 1786 1350 1820 legem
1374 1784 1502 1819 intellige.
1525 1782 1556 1809 Hi
1578 1790 1644 1818 ergo
1667 1783 1712 1817 qui
1735 1790 1834 1810 secun-

1045 1833 1110 1860 dum
1133 1833 1218 1867 legem
1243 1832 1380 1863 vixerunt,
1397 1829 1475 1864 primi
1502 1833 1666 1863 acceperunt
1690 1829 1835 1855 haeredita-

1048 1883 1112 1910 tem,
1125 1879 1173 1906 sed
1189 1883 1264 1904 extra
1284 1881 1386 1904 terram
1406 1874 1634 1909 repromissionis.
1647 1874 1717 1900 Tum
1737 1875 1836 1902 deinde

1046 1931 1107 1951 cum
1121 1924 1292 1958 accepissent
1306 1926 1407 1948 terram
1423 1919 1602 1951 haereditatis,
1620 1927 1673 1946 non
1692 1927 1752 1947 eam
1773 1928 1835 1954 pos-

1046 1970 1138 1996 sident
1172 1975 1258 2003 neque
1284 1967 1407 1994 dividunt
1439 1966 1510 1992 inter
1531 1973 1578 1998 sc,
1603 1965 1650 1992 scd
1672 1971 1834 2000 exspectant

1047 2021 1187 2049 usquequo
1215 2013 1255 2040 eis
1281 2020 1328 2046 per
1359 2011 1450 2038 Jesum
1480 2009 1659 2038 distribuatur
1693 2011 1719 2038 in
1749 2017 1832 2038 sorte.

1048 2059 1141 2086 Nonne
1159 2058 1299 2085 evidenter
1322 2057 1374 2084 hoc
1393 2061 1435 2083 est
1458 2056 1530 2090 quod
1550 2055 1697 2091 Apostolus
1713 2056 1780 2083 dicit
1801 2058 1832 2082 ad

1048 2104 1190 2136 Hebraeos,
1216 2103 1340 2131 scribens
1365 2103 1398 2129 de
1422 2102 1560 2137 prioribus
1595 2102 1739 2136 patribus,
1765 2109 1833 2136 quos

208 2154 360 2181 universos.
378 2162 388 2178 ‹
410 2153 442 2179 Ει
462 2154 519 2180 haec
543 2158 596 2184 est,
622 2153 708 2187 inquit
724 2153 758 2186 ’⁸,
777 2156 859 2185 terra,
876 2159 935 2186 quae
948 2152 994 2180 de—
1009 2155 1033 2184 ι)
1046 2150 1114 2177 dixit
1136 2150 1188 2176 lide
1206 2148 1341 2183 placuisse
1365 2147 1439 2174 Deo‘l
1464 2146 1497 2175 Et
1518 2147 1592 2174 addit
1618 2147 1713 2175 dicens
1727 2148 1750 2164 "'
1766 2156 1774 2174 :
1790 2157 1799 2172 ι
1813 2147 1832 2173 li

209 2200 302 2226 relicta
316 2203 367 2231 est,
380 2206 475 2226 omnes
490 2199 556 2226 lines
572 2198 751 2230 Philistbiim,
772 2207 781 2223 ι
795 2202 823 2225 et
835 2197 889 2224 alia
903 2205 994 2232 quam-

209 2245 322 2280 plurima
348 2253 408 2279 qua:
433 2249 594 2279 sequuntur.
620 2244 702 2271 Multa
732 2244 819 2271 adhuc
848 2248 995 2278 supersunt

209 2295 339 2326 quantum
354 2290 387 2317 ad
402 2294 492 2316 nostra
510 2294 631 2324 tempora
658 2293 773 2323 spectat,
788 2297 848 2323 qua;
873 2289 994 2316 videmus

210 2337 329 2363 nondum
348 2336 460 2370 pedibus
473 2334 535 2362 Jesu
559 2342 618 2362 esse
633 2335 764 2369 subjecta,
777 2342 856 2369 quem
884 2341 996 2361 necesse

208 2385 249 2409 est
261 2381 299 2416 (9)
314 2381 407 2415 utique
419 2380 509 2407 omnia
523 2380 655 2407 obtinere.
671 2379 763 2413 Neque
777 2380 848 2406 enim
865 2379 927 2406 ﬂuis
937 2386 997 2407 esse

208 2427 308 2462 poterit
318 2434 421 2458 rerum,
441 2426 493 2453 nisi
508 2426 609 2452 l'ueriut
623 2426 647 2452 ei
662 2426 736 2460 prius
750 2429 848 2452 cuncta
864 2425 996 2459 subjecta.

210 2473 255 2500 Sic
270 2473 342 2500 enim
358 2478 385 2500 et
399 2472 534 2507 Propheta
561 2472 623 2499 dicit
641 2472 672 2502 “,
687 2471 749 2506 quia
767 2480 776 2496 ι
793 2478 888 2498 omnes
903 2475 998 2505 gentes

209 2519 329 2546 servient
346 2519 386 2551 ei;
412 2527 421 2544 ι
440 2523 467 2545 et
485 2518 528 2544 "z
550 2527 560 2544 ι
577 2518 598 2545 Α
628 2517 728 2545 ﬁnibus
751 2516 891 2544 ﬂuminum
911 2524 998 2551 usque

1048 2201 1136 2223 autem
1149 2201 1243 2222 omnes
1261 2193 1445 2221 testimonium
1461 2193 1593 2220 habentes
1607 2200 1654 2226 per
1668 2193 1752 2219 ﬁdem
1769 2201 1833 2219 non-

1048 2242 1109 2269 dum
1125 2239 1265 2268 consecuti
1280 2243 1342 2265 sunt
1363 2237 1600 2272 repromissiones,
1617 2238 1672 2264 Deo
1690 2245 1740 2271 pro
1757 2238 1833 2264 nobis

1048 2287 1144 2314 melius
1168 2284 1225 2320 (10)
1250 2284 1354 2318 aliquid
1373 2283 1541 2318 providente,
1560 2283 1598 2309 uti
1624 2291 1658 2310 ne
1680 2283 1741 2310 sine
1760 2283 1834 2309 nobis

1047 2332 1158 2368 perfecti
1175 2331 1357 2358 edicerentur.
1369 2338 1378 2354 ι
1398 2328 1503 2355 Habent
1517 2328 1599 2362 igitur
1617 2327 1672 2361 iam
1690 2328 1834 2361 repromis-

1048 2379 1150 2406 sionem
1166 2384 1259 2408 suam,
1276 2380 1303 2403 et
1321 2373 1513 2409 requieverunt
1534 2372 1604 2407 (ιι),
1623 2377 1651 2398 et
1675 2372 1748 2407 digni
1764 2371 1833 2406 judi-

1049 2423 1102 2450 cati
1119 2427 1183 2450 sunt
1201 2429 1249 2456 per
1264 2421 1372 2456 Moysen
1389 2425 1487 2454 capere
1503 2418 1689 2445 hmreditatcm
1703 2426 1710 2444 :
1729 2425 1833 2444 verum-

1050 2474 1138 2496 tamen
1153 2468 1241 2494 adbuc
1257 2471 1284 2493 et
1301 2465 1350 2500 ipsi
1367 2467 1501 2499 pugnant,
1514 2467 1540 2489 et
1555 2462 1582 2488 in
1601 2462 1754 2489 certamine
1775 2466 1833 2488 sunt

1049 2522 1098 2550 pro
1112 2514 1145 2541 iis
1159 2513 1204 2547 qni
1222 2511 1272 2539 sub
1286 2509 1349 2538 Jesu
1368 2509 1496 2537 militant.
1514 2507 1567 2535 Sed
1586 2507 1704 2548 requiris
1718 2507 1764 2541 qui
1781 2507 1832 2534 sint

247 2589 268 2604 "
290 2588 344 2615 .los.
362 2597 421 2618 xm.
438 2588 463 2616 l.
501 2589 524 2605 ¹⁹
538 2589 546 2615 l
561 2588 624 2615 Cor.
639 2596 683 2620 xv,
694 2587 740 2614 25.
779 2588 800 2603 ’ί
815 2586 871 2614 Jos.
886 2594 945 2618 nn,
958 2587 985 2613 9.
1024 2587 1046 2602 ³⁸
1061 2585 1131 2612 Psal.
1146 2590 1230 2614 uxu,
1246 2581 1289 2608 ll.
1327 2580 1348 2596 "
1360 2579 1436 2611 ibid.,
1451 2578 1480 2611 8,
1494 2577 1522 2605 9.
1560 2576 1582 2592 "
1595 2575 1717 2611 Sophon.
1737 2583 1779 2608 ιιι,
1792 2573 1831 2602 l0.

211 2623 235 2639 "
254 2622 308 2650 Jos.
332 2631 394 2656 xm,
410 2623 435 2650 6.
475 2624 498 2639 "
517 2624 587 2651 Psal.
602 2631 671 2654 Lvn,
694 2624 722 2651 6,

248 2694 286 2730 (8)
300 2693 376 2725 Mss.,
398 2703 407 2719 ‹
424 2694 553 2728 scriptum
567 2698 618 2722 est.
638 2703 647 2719 ι
664 2693 741 2721 Libb.
766 2693 840 2726 editi,
862 2702 870 2718 ι
894 2693 996 2720 dictum

213 2734 293 2797 ΜΘ),
311 2763 386 2795 Mss.,
413 2773 421 2787 ‹
455 2771 531 2797 «piem
556 2771 666 2791 necesse
697 2768 748 2789 cst.
779 2774 788 2788 ι
811 2763 888 2790 Libb.
921 2761 996 2791 editi,

219 2807 227 2822 ς
251 2805 308 2830 quae
325 2805 432 2824 necesse
446 2803 495 2824 cst.
516 2808 524 2822 ι

766 2623 787 2637 ’⁷
810 2621 891 2650 Hebr.
907 2630 949 2655 ιι,
962 2622 1006 2653 59,
1019 2621 1063 2648 40.

1088 2688 1144 2723 (l0)
1166 2687 1271 2715 Melius.
1287 2686 1369 2723 Deest
1391 2685 1417 2712 in
1436 2683 1501 2711 libb.
1516 2683 1606 2716 editis,
1628 2682 1677 2710 sed
1696 2681 1794 2716 legitur
1807 2681 1830 2707 in

1052 2721 1106 2751 uno
1125 2721 1176 2750 ms.
1191 2721 1359 2750 Ebroicensi.

1088 2759 1142 2798 (ll)
1164 2757 1242 2788 Mss.,
1270 2765 1279 2781 ‹
1298 2755 1522 2789 requieverunt.»
1547 2751 1625 2780 Libb.
1648 2752 1715 2779 editi
1737 2759 1746 2778 :

1055 2798 1173 2826 quirunt.
1190 2802 1198 2816 ι

1767 2757 1826 2778 (τοι
