  <div class='ocr_page' id='page_1' title='image "/cluster/home/n/w/nwhite01/storage/ocr_20150623/12/njp.32101077772422/482.png"; bbox 0 0 1902 3052; ppageno 0'>
   <div class='ocr_carea' id='block_1_1' title="bbox 25 139 71 166">
    <p class='ocr_par' dir='ltr' id='par_1_1' title="bbox 25 139 71 166">
     <span class='ocr_line' id='line_1_1' title="bbox 25 139 71 166; baseline 0.022 -1"><span class='ocrx_word' id='word_1_1' title='bbox 25 139 71 166; x_wconf 72' lang='grc' dir='ltr'><strong>ωε)</strong></span> 
     </span>
    </p>
   </div>
   <div class='ocr_carea' id='block_1_2' title="bbox 27 193 839 229">
    <p class='ocr_par' dir='ltr' id='par_1_2' title="bbox 27 193 839 229">
     <span class='ocr_line' id='line_1_2' title="bbox 27 193 839 229; baseline -0.002 -7"><span class='ocrx_word' id='word_1_2' title='bbox 27 196 67 224; x_wconf 79' lang='lat' dir='ltr'><strong>isti</strong></span> <span class='ocrx_word' id='word_1_3' title='bbox 87 195 130 229; x_wconf 99' lang='lat' dir='ltr'><strong>qui</strong></span> <span class='ocrx_word' id='word_1_4' title='bbox 147 197 274 229; x_wconf 80' lang='lat' dir='ltr'><strong>pugnant,</strong></span> <span class='ocrx_word' id='word_1_5' title='bbox 299 197 323 221; x_wconf 89' lang='lat' dir='ltr'><strong>el</strong></span> <span class='ocrx_word' id='word_1_6' title='bbox 347 201 406 228; x_wconf 67' lang='lat' dir='ltr'><strong>qua:</strong></span> <span class='ocrx_word' id='word_1_7' title='bbox 426 198 467 221; x_wconf 81' lang='lat' dir='ltr'><strong>cst</strong></span> <span class='ocrx_word' id='word_1_8' title='bbox 484 193 528 220; x_wconf 90' lang='lat' dir='ltr'><strong>illa</strong></span> <span class='ocrx_word' id='word_1_9' title='bbox 546 201 633 228; x_wconf 73' lang='lat' dir='ltr'><strong>pugna</strong></span> <span class='ocrx_word' id='word_1_10' title='bbox 657 202 738 229; x_wconf 84' lang='lat' dir='ltr'><strong>quant</strong></span> <span class='ocrx_word' id='word_1_11' title='bbox 766 194 801 220; x_wconf 92' lang='lat' dir='ltr'><strong>illi</strong></span> <span class='ocrx_word' id='word_1_12' title='bbox 817 195 839 223; x_wconf 80' lang='grc' dir='ltr'><strong>Α</strong></span> 
     </span>
    </p>
   </div>
   <div class='ocr_carea' id='block_1_3' title="bbox 25 238 802 277">
    <p class='ocr_par' dir='ltr' id='par_1_3' title="bbox 25 238 802 277">
     <span class='ocr_line' id='line_1_3' title="bbox 25 238 802 277; baseline -0.003 -10"><span class='ocrx_word' id='word_1_13' title='bbox 25 245 125 277; x_wconf 70' lang='lat' dir='ltr'><strong>gerunt.</strong></span> <span class='ocrx_word' id='word_1_14' title='bbox 146 240 200 275; x_wconf 82' lang='lat' dir='ltr'><strong>Ego</strong></span> <span class='ocrx_word' id='word_1_15' title='bbox 217 240 256 266; x_wconf 90' lang='lat' dir='ltr'><strong>sic</strong></span> <span class='ocrx_word' id='word_1_16' title='bbox 277 238 396 265; x_wconf 75' lang='lat' dir='ltr'><strong>arbitror</strong></span> <span class='ocrx_word' id='word_1_17' title='bbox 411 240 482 273; x_wconf 87' lang='lat' dir='ltr'><strong>qttod</strong></span> <span class='ocrx_word' id='word_1_18' title='bbox 497 247 591 266; x_wconf 88' lang='lat' dir='ltr'><strong>omnes</strong></span> <span class='ocrx_word' id='word_1_19' title='bbox 613 240 650 266; x_wconf 84' lang='lat' dir='ltr'><strong>illi</strong></span> <span class='ocrx_word' id='word_1_20' title='bbox 671 240 716 274; x_wconf 94' lang='lat' dir='ltr'><strong>qni</strong></span> <span class='ocrx_word' id='word_1_21' title='bbox 741 240 802 266; x_wconf 87' lang='lat' dir='ltr'><strong>dor—</strong></span> 
     </span>
    </p>
   </div>
   <div class='ocr_carea' id='block_1_4' title="bbox 27 284 803 320">
    <p class='ocr_par' dir='ltr' id='par_1_4' title="bbox 27 284 803 320">
     <span class='ocr_line' id='line_1_4' title="bbox 27 284 803 320; baseline -0.004 -6"><span class='ocrx_word' id='word_1_22' title='bbox 27 289 138 314; x_wconf 84' lang='lat' dir='ltr'><strong>mierunt</strong></span> <span class='ocrx_word' id='word_1_23' title='bbox 163 291 226 312; x_wconf 80' lang='lat' dir='ltr'><strong>ante</strong></span> <span class='ocrx_word' id='word_1_24' title='bbox 250 293 299 313; x_wconf 87' lang='lat' dir='ltr'><strong>nos</strong></span> <span class='ocrx_word' id='word_1_25' title='bbox 324 290 432 320; x_wconf 69' lang='lat' dir='ltr'><strong>patres,</strong></span> <span class='ocrx_word' id='word_1_26' title='bbox 457 289 581 320; x_wconf 76' lang='lat' dir='ltr'><strong>pugnent</strong></span> <span class='ocrx_word' id='word_1_27' title='bbox 607 284 747 311; x_wconf 86' lang='lat' dir='ltr'><strong>nobiscum</strong></span> <span class='ocrx_word' id='word_1_28' title='bbox 775 290 803 311; x_wconf 87' lang='lat' dir='ltr'><strong>et</strong></span> 
     </span>
    </p>
   </div>
   <div class='ocr_carea' id='block_1_5' title="bbox 26 328 801 366">
    <p class='ocr_par' dir='ltr' id='par_1_5' title="bbox 26 328 801 366">
     <span class='ocr_line' id='line_1_5' title="bbox 26 328 801 366; baseline -0.004 -9"><span class='ocrx_word' id='word_1_29' title='bbox 26 333 145 366; x_wconf 75' lang='lat' dir='ltr'><strong>adjuvent</strong></span> <span class='ocrx_word' id='word_1_30' title='bbox 171 339 219 358; x_wconf 90' lang='lat' dir='ltr'><strong>nos</strong></span> <span class='ocrx_word' id='word_1_31' title='bbox 236 330 406 357; x_wconf 91' lang='lat' dir='ltr'><strong>orationibus</strong></span> <span class='ocrx_word' id='word_1_32' title='bbox 424 329 493 356; x_wconf 87' lang='lat' dir='ltr'><strong>suis.</strong></span> <span class='ocrx_word' id='word_1_33' title='bbox 514 328 552 361; x_wconf 81' lang='lat' dir='ltr'><strong>Ita</strong></span> <span class='ocrx_word' id='word_1_34' title='bbox 577 336 695 363; x_wconf 80' lang='lat' dir='ltr'><strong>namque</strong></span> <span class='ocrx_word' id='word_1_35' title='bbox 719 329 801 355; x_wconf 89' lang='lat' dir='ltr'><strong>etiam</strong></span> 
     </span>
    </p>
   </div>
   <div class='ocr_carea' id='block_1_6' title="bbox 28 374 801 412">
    <p class='ocr_par' dir='ltr' id='par_1_6' title="bbox 28 374 801 412">
     <span class='ocr_line' id='line_1_6' title="bbox 28 374 801 412; baseline -0.005 -8"><span class='ocrx_word' id='word_1_36' title='bbox 28 378 161 412; x_wconf 71' lang='lat' dir='ltr'><strong>quemdam</strong></span> <span class='ocrx_word' id='word_1_37' title='bbox 177 378 210 404; x_wconf 88' lang='lat' dir='ltr'><strong>de</strong></span> <span class='ocrx_word' id='word_1_38' title='bbox 229 376 383 404; x_wconf 75' lang='lat' dir='ltr'><strong>senioribus</strong></span> <span class='ocrx_word' id='word_1_39' title='bbox 405 374 542 409; x_wconf 73' lang='lat' dir='ltr'><strong>magistris</strong></span> <span class='ocrx_word' id='word_1_40' title='bbox 556 375 648 401; x_wconf 85' lang='lat' dir='ltr'><strong>audivi</strong></span> <span class='ocrx_word' id='word_1_41' title='bbox 667 375 801 401; x_wconf 86' lang='lat' dir='ltr'><strong>dicentem</strong></span> 
     </span>
    </p>
   </div>
   <div class='ocr_carea' id='block_1_7' title="bbox 28 417 801 456">
    <p class='ocr_par' dir='ltr' id='par_1_7' title="bbox 28 417 801 456">
     <span class='ocr_line' id='line_1_7' title="bbox 28 417 801 456; baseline -0.009 -5"><span class='ocrx_word' id='word_1_42' title='bbox 28 425 50 452; x_wconf 91' lang='lat' dir='ltr'><strong>in</strong></span> <span class='ocrx_word' id='word_1_43' title='bbox 65 432 95 450; x_wconf 90' lang='lat' dir='ltr'><strong>co</strong></span> <span class='ocrx_word' id='word_1_44' title='bbox 115 424 183 455; x_wconf 79' lang='lat' dir='ltr'><strong>loco,</strong></span> <span class='ocrx_word' id='word_1_45' title='bbox 201 423 228 449; x_wconf 91' lang='lat' dir='ltr'><strong>in</strong></span> <span class='ocrx_word' id='word_1_46' title='bbox 243 430 297 456; x_wconf 87' lang='lat' dir='ltr'><strong>quo</strong></span> <span class='ocrx_word' id='word_1_47' title='bbox 314 421 443 455; x_wconf 89' lang='lat' dir='ltr'><strong>scriptum</strong></span> <span class='ocrx_word' id='word_1_48' title='bbox 460 424 501 447; x_wconf 88' lang='lat' dir='ltr'><strong>est</strong></span> <span class='ocrx_word' id='word_1_49' title='bbox 517 419 543 445; x_wconf 90' lang='lat' dir='ltr'><strong>in</strong></span> <span class='ocrx_word' id='word_1_50' title='bbox 563 417 689 446; x_wconf 87' lang='lat' dir='ltr'><strong>Numeris</strong></span> <span class='ocrx_word' id='word_1_51' title='bbox 701 418 724 434; x_wconf 80' lang='grc'><strong>’⁸</strong></span> <span class='ocrx_word' id='word_1_52' title='bbox 738 419 801 453; x_wconf 88' lang='lat' dir='ltr'><strong>quia</strong></span> 
     </span>
    </p>
   </div>
   <div class='ocr_carea' id='block_1_8' title="bbox 30 465 803 503">
    <p class='ocr_par' dir='ltr' id='par_1_8' title="bbox 30 465 803 503">
     <span class='ocr_line' id='line_1_8' title="bbox 30 465 803 503; baseline -0.006 -8"><span class='ocrx_word' id='word_1_53' title='bbox 30 468 162 503; x_wconf 68' lang='lat' dir='ltr'><strong>«obtinget</strong></span> <span class='ocrx_word' id='word_1_54' title='bbox 181 474 318 502; x_wconf 74' lang='lat' dir='ltr'><strong>synagoga</strong></span> <span class='ocrx_word' id='word_1_55' title='bbox 337 465 380 492; x_wconf 89' lang='lat' dir='ltr'><strong>illa</strong></span> <span class='ocrx_word' id='word_1_56' title='bbox 395 475 404 491; x_wconf 72' lang='grc' dir='ltr'><strong><em>ι</em></strong></span> <span class='ocrx_word' id='word_1_57' title='bbox 423 465 493 491; x_wconf 89' lang='lat' dir='ltr'><strong>hanc</strong></span> <span class='ocrx_word' id='word_1_58' title='bbox 513 471 690 499; x_wconf 80' lang='lat' dir='ltr'><strong>synagogatn,</strong></span> <span class='ocrx_word' id='word_1_59' title='bbox 709 473 718 489; x_wconf 78' lang='grc' dir='ltr'>ι</span> <span class='ocrx_word' id='word_1_60' title='bbox 734 465 803 490; x_wconf 80' lang='lat' dir='ltr'><strong>sicut</strong></span> 
     </span>
    </p>
   </div>
   <div class='ocr_carea' id='block_1_9' title="bbox 27 509 803 548">
    <p class='ocr_par' dir='ltr' id='par_1_9' title="bbox 27 509 803 548">
     <span class='ocr_line' id='line_1_9' title="bbox 27 509 803 548; baseline -0.009 -7"><span class='ocrx_word' id='word_1_61' title='bbox 27 514 131 548; x_wconf 74' lang='lat' dir='ltr'><strong>ablingit</strong></span> <span class='ocrx_word' id='word_1_62' title='bbox 145 513 243 539; x_wconf 76' lang='lat' dir='ltr'><strong>vitulus</strong></span> <span class='ocrx_word' id='word_1_63' title='bbox 257 512 369 546; x_wconf 84' lang='lat' dir='ltr'><strong>herbam</strong></span> <span class='ocrx_word' id='word_1_64' title='bbox 381 510 494 536; x_wconf 83' lang='lat' dir='ltr'><strong>viridem</strong></span> <span class='ocrx_word' id='word_1_65' title='bbox 509 509 534 535; x_wconf 93' lang='lat' dir='ltr'><strong>in</strong></span> <span class='ocrx_word' id='word_1_66' title='bbox 549 516 672 543; x_wconf 66' lang='lat' dir='ltr'><strong>campo.)</strong></span> <span class='ocrx_word' id='word_1_67' title='bbox 691 509 803 535; x_wconf 91' lang='lat' dir='ltr'><strong>Dicebat</strong></span> 
     </span>
    </p>
   </div>
   <div class='ocr_carea' id='block_1_10' title="bbox 28 554 801 592">
    <p class='ocr_par' dir='ltr' id='par_1_10' title="bbox 28 554 801 592">
     <span class='ocr_line' id='line_1_10' title="bbox 28 554 801 592; baseline -0.008 -6"><span class='ocrx_word' id='word_1_68' title='bbox 28 567 86 592; x_wconf 76' lang='lat' dir='ltr'><strong>ergo</strong></span> <span class='ocrx_word' id='word_1_69' title='bbox 100 567 106 585; x_wconf 91' lang='lat'><strong>:</strong></span> <span class='ocrx_word' id='word_1_70' title='bbox 121 557 209 590; x_wconf 85' lang='lat' dir='ltr'><strong>Quare</strong></span> <span class='ocrx_word' id='word_1_71' title='bbox 235 555 387 590; x_wconf 70' lang='lat' dir='ltr'><strong>huiusmodi</strong></span> <span class='ocrx_word' id='word_1_72' title='bbox 415 554 563 582; x_wconf 84' lang='lat' dir='ltr'><strong>similitudo</strong></span> <span class='ocrx_word' id='word_1_73' title='bbox 580 559 719 588; x_wconf 87' lang='lat' dir='ltr'><strong>assumpta</strong></span> <span class='ocrx_word' id='word_1_74' title='bbox 743 559 801 587; x_wconf 83' lang='lat' dir='ltr'><strong>est,</strong></span> 
     </span>
    </p>
   </div>
   <div class='ocr_carea' id='block_1_11' title="bbox 29 601 803 638">
    <p class='ocr_par' dir='ltr' id='par_1_11' title="bbox 29 601 803 638">
     <span class='ocr_line' id='line_1_11' title="bbox 29 601 803 638; baseline -0.004 -8"><span class='ocrx_word' id='word_1_75' title='bbox 29 605 74 631; x_wconf 85' lang='lat' dir='ltr'><strong>nisi</strong></span> <span class='ocrx_word' id='word_1_76' title='bbox 93 604 154 638; x_wconf 86' lang='lat' dir='ltr'><strong>quia</strong></span> <span class='ocrx_word' id='word_1_77' title='bbox 178 603 228 630; x_wconf 86' lang='lat' dir='ltr'><strong>hoc</strong></span> <span class='ocrx_word' id='word_1_78' title='bbox 251 607 292 629; x_wconf 86' lang='lat' dir='ltr'><strong>est</strong></span> <span class='ocrx_word' id='word_1_79' title='bbox 315 603 384 636; x_wconf 88' lang='lat' dir='ltr'><strong>quod</strong></span> <span class='ocrx_word' id='word_1_80' title='bbox 412 601 615 636; x_wconf 83' lang='lat' dir='ltr'><strong>intelligendum</strong></span> <span class='ocrx_word' id='word_1_81' title='bbox 639 604 682 628; x_wconf 87' lang='lat' dir='ltr'><strong>est</strong></span> <span class='ocrx_word' id='word_1_82' title='bbox 698 601 724 626; x_wconf 93' lang='lat' dir='ltr'><strong>in</strong></span> <span class='ocrx_word' id='word_1_83' title='bbox 753 601 803 627; x_wconf 90' lang='lat' dir='ltr'><strong>hoc</strong></span> 
     </span>
    </p>
   </div>
   <div class='ocr_carea' id='block_1_12' title="bbox 30 644 803 684">
    <p class='ocr_par' dir='ltr' id='par_1_12' title="bbox 30 644 803 684">
     <span class='ocr_line' id='line_1_12' title="bbox 30 644 803 684; baseline -0.006 -8"><span class='ocrx_word' id='word_1_84' title='bbox 30 649 92 679; x_wconf 87' lang='lat' dir='ltr'><strong>loro.</strong></span> <span class='ocrx_word' id='word_1_85' title='bbox 105 648 174 684; x_wconf 87' lang='lat' dir='ltr'><strong>quod</strong></span> <span class='ocrx_word' id='word_1_86' title='bbox 190 654 325 683; x_wconf 76' lang='lat' dir='ltr'><strong>synagoga</strong></span> <span class='ocrx_word' id='word_1_87' title='bbox 343 646 460 679; x_wconf 84' lang='lat' dir='ltr'><strong>Domini,</strong></span> <span class='ocrx_word' id='word_1_88' title='bbox 476 654 536 681; x_wconf 69' lang='lat' dir='ltr'><strong>quae</strong></span> <span class='ocrx_word' id='word_1_89' title='bbox 553 653 604 673; x_wconf 89' lang='lat' dir='ltr'><strong>nos</strong></span> <span class='ocrx_word' id='word_1_90' title='bbox 618 645 759 680; x_wconf 64' lang='lat' dir='ltr'><strong>prtecessit</strong></span> <span class='ocrx_word' id='word_1_91' title='bbox 775 644 803 672; x_wconf 90' lang='lat' dir='ltr'><strong>in</strong></span> 
     </span>
    </p>
   </div>
   <div class='ocr_carea' id='block_1_13' title="bbox 30 692 804 728">
    <p class='ocr_par' dir='ltr' id='par_1_13' title="bbox 30 692 804 728">
     <span class='ocr_line' id='line_1_13' title="bbox 30 692 804 728; baseline -0.005 -7"><span class='ocrx_word' id='word_1_92' title='bbox 30 695 135 726; x_wconf 81' lang='lat' dir='ltr'><strong>sanctis,</strong></span> <span class='ocrx_word' id='word_1_93' title='bbox 155 701 202 720; x_wconf 88' lang='lat' dir='ltr'><strong>ore</strong></span> <span class='ocrx_word' id='word_1_94' title='bbox 217 698 242 720; x_wconf 93' lang='lat' dir='ltr'><strong>et</strong></span> <span class='ocrx_word' id='word_1_95' title='bbox 260 693 348 728; x_wconf 85' lang='lat' dir='ltr'><strong>lingua</strong></span> <span class='ocrx_word' id='word_1_96' title='bbox 367 692 501 719; x_wconf 85' lang='lat' dir='ltr'><strong>consumit</strong></span> <span class='ocrx_word' id='word_1_97' title='bbox 520 692 703 719; x_wconf 89' lang='lat' dir='ltr'><strong>adversariam</strong></span> <span class='ocrx_word' id='word_1_98' title='bbox 721 698 804 727; x_wconf 88' lang='lat' dir='ltr'><strong>syna-</strong></span> 
     </span>
    </p>
   </div>
   <div class='ocr_carea' id='block_1_14' title="bbox 30 737 804 773">
    <p class='ocr_par' dir='ltr' id='par_1_14' title="bbox 30 737 804 773">
     <span class='ocr_line' id='line_1_14' title="bbox 30 737 804 773; baseline -0.003 -7"><span class='ocrx_word' id='word_1_99' title='bbox 30 747 130 773; x_wconf 56' lang='lat' dir='ltr'><strong>gogam,</strong></span> <span class='ocrx_word' id='word_1_100' title='bbox 150 739 176 765; x_wconf 88' lang='lat' dir='ltr'><strong>id</strong></span> <span class='ocrx_word' id='word_1_101' title='bbox 193 743 244 770; x_wconf 91' lang='lat' dir='ltr'><strong>est,</strong></span> <span class='ocrx_word' id='word_1_102' title='bbox 259 737 427 764; x_wconf 79' lang='lat' dir='ltr'><strong>orationibus</strong></span> <span class='ocrx_word' id='word_1_103' title='bbox 445 742 472 764; x_wconf 88' lang='lat' dir='ltr'><strong>et</strong></span> <span class='ocrx_word' id='word_1_104' title='bbox 488 737 613 772; x_wconf 84' lang='lat' dir='ltr'><strong>precibus</strong></span> <span class='ocrx_word' id='word_1_105' title='bbox 632 737 804 764; x_wconf 79' lang='lat' dir='ltr'><strong>adversarios</strong></span> 
     </span>
    </p>
   </div>
   <div class='ocr_carea' id='block_1_15' title="bbox 32 782 805 817">
    <p class='ocr_par' dir='ltr' id='par_1_15' title="bbox 32 782 805 817">
     <span class='ocr_line' id='line_1_15' title="bbox 32 782 805 817; baseline -0.003 -6"><span class='ocrx_word' id='word_1_106' title='bbox 32 789 130 811; x_wconf 83' lang='lat' dir='ltr'><strong>nostros</strong></span> <span class='ocrx_word' id='word_1_107' title='bbox 145 783 279 811; x_wconf 84' lang='lat' dir='ltr'><strong>absumit?</strong></span> <span class='ocrx_word' id='word_1_108' title='bbox 301 782 360 810; x_wconf 80' lang='lat' dir='ltr'><strong>Non</strong></span> <span class='ocrx_word' id='word_1_109' title='bbox 376 789 441 817; x_wconf 80' lang='lat' dir='ltr'><strong>ergo</strong></span> <span class='ocrx_word' id='word_1_110' title='bbox 464 782 547 810; x_wconf 85' lang='lat' dir='ltr'><strong>armis</strong></span> <span class='ocrx_word' id='word_1_111' title='bbox 568 782 741 817; x_wconf 81' lang='lat' dir='ltr'><strong>pugnandum</strong></span> <span class='ocrx_word' id='word_1_112' title='bbox 764 786 805 810; x_wconf 88' lang='lat' dir='ltr'><strong>est</strong></span> 
     </span>
    </p>
   </div>
   <div class='ocr_carea' id='block_1_16' title="bbox 32 827 804 863">
    <p class='ocr_par' dir='ltr' id='par_1_16' title="bbox 32 827 804 863">
     <span class='ocr_line' id='line_1_16' title="bbox 32 827 804 863; baseline -0.001 -7"><span class='ocrx_word' id='word_1_113' title='bbox 32 831 102 857; x_wconf 87' lang='lat' dir='ltr'><strong>nobis</strong></span> <span class='ocrx_word' id='word_1_114' title='bbox 131 829 274 856; x_wconf 83' lang='lat' dir='ltr'><strong>adversum</strong></span> <span class='ocrx_word' id='word_1_115' title='bbox 303 829 396 855; x_wconf 81' lang='lat' dir='ltr'><strong>hostes</strong></span> <span class='ocrx_word' id='word_1_116' title='bbox 429 833 536 855; x_wconf 86' lang='lat' dir='ltr'><strong>nostros</strong></span> <span class='ocrx_word' id='word_1_117' title='bbox 567 827 733 863; x_wconf 74' lang='lat' dir='ltr'><strong>invisibiles,</strong></span> <span class='ocrx_word' id='word_1_118' title='bbox 757 829 804 856; x_wconf 87' lang='lat' dir='ltr'><strong>sed</strong></span> 
     </span>
    </p>
   </div>
   <div class='ocr_carea' id='block_1_17' title="bbox 30 859 842 907">
    <p class='ocr_par' dir='ltr' id='par_1_17' title="bbox 30 859 842 907">
     <span class='ocr_line' id='line_1_17' title="bbox 30 859 842 907; baseline 0 -6"><span class='ocrx_word' id='word_1_119' title='bbox 30 876 202 907; x_wconf 84' lang='lat' dir='ltr'><strong>orationibus,</strong></span> <span class='ocrx_word' id='word_1_120' title='bbox 216 879 243 901; x_wconf 89' lang='lat' dir='ltr'><strong>et</strong></span> <span class='ocrx_word' id='word_1_121' title='bbox 260 874 334 900; x_wconf 84' lang='lat' dir='ltr'><strong>verbi</strong></span> <span class='ocrx_word' id='word_1_122' title='bbox 350 873 394 900; x_wconf 88' lang='lat' dir='ltr'><strong>Dei</strong></span> <span class='ocrx_word' id='word_1_123' title='bbox 417 873 647 906; x_wconf 80' lang='lat' dir='ltr'><strong>meditationibus,</strong></span> <span class='ocrx_word' id='word_1_124' title='bbox 661 879 689 900; x_wconf 87' lang='lat' dir='ltr'><strong>et</strong></span> <span class='ocrx_word' id='word_1_125' title='bbox 708 874 804 907; x_wconf 90' lang='lat' dir='ltr'><strong>operi-</strong></span> <span class='ocrx_word' id='word_1_126' title='bbox 820 859 842 886; x_wconf 71' lang='grc' dir='ltr'><strong>Β</strong></span> 
     </span>
    </p>
   </div>
   <div class='ocr_carea' id='block_1_18' title="bbox 32 917 805 949">
    <p class='ocr_par' dir='ltr' id='par_1_18' title="bbox 32 917 805 949">
     <span class='ocr_line' id='line_1_18' title="bbox 32 917 805 949; baseline 0 -4"><span class='ocrx_word' id='word_1_127' title='bbox 32 919 86 949; x_wconf 86' lang='lat' dir='ltr'><strong>bus,</strong></span> <span class='ocrx_word' id='word_1_128' title='bbox 102 927 132 946; x_wconf 88' lang='lat' dir='ltr'><strong>ac</strong></span> <span class='ocrx_word' id='word_1_129' title='bbox 155 919 280 945; x_wconf 89' lang='lat' dir='ltr'><strong>sensibus</strong></span> <span class='ocrx_word' id='word_1_130' title='bbox 305 919 396 945; x_wconf 88' lang='lat' dir='ltr'><strong>rectis.</strong></span> <span class='ocrx_word' id='word_1_131' title='bbox 423 917 468 944; x_wconf 90' lang='lat' dir='ltr'><strong>Sic</strong></span> <span class='ocrx_word' id='word_1_132' title='bbox 492 918 564 945; x_wconf 84' lang='lat' dir='ltr'><strong>enim</strong></span> <span class='ocrx_word' id='word_1_133' title='bbox 588 918 765 945; x_wconf 85' lang='lat' dir='ltr'><strong>armabantur</strong></span> <span class='ocrx_word' id='word_1_134' title='bbox 778 923 805 945; x_wconf 90' lang='lat' dir='ltr'><strong>et</strong></span> 
     </span>
    </p>
   </div>
   <div class='ocr_carea' id='block_1_19' title="bbox 32 963 804 998">
    <p class='ocr_par' dir='ltr' id='par_1_19' title="bbox 32 963 804 998">
     <span class='ocr_line' id='line_1_19' title="bbox 32 963 804 998; baseline 0.001 -9"><span class='ocrx_word' id='word_1_135' title='bbox 32 970 126 997; x_wconf 85' lang='lat' dir='ltr'><strong>patres,</strong></span> <span class='ocrx_word' id='word_1_136' title='bbox 146 963 199 991; x_wconf 87' lang='lat' dir='ltr'><strong>tide</strong></span> <span class='ocrx_word' id='word_1_137' title='bbox 223 969 250 990; x_wconf 88' lang='lat' dir='ltr'><strong>ct</strong></span> <span class='ocrx_word' id='word_1_138' title='bbox 279 963 407 998; x_wconf 87' lang='lat' dir='ltr'><strong>operibus</strong></span> <span class='ocrx_word' id='word_1_139' title='bbox 432 963 582 990; x_wconf 86' lang='lat' dir='ltr'><strong>vincentes.</strong></span> <span class='ocrx_word' id='word_1_140' title='bbox 595 963 662 990; x_wconf 80' lang='lat' dir='ltr'><strong>Vide</strong></span> <span class='ocrx_word' id='word_1_141' title='bbox 687 963 804 998; x_wconf 88' lang='lat' dir='ltr'><strong>denique</strong></span> 
     </span>
    </p>
   </div>
   <div class='ocr_carea' id='block_1_20' title="bbox 34 1006 806 1042">
    <p class='ocr_par' dir='ltr' id='par_1_20' title="bbox 34 1006 806 1042">
     <span class='ocr_line' id='line_1_20' title="bbox 34 1006 806 1042; baseline 0.001 -9"><span class='ocrx_word' id='word_1_142' title='bbox 34 1008 90 1041; x_wconf 87' lang='lat' dir='ltr'><strong>quia</strong></span> <span class='ocrx_word' id='word_1_143' title='bbox 107 1008 145 1035; x_wconf 88' lang='lat' dir='ltr'><strong>sic</strong></span> <span class='ocrx_word' id='word_1_144' title='bbox 173 1008 303 1042; x_wconf 89' lang='lat' dir='ltr'><strong>scriptum</strong></span> <span class='ocrx_word' id='word_1_145' title='bbox 321 1012 363 1035; x_wconf 85' lang='lat' dir='ltr'><strong>est</strong></span> <span class='ocrx_word' id='word_1_146' title='bbox 387 1008 420 1035; x_wconf 91' lang='lat' dir='ltr'><strong>de</strong></span> <span class='ocrx_word' id='word_1_147' title='bbox 437 1008 495 1035; x_wconf 87' lang='lat' dir='ltr'><strong>eis:</strong></span> <span class='ocrx_word' id='word_1_148' title='bbox 519 1016 529 1034; x_wconf 75' lang='grc' dir='ltr'>ι</span> <span class='ocrx_word' id='word_1_149' title='bbox 544 1006 742 1040; x_wconf 83' lang='lat' dir='ltr'><strong>Crediderunt,</strong></span> <span class='ocrx_word' id='word_1_150' title='bbox 765 1009 806 1034; x_wconf 87' lang='lat' dir='ltr'><strong>in-</strong></span> 
     </span>
    </p>
   </div>
   <div class='ocr_carea' id='block_1_21' title="bbox 31 1052 806 1088">
    <p class='ocr_par' dir='ltr' id='par_1_21' title="bbox 31 1052 806 1088">
     <span class='ocr_line' id='line_1_21' title="bbox 31 1052 806 1088; baseline 0 -8"><span class='ocrx_word' id='word_1_151' title='bbox 31 1056 83 1087; x_wconf 85' lang='lat' dir='ltr'><strong>quit</strong></span> <span class='ocrx_word' id='word_1_152' title='bbox 94 1054 126 1087; x_wconf 83' lang='lat'><strong>&quot;,</strong></span> <span class='ocrx_word' id='word_1_153' title='bbox 147 1054 214 1086; x_wconf 88' lang='lat' dir='ltr'><strong>Deo,</strong></span> <span class='ocrx_word' id='word_1_154' title='bbox 231 1058 257 1080; x_wconf 87' lang='lat' dir='ltr'><strong>ct</strong></span> <span class='ocrx_word' id='word_1_155' title='bbox 274 1053 357 1088; x_wconf 83' lang='lat' dir='ltr'><strong>Moysi</strong></span> <span class='ocrx_word' id='word_1_156' title='bbox 381 1052 481 1080; x_wconf 81' lang='lat' dir='ltr'><strong>famulo</strong></span> <span class='ocrx_word' id='word_1_157' title='bbox 501 1052 568 1087; x_wconf 86' lang='lat' dir='ltr'><strong>ejus.</strong></span> <span class='ocrx_word' id='word_1_158' title='bbox 582 1061 592 1078; x_wconf 70' lang='grc' dir='ltr'><strong><em>ι</em></strong></span> <span class='ocrx_word' id='word_1_159' title='bbox 612 1053 644 1079; x_wconf 87' lang='lat' dir='ltr'><strong>Et</strong></span> <span class='ocrx_word' id='word_1_160' title='bbox 663 1057 726 1080; x_wconf 91' lang='lat' dir='ltr'><strong>tunc</strong></span> <span class='ocrx_word' id='word_1_161' title='bbox 743 1060 806 1080; x_wconf 82' lang='lat' dir='ltr'><strong>can-</strong></span> 
     </span>
    </p>
   </div>
   <div class='ocr_carea' id='block_1_22' title="bbox 32 1097 806 1135">
    <p class='ocr_par' dir='ltr' id='par_1_22' title="bbox 32 1097 806 1135">
     <span class='ocr_line' id='line_1_22' title="bbox 32 1097 806 1135; baseline -0.001 -10"><span class='ocrx_word' id='word_1_162' title='bbox 32 1101 91 1126; x_wconf 81' lang='lat' dir='ltr'><strong>tavit</strong></span> <span class='ocrx_word' id='word_1_163' title='bbox 111 1099 216 1135; x_wconf 80' lang='lat' dir='ltr'><strong>Moyses</strong></span> <span class='ocrx_word' id='word_1_164' title='bbox 231 1101 363 1126; x_wconf 85' lang='lat' dir='ltr'><strong>canticum</strong></span> <span class='ocrx_word' id='word_1_165' title='bbox 382 1099 433 1125; x_wconf 91' lang='lat' dir='ltr'><strong>hoc</strong></span> <span class='ocrx_word' id='word_1_166' title='bbox 447 1103 474 1125; x_wconf 88' lang='lat' dir='ltr'><strong>et</strong></span> <span class='ocrx_word' id='word_1_167' title='bbox 498 1098 599 1125; x_wconf 81' lang='lat' dir='ltr'><strong>dixit”</strong></span> <span class='ocrx_word' id='word_1_168' title='bbox 613 1106 620 1125; x_wconf 93' lang='lat'>:</span> <span class='ocrx_word' id='word_1_169' title='bbox 639 1107 648 1124; x_wconf 74' lang='grc' dir='ltr'>ι</span> <span class='ocrx_word' id='word_1_170' title='bbox 659 1097 806 1125; x_wconf 88' lang='lat' dir='ltr'><strong>Cantemus</strong></span> 
     </span>
    </p>
   </div>
   <div class='ocr_carea' id='block_1_23' title="bbox 33 1142 806 1180">
    <p class='ocr_par' dir='ltr' id='par_1_23' title="bbox 33 1142 806 1180">
     <span class='ocr_line' id='line_1_23' title="bbox 33 1142 806 1180; baseline -0.001 -9"><span class='ocrx_word' id='word_1_171' title='bbox 33 1144 146 1176; x_wconf 90' lang='lat' dir='ltr'><strong>Domino,</strong></span> <span class='ocrx_word' id='word_1_172' title='bbox 161 1145 279 1180; x_wconf 79' lang='lat' dir='ltr'><strong>gloriose</strong></span> <span class='ocrx_word' id='word_1_173' title='bbox 295 1144 367 1171; x_wconf 91' lang='lat' dir='ltr'><strong>enim</strong></span> <span class='ocrx_word' id='word_1_174' title='bbox 385 1143 579 1171; x_wconf 80' lang='lat' dir='ltr'><strong>honoriﬁcatus</strong></span> <span class='ocrx_word' id='word_1_175' title='bbox 592 1147 644 1171; x_wconf 88' lang='lat' dir='ltr'><strong>est.</strong></span> <span class='ocrx_word' id='word_1_176' title='bbox 655 1152 664 1169; x_wconf 75' lang='grc' dir='ltr'><strong><em>ι</em></strong></span> <span class='ocrx_word' id='word_1_177' title='bbox 684 1142 723 1170; x_wconf 86' lang='lat' dir='ltr'><strong>Ita</strong></span> <span class='ocrx_word' id='word_1_178' title='bbox 741 1150 806 1179; x_wconf 83' lang='lat' dir='ltr'><strong>ergo</strong></span> 
     </span>
    </p>
   </div>
   <div class='ocr_carea' id='block_1_24' title="bbox 32 1189 806 1225">
    <p class='ocr_par' dir='ltr' id='par_1_24' title="bbox 32 1189 806 1225">
     <span class='ocr_line' id='line_1_24' title="bbox 32 1189 806 1225; baseline -0.001 -8"><span class='ocrx_word' id='word_1_179' title='bbox 32 1195 55 1217; x_wconf 85' lang='lat' dir='ltr'><strong>et</strong></span> <span class='ocrx_word' id='word_1_180' title='bbox 70 1199 116 1219; x_wconf 88' lang='lat' dir='ltr'><strong>nos</strong></span> <span class='ocrx_word' id='word_1_181' title='bbox 132 1191 212 1218; x_wconf 84' lang='lat' dir='ltr'><strong>ﬁdem</strong></span> <span class='ocrx_word' id='word_1_182' title='bbox 229 1190 336 1225; x_wconf 81' lang='lat' dir='ltr'><strong>plenam</strong></span> <span class='ocrx_word' id='word_1_183' title='bbox 351 1194 378 1217; x_wconf 88' lang='lat' dir='ltr'><strong>et</strong></span> <span class='ocrx_word' id='word_1_184' title='bbox 400 1197 482 1224; x_wconf 83' lang='lat' dir='ltr'><strong>opera</strong></span> <span class='ocrx_word' id='word_1_185' title='bbox 498 1189 555 1225; x_wconf 82' lang='lat' dir='ltr'><strong>(l2)</strong></span> <span class='ocrx_word' id='word_1_186' title='bbox 572 1189 703 1225; x_wconf 81' lang='lat' dir='ltr'><strong>perfecta,</strong></span> <span class='ocrx_word' id='word_1_187' title='bbox 729 1189 806 1216; x_wconf 89' lang='lat' dir='ltr'><strong>inde-</strong></span> 
     </span>
    </p>
   </div>
   <div class='ocr_carea' id='block_1_25' title="bbox 32 1235 806 1269">
    <p class='ocr_par' dir='ltr' id='par_1_25' title="bbox 32 1235 806 1269">
     <span class='ocr_line' id='line_1_25' title="bbox 32 1235 806 1269; baseline -0.003 -5"><span class='ocrx_word' id='word_1_188' title='bbox 32 1238 144 1265; x_wconf 87' lang='lat' dir='ltr'><strong>sinentes</strong></span> <span class='ocrx_word' id='word_1_189' title='bbox 160 1237 311 1269; x_wconf 84' lang='lat' dir='ltr'><strong>orationes,</strong></span> <span class='ocrx_word' id='word_1_190' title='bbox 327 1237 531 1264; x_wconf 84' lang='lat' dir='ltr'><strong>meditationem</strong></span> <span class='ocrx_word' id='word_1_191' title='bbox 547 1236 621 1263; x_wconf 85' lang='lat' dir='ltr'><strong>verbi</strong></span> <span class='ocrx_word' id='word_1_192' title='bbox 651 1235 746 1268; x_wconf 88' lang='lat' dir='ltr'><strong>divini,</strong></span> <span class='ocrx_word' id='word_1_193' title='bbox 765 1235 806 1262; x_wconf 92' lang='lat' dir='ltr'><strong>in-</strong></span> 
     </span>
    </p>
   </div>
   <div class='ocr_carea' id='block_1_26' title="bbox 33 1281 808 1318">
    <p class='ocr_par' dir='ltr' id='par_1_26' title="bbox 33 1281 808 1318">
     <span class='ocr_line' id='line_1_26' title="bbox 33 1281 808 1318; baseline -0.003 -9"><span class='ocrx_word' id='word_1_194' title='bbox 33 1283 198 1318; x_wconf 75' lang='lat' dir='ltr'><strong>telligentiam</strong></span> <span class='ocrx_word' id='word_1_195' title='bbox 221 1283 369 1317; x_wconf 86' lang='lat' dir='ltr'><strong>spiritalem</strong></span> <span class='ocrx_word' id='word_1_196' title='bbox 389 1283 522 1315; x_wconf 85' lang='lat' dir='ltr'><strong>colentes,</strong></span> <span class='ocrx_word' id='word_1_197' title='bbox 535 1285 561 1309; x_wconf 93' lang='lat' dir='ltr'><strong>el</strong></span> <span class='ocrx_word' id='word_1_198' title='bbox 578 1281 604 1308; x_wconf 92' lang='lat' dir='ltr'><strong>in</strong></span> <span class='ocrx_word' id='word_1_199' title='bbox 621 1282 663 1309; x_wconf 85' lang='lat' dir='ltr'><strong>his</strong></span> <span class='ocrx_word' id='word_1_200' title='bbox 680 1281 808 1310; x_wconf 89' lang='lat' dir='ltr'><strong>omnibus</strong></span> 
     </span>
    </p>
   </div>
   <div class='ocr_carea' id='block_1_27' title="bbox 32 1327 807 1364">
    <p class='ocr_par' dir='ltr' id='par_1_27' title="bbox 32 1327 807 1364">
     <span class='ocr_line' id='line_1_27' title="bbox 32 1327 807 1364; baseline 0.001 -11"><span class='ocrx_word' id='word_1_201' title='bbox 32 1328 100 1355; x_wconf 82' lang='lat' dir='ltr'><strong>velut</strong></span> <span class='ocrx_word' id='word_1_202' title='bbox 125 1329 208 1356; x_wconf 83' lang='lat' dir='ltr'><strong>annis</strong></span> <span class='ocrx_word' id='word_1_203' title='bbox 233 1328 280 1355; x_wconf 80' lang='lat' dir='ltr'><strong>Bei</strong></span> <span class='ocrx_word' id='word_1_204' title='bbox 305 1327 420 1364; x_wconf 84' lang='lat' dir='ltr'><strong>muniti,</strong></span> <span class='ocrx_word' id='word_1_205' title='bbox 445 1332 547 1356; x_wconf 86' lang='lat' dir='ltr'><strong>stemus</strong></span> <span class='ocrx_word' id='word_1_206' title='bbox 575 1328 705 1355; x_wconf 85' lang='lat' dir='ltr'><strong>adversus</strong></span> <span class='ocrx_word' id='word_1_207' title='bbox 731 1331 807 1355; x_wconf 87' lang='lat' dir='ltr'><strong>astu-</strong></span> 
     </span>
    </p>
   </div>
   <div class='ocr_carea' id='block_1_28' title="bbox 34 1373 807 1409">
    <p class='ocr_par' dir='ltr' id='par_1_28' title="bbox 34 1373 807 1409">
     <span class='ocr_line' id='line_1_28' title="bbox 34 1373 807 1409; baseline 0.001 -10"><span class='ocrx_word' id='word_1_208' title='bbox 34 1374 79 1401; x_wconf 82' lang='lat' dir='ltr'><strong>tias</strong></span> <span class='ocrx_word' id='word_1_209' title='bbox 95 1374 147 1409; x_wconf 70' lang='lat'><strong>(13)</strong></span> <span class='ocrx_word' id='word_1_210' title='bbox 171 1373 282 1406; x_wconf 86' lang='lat' dir='ltr'><strong>diaboli,</strong></span> <span class='ocrx_word' id='word_1_211' title='bbox 300 1375 456 1401; x_wconf 78' lang='lat' dir='ltr'><strong>invocantes</strong></span> <span class='ocrx_word' id='word_1_212' title='bbox 473 1374 556 1401; x_wconf 89' lang='lat' dir='ltr'><strong>Deum</strong></span> <span class='ocrx_word' id='word_1_213' title='bbox 581 1373 731 1407; x_wconf 82' lang='lat' dir='ltr'><strong>adiutorem</strong></span> <span class='ocrx_word' id='word_1_214' title='bbox 757 1381 807 1400; x_wconf 86' lang='lat' dir='ltr'><strong>tto-</strong></span> 
     </span>
    </p>
   </div>
   <div class='ocr_carea' id='block_1_29' title="bbox 31 1419 807 1455">
    <p class='ocr_par' dir='ltr' id='par_1_29' title="bbox 31 1419 807 1455">
     <span class='ocr_line' id='line_1_29' title="bbox 31 1419 807 1455; baseline 0.004 -11"><span class='ocrx_word' id='word_1_215' title='bbox 31 1424 110 1445; x_wconf 60' lang='lat' dir='ltr'><strong>strum</strong></span> <span class='ocrx_word' id='word_1_216' title='bbox 126 1420 152 1446; x_wconf 92' lang='lat' dir='ltr'><strong>in</strong></span> <span class='ocrx_word' id='word_1_217' title='bbox 165 1419 273 1447; x_wconf 85' lang='lat' dir='ltr'><strong>Christo</strong></span> <span class='ocrx_word' id='word_1_218' title='bbox 285 1419 348 1447; x_wconf 83' lang='lat' dir='ltr'><strong>Jesu</strong></span> <span class='ocrx_word' id='word_1_219' title='bbox 364 1419 478 1447; x_wconf 91' lang='lat' dir='ltr'><strong>Domino</strong></span> <span class='ocrx_word' id='word_1_220' title='bbox 494 1424 597 1452; x_wconf 85' lang='lat' dir='ltr'><strong>nostro,</strong></span> <span class='ocrx_word' id='word_1_221' title='bbox 610 1420 654 1447; x_wconf 85' lang='lat' dir='ltr'><strong>cui</strong></span> <span class='ocrx_word' id='word_1_222' title='bbox 667 1423 709 1447; x_wconf 89' lang='lat' dir='ltr'><strong>est</strong></span> <span class='ocrx_word' id='word_1_223' title='bbox 722 1419 807 1455; x_wconf 76' lang='lat' dir='ltr'><strong>gloria</strong></span> 
     </span>
    </p>
   </div>
   <div class='ocr_carea' id='block_1_30' title="bbox 34 1464 665 1500">
    <p class='ocr_par' dir='ltr' id='par_1_30' title="bbox 34 1464 665 1500">
     <span class='ocr_line' id='line_1_30' title="bbox 34 1464 665 1500; baseline 0.003 -9"><span class='ocrx_word' id='word_1_224' title='bbox 34 1468 57 1491; x_wconf 74' lang='lat' dir='ltr'><strong>et</strong></span> <span class='ocrx_word' id='word_1_225' title='bbox 71 1465 208 1500; x_wconf 86' lang='lat' dir='ltr'><strong>imperium</strong></span> <span class='ocrx_word' id='word_1_226' title='bbox 225 1466 250 1492; x_wconf 90' lang='lat' dir='ltr'><strong>in</strong></span> <span class='ocrx_word' id='word_1_227' title='bbox 265 1466 364 1492; x_wconf 66' lang='lat' dir='ltr'><strong>saecula</strong></span> <span class='ocrx_word' id='word_1_228' title='bbox 382 1464 553 1493; x_wconf 62' lang='lat' dir='ltr'><strong>seculorum.</strong></span> <span class='ocrx_word' id='word_1_229' title='bbox 568 1465 665 1494; x_wconf 79' lang='lat' dir='ltr'><strong>Amen.</strong></span> 
     </span>
    </p>
   </div>
   <div class='ocr_carea' id='block_1_31' title="bbox 297 1510 538 1540">
    <p class='ocr_par' dir='ltr' id='par_1_31' title="bbox 297 1510 538 1540">
     <span class='ocr_line' id='line_1_31' title="bbox 297 1510 538 1540; baseline 0.004 -2"><span class='ocrx_word' id='word_1_230' title='bbox 297 1511 438 1539; x_wconf 80' lang='lat' dir='ltr'><strong>IIOMILIA</strong></span> <span class='ocrx_word' id='word_1_231' title='bbox 459 1510 538 1540; x_wconf 74' lang='lat' dir='ltr'><strong>XVII.</strong></span> 
     </span>
    </p>
   </div>
   <div class='ocr_carea' id='block_1_32' title="bbox 36 1554 806 1591">
    <p class='ocr_par' dir='ltr' id='par_1_32' title="bbox 36 1554 806 1591">
     <span class='ocr_line' id='line_1_32' title="bbox 36 1554 806 1591; baseline 0.004 -10"><span class='ocrx_word' id='word_1_232' title='bbox 36 1554 68 1582; x_wconf 84' lang='lat' dir='ltr'><strong>Dc</strong></span> <span class='ocrx_word' id='word_1_233' title='bbox 82 1563 110 1582; x_wconf 82' lang='lat' dir='ltr'><strong>eo</strong></span> <span class='ocrx_word' id='word_1_234' title='bbox 130 1556 199 1591; x_wconf 83' lang='lat' dir='ltr'><strong>quod</strong></span> <span class='ocrx_word' id='word_1_235' title='bbox 217 1556 314 1584; x_wconf 75' lang='lat' dir='ltr'><strong>Levita:</strong></span> <span class='ocrx_word' id='word_1_236' title='bbox 336 1565 387 1583; x_wconf 84' lang='lat' dir='ltr'><strong>non</strong></span> <span class='ocrx_word' id='word_1_237' title='bbox 406 1562 559 1590; x_wconf 78' lang='lat' dir='ltr'><strong>acceperunt</strong></span> <span class='ocrx_word' id='word_1_238' title='bbox 577 1557 604 1585; x_wconf 81' lang='lat' dir='ltr'><strong>in</strong></span> <span class='ocrx_word' id='word_1_239' title='bbox 622 1558 806 1585; x_wconf 70' lang='lat' dir='ltr'><strong>[nereditatem</strong></span> 
     </span>
    </p>
   </div>
   <div class='ocr_carea' id='block_1_33' title="bbox 323 1592 512 1628">
    <p class='ocr_par' dir='ltr' id='par_1_33' title="bbox 323 1592 512 1628">
     <span class='ocr_line' id='line_1_33' title="bbox 323 1592 512 1628; baseline 0.011 -11"><span class='ocrx_word' id='word_1_240' title='bbox 323 1597 421 1618; x_wconf 82' lang='lat' dir='ltr'><strong>terram</strong></span> <span class='ocrx_word' id='word_1_241' title='bbox 446 1592 512 1628; x_wconf 74' lang='grc'><strong>(14).</strong></span> 
     </span>
    </p>
   </div>
   <div class='ocr_carea' id='block_1_34' title="bbox 67 1636 808 1672">
    <p class='ocr_par' dir='ltr' id='par_1_34' title="bbox 67 1636 808 1672">
     <span class='ocr_line' id='line_1_34' title="bbox 67 1636 808 1672; baseline 0.004 -10"><span class='ocrx_word' id='word_1_242' title='bbox 67 1636 91 1663; x_wconf 89' lang='grc'><strong>1.</strong></span> <span class='ocrx_word' id='word_1_243' title='bbox 109 1636 183 1664; x_wconf 91' lang='lat' dir='ltr'><strong>Sicut</strong></span> <span class='ocrx_word' id='word_1_244' title='bbox 201 1636 304 1663; x_wconf 67' lang='lat' dir='ltr'><strong>umbra:</strong></span> <span class='ocrx_word' id='word_1_245' title='bbox 325 1641 352 1664; x_wconf 88' lang='lat' dir='ltr'><strong>et</strong></span> <span class='ocrx_word' id='word_1_246' title='bbox 373 1638 520 1672; x_wconf 84' lang='lat' dir='ltr'><strong>exemplari</strong></span> <span class='ocrx_word' id='word_1_247' title='bbox 545 1637 703 1666; x_wconf 82' lang='lat' dir='ltr'><strong>deserviunt</strong></span> <span class='ocrx_word' id='word_1_248' title='bbox 724 1639 808 1667; x_wconf 64' lang='lat' dir='ltr'><strong>cele-</strong></span> 
     </span>
    </p>
   </div>
   <div class='ocr_carea' id='block_1_35' title="bbox 35 1682 809 1718">
    <p class='ocr_par' dir='ltr' id='par_1_35' title="bbox 35 1682 809 1718">
     <span class='ocr_line' id='line_1_35' title="bbox 35 1682 809 1718; baseline 0.006 -11"><span class='ocrx_word' id='word_1_249' title='bbox 35 1682 108 1708; x_wconf 81' lang='lat' dir='ltr'><strong>slinm</strong></span> <span class='ocrx_word' id='word_1_250' title='bbox 127 1683 153 1715; x_wconf 92' lang='lat' dir='ltr'><strong>ii,</strong></span> <span class='ocrx_word' id='word_1_251' title='bbox 169 1682 215 1718; x_wconf 87' lang='lat' dir='ltr'><strong>qui</strong></span> <span class='ocrx_word' id='word_1_252' title='bbox 233 1682 317 1718; x_wconf 77' lang='lat' dir='ltr'><strong>legem</strong></span> <span class='ocrx_word' id='word_1_253' title='bbox 333 1683 495 1718; x_wconf 87' lang='lat' dir='ltr'><strong>sttscipiunt,</strong></span> <span class='ocrx_word' id='word_1_254' title='bbox 512 1692 572 1718; x_wconf 70' lang='lat' dir='ltr'><strong>quas</strong></span> <span class='ocrx_word' id='word_1_255' title='bbox 586 1689 628 1712; x_wconf 86' lang='lat' dir='ltr'><strong>est</strong></span> <span class='ocrx_word' id='word_1_256' title='bbox 649 1684 722 1712; x_wconf 86' lang='lat' dir='ltr'><strong>illius</strong></span> <span class='ocrx_word' id='word_1_257' title='bbox 738 1692 809 1712; x_wconf 69' lang='lat' dir='ltr'><strong>verat</strong></span> 
     </span>
    </p>
   </div>
   <div class='ocr_carea' id='block_1_36' title="bbox 37 1725 807 1765">
    <p class='ocr_par' dir='ltr' id='par_1_36' title="bbox 37 1725 807 1765">
     <span class='ocr_line' id='line_1_36' title="bbox 37 1725 807 1765; baseline 0.008 -14"><span class='ocrx_word' id='word_1_258' title='bbox 37 1725 94 1759; x_wconf 79' lang='lat' dir='ltr'><strong>legis</strong></span> <span class='ocrx_word' id='word_1_259' title='bbox 117 1728 222 1758; x_wconf 84' lang='lat' dir='ltr'><strong>umbra.</strong></span> <span class='ocrx_word' id='word_1_260' title='bbox 240 1728 276 1754; x_wconf 88' lang='lat' dir='ltr'><strong>ita</strong></span> <span class='ocrx_word' id='word_1_261' title='bbox 299 1729 438 1763; x_wconf 76' lang='lat' dir='ltr'><strong>exemplar</strong></span> <span class='ocrx_word' id='word_1_262' title='bbox 458 1733 485 1756; x_wconf 90' lang='lat' dir='ltr'><strong>et</strong></span> <span class='ocrx_word' id='word_1_263' title='bbox 502 1729 626 1756; x_wconf 89' lang='lat' dir='ltr'><strong>umbram</strong></span> <span class='ocrx_word' id='word_1_264' title='bbox 656 1735 807 1765; x_wconf 86' lang='lat' dir='ltr'><strong>sequuntur</strong></span> 
     </span>
    </p>
   </div>
   <div class='ocr_carea' id='block_1_37' title="bbox 35 1772 807 1806">
    <p class='ocr_par' dir='ltr' id='par_1_37' title="bbox 35 1772 807 1806">
     <span class='ocr_line' id='line_1_37' title="bbox 35 1772 807 1806; baseline 0.008 -9"><span class='ocrx_word' id='word_1_265' title='bbox 35 1772 165 1800; x_wconf 86' lang='lat' dir='ltr'><strong>divisionis</strong></span> <span class='ocrx_word' id='word_1_266' title='bbox 181 1774 302 1801; x_wconf 46' lang='lat' dir='ltr'><strong>ctclestis</strong></span> <span class='ocrx_word' id='word_1_267' title='bbox 319 1774 348 1806; x_wconf 90' lang='lat' dir='ltr'><strong>ii,</strong></span> <span class='ocrx_word' id='word_1_268' title='bbox 362 1775 407 1806; x_wconf 88' lang='lat' dir='ltr'><strong>qui</strong></span> <span class='ocrx_word' id='word_1_269' title='bbox 424 1775 451 1801; x_wconf 92' lang='lat' dir='ltr'><strong>in</strong></span> <span class='ocrx_word' id='word_1_270' title='bbox 476 1774 568 1802; x_wconf 72' lang='lat' dir='ltr'><strong>Iudaea</strong></span> <span class='ocrx_word' id='word_1_271' title='bbox 588 1776 747 1804; x_wconf 64' lang='lat' dir='ltr'><strong>haereditate</strong></span> <span class='ocrx_word' id='word_1_272' title='bbox 765 1777 807 1803; x_wconf 90' lang='lat' dir='ltr'><strong>di-</strong></span> 
     </span>
    </p>
   </div>
   <div class='ocr_carea' id='block_1_38' title="bbox 38 1815 808 1853">
    <p class='ocr_par' dir='ltr' id='par_1_38' title="bbox 38 1815 808 1853">
     <span class='ocr_line' id='line_1_38' title="bbox 38 1815 808 1853; baseline 0.008 -12"><span class='ocrx_word' id='word_1_273' title='bbox 38 1815 121 1843; x_wconf 85' lang='lat' dir='ltr'><strong>vidunt</strong></span> <span class='ocrx_word' id='word_1_274' title='bbox 139 1822 249 1844; x_wconf 81' lang='lat' dir='ltr'><strong>terram.</strong></span> <span class='ocrx_word' id='word_1_275' title='bbox 269 1817 331 1845; x_wconf 86' lang='lat' dir='ltr'><strong>Erat</strong></span> <span class='ocrx_word' id='word_1_276' title='bbox 356 1825 420 1853; x_wconf 76' lang='lat' dir='ltr'><strong>ergo</strong></span> <span class='ocrx_word' id='word_1_277' title='bbox 442 1819 468 1846; x_wconf 93' lang='lat' dir='ltr'><strong>in</strong></span> <span class='ocrx_word' id='word_1_278' title='bbox 492 1819 568 1847; x_wconf 77' lang='lat' dir='ltr'><strong>ccelis</strong></span> <span class='ocrx_word' id='word_1_279' title='bbox 585 1820 698 1852; x_wconf 84' lang='lat' dir='ltr'><strong>veritas,</strong></span> <span class='ocrx_word' id='word_1_280' title='bbox 713 1821 808 1847; x_wconf 91' lang='lat' dir='ltr'><strong>umbra</strong></span> 
     </span>
    </p>
   </div>
   <div class='ocr_carea' id='block_1_39' title="bbox 37 1863 810 1898">
    <p class='ocr_par' dir='ltr' id='par_1_39' title="bbox 37 1863 810 1898">
     <span class='ocr_line' id='line_1_39' title="bbox 37 1863 810 1898; baseline 0.008 -11"><span class='ocrx_word' id='word_1_281' title='bbox 37 1867 93 1888; x_wconf 87' lang='lat' dir='ltr'><strong>vcro</strong></span> <span class='ocrx_word' id='word_1_282' title='bbox 107 1867 133 1888; x_wconf 89' lang='lat' dir='ltr'><strong>et</strong></span> <span class='ocrx_word' id='word_1_283' title='bbox 146 1863 287 1897; x_wconf 82' lang='lat' dir='ltr'><strong>exetr.plar</strong></span> <span class='ocrx_word' id='word_1_284' title='bbox 303 1863 361 1898; x_wconf 78' lang='lat' dir='ltr'><strong>(l5)</strong></span> <span class='ocrx_word' id='word_1_285' title='bbox 374 1864 495 1892; x_wconf 81' lang='lat' dir='ltr'><strong>veritatis</strong></span> <span class='ocrx_word' id='word_1_286' title='bbox 518 1866 544 1892; x_wconf 91' lang='lat' dir='ltr'><strong>in</strong></span> <span class='ocrx_word' id='word_1_287' title='bbox 565 1865 657 1892; x_wconf 89' lang='lat' dir='ltr'><strong>terris.</strong></span> <span class='ocrx_word' id='word_1_288' title='bbox 674 1865 707 1892; x_wconf 89' lang='lat' dir='ltr'><strong>Et</strong></span> <span class='ocrx_word' id='word_1_289' title='bbox 724 1865 810 1893; x_wconf 89' lang='lat' dir='ltr'><strong>donec</strong></span> 
     </span>
    </p>
   </div>
   <div class='ocr_carea' id='block_1_40' title="bbox 36 1908 809 1943">
    <p class='ocr_par' dir='ltr' id='par_1_40' title="bbox 36 1908 809 1943">
     <span class='ocr_line' id='line_1_40' title="bbox 36 1908 809 1943; baseline 0.008 -11"><span class='ocrx_word' id='word_1_290' title='bbox 36 1913 122 1933; x_wconf 82' lang='lat' dir='ltr'><strong>umbra</strong></span> <span class='ocrx_word' id='word_1_291' title='bbox 140 1908 195 1935; x_wconf 62' lang='lat' dir='ltr'><strong>haec</strong></span> <span class='ocrx_word' id='word_1_292' title='bbox 209 1909 353 1936; x_wconf 85' lang='lat' dir='ltr'><strong>constabat</strong></span> <span class='ocrx_word' id='word_1_293' title='bbox 365 1909 391 1936; x_wconf 91' lang='lat' dir='ltr'><strong>in</strong></span> <span class='ocrx_word' id='word_1_294' title='bbox 411 1909 501 1943; x_wconf 88' lang='lat' dir='ltr'><strong>terris,</strong></span> <span class='ocrx_word' id='word_1_295' title='bbox 516 1914 575 1937; x_wconf 85' lang='lat' dir='ltr'><strong>erat</strong></span> <span class='ocrx_word' id='word_1_296' title='bbox 588 1909 739 1938; x_wconf 79' lang='lat' dir='ltr'><strong>Jerusalem</strong></span> <span class='ocrx_word' id='word_1_297' title='bbox 753 1915 809 1938; x_wconf 89' lang='lat' dir='ltr'><strong>ter-</strong></span> 
     </span>
    </p>
   </div>
   <div class='ocr_carea' id='block_1_41' title="bbox 37 1953 810 1988">
    <p class='ocr_par' dir='ltr' id='par_1_41' title="bbox 37 1953 810 1988">
     <span class='ocr_line' id='line_1_41' title="bbox 37 1953 810 1988; baseline 0.008 -11"><span class='ocrx_word' id='word_1_298' title='bbox 37 1953 132 1985; x_wconf 70' lang='lat' dir='ltr'><strong>restris,</strong></span> <span class='ocrx_word' id='word_1_299' title='bbox 146 1959 202 1980; x_wconf 81' lang='lat' dir='ltr'><strong>erat</strong></span> <span class='ocrx_word' id='word_1_300' title='bbox 221 1954 359 1988; x_wconf 87' lang='lat' dir='ltr'><strong>templum,</strong></span> <span class='ocrx_word' id='word_1_301' title='bbox 379 1959 440 1982; x_wconf 89' lang='lat' dir='ltr'><strong>erat</strong></span> <span class='ocrx_word' id='word_1_302' title='bbox 453 1955 550 1988; x_wconf 80' lang='lat' dir='ltr'><strong>altare.</strong></span> <span class='ocrx_word' id='word_1_303' title='bbox 566 1960 627 1982; x_wconf 89' lang='lat' dir='ltr'><strong>erat</strong></span> <span class='ocrx_word' id='word_1_304' title='bbox 644 1960 671 1982; x_wconf 91' lang='lat' dir='ltr'><strong>et</strong></span> <span class='ocrx_word' id='word_1_305' title='bbox 693 1956 810 1984; x_wconf 85' lang='lat' dir='ltr'><strong>visibilis</strong></span> 
     </span>
    </p>
   </div>
   <div class='ocr_carea' id='block_1_42' title="bbox 37 1996 810 2033">
    <p class='ocr_par' dir='ltr' id='par_1_42' title="bbox 37 1996 810 2033">
     <span class='ocr_line' id='line_1_42' title="bbox 37 1996 810 2033; baseline 0.008 -11"><span class='ocrx_word' id='word_1_306' title='bbox 37 1996 126 2028; x_wconf 87' lang='lat' dir='ltr'><strong>cultus,</strong></span> <span class='ocrx_word' id='word_1_307' title='bbox 147 2003 226 2025; x_wconf 84' lang='lat' dir='ltr'><strong>erant</strong></span> <span class='ocrx_word' id='word_1_308' title='bbox 249 1998 390 2033; x_wconf 83' lang='lat' dir='ltr'><strong>pontiﬁces</strong></span> <span class='ocrx_word' id='word_1_309' title='bbox 413 2003 440 2026; x_wconf 89' lang='lat' dir='ltr'><strong>et</strong></span> <span class='ocrx_word' id='word_1_310' title='bbox 462 2001 629 2032; x_wconf 83' lang='lat' dir='ltr'><strong>sacerdotes,</strong></span> <span class='ocrx_word' id='word_1_311' title='bbox 647 2001 810 2029; x_wconf 82' lang='lat' dir='ltr'><strong>constabant</strong></span> 
     </span>
    </p>
   </div>
   <div class='ocr_carea' id='block_1_43' title="bbox 35 2040 810 2081">
    <p class='ocr_par' dir='ltr' id='par_1_43' title="bbox 35 2040 810 2081">
     <span class='ocr_line' id='line_1_43' title="bbox 35 2040 810 2081; baseline 0.013 -15"><span class='ocrx_word' id='word_1_312' title='bbox 35 2040 110 2068; x_wconf 83' lang='lat' dir='ltr'><strong>etiam</strong></span> <span class='ocrx_word' id='word_1_313' title='bbox 126 2042 250 2070; x_wconf 81' lang='lat' dir='ltr'><strong>civitates</strong></span> <span class='ocrx_word' id='word_1_314' title='bbox 271 2047 299 2070; x_wconf 89' lang='lat' dir='ltr'><strong>et</strong></span> <span class='ocrx_word' id='word_1_315' title='bbox 313 2043 364 2070; x_wconf 92' lang='lat' dir='ltr'><strong>vici</strong></span> <span class='ocrx_word' id='word_1_316' title='bbox 382 2043 492 2077; x_wconf 56' lang='grc' dir='ltr'><strong>Μάκερ,</strong></span> <span class='ocrx_word' id='word_1_317' title='bbox 514 2050 542 2072; x_wconf 90' lang='lat' dir='ltr'><strong>et</strong></span> <span class='ocrx_word' id='word_1_318' title='bbox 561 2046 652 2072; x_wconf 88' lang='lat' dir='ltr'><strong>omnia</strong></span> <span class='ocrx_word' id='word_1_319' title='bbox 670 2046 726 2074; x_wconf 71' lang='lat' dir='ltr'><strong>haec</strong></span> <span class='ocrx_word' id='word_1_320' title='bbox 750 2054 810 2081; x_wconf 70' lang='lat' dir='ltr'><strong>quae</strong></span> 
     </span>
    </p>
   </div>
   <div class='ocr_carea' id='block_1_44' title="bbox 38 2086 809 2122">
    <p class='ocr_par' dir='ltr' id='par_1_44' title="bbox 38 2086 809 2122">
     <span class='ocr_line' id='line_1_44' title="bbox 38 2086 809 2122; baseline 0.012 -13"><span class='ocrx_word' id='word_1_321' title='bbox 38 2092 100 2112; x_wconf 91' lang='lat' dir='ltr'><strong>nunc</strong></span> <span class='ocrx_word' id='word_1_322' title='bbox 123 2086 149 2112; x_wconf 92' lang='lat' dir='ltr'><strong>in</strong></span> <span class='ocrx_word' id='word_1_323' title='bbox 165 2087 218 2114; x_wconf 88' lang='lat' dir='ltr'><strong>hoc</strong></span> <span class='ocrx_word' id='word_1_324' title='bbox 239 2086 309 2114; x_wconf 91' lang='lat' dir='ltr'><strong>Iibro</strong></span> <span class='ocrx_word' id='word_1_325' title='bbox 331 2088 464 2122; x_wconf 82' lang='lat' dir='ltr'><strong>descripta</strong></span> <span class='ocrx_word' id='word_1_326' title='bbox 481 2089 639 2116; x_wconf 89' lang='lat' dir='ltr'><strong>recitantur.</strong></span> <span class='ocrx_word' id='word_1_327' title='bbox 655 2090 721 2117; x_wconf 87' lang='lat' dir='ltr'><strong>Cum</strong></span> <span class='ocrx_word' id='word_1_328' title='bbox 744 2098 809 2118; x_wconf 88' lang='lat' dir='ltr'><strong>vero</strong></span> 
     </span>
    </p>
   </div>
   <div class='ocr_carea' id='block_1_45' title="bbox 36 2128 809 2164">
    <p class='ocr_par' dir='ltr' id='par_1_45' title="bbox 36 2128 809 2164">
     <span class='ocr_line' id='line_1_45' title="bbox 36 2128 809 2164; baseline 0.008 -9"><span class='ocrx_word' id='word_1_329' title='bbox 36 2128 60 2154; x_wconf 89' lang='lat' dir='ltr'><strong>iu</strong></span> <span class='ocrx_word' id='word_1_330' title='bbox 76 2131 187 2158; x_wconf 86' lang='lat' dir='ltr'><strong>adventu</strong></span> <span class='ocrx_word' id='word_1_331' title='bbox 213 2131 363 2159; x_wconf 87' lang='lat' dir='ltr'><strong>Salvatoris</strong></span> <span class='ocrx_word' id='word_1_332' title='bbox 387 2132 472 2159; x_wconf 91' lang='lat' dir='ltr'><strong>nostri</strong></span> <span class='ocrx_word' id='word_1_333' title='bbox 493 2133 540 2160; x_wconf 88' lang='lat' dir='ltr'><strong>Dei</strong></span> <span class='ocrx_word' id='word_1_334' title='bbox 555 2141 570 2160; x_wconf 85' lang='lat' dir='ltr'><strong>e</strong></span> <span class='ocrx_word' id='word_1_335' title='bbox 593 2135 670 2161; x_wconf 72' lang='lat' dir='ltr'><strong>cmlis</strong></span> <span class='ocrx_word' id='word_1_336' title='bbox 695 2135 809 2164; x_wconf 83' lang='lat' dir='ltr'><strong>descen-</strong></span> 
     </span>
    </p>
   </div>
   <div class='ocr_carea' id='block_1_46' title="bbox 822 1523 844 1553">
    <p class='ocr_par' dir='ltr' id='par_1_46' title="bbox 822 1523 844 1553">
     <span class='ocr_line' id='line_1_46' title="bbox 822 1523 844 1553; baseline 0 0"><span class='ocrx_word' id='word_1_337' title='bbox 822 1523 844 1553; x_wconf 80' lang='grc' dir='ltr'>ϐ</span> 
     </span>
    </p>
   </div>
   <div class='ocr_carea' id='block_1_47' title="bbox 498 133 1152 162">
    <p class='ocr_par' dir='ltr' id='par_1_47' title="bbox 498 133 1152 162">
     <span class='ocr_line' id='line_1_47' title="bbox 498 133 1152 162; baseline -0.002 0"><span class='ocrx_word' id='word_1_338' title='bbox 498 135 530 162; x_wconf 74' lang='lat' dir='ltr'><strong>IN</strong></span> <span class='ocrx_word' id='word_1_339' title='bbox 550 134 679 162; x_wconf 77' lang='lat' dir='ltr'><strong>LIBRUM</strong></span> <span class='ocrx_word' id='word_1_340' title='bbox 696 134 778 162; x_wconf 79' lang='lat' dir='ltr'><strong>JESU</strong></span> <span class='ocrx_word' id='word_1_341' title='bbox 797 133 890 161; x_wconf 84' lang='lat' dir='ltr'><strong>NAVE</strong></span> <span class='ocrx_word' id='word_1_342' title='bbox 909 134 1052 162; x_wconf 73' lang='lat' dir='ltr'><strong>IIOMILIA</strong></span> <span class='ocrx_word' id='word_1_343' title='bbox 1070 133 1152 162; x_wconf 76' lang='lat' dir='ltr'><strong>XVII.</strong></span> 
     </span>
    </p>
   </div>
   <div class='ocr_carea' id='block_1_48' title="bbox 1584 134 1637 162">
    <p class='ocr_par' dir='ltr' id='par_1_48' title="bbox 1584 134 1637 162">
     <span class='ocr_line' id='line_1_48' title="bbox 1584 134 1637 162; baseline 0.019 -1"><span class='ocrx_word' id='word_1_344' title='bbox 1584 134 1637 162; x_wconf 79' lang='lat' dir='ltr'><strong>mo</strong></span> 
     </span>
    </p>
   </div>
   <div class='ocr_carea' id='block_1_49' title="bbox 854 192 1635 227">
    <p class='ocr_par' dir='ltr' id='par_1_49' title="bbox 854 192 1635 227">
     <span class='ocr_line' id='line_1_49' title="bbox 854 192 1635 227; baseline 0.001 -7"><span class='ocrx_word' id='word_1_345' title='bbox 854 194 969 221; x_wconf 81' lang='lat' dir='ltr'><strong>veritate</strong></span> <span class='ocrx_word' id='word_1_346' title='bbox 998 194 1111 221; x_wconf 88' lang='lat' dir='ltr'><strong>adorent</strong></span> <span class='ocrx_word' id='word_1_347' title='bbox 1123 193 1155 219; x_wconf 74' lang='lat'><strong>“.</strong></span> <span class='ocrx_word' id='word_1_348' title='bbox 1183 192 1228 220; x_wconf 87' lang='lat' dir='ltr'><strong>Sic</strong></span> <span class='ocrx_word' id='word_1_349' title='bbox 1255 199 1323 226; x_wconf 76' lang='lat' dir='ltr'><strong>ergo</strong></span> <span class='ocrx_word' id='word_1_350' title='bbox 1349 197 1481 227; x_wconf 74' lang='lat' dir='ltr'><strong>prmsentc</strong></span> <span class='ocrx_word' id='word_1_351' title='bbox 1509 193 1635 227; x_wconf 82' lang='lat' dir='ltr'><strong>veritate,</strong></span> 
     </span>
    </p>
   </div>
   <div class='ocr_carea' id='block_1_50' title="bbox 855 238 1637 273">
    <p class='ocr_par' dir='ltr' id='par_1_50' title="bbox 855 238 1637 273">
     <span class='ocr_line' id='line_1_50' title="bbox 855 238 1637 273; baseline 0.001 -9"><span class='ocrx_word' id='word_1_352' title='bbox 855 243 935 273; x_wconf 88' lang='lat' dir='ltr'><strong>typtts</strong></span> <span class='ocrx_word' id='word_1_353' title='bbox 948 242 975 265; x_wconf 90' lang='lat' dir='ltr'><strong>et</strong></span> <span class='ocrx_word' id='word_1_354' title='bbox 990 238 1083 265; x_wconf 87' lang='lat' dir='ltr'><strong>umbra</strong></span> <span class='ocrx_word' id='word_1_355' title='bbox 1099 238 1216 265; x_wconf 83' lang='lat' dir='ltr'><strong>cessavit</strong></span> <span class='ocrx_word' id='word_1_356' title='bbox 1230 245 1237 265; x_wconf 89' lang='lat'><strong>:</strong></span> <span class='ocrx_word' id='word_1_357' title='bbox 1253 243 1281 265; x_wconf 90' lang='lat' dir='ltr'><strong>et</strong></span> <span class='ocrx_word' id='word_1_358' title='bbox 1299 245 1363 265; x_wconf 89' lang='lat' dir='ltr'><strong>cum</strong></span> <span class='ocrx_word' id='word_1_359' title='bbox 1377 238 1486 266; x_wconf 86' lang='lat' dir='ltr'><strong>adesset</strong></span> <span class='ocrx_word' id='word_1_360' title='bbox 1498 239 1637 273; x_wconf 87' lang='lat' dir='ltr'><strong>templum,</strong></span> 
     </span>
    </p>
   </div>
   <div class='ocr_carea' id='block_1_51' title="bbox 854 282 1638 318">
    <p class='ocr_par' dir='ltr' id='par_1_51' title="bbox 854 282 1638 318">
     <span class='ocr_line' id='line_1_51' title="bbox 854 282 1638 318; baseline 0.003 -10"><span class='ocrx_word' id='word_1_361' title='bbox 854 283 925 316; x_wconf 91' lang='lat' dir='ltr'><strong>quod</strong></span> <span class='ocrx_word' id='word_1_362' title='bbox 952 289 1000 318; x_wconf 86' lang='lat' dir='ltr'><strong>per</strong></span> <span class='ocrx_word' id='word_1_363' title='bbox 1026 283 1157 316; x_wconf 89' lang='lat' dir='ltr'><strong>Spiritum</strong></span> <span class='ocrx_word' id='word_1_364' title='bbox 1175 282 1222 310; x_wconf 88' lang='lat' dir='ltr'><strong>Dei</strong></span> <span class='ocrx_word' id='word_1_365' title='bbox 1242 286 1270 309; x_wconf 91' lang='lat' dir='ltr'><strong>et</strong></span> <span class='ocrx_word' id='word_1_366' title='bbox 1296 283 1424 310; x_wconf 86' lang='lat' dir='ltr'><strong>virtutem</strong></span> <span class='ocrx_word' id='word_1_367' title='bbox 1450 283 1582 311; x_wconf 84' lang='lat' dir='ltr'><strong>Altissimi</strong></span> <span class='ocrx_word' id='word_1_368' title='bbox 1610 285 1638 310; x_wconf 90' lang='lat' dir='ltr'><strong>in</strong></span> 
     </span>
    </p>
   </div>
   <div class='ocr_carea' id='block_1_52' title="bbox 855 327 1637 364">
    <p class='ocr_par' dir='ltr' id='par_1_52' title="bbox 855 327 1637 364">
     <span class='ocr_line' id='line_1_52' title="bbox 855 327 1637 364; baseline 0.004 -11"><span class='ocrx_word' id='word_1_369' title='bbox 855 331 931 364; x_wconf 84' lang='lat' dir='ltr'><strong>utero</strong></span> <span class='ocrx_word' id='word_1_370' title='bbox 945 327 1056 361; x_wconf 85' lang='lat' dir='ltr'><strong>virginis</strong></span> <span class='ocrx_word' id='word_1_371' title='bbox 1072 327 1233 355; x_wconf 81' lang='lat' dir='ltr'><strong>fabricatum</strong></span> <span class='ocrx_word' id='word_1_372' title='bbox 1248 332 1301 359; x_wconf 84' lang='lat' dir='ltr'><strong>est,</strong></span> <span class='ocrx_word' id='word_1_373' title='bbox 1316 327 1435 355; x_wconf 90' lang='lat' dir='ltr'><strong>dirutum</strong></span> <span class='ocrx_word' id='word_1_374' title='bbox 1451 332 1494 355; x_wconf 90' lang='lat' dir='ltr'><strong>est</strong></span> <span class='ocrx_word' id='word_1_375' title='bbox 1510 329 1637 363; x_wconf 87' lang='lat' dir='ltr'><strong>templuut</strong></span> 
     </span>
    </p>
   </div>
   <div class='ocr_carea' id='block_1_53' title="bbox 854 373 1636 408">
    <p class='ocr_par' dir='ltr' id='par_1_53' title="bbox 854 373 1636 408">
     <span class='ocr_line' id='line_1_53' title="bbox 854 373 1636 408; baseline 0.004 -9"><span class='ocrx_word' id='word_1_376' title='bbox 854 380 886 399; x_wconf 90' lang='lat' dir='ltr'><strong>ex</strong></span> <span class='ocrx_word' id='word_1_377' title='bbox 905 373 1039 406; x_wconf 89' lang='lat' dir='ltr'><strong>lapidibus</strong></span> <span class='ocrx_word' id='word_1_378' title='bbox 1065 373 1238 401; x_wconf 76' lang='lat' dir='ltr'><strong>fabricatum.</strong></span> <span class='ocrx_word' id='word_1_379' title='bbox 1260 374 1362 401; x_wconf 76' lang='lat' dir='ltr'><strong>Aderat</strong></span> <span class='ocrx_word' id='word_1_380' title='bbox 1385 374 1506 408; x_wconf 71' lang='lat' dir='ltr'><strong>pontil‘t-x</strong></span> <span class='ocrx_word' id='word_1_381' title='bbox 1530 375 1636 402; x_wconf 78' lang='lat' dir='ltr'><strong>futuro-</strong></span> 
     </span>
    </p>
   </div>
   <div class='ocr_carea' id='block_1_54' title="bbox 857 417 1638 453">
    <p class='ocr_par' dir='ltr' id='par_1_54' title="bbox 857 417 1638 453">
     <span class='ocr_line' id='line_1_54' title="bbox 857 417 1638 453; baseline 0.004 -9"><span class='ocrx_word' id='word_1_382' title='bbox 857 425 914 445; x_wconf 93' lang='lat' dir='ltr'><strong>rnm</strong></span> <span class='ocrx_word' id='word_1_383' title='bbox 940 417 1083 445; x_wconf 89' lang='lat' dir='ltr'><strong>bonorum.</strong></span> <span class='ocrx_word' id='word_1_384' title='bbox 1108 417 1290 445; x_wconf 81' lang='lat' dir='ltr'><strong>Ccssaverunt</strong></span> <span class='ocrx_word' id='word_1_385' title='bbox 1314 418 1370 452; x_wconf 88' lang='grc'><strong>(16)</strong></span> <span class='ocrx_word' id='word_1_386' title='bbox 1387 419 1529 453; x_wconf 74' lang='lat' dir='ltr'><strong>pontiﬁces</strong></span> <span class='ocrx_word' id='word_1_387' title='bbox 1545 424 1638 447; x_wconf 91' lang='lat' dir='ltr'><strong>tauro-</strong></span> 
     </span>
    </p>
   </div>
   <div class='ocr_carea' id='block_1_55' title="bbox 855 462 1639 499">
    <p class='ocr_par' dir='ltr' id='par_1_55' title="bbox 855 462 1639 499">
     <span class='ocr_line' id='line_1_55' title="bbox 855 462 1639 499; baseline 0.003 -9"><span class='ocrx_word' id='word_1_388' title='bbox 855 471 914 490; x_wconf 89' lang='lat' dir='ltr'><strong>rum</strong></span> <span class='ocrx_word' id='word_1_389' title='bbox 935 467 963 490; x_wconf 90' lang='lat' dir='ltr'><strong>et</strong></span> <span class='ocrx_word' id='word_1_390' title='bbox 980 462 1128 490; x_wconf 90' lang='lat' dir='ltr'><strong>hircorum.</strong></span> <span class='ocrx_word' id='word_1_391' title='bbox 1146 463 1228 490; x_wconf 84' lang='lat' dir='ltr'><strong>Venit</strong></span> <span class='ocrx_word' id='word_1_392' title='bbox 1240 464 1332 498; x_wconf 80' lang='lat' dir='ltr'><strong>Agnus</strong></span> <span class='ocrx_word' id='word_1_393' title='bbox 1351 464 1409 497; x_wconf 87' lang='lat' dir='ltr'><strong>Dei,</strong></span> <span class='ocrx_word' id='word_1_394' title='bbox 1421 464 1466 499; x_wconf 89' lang='lat' dir='ltr'><strong>qui</strong></span> <span class='ocrx_word' id='word_1_395' title='bbox 1484 464 1553 491; x_wconf 85' lang='lat' dir='ltr'><strong>tollit</strong></span> <span class='ocrx_word' id='word_1_396' title='bbox 1575 472 1639 499; x_wconf 58' lang='lat' dir='ltr'><strong>pec-</strong></span> 
     </span>
    </p>
   </div>
   <div class='ocr_carea' id='block_1_56' title="bbox 854 509 1640 545">
    <p class='ocr_par' dir='ltr' id='par_1_56' title="bbox 854 509 1640 545">
     <span class='ocr_line' id='line_1_56' title="bbox 854 509 1640 545; baseline 0.003 -9"><span class='ocrx_word' id='word_1_397' title='bbox 854 514 943 536; x_wconf 84' lang='lat' dir='ltr'><strong>catum</strong></span> <span class='ocrx_word' id='word_1_398' title='bbox 962 509 1053 536; x_wconf 86' lang='lat' dir='ltr'><strong>mundi</strong></span> <span class='ocrx_word' id='word_1_399' title='bbox 1068 509 1090 525; x_wconf 84' lang='grc'><strong><em>⁸³</em></strong></span> <span class='ocrx_word' id='word_1_400' title='bbox 1104 529 1111 541; x_wconf 84' lang='grc'><em>,</em></span> <span class='ocrx_word' id='word_1_401' title='bbox 1135 510 1239 537; x_wconf 83' lang='lat' dir='ltr'><strong>destitit</strong></span> <span class='ocrx_word' id='word_1_402' title='bbox 1261 517 1346 545; x_wconf 77' lang='lat' dir='ltr'><strong>agnus</strong></span> <span class='ocrx_word' id='word_1_403' title='bbox 1369 518 1400 537; x_wconf 85' lang='lat' dir='ltr'><strong>ex</strong></span> <span class='ocrx_word' id='word_1_404' title='bbox 1426 511 1573 544; x_wconf 87' lang='lat' dir='ltr'><strong>pecudibus</strong></span> <span class='ocrx_word' id='word_1_405' title='bbox 1595 518 1640 538; x_wconf 83' lang='lat' dir='ltr'><strong>as-</strong></span> 
     </span>
    </p>
   </div>
   <div class='ocr_carea' id='block_1_57' title="bbox 854 555 1636 591">
    <p class='ocr_par' dir='ltr' id='par_1_57' title="bbox 854 555 1636 591">
     <span class='ocr_line' id='line_1_57' title="bbox 854 555 1636 591; baseline 0.001 -10"><span class='ocrx_word' id='word_1_406' title='bbox 854 559 978 589; x_wconf 73' lang='lat' dir='ltr'><strong>enmptns</strong></span> <span class='ocrx_word' id='word_1_407' title='bbox 994 560 1021 582; x_wconf 90' lang='lat' dir='ltr'><strong>et</strong></span> <span class='ocrx_word' id='word_1_408' title='bbox 1038 555 1222 589; x_wconf 88' lang='lat' dir='ltr'><strong>nequidquam</strong></span> <span class='ocrx_word' id='word_1_409' title='bbox 1240 559 1278 582; x_wconf 92' lang='lat' dir='ltr'><strong>tot</strong></span> <span class='ocrx_word' id='word_1_410' title='bbox 1296 555 1400 583; x_wconf 73' lang='lat' dir='ltr'><strong>surculis</strong></span> <span class='ocrx_word' id='word_1_411' title='bbox 1413 556 1552 590; x_wconf 70' lang='lat' dir='ltr'><strong>iugulatus</strong></span> <span class='ocrx_word' id='word_1_412' title='bbox 1566 556 1636 591; x_wconf 88' lang='lat' dir='ltr'><strong>(l7).</strong></span> 
     </span>
    </p>
   </div>
   <div class='ocr_carea' id='block_1_58' title="bbox 854 598 1636 635">
    <p class='ocr_par' dir='ltr' id='par_1_58' title="bbox 854 598 1636 635">
     <span class='ocr_line' id='line_1_58' title="bbox 854 598 1636 635; baseline 0.004 -10"><span class='ocrx_word' id='word_1_413' title='bbox 854 598 939 632; x_wconf 71' lang='lat' dir='ltr'><strong>Igitur</strong></span> <span class='ocrx_word' id='word_1_414' title='bbox 953 599 975 626; x_wconf 90' lang='lat' dir='ltr'><strong>si</strong></span> <span class='ocrx_word' id='word_1_415' title='bbox 1000 599 1058 627; x_wconf 67' lang='lat' dir='ltr'><strong>hmc</strong></span> <span class='ocrx_word' id='word_1_416' title='bbox 1078 599 1168 627; x_wconf 91' lang='lat' dir='ltr'><strong>omnia</strong></span> <span class='ocrx_word' id='word_1_417' title='bbox 1191 606 1250 634; x_wconf 63' lang='lat' dir='ltr'><strong>quae</strong></span> <span class='ocrx_word' id='word_1_418' title='bbox 1266 599 1292 626; x_wconf 88' lang='lat' dir='ltr'><strong>in</strong></span> <span class='ocrx_word' id='word_1_419' title='bbox 1308 600 1401 626; x_wconf 86' lang='lat' dir='ltr'><strong>umbra</strong></span> <span class='ocrx_word' id='word_1_420' title='bbox 1421 600 1557 635; x_wconf 85' lang='lat' dir='ltr'><strong>prioribus</strong></span> <span class='ocrx_word' id='word_1_421' title='bbox 1574 602 1636 628; x_wconf 84' lang='lat' dir='ltr'><strong>data</strong></span> 
     </span>
    </p>
   </div>
   <div class='ocr_carea' id='block_1_59' title="bbox 854 645 1642 681">
    <p class='ocr_par' dir='ltr' id='par_1_59' title="bbox 854 645 1642 681">
     <span class='ocr_line' id='line_1_59' title="bbox 854 645 1642 681; baseline -0.001 -8"><span class='ocrx_word' id='word_1_422' title='bbox 854 645 972 678; x_wconf 80' lang='lat' dir='ltr'><strong>fuerant,</strong></span> <span class='ocrx_word' id='word_1_423' title='bbox 990 651 1125 681; x_wconf 68' lang='lat' dir='ltr'><strong>pratsente</strong></span> <span class='ocrx_word' id='word_1_424' title='bbox 1143 651 1170 674; x_wconf 89' lang='lat' dir='ltr'><strong>et</strong></span> <span class='ocrx_word' id='word_1_425' title='bbox 1191 647 1335 674; x_wconf 85' lang='lat' dir='ltr'><strong>assistente</strong></span> <span class='ocrx_word' id='word_1_426' title='bbox 1352 647 1465 674; x_wconf 79' lang='lat' dir='ltr'><strong>veritate</strong></span> <span class='ocrx_word' id='word_1_427' title='bbox 1488 650 1642 679; x_wconf 82' lang='lat' dir='ltr'><strong>cessarunt,</strong></span> 
     </span>
    </p>
   </div>
   <div class='ocr_carea' id='block_1_60' title="bbox 855 691 1643 727">
    <p class='ocr_par' dir='ltr' id='par_1_60' title="bbox 855 691 1643 727">
     <span class='ocr_line' id='line_1_60' title="bbox 855 691 1643 727; baseline 0 -9"><span class='ocrx_word' id='word_1_428' title='bbox 855 698 1024 726; x_wconf 85' lang='lat' dir='ltr'><strong>consequens</strong></span> <span class='ocrx_word' id='word_1_429' title='bbox 1048 691 1107 719; x_wconf 88' lang='lat' dir='ltr'><strong>sine</strong></span> <span class='ocrx_word' id='word_1_430' title='bbox 1129 692 1212 719; x_wconf 88' lang='lat' dir='ltr'><strong>dubio</strong></span> <span class='ocrx_word' id='word_1_431' title='bbox 1238 697 1298 720; x_wconf 87' lang='lat' dir='ltr'><strong>erat</strong></span> <span class='ocrx_word' id='word_1_432' title='bbox 1322 697 1366 725; x_wconf 82' lang='lat' dir='ltr'><strong>ut,</strong></span> <span class='ocrx_word' id='word_1_433' title='bbox 1388 691 1547 719; x_wconf 79' lang='lat' dir='ltr'><strong>haereditate</strong></span> <span class='ocrx_word' id='word_1_434' title='bbox 1566 691 1643 727; x_wconf 77' lang='lat' dir='ltr'><strong>regni</strong></span> 
     </span>
    </p>
   </div>
   <div class='ocr_carea' id='block_1_61' title="bbox 854 737 1640 772">
    <p class='ocr_par' dir='ltr' id='par_1_61' title="bbox 854 737 1640 772">
     <span class='ocr_line' id='line_1_61' title="bbox 854 737 1640 772; baseline 0 -8"><span class='ocrx_word' id='word_1_435' title='bbox 854 737 985 764; x_wconf 66' lang='lat' dir='ltr'><strong>caelorum</strong></span> <span class='ocrx_word' id='word_1_436' title='bbox 1020 738 1174 772; x_wconf 81' lang='lat' dir='ltr'><strong>patefacta,</strong></span> <span class='ocrx_word' id='word_1_437' title='bbox 1202 738 1345 766; x_wconf 69' lang='lat' dir='ltr'><strong>hmrcditas</strong></span> <span class='ocrx_word' id='word_1_438' title='bbox 1377 743 1482 765; x_wconf 84' lang='lat' dir='ltr'><strong>terrena</strong></span> <span class='ocrx_word' id='word_1_439' title='bbox 1512 742 1640 765; x_wconf 83' lang='lat' dir='ltr'><strong>cessaret.</strong></span> 
     </span>
    </p>
   </div>
   <div class='ocr_carea' id='block_1_62' title="bbox 854 781 1645 818">
    <p class='ocr_par' dir='ltr' id='par_1_62' title="bbox 854 781 1645 818">
     <span class='ocr_line' id='line_1_62' title="bbox 854 781 1645 818; baseline 0.001 -10"><span class='ocrx_word' id='word_1_440' title='bbox 854 781 933 808; x_wconf 81' lang='lat' dir='ltr'><strong>Ratio</strong></span> <span class='ocrx_word' id='word_1_441' title='bbox 945 786 1035 809; x_wconf 87' lang='lat' dir='ltr'><strong>autent</strong></span> <span class='ocrx_word' id='word_1_442' title='bbox 1056 790 1108 817; x_wconf 89' lang='lat' dir='ltr'><strong>qua</strong></span> <span class='ocrx_word' id='word_1_443' title='bbox 1129 783 1186 810; x_wconf 64' lang='lat' dir='ltr'><strong>haec</strong></span> <span class='ocrx_word' id='word_1_444' title='bbox 1203 787 1300 810; x_wconf 89' lang='lat' dir='ltr'><strong>cuncta</strong></span> <span class='ocrx_word' id='word_1_445' title='bbox 1319 783 1485 814; x_wconf 84' lang='lat' dir='ltr'><strong>desinerent,</strong></span> <span class='ocrx_word' id='word_1_446' title='bbox 1502 783 1546 809; x_wconf 89' lang='lat' dir='ltr'><strong>illa</strong></span> <span class='ocrx_word' id='word_1_447' title='bbox 1560 783 1645 818; x_wconf 63' lang='lat'><strong>438</strong></span> 
     </span>
    </p>
   </div>
   <div class='ocr_carea' id='block_1_63' title="bbox 854 827 1644 860">
    <p class='ocr_par' dir='ltr' id='par_1_63' title="bbox 854 827 1644 860">
     <span class='ocr_line' id='line_1_63' title="bbox 854 827 1644 860; baseline 0.001 -7"><span class='ocrx_word' id='word_1_448' title='bbox 854 831 906 859; x_wconf 90' lang='lat' dir='ltr'><strong>est,</strong></span> <span class='ocrx_word' id='word_1_449' title='bbox 922 831 952 854; x_wconf 90' lang='lat' dir='ltr'><strong>ut</strong></span> <span class='ocrx_word' id='word_1_450' title='bbox 966 834 1046 854; x_wconf 88' lang='lat' dir='ltr'><strong>onmc</strong></span> <span class='ocrx_word' id='word_1_451' title='bbox 1071 835 1102 855; x_wconf 87' lang='lat' dir='ltr'><strong>os</strong></span> <span class='ocrx_word' id='word_1_452' title='bbox 1125 828 1292 860; x_wconf 66' lang='lat' dir='ltr'><strong>obstruetur,</strong></span> <span class='ocrx_word' id='word_1_453' title='bbox 1307 832 1335 855; x_wconf 93' lang='lat' dir='ltr'><strong>et</strong></span> <span class='ocrx_word' id='word_1_454' title='bbox 1349 827 1475 854; x_wconf 85' lang='lat' dir='ltr'><strong>subditus</strong></span> <span class='ocrx_word' id='word_1_455' title='bbox 1495 827 1542 854; x_wconf 85' lang='lat' dir='ltr'><strong>Iiat</strong></span> <span class='ocrx_word' id='word_1_456' title='bbox 1556 827 1644 855; x_wconf 80' lang='lat' dir='ltr'><strong>omnis</strong></span> 
     </span>
    </p>
   </div>
   <div class='ocr_carea' id='block_1_64' title="bbox 858 869 1639 906">
    <p class='ocr_par' dir='ltr' id='par_1_64' title="bbox 858 869 1639 906">
     <span class='ocr_line' id='line_1_64' title="bbox 858 869 1639 906; baseline 0.001 -9"><span class='ocrx_word' id='word_1_457' title='bbox 858 871 973 898; x_wconf 88' lang='lat' dir='ltr'><strong>mundus</strong></span> <span class='ocrx_word' id='word_1_458' title='bbox 991 871 1056 903; x_wconf 86' lang='lat' dir='ltr'><strong>Deo,</strong></span> <span class='ocrx_word' id='word_1_459' title='bbox 1083 878 1118 898; x_wconf 89' lang='lat' dir='ltr'><strong>ue</strong></span> <span class='ocrx_word' id='word_1_460' title='bbox 1142 870 1187 904; x_wconf 92' lang='lat' dir='ltr'><strong>qui</strong></span> <span class='ocrx_word' id='word_1_461' title='bbox 1210 869 1280 898; x_wconf 78' lang='lat' dir='ltr'><strong>forte</strong></span> <span class='ocrx_word' id='word_1_462' title='bbox 1303 877 1338 898; x_wconf 83' lang='lat' dir='ltr'><strong>ex</strong></span> <span class='ocrx_word' id='word_1_463' title='bbox 1365 870 1506 897; x_wconf 78' lang='lat' dir='ltr'><strong>incredula</strong></span> <span class='ocrx_word' id='word_1_464' title='bbox 1529 871 1639 906; x_wconf 83' lang='lat' dir='ltr'><strong>populo,</strong></span> 
     </span>
    </p>
   </div>
   <div class='ocr_carea' id='block_1_65' title="bbox 854 915 1642 950">
    <p class='ocr_par' dir='ltr' id='par_1_65' title="bbox 854 915 1642 950">
     <span class='ocr_line' id='line_1_65' title="bbox 854 915 1642 950; baseline 0 -6"><span class='ocrx_word' id='word_1_465' title='bbox 854 918 1012 944; x_wconf 83' lang='lat' dir='ltr'><strong>occasiones</strong></span> <span class='ocrx_word' id='word_1_466' title='bbox 1026 923 1082 943; x_wconf 78' lang='lat' dir='ltr'><strong>sua:</strong></span> <span class='ocrx_word' id='word_1_467' title='bbox 1099 915 1269 943; x_wconf 80' lang='lat' dir='ltr'><strong>inﬁdelitatis</strong></span> <span class='ocrx_word' id='word_1_468' title='bbox 1284 916 1452 950; x_wconf 80' lang='lat' dir='ltr'><strong>acciperent,</strong></span> <span class='ocrx_word' id='word_1_469' title='bbox 1466 920 1494 943; x_wconf 88' lang='lat' dir='ltr'><strong>et</strong></span> <span class='ocrx_word' id='word_1_470' title='bbox 1507 916 1642 945; x_wconf 82' lang='lat' dir='ltr'><strong>habentes</strong></span> 
     </span>
    </p>
   </div>
   <div class='ocr_carea' id='block_1_66' title="bbox 855 961 1642 996">
    <p class='ocr_par' dir='ltr' id='par_1_66' title="bbox 855 961 1642 996">
     <span class='ocr_line' id='line_1_66' title="bbox 855 961 1642 996; baseline -0.001 -8"><span class='ocrx_word' id='word_1_471' title='bbox 855 962 967 989; x_wconf 87' lang='lat' dir='ltr'><strong>umbras</strong></span> <span class='ocrx_word' id='word_1_472' title='bbox 981 961 1133 995; x_wconf 83' lang='lat' dir='ltr'><strong>antiquitus</strong></span> <span class='ocrx_word' id='word_1_473' title='bbox 1149 961 1199 988; x_wconf 91' lang='lat' dir='ltr'><strong>sibi</strong></span> <span class='ocrx_word' id='word_1_474' title='bbox 1219 961 1343 994; x_wconf 87' lang='lat' dir='ltr'><strong>traditas,</strong></span> <span class='ocrx_word' id='word_1_475' title='bbox 1358 961 1400 987; x_wconf 86' lang='lat' dir='ltr'><strong>vel</strong></span> <span class='ocrx_word' id='word_1_476' title='bbox 1417 961 1526 996; x_wconf 86' lang='lat' dir='ltr'><strong>templi,</strong></span> <span class='ocrx_word' id='word_1_477' title='bbox 1542 961 1587 988; x_wconf 85' lang='lat' dir='ltr'><strong>vel</strong></span> <span class='ocrx_word' id='word_1_478' title='bbox 1601 961 1642 988; x_wconf 86' lang='lat' dir='ltr'><strong>al-</strong></span> 
     </span>
    </p>
   </div>
   <div class='ocr_carea' id='block_1_67' title="bbox 854 1005 1642 1041">
    <p class='ocr_par' dir='ltr' id='par_1_67' title="bbox 854 1005 1642 1041">
     <span class='ocr_line' id='line_1_67' title="bbox 854 1005 1642 1041; baseline 0 -8"><span class='ocrx_word' id='word_1_479' title='bbox 854 1006 930 1038; x_wconf 86' lang='lat' dir='ltr'><strong>taris,</strong></span> <span class='ocrx_word' id='word_1_480' title='bbox 954 1005 994 1033; x_wconf 83' lang='lat' dir='ltr'><strong>vel</strong></span> <span class='ocrx_word' id='word_1_481' title='bbox 1020 1006 1195 1040; x_wconf 74' lang='lat' dir='ltr'><strong>pontificum,</strong></span> <span class='ocrx_word' id='word_1_482' title='bbox 1218 1006 1261 1033; x_wconf 87' lang='lat' dir='ltr'><strong>vel</strong></span> <span class='ocrx_word' id='word_1_483' title='bbox 1281 1006 1454 1034; x_wconf 82' lang='lat' dir='ltr'><strong>sacerdotum</strong></span> <span class='ocrx_word' id='word_1_484' title='bbox 1471 1006 1540 1041; x_wconf 69' lang='lat'><strong>(18),</strong></span> <span class='ocrx_word' id='word_1_485' title='bbox 1566 1007 1642 1033; x_wconf 75' lang='lat' dir='ltr'><strong>vide-</strong></span> 
     </span>
    </p>
   </div>
   <div class='ocr_carea' id='block_1_68' title="bbox 856 1051 1640 1087">
    <p class='ocr_par' dir='ltr' id='par_1_68' title="bbox 856 1051 1640 1087">
     <span class='ocr_line' id='line_1_68' title="bbox 856 1051 1640 1087; baseline -0.001 -8"><span class='ocrx_word' id='word_1_486' title='bbox 856 1056 950 1079; x_wconf 89' lang='lat' dir='ltr'><strong>rentur</strong></span> <span class='ocrx_word' id='word_1_487' title='bbox 971 1051 1022 1078; x_wconf 87' lang='lat' dir='ltr'><strong>sibi</strong></span> <span class='ocrx_word' id='word_1_488' title='bbox 1043 1055 1223 1086; x_wconf 85' lang='lat' dir='ltr'><strong>permanente</strong></span> <span class='ocrx_word' id='word_1_489' title='bbox 1242 1052 1343 1085; x_wconf 87' lang='lat' dir='ltr'><strong>antiqui</strong></span> <span class='ocrx_word' id='word_1_490' title='bbox 1361 1052 1450 1079; x_wconf 74' lang='lat' dir='ltr'><strong>culttts</strong></span> <span class='ocrx_word' id='word_1_491' title='bbox 1471 1057 1545 1078; x_wconf 78' lang='lat' dir='ltr'><strong>statu</strong></span> <span class='ocrx_word' id='word_1_492' title='bbox 1570 1059 1640 1087; x_wconf 69' lang='lat' dir='ltr'><strong>prat-</strong></span> 
     </span>
    </p>
   </div>
   <div class='ocr_carea' id='block_1_69' title="bbox 855 1097 1640 1131">
    <p class='ocr_par' dir='ltr' id='par_1_69' title="bbox 855 1097 1640 1131">
     <span class='ocr_line' id='line_1_69' title="bbox 855 1097 1640 1131; baseline 0.003 -8"><span class='ocrx_word' id='word_1_493' title='bbox 855 1097 968 1124; x_wconf 84' lang='lat' dir='ltr'><strong>varicari</strong></span> <span class='ocrx_word' id='word_1_494' title='bbox 991 1097 1129 1131; x_wconf 78' lang='lat' dir='ltr'><strong>religionis</strong></span> <span class='ocrx_word' id='word_1_495' title='bbox 1143 1097 1267 1125; x_wconf 89' lang='lat' dir='ltr'><strong>ordinem</strong></span> <span class='ocrx_word' id='word_1_496' title='bbox 1282 1098 1305 1125; x_wconf 87' lang='lat' dir='ltr'><strong>si</strong></span> <span class='ocrx_word' id='word_1_497' title='bbox 1324 1098 1473 1124; x_wconf 81' lang='lat' dir='ltr'><strong>transirent</strong></span> <span class='ocrx_word' id='word_1_498' title='bbox 1487 1098 1520 1124; x_wconf 83' lang='lat' dir='ltr'><strong>ad</strong></span> <span class='ocrx_word' id='word_1_499' title='bbox 1549 1097 1640 1125; x_wconf 74' lang='lat' dir='ltr'><strong>ﬁdem.</strong></span> 
     </span>
    </p>
   </div>
   <div class='ocr_carea' id='block_1_70' title="bbox 856 1140 1642 1177">
    <p class='ocr_par' dir='ltr' id='par_1_70' title="bbox 856 1140 1642 1177">
     <span class='ocr_line' id='line_1_70' title="bbox 856 1140 1642 1177; baseline 0.004 -9"><span class='ocrx_word' id='word_1_500' title='bbox 856 1140 1003 1176; x_wconf 84' lang='lat' dir='ltr'><strong>Propterea</strong></span> <span class='ocrx_word' id='word_1_501' title='bbox 1018 1149 1085 1177; x_wconf 80' lang='lat' dir='ltr'><strong>ergo</strong></span> <span class='ocrx_word' id='word_1_502' title='bbox 1109 1141 1212 1169; x_wconf 71' lang='lat' dir='ltr'><strong>auterri</strong></span> <span class='ocrx_word' id='word_1_503' title='bbox 1239 1142 1296 1170; x_wconf 66' lang='lat' dir='ltr'><strong>hac</strong></span> <span class='ocrx_word' id='word_1_504' title='bbox 1318 1142 1409 1170; x_wconf 92' lang='lat' dir='ltr'><strong>omnia</strong></span> <span class='ocrx_word' id='word_1_505' title='bbox 1426 1150 1487 1177; x_wconf 57' lang='lat' dir='ltr'><strong>quae</strong></span> <span class='ocrx_word' id='word_1_506' title='bbox 1512 1143 1538 1170; x_wconf 88' lang='lat' dir='ltr'><strong>iu</strong></span> <span class='ocrx_word' id='word_1_507' title='bbox 1561 1144 1642 1171; x_wconf 84' lang='lat' dir='ltr'><strong>terris</strong></span> 
     </span>
    </p>
   </div>
   <div class='ocr_carea' id='block_1_71' title="bbox 857 1185 1640 1222">
    <p class='ocr_par' dir='ltr' id='par_1_71' title="bbox 857 1185 1640 1222">
     <span class='ocr_line' id='line_1_71' title="bbox 857 1185 1640 1222; baseline 0.005 -10"><span class='ocrx_word' id='word_1_508' title='bbox 857 1185 956 1212; x_wconf 82' lang='lat' dir='ltr'><strong>dudum</strong></span> <span class='ocrx_word' id='word_1_509' title='bbox 976 1185 1084 1213; x_wconf 85' lang='lat' dir='ltr'><strong>fuerant</strong></span> <span class='ocrx_word' id='word_1_510' title='bbox 1101 1187 1275 1220; x_wconf 83' lang='lat' dir='ltr'><strong>adumbrata,</strong></span> <span class='ocrx_word' id='word_1_511' title='bbox 1289 1187 1380 1217; x_wconf 73' lang='lat' dir='ltr'><strong>divina</strong></span> <span class='ocrx_word' id='word_1_512' title='bbox 1398 1188 1568 1222; x_wconf 89' lang='lat' dir='ltr'><strong>providentia</strong></span> <span class='ocrx_word' id='word_1_513' title='bbox 1584 1189 1640 1216; x_wconf 73' lang='lat' dir='ltr'><strong>dis~</strong></span> 
     </span>
    </p>
   </div>
   <div class='ocr_carea' id='block_1_72' title="bbox 857 1230 1642 1267">
    <p class='ocr_par' dir='ltr' id='par_1_72' title="bbox 857 1230 1642 1267">
     <span class='ocr_line' id='line_1_72' title="bbox 857 1230 1642 1267; baseline 0.005 -11"><span class='ocrx_word' id='word_1_514' title='bbox 857 1230 998 1264; x_wconf 84' lang='lat' dir='ltr'><strong>pensavit,</strong></span> <span class='ocrx_word' id='word_1_515' title='bbox 1023 1235 1051 1257; x_wconf 82' lang='lat' dir='ltr'><strong>ut</strong></span> <span class='ocrx_word' id='word_1_516' title='bbox 1067 1230 1138 1257; x_wconf 88' lang='lat' dir='ltr'><strong>viam</strong></span> <span class='ocrx_word' id='word_1_517' title='bbox 1163 1231 1363 1265; x_wconf 80' lang='lat' dir='ltr'><strong>quodammodo</strong></span> <span class='ocrx_word' id='word_1_518' title='bbox 1390 1232 1524 1266; x_wconf 83' lang='lat' dir='ltr'><strong>accipiant</strong></span> <span class='ocrx_word' id='word_1_519' title='bbox 1549 1233 1642 1267; x_wconf 84' lang='lat' dir='ltr'><strong>requi-</strong></span> 
     </span>
    </p>
   </div>
   <div class='ocr_carea' id='block_1_73' title="bbox 857 1274 1642 1311">
    <p class='ocr_par' dir='ltr' id='par_1_73' title="bbox 857 1274 1642 1311">
     <span class='ocr_line' id='line_1_73' title="bbox 857 1274 1642 1311; baseline 0.004 -10"><span class='ocrx_word' id='word_1_520' title='bbox 857 1275 947 1302; x_wconf 66' lang='lat' dir='ltr'><strong>ronda‘:</strong></span> <span class='ocrx_word' id='word_1_521' title='bbox 959 1274 1084 1302; x_wconf 85' lang='lat' dir='ltr'><strong>veritatis</strong></span> <span class='ocrx_word' id='word_1_522' title='bbox 1103 1275 1274 1302; x_wconf 76' lang='lat' dir='ltr'><strong>cessantibus</strong></span> <span class='ocrx_word' id='word_1_523' title='bbox 1295 1277 1376 1311; x_wconf 88' lang='lat' dir='ltr'><strong>typis.</strong></span> <span class='ocrx_word' id='word_1_524' title='bbox 1401 1276 1429 1303; x_wconf 87' lang='lat' dir='ltr'><strong>Si</strong></span> <span class='ocrx_word' id='word_1_525' title='bbox 1447 1284 1515 1311; x_wconf 79' lang='lat' dir='ltr'><strong>ergo</strong></span> <span class='ocrx_word' id='word_1_526' title='bbox 1531 1279 1642 1305; x_wconf 77' lang='lat' dir='ltr'><strong>veniens</strong></span> 
     </span>
    </p>
   </div>
   <div class='ocr_carea' id='block_1_74' title="bbox 858 1318 1642 1354">
    <p class='ocr_par' dir='ltr' id='par_1_74' title="bbox 858 1318 1642 1354">
     <span class='ocr_line' id='line_1_74' title="bbox 858 1318 1642 1354; baseline 0.005 -8"><span class='ocrx_word' id='word_1_527' title='bbox 858 1320 891 1346; x_wconf 90' lang='lat' dir='ltr'><strong>ad</strong></span> <span class='ocrx_word' id='word_1_528' title='bbox 907 1318 1057 1348; x_wconf 83' lang='lat' dir='ltr'><strong>Jerusalem</strong></span> <span class='ocrx_word' id='word_1_529' title='bbox 1076 1320 1213 1347; x_wconf 82' lang='lat' dir='ltr'><strong>civitatem</strong></span> <span class='ocrx_word' id='word_1_530' title='bbox 1228 1324 1375 1354; x_wconf 84' lang='lat' dir='ltr'><strong>terrenam,</strong></span> <span class='ocrx_word' id='word_1_531' title='bbox 1397 1328 1413 1348; x_wconf 93' lang='grc' dir='ltr'><strong>ο</strong></span> <span class='ocrx_word' id='word_1_532' title='bbox 1435 1321 1542 1353; x_wconf 71' lang='lat' dir='ltr'><strong>Judtee,</strong></span> <span class='ocrx_word' id='word_1_533' title='bbox 1565 1323 1642 1350; x_wconf 84' lang='lat' dir='ltr'><strong>inve-</strong></span> 
     </span>
    </p>
   </div>
   <div class='ocr_carea' id='block_1_75' title="bbox 858 1365 1642 1395">
    <p class='ocr_par' dir='ltr' id='par_1_75' title="bbox 858 1365 1642 1395">
     <span class='ocr_line' id='line_1_75' title="bbox 858 1365 1642 1395; baseline 0.003 -3"><span class='ocrx_word' id='word_1_534' title='bbox 858 1365 916 1392; x_wconf 89' lang='lat' dir='ltr'><strong>nies</strong></span> <span class='ocrx_word' id='word_1_535' title='bbox 928 1373 988 1392; x_wconf 85' lang='lat' dir='ltr'><strong>eam</strong></span> <span class='ocrx_word' id='word_1_536' title='bbox 1006 1366 1164 1392; x_wconf 82' lang='lat' dir='ltr'><strong>subversam</strong></span> <span class='ocrx_word' id='word_1_537' title='bbox 1188 1371 1216 1392; x_wconf 78' lang='lat' dir='ltr'><strong>et</strong></span> <span class='ocrx_word' id='word_1_538' title='bbox 1241 1365 1268 1392; x_wconf 83' lang='lat' dir='ltr'><strong>in</strong></span> <span class='ocrx_word' id='word_1_539' title='bbox 1289 1366 1397 1395; x_wconf 87' lang='lat' dir='ltr'><strong>cineres</strong></span> <span class='ocrx_word' id='word_1_540' title='bbox 1419 1374 1451 1394; x_wconf 85' lang='lat' dir='ltr'><strong>ac</strong></span> <span class='ocrx_word' id='word_1_541' title='bbox 1472 1366 1577 1394; x_wconf 75' lang='lat' dir='ltr'><strong>favillas</strong></span> <span class='ocrx_word' id='word_1_542' title='bbox 1598 1374 1642 1394; x_wconf 86' lang='lat' dir='ltr'><strong>rc-</strong></span> 
     </span>
    </p>
   </div>
   <div class='ocr_carea' id='block_1_76' title="bbox 859 1410 1640 1446">
    <p class='ocr_par' dir='ltr' id='par_1_76' title="bbox 859 1410 1640 1446">
     <span class='ocr_line' id='line_1_76' title="bbox 859 1410 1640 1446; baseline 0.001 -9"><span class='ocrx_word' id='word_1_543' title='bbox 859 1411 975 1443; x_wconf 87' lang='lat' dir='ltr'><strong>dactam,</strong></span> <span class='ocrx_word' id='word_1_544' title='bbox 987 1411 1042 1439; x_wconf 88' lang='lat' dir='ltr'><strong>noli</strong></span> <span class='ocrx_word' id='word_1_545' title='bbox 1057 1410 1130 1443; x_wconf 84' lang='lat' dir='ltr'><strong>ﬂere,</strong></span> <span class='ocrx_word' id='word_1_546' title='bbox 1147 1411 1218 1438; x_wconf 88' lang='lat' dir='ltr'><strong>sicut</strong></span> <span class='ocrx_word' id='word_1_547' title='bbox 1233 1418 1304 1438; x_wconf 89' lang='lat' dir='ltr'><strong>nunc</strong></span> <span class='ocrx_word' id='word_1_548' title='bbox 1316 1411 1406 1438; x_wconf 76' lang='lat' dir='ltr'><strong>facitis</strong></span> <span class='ocrx_word' id='word_1_549' title='bbox 1417 1415 1546 1446; x_wconf 85' lang='lat' dir='ltr'><strong>tanquam</strong></span> <span class='ocrx_word' id='word_1_550' title='bbox 1563 1412 1640 1445; x_wconf 89' lang='lat' dir='ltr'><strong>pueri</strong></span> 
     </span>
    </p>
   </div>
   <div class='ocr_carea' id='block_1_77' title="bbox 860 1454 1643 1490">
    <p class='ocr_par' dir='ltr' id='par_1_77' title="bbox 860 1454 1643 1490">
     <span class='ocr_line' id='line_1_77' title="bbox 860 1454 1643 1490; baseline 0.001 -8"><span class='ocrx_word' id='word_1_551' title='bbox 860 1455 996 1488; x_wconf 83' lang='lat' dir='ltr'><strong>sensibus,</strong></span> <span class='ocrx_word' id='word_1_552' title='bbox 1012 1454 1067 1482; x_wconf 90' lang='lat' dir='ltr'><strong>noli</strong></span> <span class='ocrx_word' id='word_1_553' title='bbox 1090 1454 1242 1487; x_wconf 80' lang='lat' dir='ltr'><strong>lamentari,</strong></span> <span class='ocrx_word' id='word_1_554' title='bbox 1261 1455 1307 1482; x_wconf 85' lang='lat' dir='ltr'><strong>sed</strong></span> <span class='ocrx_word' id='word_1_555' title='bbox 1330 1463 1378 1489; x_wconf 87' lang='lat' dir='ltr'><strong>pro</strong></span> <span class='ocrx_word' id='word_1_556' title='bbox 1402 1460 1509 1483; x_wconf 87' lang='lat' dir='ltr'><strong>terrena</strong></span> <span class='ocrx_word' id='word_1_557' title='bbox 1535 1456 1643 1490; x_wconf 76' lang='lat' dir='ltr'><strong>require</strong></span> 
     </span>
    </p>
   </div>
   <div class='ocr_carea' id='block_1_78' title="bbox 860 1500 1643 1535">
    <p class='ocr_par' dir='ltr' id='par_1_78' title="bbox 860 1500 1643 1535">
     <span class='ocr_line' id='line_1_78' title="bbox 860 1500 1643 1535; baseline 0.001 -8"><span class='ocrx_word' id='word_1_558' title='bbox 860 1500 1010 1529; x_wconf 68' lang='lat' dir='ltr'><strong>calentem.</strong></span> <span class='ocrx_word' id='word_1_559' title='bbox 1028 1500 1142 1528; x_wconf 87' lang='lat' dir='ltr'><strong>Sursum</strong></span> <span class='ocrx_word' id='word_1_560' title='bbox 1159 1501 1272 1535; x_wconf 85' lang='lat' dir='ltr'><strong>respice,</strong></span> <span class='ocrx_word' id='word_1_561' title='bbox 1286 1505 1312 1528; x_wconf 92' lang='lat' dir='ltr'><strong>et</strong></span> <span class='ocrx_word' id='word_1_562' title='bbox 1332 1501 1368 1528; x_wconf 89' lang='lat' dir='ltr'><strong>ibi</strong></span> <span class='ocrx_word' id='word_1_563' title='bbox 1392 1501 1513 1528; x_wconf 89' lang='lat' dir='ltr'><strong>invenies</strong></span> <span class='ocrx_word' id='word_1_564' title='bbox 1531 1500 1643 1528; x_wconf 79' lang='lat' dir='ltr'><strong>Jerusa-</strong></span> 
     </span>
    </p>
   </div>
   <div class='ocr_carea' id='block_1_79' title="bbox 862 1545 1641 1581">
    <p class='ocr_par' dir='ltr' id='par_1_79' title="bbox 862 1545 1641 1581">
     <span class='ocr_line' id='line_1_79' title="bbox 862 1545 1641 1581; baseline 0.003 -9"><span class='ocrx_word' id='word_1_565' title='bbox 862 1546 914 1573; x_wconf 88' lang='lat' dir='ltr'><strong>letn</strong></span> <span class='ocrx_word' id='word_1_566' title='bbox 927 1545 1075 1578; x_wconf 62' lang='lat' dir='ltr'><strong>caelestem,</strong></span> <span class='ocrx_word' id='word_1_567' title='bbox 1092 1554 1152 1581; x_wconf 65' lang='lat' dir='ltr'><strong>quae</strong></span> <span class='ocrx_word' id='word_1_568' title='bbox 1167 1550 1208 1573; x_wconf 93' lang='lat' dir='ltr'><strong>est</strong></span> <span class='ocrx_word' id='word_1_569' title='bbox 1222 1547 1343 1573; x_wconf 89' lang='lat' dir='ltr'><strong>omnium</strong></span> <span class='ocrx_word' id='word_1_570' title='bbox 1362 1550 1449 1573; x_wconf 88' lang='lat' dir='ltr'><strong>mater</strong></span> <span class='ocrx_word' id='word_1_571' title='bbox 1459 1546 1492 1573; x_wconf 77' lang='lat'><strong>&quot;.</strong></span> <span class='ocrx_word' id='word_1_572' title='bbox 1510 1546 1538 1573; x_wconf 90' lang='lat' dir='ltr'><strong>Si</strong></span> <span class='ocrx_word' id='word_1_573' title='bbox 1554 1547 1641 1574; x_wconf 85' lang='lat' dir='ltr'><strong>altare</strong></span> 
     </span>
    </p>
   </div>
   <div class='ocr_carea' id='block_1_80' title="bbox 860 1592 1641 1627">
    <p class='ocr_par' dir='ltr' id='par_1_80' title="bbox 860 1592 1641 1627">
     <span class='ocr_line' id='line_1_80' title="bbox 860 1592 1641 1627; baseline 0 -7"><span class='ocrx_word' id='word_1_574' title='bbox 860 1592 963 1620; x_wconf 86' lang='lat' dir='ltr'><strong>videris</strong></span> <span class='ocrx_word' id='word_1_575' title='bbox 979 1593 1149 1623; x_wconf 84' lang='lat' dir='ltr'><strong>destitutum,</strong></span> <span class='ocrx_word' id='word_1_576' title='bbox 1163 1592 1224 1619; x_wconf 90' lang='lat' dir='ltr'><strong>nolo</strong></span> <span class='ocrx_word' id='word_1_577' title='bbox 1241 1592 1422 1620; x_wconf 87' lang='lat' dir='ltr'><strong>contristeris.</strong></span> <span class='ocrx_word' id='word_1_578' title='bbox 1436 1592 1464 1620; x_wconf 88' lang='lat' dir='ltr'><strong>Si</strong></span> <span class='ocrx_word' id='word_1_579' title='bbox 1485 1593 1641 1627; x_wconf 87' lang='lat' dir='ltr'><strong>poutiticem</strong></span> 
     </span>
    </p>
   </div>
   <div class='ocr_carea' id='block_1_81' title="bbox 860 1637 1642 1672">
    <p class='ocr_par' dir='ltr' id='par_1_81' title="bbox 860 1637 1642 1672">
     <span class='ocr_line' id='line_1_81' title="bbox 860 1637 1642 1672; baseline 0 -7"><span class='ocrx_word' id='word_1_580' title='bbox 860 1645 912 1665; x_wconf 89' lang='lat' dir='ltr'><strong>non</strong></span> <span class='ocrx_word' id='word_1_581' title='bbox 934 1637 1065 1668; x_wconf 88' lang='lat' dir='ltr'><strong>invenias,</strong></span> <span class='ocrx_word' id='word_1_582' title='bbox 1089 1637 1151 1664; x_wconf 89' lang='lat' dir='ltr'><strong>nolo</strong></span> <span class='ocrx_word' id='word_1_583' title='bbox 1167 1637 1304 1669; x_wconf 82' lang='lat' dir='ltr'><strong>desperes.</strong></span> <span class='ocrx_word' id='word_1_584' title='bbox 1328 1637 1374 1664; x_wconf 85' lang='lat' dir='ltr'><strong>Est</strong></span> <span class='ocrx_word' id='word_1_585' title='bbox 1392 1637 1418 1664; x_wconf 93' lang='lat' dir='ltr'><strong>in</strong></span> <span class='ocrx_word' id='word_1_586' title='bbox 1444 1638 1522 1666; x_wconf 61' lang='lat' dir='ltr'><strong>culis</strong></span> <span class='ocrx_word' id='word_1_587' title='bbox 1545 1638 1642 1672; x_wconf 85' lang='lat' dir='ltr'><strong>altare,</strong></span> 
     </span>
    </p>
   </div>
   <div class='ocr_carea' id='block_1_82' title="bbox 861 1682 1642 1716">
    <p class='ocr_par' dir='ltr' id='par_1_82' title="bbox 861 1682 1642 1716">
     <span class='ocr_line' id='line_1_82' title="bbox 861 1682 1642 1716; baseline 0 -7"><span class='ocrx_word' id='word_1_588' title='bbox 861 1686 888 1709; x_wconf 92' lang='lat' dir='ltr'><strong>et</strong></span> <span class='ocrx_word' id='word_1_589' title='bbox 905 1682 1008 1710; x_wconf 88' lang='lat' dir='ltr'><strong>assistit</strong></span> <span class='ocrx_word' id='word_1_590' title='bbox 1025 1683 1049 1709; x_wconf 91' lang='lat' dir='ltr'><strong>ei</strong></span> <span class='ocrx_word' id='word_1_591' title='bbox 1075 1682 1195 1716; x_wconf 79' lang='lat' dir='ltr'><strong>pontifex</strong></span> <span class='ocrx_word' id='word_1_592' title='bbox 1216 1682 1370 1710; x_wconf 79' lang='lat' dir='ltr'><strong>futurorum</strong></span> <span class='ocrx_word' id='word_1_593' title='bbox 1389 1683 1521 1710; x_wconf 90' lang='lat' dir='ltr'><strong>bonorum</strong></span> <span class='ocrx_word' id='word_1_594' title='bbox 1543 1691 1642 1711; x_wconf 88' lang='lat' dir='ltr'><strong>secun-</strong></span> 
     </span>
    </p>
   </div>
   <div class='ocr_carea' id='block_1_83' title="bbox 860 1727 1642 1758">
    <p class='ocr_par' dir='ltr' id='par_1_83' title="bbox 860 1727 1642 1758">
     <span class='ocr_line' id='line_1_83' title="bbox 860 1727 1642 1758; baseline 0.003 -4"><span class='ocrx_word' id='word_1_595' title='bbox 860 1727 923 1754; x_wconf 85' lang='lat' dir='ltr'><strong>dum</strong></span> <span class='ocrx_word' id='word_1_596' title='bbox 945 1727 1065 1754; x_wconf 87' lang='lat' dir='ltr'><strong>ordinem</strong></span> <span class='ocrx_word' id='word_1_597' title='bbox 1090 1727 1291 1755; x_wconf 78' lang='lat' dir='ltr'><strong>Melchisedech</strong></span> <span class='ocrx_word' id='word_1_598' title='bbox 1317 1729 1420 1756; x_wconf 87' lang='lat' dir='ltr'><strong>electus</strong></span> <span class='ocrx_word' id='word_1_599' title='bbox 1438 1737 1452 1755; x_wconf 92' lang='lat' dir='ltr'><strong>a</strong></span> <span class='ocrx_word' id='word_1_600' title='bbox 1474 1729 1528 1756; x_wconf 89' lang='lat' dir='ltr'><strong>Deo</strong></span> <span class='ocrx_word' id='word_1_601' title='bbox 1539 1729 1572 1758; x_wconf 84' lang='lat'><strong>&quot;.</strong></span> <span class='ocrx_word' id='word_1_602' title='bbox 1595 1729 1642 1757; x_wconf 80' lang='lat' dir='ltr'><strong>Sic</strong></span> 
     </span>
    </p>
   </div>
   <div class='ocr_carea' id='block_1_84' title="bbox 860 1772 1643 1806">
    <p class='ocr_par' dir='ltr' id='par_1_84' title="bbox 860 1772 1643 1806">
     <span class='ocr_line' id='line_1_84' title="bbox 860 1772 1643 1806; baseline 0.001 -6"><span class='ocrx_word' id='word_1_603' title='bbox 860 1779 924 1806; x_wconf 80' lang='lat' dir='ltr'><strong>ergo</strong></span> <span class='ocrx_word' id='word_1_604' title='bbox 938 1772 1015 1800; x_wconf 84' lang='lat' dir='ltr'><strong>vobis</strong></span> <span class='ocrx_word' id='word_1_605' title='bbox 1038 1772 1138 1806; x_wconf 68' lang='lat' dir='ltr'><strong>pietate</strong></span> <span class='ocrx_word' id='word_1_606' title='bbox 1151 1778 1178 1800; x_wconf 86' lang='lat' dir='ltr'><strong>et</strong></span> <span class='ocrx_word' id='word_1_607' title='bbox 1194 1773 1380 1800; x_wconf 68' lang='lat' dir='ltr'><strong>misericordia</strong></span> <span class='ocrx_word' id='word_1_608' title='bbox 1397 1774 1443 1800; x_wconf 92' lang='lat' dir='ltr'><strong>Dei</strong></span> <span class='ocrx_word' id='word_1_609' title='bbox 1458 1774 1539 1801; x_wconf 86' lang='lat' dir='ltr'><strong>etiam</strong></span> <span class='ocrx_word' id='word_1_610' title='bbox 1556 1774 1643 1802; x_wconf 78' lang='lat' dir='ltr'><strong>luere-</strong></span> 
     </span>
    </p>
   </div>
   <div class='ocr_carea' id='block_1_85' title="bbox 860 1818 1638 1853">
    <p class='ocr_par' dir='ltr' id='par_1_85' title="bbox 860 1818 1638 1853">
     <span class='ocr_line' id='line_1_85' title="bbox 860 1818 1638 1853; baseline 0.001 -7"><span class='ocrx_word' id='word_1_611' title='bbox 860 1819 931 1846; x_wconf 83' lang='lat' dir='ltr'><strong>ditas</strong></span> <span class='ocrx_word' id='word_1_612' title='bbox 948 1822 1054 1845; x_wconf 80' lang='lat' dir='ltr'><strong>terrena</strong></span> <span class='ocrx_word' id='word_1_613' title='bbox 1075 1818 1180 1845; x_wconf 83' lang='lat' dir='ltr'><strong>sublata</strong></span> <span class='ocrx_word' id='word_1_614' title='bbox 1196 1823 1248 1850; x_wconf 64' lang='lat' dir='ltr'><strong>est,</strong></span> <span class='ocrx_word' id='word_1_615' title='bbox 1264 1824 1293 1845; x_wconf 90' lang='lat' dir='ltr'><strong>ut</strong></span> <span class='ocrx_word' id='word_1_616' title='bbox 1309 1818 1494 1846; x_wconf 77' lang='lat' dir='ltr'><strong>ban-cditatem</strong></span> <span class='ocrx_word' id='word_1_617' title='bbox 1511 1820 1638 1853; x_wconf 76' lang='lat' dir='ltr'><strong>qua:ratil</strong></span> 
     </span>
    </p>
   </div>
   <div class='ocr_carea' id='block_1_86' title="bbox 862 1862 989 1890">
    <p class='ocr_par' dir='ltr' id='par_1_86' title="bbox 862 1862 989 1890">
     <span class='ocr_line' id='line_1_86' title="bbox 862 1862 989 1890; baseline -0.008 0"><span class='ocrx_word' id='word_1_618' title='bbox 862 1863 887 1890; x_wconf 89' lang='lat' dir='ltr'><strong>itt</strong></span> <span class='ocrx_word' id='word_1_619' title='bbox 903 1862 989 1889; x_wconf 67' lang='lat' dir='ltr'><strong>caelis.</strong></span> 
     </span>
    </p>
   </div>
   <div class='ocr_carea' id='block_1_87' title="bbox 894 1907 1643 1944">
    <p class='ocr_par' dir='ltr' id='par_1_87' title="bbox 894 1907 1643 1944">
     <span class='ocr_line' id='line_1_87' title="bbox 894 1907 1643 1944; baseline 0.004 -10"><span class='ocrx_word' id='word_1_620' title='bbox 894 1907 922 1934; x_wconf 74' lang='grc'><strong>2.</strong></span> <span class='ocrx_word' id='word_1_621' title='bbox 946 1908 1134 1935; x_wconf 83' lang='lat' dir='ltr'><strong>Verumtamen</strong></span> <span class='ocrx_word' id='word_1_622' title='bbox 1165 1908 1304 1935; x_wconf 77' lang='lat' dir='ltr'><strong>videamus</strong></span> <span class='ocrx_word' id='word_1_623' title='bbox 1340 1909 1402 1942; x_wconf 88' lang='lat' dir='ltr'><strong>quid</strong></span> <span class='ocrx_word' id='word_1_624' title='bbox 1430 1914 1471 1935; x_wconf 88' lang='lat' dir='ltr'><strong>est</strong></span> <span class='ocrx_word' id='word_1_625' title='bbox 1497 1909 1568 1943; x_wconf 88' lang='lat' dir='ltr'><strong>quod</strong></span> <span class='ocrx_word' id='word_1_626' title='bbox 1595 1917 1643 1944; x_wconf 85' lang='lat' dir='ltr'><strong>per</strong></span> 
     </span>
    </p>
   </div>
   <div class='ocr_carea' id='block_1_88' title="bbox 861 1953 1644 1989">
    <p class='ocr_par' dir='ltr' id='par_1_88' title="bbox 861 1953 1644 1989">
     <span class='ocr_line' id='line_1_88' title="bbox 861 1953 1644 1989; baseline 0.004 -9"><span class='ocrx_word' id='word_1_627' title='bbox 861 1954 984 1981; x_wconf 86' lang='lat' dir='ltr'><strong>umbram</strong></span> <span class='ocrx_word' id='word_1_628' title='bbox 1008 1953 1182 1985; x_wconf 86' lang='lat' dir='ltr'><strong>describitur,</strong></span> <span class='ocrx_word' id='word_1_629' title='bbox 1206 1955 1269 1988; x_wconf 88' lang='lat' dir='ltr'><strong>quia</strong></span> <span class='ocrx_word' id='word_1_630' title='bbox 1294 1954 1318 1980; x_wconf 93' lang='lat' dir='ltr'><strong>in</strong></span> <span class='ocrx_word' id='word_1_631' title='bbox 1337 1955 1432 1981; x_wconf 91' lang='lat' dir='ltr'><strong>umbra</strong></span> <span class='ocrx_word' id='word_1_632' title='bbox 1456 1955 1523 1989; x_wconf 70' lang='lat' dir='ltr'><strong>legis</strong></span> <span class='ocrx_word' id='word_1_633' title='bbox 1544 1956 1644 1983; x_wconf 86' lang='lat' dir='ltr'><strong>veritas</strong></span> 
     </span>
    </p>
   </div>
   <div class='ocr_carea' id='block_1_89' title="bbox 861 1998 1643 2033">
    <p class='ocr_par' dir='ltr' id='par_1_89' title="bbox 861 1998 1643 2033">
     <span class='ocr_line' id='line_1_89' title="bbox 861 1998 1643 2033; baseline 0.001 -7"><span class='ocrx_word' id='word_1_634' title='bbox 861 1999 1031 2026; x_wconf 81' lang='lat' dir='ltr'><strong>deformatur</strong></span> <span class='ocrx_word' id='word_1_635' title='bbox 1045 1999 1111 2033; x_wconf 90' lang='lat' dir='ltr'><strong>(I9).</strong></span> <span class='ocrx_word' id='word_1_636' title='bbox 1135 1998 1264 2026; x_wconf 77' lang='lat' dir='ltr'><strong>Refertur</strong></span> <span class='ocrx_word' id='word_1_637' title='bbox 1285 2006 1349 2033; x_wconf 82' lang='lat' dir='ltr'><strong>ergo</strong></span> <span class='ocrx_word' id='word_1_638' title='bbox 1367 2000 1452 2033; x_wconf 87' lang='lat' dir='ltr'><strong>prima</strong></span> <span class='ocrx_word' id='word_1_639' title='bbox 1475 2005 1502 2026; x_wconf 90' lang='lat' dir='ltr'><strong>et</strong></span> <span class='ocrx_word' id='word_1_640' title='bbox 1525 2008 1643 2028; x_wconf 78' lang='lat' dir='ltr'><strong>secunza</strong></span> 
     </span>
    </p>
   </div>
   <div class='ocr_carea' id='block_1_90' title="bbox 860 2045 1644 2082">
    <p class='ocr_par' dir='ltr' id='par_1_90' title="bbox 860 2045 1644 2082">
     <span class='ocr_line' id='line_1_90' title="bbox 860 2045 1644 2082; baseline 0.001 -10"><span class='ocrx_word' id='word_1_641' title='bbox 860 2046 1028 2072; x_wconf 70' lang='lat' dir='ltr'><strong>haereditatis</strong></span> <span class='ocrx_word' id='word_1_642' title='bbox 1048 2045 1118 2072; x_wconf 82' lang='lat' dir='ltr'><strong>facta</strong></span> <span class='ocrx_word' id='word_1_643' title='bbox 1135 2045 1245 2073; x_wconf 76' lang='lat' dir='ltr'><strong>divisio.</strong></span> <span class='ocrx_word' id='word_1_644' title='bbox 1263 2045 1352 2072; x_wconf 87' lang='lat' dir='ltr'><strong>Prima</strong></span> <span class='ocrx_word' id='word_1_645' title='bbox 1373 2046 1483 2080; x_wconf 86' lang='lat' dir='ltr'><strong>quidem</strong></span> <span class='ocrx_word' id='word_1_646' title='bbox 1502 2055 1548 2080; x_wconf 88' lang='lat' dir='ltr'><strong>per</strong></span> <span class='ocrx_word' id='word_1_647' title='bbox 1569 2047 1644 2082; x_wconf 83' lang='lat' dir='ltr'><strong>Moy-</strong></span> 
     </span>
    </p>
   </div>
   <div class='ocr_carea' id='block_1_91' title="bbox 860 2091 1642 2126">
    <p class='ocr_par' dir='ltr' id='par_1_91' title="bbox 860 2091 1642 2126">
     <span class='ocr_line' id='line_1_91' title="bbox 860 2091 1642 2126; baseline 0.003 -8"><span class='ocrx_word' id='word_1_648' title='bbox 860 2099 924 2124; x_wconf 80' lang='lat' dir='ltr'><strong>sen;</strong></span> <span class='ocrx_word' id='word_1_649' title='bbox 941 2092 1059 2118; x_wconf 85' lang='lat' dir='ltr'><strong>secunda</strong></span> <span class='ocrx_word' id='word_1_650' title='bbox 1086 2098 1161 2123; x_wconf 85' lang='lat' dir='ltr'><strong>vero,</strong></span> <span class='ocrx_word' id='word_1_651' title='bbox 1181 2099 1241 2125; x_wconf 72' lang='lat' dir='ltr'><strong>quae</strong></span> <span class='ocrx_word' id='word_1_652' title='bbox 1257 2091 1392 2125; x_wconf 86' lang='lat' dir='ltr'><strong>potentior</strong></span> <span class='ocrx_word' id='word_1_653' title='bbox 1418 2097 1470 2124; x_wconf 86' lang='lat' dir='ltr'><strong>est,</strong></span> <span class='ocrx_word' id='word_1_654' title='bbox 1488 2100 1535 2126; x_wconf 87' lang='lat' dir='ltr'><strong>per</strong></span> <span class='ocrx_word' id='word_1_655' title='bbox 1550 2093 1642 2120; x_wconf 57' lang='lat' dir='ltr'><strong>tit-sum</strong></span> 
     </span>
    </p>
   </div>
   <div class='ocr_carea' id='block_1_92' title="bbox 861 2137 1640 2172">
    <p class='ocr_par' dir='ltr' id='par_1_92' title="bbox 861 2137 1640 2172">
     <span class='ocr_line' id='line_1_92' title="bbox 861 2137 1640 2172; baseline 0.003 -9"><span class='ocrx_word' id='word_1_656' title='bbox 861 2137 931 2164; x_wconf 81' lang='lat' dir='ltr'><strong>facta</strong></span> <span class='ocrx_word' id='word_1_657' title='bbox 947 2137 1119 2164; x_wconf 87' lang='lat' dir='ltr'><strong>describitur.</strong></span> <span class='ocrx_word' id='word_1_658' title='bbox 1135 2137 1167 2164; x_wconf 87' lang='lat' dir='ltr'><strong>Et</strong></span> <span class='ocrx_word' id='word_1_659' title='bbox 1183 2137 1288 2172; x_wconf 81' lang='lat' dir='ltr'><strong>Moyses</strong></span> <span class='ocrx_word' id='word_1_660' title='bbox 1302 2141 1378 2164; x_wconf 87' lang='lat' dir='ltr'><strong>trans</strong></span> <span class='ocrx_word' id='word_1_661' title='bbox 1393 2137 1538 2165; x_wconf 66' lang='lat' dir='ltr'><strong>Iordanem</strong></span> <span class='ocrx_word' id='word_1_662' title='bbox 1557 2139 1640 2166; x_wconf 90' lang='lat' dir='ltr'><strong>tribui</strong></span> 
     </span>
    </p>
   </div>
   <div class='ocr_carea' id='block_1_93' title="bbox 38 2174 1644 2216">
    <p class='ocr_par' dir='ltr' id='par_1_93' title="bbox 38 2174 1644 2216">
     <span class='ocr_line' id='line_1_93' title="bbox 38 2174 1644 2216; baseline 0.006 -15"><span class='ocrx_word' id='word_1_663' title='bbox 38 2174 97 2202; x_wconf 91' lang='lat' dir='ltr'><strong>dens</strong></span> <span class='ocrx_word' id='word_1_664' title='bbox 113 2184 122 2202; x_wconf 72' lang='grc' dir='ltr'>ι</span> <span class='ocrx_word' id='word_1_665' title='bbox 138 2177 239 2204; x_wconf 86' lang='lat' dir='ltr'><strong>veritas</strong></span> <span class='ocrx_word' id='word_1_666' title='bbox 250 2177 283 2204; x_wconf 86' lang='lat' dir='ltr'><strong>de</strong></span> <span class='ocrx_word' id='word_1_667' title='bbox 308 2183 378 2205; x_wconf 85' lang='lat' dir='ltr'><strong>terra</strong></span> <span class='ocrx_word' id='word_1_668' title='bbox 394 2182 453 2205; x_wconf 89' lang='lat' dir='ltr'><strong>orta</strong></span> <span class='ocrx_word' id='word_1_669' title='bbox 467 2183 518 2210; x_wconf 84' lang='lat' dir='ltr'><strong>est,</strong></span> <span class='ocrx_word' id='word_1_670' title='bbox 532 2183 560 2206; x_wconf 87' lang='lat' dir='ltr'><strong>et</strong></span> <span class='ocrx_word' id='word_1_671' title='bbox 571 2179 676 2213; x_wconf 86' lang='lat' dir='ltr'><strong>justitia</strong></span> <span class='ocrx_word' id='word_1_672' title='bbox 693 2180 726 2207; x_wconf 86' lang='lat' dir='ltr'><strong>de</strong></span> <span class='ocrx_word' id='word_1_673' title='bbox 740 2181 809 2208; x_wconf 83' lang='lat' dir='ltr'><strong>ctelo</strong></span> <span class='ocrx_word' id='word_1_674' title='bbox 827 2189 848 2216; x_wconf 77' lang='grc' dir='ltr'><strong>ι)</strong></span> <span class='ocrx_word' id='word_1_675' title='bbox 862 2181 967 2215; x_wconf 77' lang='lat' dir='ltr'><strong>Ruben,</strong></span> <span class='ocrx_word' id='word_1_676' title='bbox 989 2186 1015 2209; x_wconf 89' lang='lat' dir='ltr'><strong>et</strong></span> <span class='ocrx_word' id='word_1_677' title='bbox 1041 2183 1121 2209; x_wconf 87' lang='lat' dir='ltr'><strong>tribtti</strong></span> <span class='ocrx_word' id='word_1_678' title='bbox 1138 2182 1207 2214; x_wconf 86' lang='lat' dir='ltr'><strong>Gad,</strong></span> <span class='ocrx_word' id='word_1_679' title='bbox 1228 2187 1256 2209; x_wconf 92' lang='lat' dir='ltr'><strong>ct</strong></span> <span class='ocrx_word' id='word_1_680' title='bbox 1269 2176 1386 2209; x_wconf 70' lang='lat' dir='ltr'><strong>dimidim</strong></span> <span class='ocrx_word' id='word_1_681' title='bbox 1411 2184 1493 2210; x_wconf 88' lang='lat' dir='ltr'><strong>tribui</strong></span> <span class='ocrx_word' id='word_1_682' title='bbox 1519 2184 1644 2212; x_wconf 79' lang='lat' dir='ltr'><strong>Manasse</strong></span> 
     </span>
    </p>
   </div>
   <div class='ocr_carea' id='block_1_94' title="bbox 36 2221 809 2260">
    <p class='ocr_par' dir='ltr' id='par_1_94' title="bbox 36 2221 809 2260">
     <span class='ocr_line' id='line_1_94' title="bbox 36 2221 809 2260; baseline 0.008 -14"><span class='ocrx_word' id='word_1_683' title='bbox 36 2221 333 2253; x_wconf 68' lang='lat' dir='ltr'><strong>prospexit&quot;,ntmbrte</strong></span> <span class='ocrx_word' id='word_1_684' title='bbox 345 2227 382 2260; x_wconf 79' lang='lat' dir='ltr'><strong>et_</strong></span> <span class='ocrx_word' id='word_1_685' title='bbox 394 2223 558 2257; x_wconf 78' lang='lat' dir='ltr'><strong>exemplaria</strong></span> <span class='ocrx_word' id='word_1_686' title='bbox 574 2225 741 2252; x_wconf 86' lang='lat' dir='ltr'><strong>ceciderunt.</strong></span> <span class='ocrx_word' id='word_1_687' title='bbox 760 2227 809 2253; x_wconf 79' lang='lat' dir='ltr'><strong>Ce-</strong></span> 
     </span>
    </p>
   </div>
   <div class='ocr_carea' id='block_1_95' title="bbox 35 2263 808 2301">
    <p class='ocr_par' dir='ltr' id='par_1_95' title="bbox 35 2263 808 2301">
     <span class='ocr_line' id='line_1_95' title="bbox 35 2263 808 2301; baseline 0.009 -13"><span class='ocrx_word' id='word_1_688' title='bbox 35 2263 94 2290; x_wconf 83' lang='lat' dir='ltr'><strong>cidit</strong></span> <span class='ocrx_word' id='word_1_689' title='bbox 111 2265 182 2292; x_wconf 90' lang='lat' dir='ltr'><strong>enim</strong></span> <span class='ocrx_word' id='word_1_690' title='bbox 196 2265 358 2298; x_wconf 79' lang='lat' dir='ltr'><strong>Jerusalem,</strong></span> <span class='ocrx_word' id='word_1_691' title='bbox 373 2267 472 2294; x_wconf 90' lang='lat' dir='ltr'><strong>cecidit</strong></span> <span class='ocrx_word' id='word_1_692' title='bbox 489 2267 630 2301; x_wconf 84' lang='lat' dir='ltr'><strong>templum,</strong></span> <span class='ocrx_word' id='word_1_693' title='bbox 644 2269 731 2295; x_wconf 84' lang='lat' dir='ltr'><strong>altare</strong></span> <span class='ocrx_word' id='word_1_694' title='bbox 746 2269 808 2295; x_wconf 87' lang='lat' dir='ltr'><strong>sub-</strong></span> 
     </span>
    </p>
   </div>
   <div class='ocr_carea' id='block_1_96' title="bbox 36 2307 809 2347">
    <p class='ocr_par' dir='ltr' id='par_1_96' title="bbox 36 2307 809 2347">
     <span class='ocr_line' id='line_1_96' title="bbox 36 2307 809 2347; baseline 0.008 -13"><span class='ocrx_word' id='word_1_695' title='bbox 36 2307 111 2336; x_wconf 83' lang='lat' dir='ltr'><strong>latum</strong></span> <span class='ocrx_word' id='word_1_696' title='bbox 126 2315 177 2342; x_wconf 87' lang='lat' dir='ltr'><strong>est,</strong></span> <span class='ocrx_word' id='word_1_697' title='bbox 192 2312 230 2339; x_wconf 85' lang='grc' dir='ltr'><strong>υιί</strong></span> <span class='ocrx_word' id='word_1_698' title='bbox 245 2312 300 2346; x_wconf 89' lang='lat' dir='ltr'><strong>jam</strong></span> <span class='ocrx_word' id='word_1_699' title='bbox 319 2319 406 2345; x_wconf 84' lang='lat' dir='ltr'><strong>neque</strong></span> <span class='ocrx_word' id='word_1_700' title='bbox 430 2312 457 2338; x_wconf 94' lang='lat' dir='ltr'><strong>in</strong></span> <span class='ocrx_word' id='word_1_701' title='bbox 475 2316 566 2339; x_wconf 90' lang='lat' dir='ltr'><strong>monte</strong></span> <span class='ocrx_word' id='word_1_702' title='bbox 576 2312 707 2345; x_wconf 80' lang='lat' dir='ltr'><strong>Garizint,</strong></span> <span class='ocrx_word' id='word_1_703' title='bbox 723 2321 809 2347; x_wconf 89' lang='lat' dir='ltr'><strong>neque</strong></span> 
     </span>
    </p>
   </div>
   <div class='ocr_carea' id='block_1_97' title="bbox 37 2355 809 2392">
    <p class='ocr_par' dir='ltr' id='par_1_97' title="bbox 37 2355 809 2392">
     <span class='ocr_line' id='line_1_97' title="bbox 37 2355 809 2392; baseline 0.006 -11"><span class='ocrx_word' id='word_1_704' title='bbox 37 2355 60 2382; x_wconf 91' lang='lat' dir='ltr'><strong>in</strong></span> <span class='ocrx_word' id='word_1_705' title='bbox 78 2355 250 2392; x_wconf 71' lang='lat' dir='ltr'><strong>lerosolyntis</strong></span> <span class='ocrx_word' id='word_1_706' title='bbox 273 2358 308 2384; x_wconf 91' lang='lat' dir='ltr'><strong>sit</strong></span> <span class='ocrx_word' id='word_1_707' title='bbox 324 2357 400 2384; x_wconf 89' lang='lat' dir='ltr'><strong>locus</strong></span> <span class='ocrx_word' id='word_1_708' title='bbox 425 2358 469 2384; x_wconf 78' lang='lat' dir='ltr'><strong>tibi</strong></span> <span class='ocrx_word' id='word_1_709' title='bbox 489 2362 595 2391; x_wconf 88' lang='lat' dir='ltr'><strong>oportet</strong></span> <span class='ocrx_word' id='word_1_710' title='bbox 613 2358 739 2391; x_wconf 89' lang='lat' dir='ltr'><strong>adorare,</strong></span> <span class='ocrx_word' id='word_1_711' title='bbox 762 2360 809 2386; x_wconf 89' lang='lat' dir='ltr'><strong>sed</strong></span> 
     </span>
    </p>
   </div>
   <div class='ocr_carea' id='block_1_98' title="bbox 38 2402 811 2438">
    <p class='ocr_par' dir='ltr' id='par_1_98' title="bbox 38 2402 811 2438">
     <span class='ocr_line' id='line_1_98' title="bbox 38 2402 811 2438; baseline 0.005 -11"><span class='ocrx_word' id='word_1_712' title='bbox 38 2402 86 2428; x_wconf 74' lang='lat' dir='ltr'><strong>veri</strong></span> <span class='ocrx_word' id='word_1_713' title='bbox 110 2404 267 2430; x_wconf 83' lang='lat' dir='ltr'><strong>adoratores</strong></span> <span class='ocrx_word' id='word_1_714' title='bbox 283 2402 327 2436; x_wconf 87' lang='lat' dir='ltr'><strong>qui</strong></span> <span class='ocrx_word' id='word_1_715' title='bbox 351 2403 465 2430; x_wconf 81' lang='lat' dir='ltr'><strong>adorant</strong></span> <span class='ocrx_word' id='word_1_716' title='bbox 485 2403 644 2435; x_wconf 82' lang='lat' dir='ltr'><strong>Patrem,in</strong></span> <span class='ocrx_word' id='word_1_717' title='bbox 661 2404 757 2438; x_wconf 88' lang='lat' dir='ltr'><strong>spiritu</strong></span> <span class='ocrx_word' id='word_1_718' title='bbox 783 2408 811 2431; x_wconf 90' lang='lat' dir='ltr'><strong>et</strong></span> 
     </span>
    </p>
   </div>
   <div class='ocr_carea' id='block_1_99' title="bbox 359 2471 616 2503">
    <p class='ocr_par' dir='ltr' id='par_1_99' title="bbox 359 2471 616 2503">
     <span class='ocr_line' id='line_1_99' title="bbox 359 2471 616 2503; baseline 0 -5"><span class='ocrx_word' id='word_1_719' title='bbox 359 2471 381 2486; x_wconf 81' lang='lat'><strong>&quot;</strong></span> <span class='ocrx_word' id='word_1_720' title='bbox 401 2471 486 2500; x_wconf 82' lang='lat' dir='ltr'><strong>Exod.</strong></span> <span class='ocrx_word' id='word_1_721' title='bbox 502 2479 558 2503; x_wconf 78' lang='lat' dir='ltr'><strong>nv,</strong></span> <span class='ocrx_word' id='word_1_722' title='bbox 571 2472 616 2499; x_wconf 82' lang='lat' dir='ltr'><strong>5l.</strong></span> 
     </span>
    </p>
   </div>
   <div class='ocr_carea' id='block_1_100' title="bbox 303 2506 464 2534">
    <p class='ocr_par' dir='ltr' id='par_1_100' title="bbox 303 2506 464 2534">
     <span class='ocr_line' id='line_1_100' title="bbox 303 2506 464 2534; baseline 0.006 -1"><span class='ocrx_word' id='word_1_723' title='bbox 303 2507 325 2522; x_wconf 80' lang='grc'><strong>³⁸</strong></span> <span class='ocrx_word' id='word_1_724' title='bbox 346 2506 426 2534; x_wconf 79' lang='lat' dir='ltr'><strong>Ilebt‘.</strong></span> <span class='ocrx_word' id='word_1_725' title='bbox 439 2515 464 2534; x_wconf 88' lang='lat' dir='ltr'><strong>V.</strong></span> 
     </span>
    </p>
   </div>
   <div class='ocr_carea' id='block_1_101' title="bbox 67 2470 319 2503">
    <p class='ocr_par' dir='ltr' id='par_1_101' title="bbox 67 2470 319 2503">
     <span class='ocr_line' id='line_1_101' title="bbox 67 2470 319 2503; baseline 0.004 -7"><span class='ocrx_word' id='word_1_726' title='bbox 67 2471 87 2486; x_wconf 86' lang='grc'><strong>³⁸</strong></span> <span class='ocrx_word' id='word_1_727' title='bbox 105 2470 184 2498; x_wconf 90' lang='lat' dir='ltr'><strong>Num.</strong></span> <span class='ocrx_word' id='word_1_728' title='bbox 201 2479 256 2498; x_wconf 80' lang='lat' dir='ltr'><strong>xx&quot;</strong></span> <span class='ocrx_word' id='word_1_729' title='bbox 270 2490 277 2503; x_wconf 89' lang='lat'><strong>,</strong></span> <span class='ocrx_word' id='word_1_730' title='bbox 293 2472 319 2498; x_wconf 68' lang='grc'><strong>4.</strong></span> 
     </span>
    </p>
   </div>
   <div class='ocr_carea' id='block_1_102' title="bbox 36 2503 265 2534">
    <p class='ocr_par' dir='ltr' id='par_1_102' title="bbox 36 2503 265 2534">
     <span class='ocr_line' id='line_1_102' title="bbox 36 2503 265 2534; baseline 0.004 -3"><span class='ocrx_word' id='word_1_731' title='bbox 36 2503 74 2532; x_wconf 72' lang='grc'><strong>29.</strong></span> <span class='ocrx_word' id='word_1_732' title='bbox 109 2506 130 2522; x_wconf 68' lang='grc'>⁸⁸</span> <span class='ocrx_word' id='word_1_733' title='bbox 148 2507 207 2534; x_wconf 80' lang='lat' dir='ltr'><strong>Gal.</strong></span> <span class='ocrx_word' id='word_1_734' title='bbox 231 2515 265 2534; x_wconf 89' lang='lat' dir='ltr'><strong>tv.</strong></span> 
     </span>
    </p>
   </div>
   <div class='ocr_carea' id='block_1_103' title="bbox 67 2577 805 2616">
    <p class='ocr_par' dir='ltr' id='par_1_103' title="bbox 67 2577 805 2616">
     <span class='ocr_line' id='line_1_103' title="bbox 67 2577 805 2616; baseline 0.007 -12"><span class='ocrx_word' id='word_1_735' title='bbox 67 2577 118 2616; x_wconf 64' lang='grc'><strong>(12)</strong></span> <span class='ocrx_word' id='word_1_736' title='bbox 138 2579 214 2616; x_wconf 57' lang='lat' dir='ltr'><strong>Mss.</strong></span> <span class='ocrx_word' id='word_1_737' title='bbox 230 2590 239 2606; x_wconf 89' lang='grc'><strong><em>‹</em></strong></span> <span class='ocrx_word' id='word_1_738' title='bbox 255 2581 332 2608; x_wconf 87' lang='lat' dir='ltr'><strong>lidetn</strong></span> <span class='ocrx_word' id='word_1_739' title='bbox 349 2581 455 2615; x_wconf 91' lang='lat' dir='ltr'><strong>plenam</strong></span> <span class='ocrx_word' id='word_1_740' title='bbox 470 2587 497 2608; x_wconf 88' lang='lat' dir='ltr'><strong>et</strong></span> <span class='ocrx_word' id='word_1_741' title='bbox 510 2588 619 2616; x_wconf 68' lang='lat' dir='ltr'><strong>opera.»</strong></span> <span class='ocrx_word' id='word_1_742' title='bbox 635 2581 787 2610; x_wconf 87' lang='lat' dir='ltr'><strong>Libb.cditi</strong></span> <span class='ocrx_word' id='word_1_743' title='bbox 801 2594 805 2609; x_wconf 88' lang='lat'><strong><em>:</em></strong></span> 
     </span>
    </p>
   </div>
   <div class='ocr_carea' id='block_1_104' title="bbox 38 2612 337 2649">
    <p class='ocr_par' dir='ltr' id='par_1_104' title="bbox 38 2612 337 2649">
     <span class='ocr_line' id='line_1_104' title="bbox 38 2612 337 2649; baseline 0.02 -13"><span class='ocrx_word' id='word_1_744' title='bbox 38 2619 46 2636; x_wconf 77' lang='grc' dir='ltr'><strong><em>ι</em></strong></span> <span class='ocrx_word' id='word_1_745' title='bbox 61 2612 117 2649; x_wconf 67' lang='lat' dir='ltr'><strong>fidei</strong></span> <span class='ocrx_word' id='word_1_746' title='bbox 134 2615 210 2647; x_wconf 87' lang='lat' dir='ltr'><strong>plena</strong></span> <span class='ocrx_word' id='word_1_747' title='bbox 224 2623 314 2649; x_wconf 86' lang='lat' dir='ltr'><strong>opera.</strong></span> <span class='ocrx_word' id='word_1_748' title='bbox 329 2626 337 2642; x_wconf 75' lang='grc' dir='ltr'>ι</span> 
     </span>
    </p>
   </div>
   <div class='ocr_carea' id='block_1_105' title="bbox 67 2647 610 2679">
    <p class='ocr_par' dir='ltr' id='par_1_105' title="bbox 67 2647 610 2679">
     <span class='ocr_line' id='line_1_105' title="bbox 67 2647 610 2679; baseline 0.007 -6"><span class='ocrx_word' id='word_1_749' title='bbox 67 2647 118 2679; x_wconf 77' lang='grc'><strong>(15)</strong></span> <span class='ocrx_word' id='word_1_750' title='bbox 139 2649 214 2677; x_wconf 86' lang='lat' dir='ltr'><strong>Unus</strong></span> <span class='ocrx_word' id='word_1_751' title='bbox 229 2647 422 2678; x_wconf 81' lang='lat' dir='ltr'><strong>Enroicensis:</strong></span> <span class='ocrx_word' id='word_1_752' title='bbox 439 2661 448 2676; x_wconf 71' lang='grc' dir='ltr'>α</span> <span class='ocrx_word' id='word_1_753' title='bbox 464 2651 587 2679; x_wconf 80' lang='lat' dir='ltr'><strong>insidias.</strong></span> <span class='ocrx_word' id='word_1_754' title='bbox 601 2661 610 2677; x_wconf 74' lang='grc' dir='ltr'><strong><em>ι</em></strong></span> 
     </span>
    </p>
   </div>
   <div class='ocr_carea' id='block_1_106' title="bbox 67 2682 749 2720">
    <p class='ocr_par' dir='ltr' id='par_1_106' title="bbox 67 2682 749 2720">
     <span class='ocr_line' id='line_1_106' title="bbox 67 2682 749 2720; baseline 0.003 -10"><span class='ocrx_word' id='word_1_755' title='bbox 137 2684 227 2720; x_wconf 69' lang='lat' dir='ltr'><strong>Codex</strong></span> <span class='ocrx_word' id='word_1_756' title='bbox 242 2685 395 2720; x_wconf 83' lang='lat' dir='ltr'><strong>Sangcrm.,</strong></span> <span class='ocrx_word' id='word_1_757' title='bbox 413 2696 421 2712; x_wconf 80' lang='grc' dir='ltr'>ι</span> <span class='ocrx_word' id='word_1_758' title='bbox 437 2686 620 2713; x_wconf 73' lang='lat' dir='ltr'><strong>litereditatent</strong></span> <span class='ocrx_word' id='word_1_759' title='bbox 638 2692 725 2714; x_wconf 66' lang='lat' dir='ltr'><strong>terrae.</strong></span> <span class='ocrx_word' id='word_1_760' title='bbox 741 2696 749 2712; x_wconf 77' lang='grc' dir='ltr'>ι</span> 
     </span>
    </p>
   </div>
   <div class='ocr_carea' id='block_1_107' title="bbox 67 2717 475 2755">
    <p class='ocr_par' dir='ltr' id='par_1_107' title="bbox 67 2717 475 2755">
     <span class='ocr_line' id='line_1_107' title="bbox 67 2717 475 2755; baseline 0.005 -11"><span class='ocrx_word' id='word_1_761' title='bbox 138 2719 230 2755; x_wconf 73' lang='lat' dir='ltr'><strong>Idem:</strong></span> <span class='ocrx_word' id='word_1_762' title='bbox 252 2730 260 2745; x_wconf 81' lang='grc' dir='ltr'>ι</span> <span class='ocrx_word' id='word_1_763' title='bbox 275 2717 452 2755; x_wconf 60' lang='lat' dir='ltr'><strong>exemplaria.</strong></span> <span class='ocrx_word' id='word_1_764' title='bbox 466 2731 475 2746; x_wconf 73' lang='grc' dir='ltr'><strong><em>ι</em></strong></span> 
     </span>
    </p>
   </div>
   <div class='ocr_carea' id='block_1_108' title="bbox 67 2751 398 2785">
    <p class='ocr_par' dir='ltr' id='par_1_108' title="bbox 67 2751 398 2785">
     <span class='ocr_line' id='line_1_108' title="bbox 67 2751 398 2785; baseline 0.018 -9"><span class='ocrx_word' id='word_1_765' title='bbox 67 2751 118 2785; x_wconf 81' lang='grc'><strong>(16)</strong></span> <span class='ocrx_word' id='word_1_766' title='bbox 138 2753 213 2785; x_wconf 57' lang='lat' dir='ltr'><strong>Mss,</strong></span> <span class='ocrx_word' id='word_1_767' title='bbox 232 2764 241 2779; x_wconf 76' lang='grc' dir='ltr'><strong><em>ε</em></strong></span> <span class='ocrx_word' id='word_1_768' title='bbox 257 2751 374 2783; x_wconf 68' lang='lat' dir='ltr'><strong>cessant.</strong></span> <span class='ocrx_word' id='word_1_769' title='bbox 389 2766 398 2782; x_wconf 76' lang='grc' dir='ltr'><strong><em>ι</em></strong></span> 
     </span>
    </p>
   </div>
   <div class='ocr_carea' id='block_1_109' title="bbox 66 2786 805 2825">
    <p class='ocr_par' dir='ltr' id='par_1_109' title="bbox 66 2786 805 2825">
     <span class='ocr_line' id='line_1_109' title="bbox 66 2786 805 2825; baseline 0.005 -12"><span class='ocrx_word' id='word_1_770' title='bbox 66 2786 119 2820; x_wconf 85' lang='grc'><strong>(17)</strong></span> <span class='ocrx_word' id='word_1_771' title='bbox 140 2788 171 2825; x_wconf 66' lang='lat' dir='ltr'><strong>Et</strong></span> <span class='ocrx_word' id='word_1_772' title='bbox 198 2790 372 2825; x_wconf 69' lang='lat' dir='ltr'><strong>nequidquam</strong></span> <span class='ocrx_word' id='word_1_773' title='bbox 390 2796 425 2817; x_wconf 85' lang='lat' dir='ltr'><strong>tot</strong></span> <span class='ocrx_word' id='word_1_774' title='bbox 447 2790 550 2818; x_wconf 62' lang='lat' dir='ltr'><strong>amuli:</strong></span> <span class='ocrx_word' id='word_1_775' title='bbox 570 2791 719 2825; x_wconf 82' lang='lat' dir='ltr'><strong>jugululus.</strong></span> <span class='ocrx_word' id='word_1_776' title='bbox 745 2790 805 2817; x_wconf 70' lang='lat' dir='ltr'><strong>Ilaec</strong></span> 
     </span>
    </p>
   </div>
   <div class='ocr_carea' id='block_1_110' title="bbox 37 2820 805 2860">
    <p class='ocr_par' dir='ltr' id='par_1_110' title="bbox 37 2820 805 2860">
     <span class='ocr_line' id='line_1_110' title="bbox 37 2820 805 2860; baseline 0.009 -15"><span class='ocrx_word' id='word_1_777' title='bbox 37 2820 124 2849; x_wconf 73' lang='lat' dir='ltr'><strong>desunt</strong></span> <span class='ocrx_word' id='word_1_778' title='bbox 150 2823 174 2850; x_wconf 89' lang='lat' dir='ltr'><strong>in</strong></span> <span class='ocrx_word' id='word_1_779' title='bbox 201 2820 262 2850; x_wconf 86' lang='lat' dir='ltr'><strong>libb.</strong></span> <span class='ocrx_word' id='word_1_780' title='bbox 284 2820 374 2858; x_wconf 80' lang='lat' dir='ltr'><strong>editis,</strong></span> <span class='ocrx_word' id='word_1_781' title='bbox 401 2827 446 2853; x_wconf 73' lang='lat' dir='ltr'><strong>Sed</strong></span> <span class='ocrx_word' id='word_1_782' title='bbox 479 2820 653 2860; x_wconf 48' lang='lat' dir='ltr'><strong>legunt-urunt</strong></span> <span class='ocrx_word' id='word_1_783' title='bbox 681 2826 805 2852; x_wconf 70' lang='lat' dir='ltr'><strong>omnibus</strong></span> 
     </span>
    </p>
   </div>
   <div class='ocr_carea' id='block_1_111' title="bbox 654 2473 902 2507">
    <p class='ocr_par' dir='ltr' id='par_1_111' title="bbox 654 2473 902 2507">
     <span class='ocr_line' id='line_1_111' title="bbox 654 2473 902 2507; baseline 0.012 -8"><span class='ocrx_word' id='word_1_784' title='bbox 654 2473 676 2488; x_wconf 84' lang='lat'><strong><em>&quot;</em></strong></span> <span class='ocrx_word' id='word_1_785' title='bbox 711 2473 794 2502; x_wconf 83' lang='lat' dir='ltr'><strong>Exod.</strong></span> <span class='ocrx_word' id='word_1_786' title='bbox 818 2483 862 2507; x_wconf 78' lang='lat' dir='ltr'><strong>xv,</strong></span> <span class='ocrx_word' id='word_1_787' title='bbox 878 2477 902 2502; x_wconf 86' lang='lat' dir='ltr'><strong>l.</strong></span> 
     </span>
    </p>
   </div>
   <div class='ocr_carea' id='block_1_112' title="bbox 861 2227 1643 2264">
    <p class='ocr_par' dir='ltr' id='par_1_112' title="bbox 861 2227 1643 2264">
     <span class='ocr_line' id='line_1_112' title="bbox 861 2227 1643 2264; baseline 0.003 -10"><span class='ocrx_word' id='word_1_788' title='bbox 861 2227 1057 2262; x_wconf 83' lang='lat' dir='ltr'><strong>possessionem</strong></span> <span class='ocrx_word' id='word_1_789' title='bbox 1073 2227 1195 2254; x_wconf 87' lang='lat' dir='ltr'><strong>decernit</strong></span> <span class='ocrx_word' id='word_1_790' title='bbox 1208 2236 1214 2259; x_wconf 89' lang='lat'><strong>;</strong></span> <span class='ocrx_word' id='word_1_791' title='bbox 1229 2228 1319 2254; x_wconf 72' lang='lat' dir='ltr'><strong>caatcri</strong></span> <span class='ocrx_word' id='word_1_792' title='bbox 1344 2235 1408 2254; x_wconf 91' lang='lat' dir='ltr'><strong>vero</strong></span> <span class='ocrx_word' id='word_1_793' title='bbox 1421 2236 1515 2256; x_wconf 87' lang='lat' dir='ltr'><strong>omnes</strong></span> <span class='ocrx_word' id='word_1_794' title='bbox 1537 2237 1584 2264; x_wconf 74' lang='lat' dir='ltr'><strong>per</strong></span> <span class='ocrx_word' id='word_1_795' title='bbox 1597 2229 1643 2256; x_wconf 70' lang='grc' dir='ltr'><strong>ιρ-</strong></span> 
     </span>
    </p>
   </div>
   <div class='ocr_carea' id='block_1_113' title="bbox 861 2271 1643 2307">
    <p class='ocr_par' dir='ltr' id='par_1_113' title="bbox 861 2271 1643 2307">
     <span class='ocr_line' id='line_1_113' title="bbox 861 2271 1643 2307; baseline 0.003 -10"><span class='ocrx_word' id='word_1_796' title='bbox 861 2279 921 2298; x_wconf 86' lang='lat' dir='ltr'><strong>sum</strong></span> <span class='ocrx_word' id='word_1_797' title='bbox 939 2272 1091 2306; x_wconf 87' lang='lat' dir='ltr'><strong>suscipiunt</strong></span> <span class='ocrx_word' id='word_1_798' title='bbox 1113 2271 1309 2298; x_wconf 72' lang='lat' dir='ltr'><strong>hatreditatem.</strong></span> <span class='ocrx_word' id='word_1_799' title='bbox 1331 2271 1453 2299; x_wconf 86' lang='lat' dir='ltr'><strong>Diximus</strong></span> <span class='ocrx_word' id='word_1_800' title='bbox 1466 2273 1499 2299; x_wconf 87' lang='lat' dir='ltr'><strong>de</strong></span> <span class='ocrx_word' id='word_1_801' title='bbox 1525 2274 1567 2299; x_wconf 86' lang='lat' dir='ltr'><strong>his</strong></span> <span class='ocrx_word' id='word_1_802' title='bbox 1587 2274 1643 2307; x_wconf 85' lang='lat' dir='ltr'><strong>jam</strong></span> 
     </span>
    </p>
   </div>
   <div class='ocr_carea' id='block_1_114' title="bbox 862 2317 1644 2352">
    <p class='ocr_par' dir='ltr' id='par_1_114' title="bbox 862 2317 1644 2352">
     <span class='ocr_line' id='line_1_114' title="bbox 862 2317 1644 2352; baseline 0.004 -10"><span class='ocrx_word' id='word_1_803' title='bbox 862 2317 947 2350; x_wconf 86' lang='lat' dir='ltr'><strong>prius,</strong></span> <span class='ocrx_word' id='word_1_804' title='bbox 961 2318 1097 2350; x_wconf 81' lang='lat' dir='ltr'><strong>quomodo</strong></span> <span class='ocrx_word' id='word_1_805' title='bbox 1118 2317 1134 2343; x_wconf 93' lang='lat' dir='ltr'><strong>ii</strong></span> <span class='ocrx_word' id='word_1_806' title='bbox 1151 2317 1196 2351; x_wconf 91' lang='lat' dir='ltr'><strong>qui</strong></span> <span class='ocrx_word' id='word_1_807' title='bbox 1218 2324 1265 2351; x_wconf 85' lang='lat' dir='ltr'><strong>per</strong></span> <span class='ocrx_word' id='word_1_808' title='bbox 1283 2317 1369 2351; x_wconf 77' lang='lat' dir='ltr'><strong>legem</strong></span> <span class='ocrx_word' id='word_1_809' title='bbox 1395 2318 1555 2352; x_wconf 87' lang='lat' dir='ltr'><strong>placuerunt</strong></span> <span class='ocrx_word' id='word_1_810' title='bbox 1580 2319 1644 2352; x_wconf 82' lang='lat' dir='ltr'><strong>Deo,</strong></span> 
     </span>
    </p>
   </div>
   <div class='ocr_carea' id='block_1_115' title="bbox 863 2361 1645 2396">
    <p class='ocr_par' dir='ltr' id='par_1_115' title="bbox 863 2361 1645 2396">
     <span class='ocr_line' id='line_1_115' title="bbox 863 2361 1645 2396; baseline 0.001 -8"><span class='ocrx_word' id='word_1_811' title='bbox 863 2361 1044 2396; x_wconf 67' lang='lat' dir='ltr'><strong>praecedentes</strong></span> <span class='ocrx_word' id='word_1_812' title='bbox 1069 2367 1191 2396; x_wconf 86' lang='lat' dir='ltr'><strong>tempore</strong></span> <span class='ocrx_word' id='word_1_813' title='bbox 1211 2369 1257 2389; x_wconf 88' lang='lat' dir='ltr'><strong>eos</strong></span> <span class='ocrx_word' id='word_1_814' title='bbox 1280 2362 1326 2396; x_wconf 89' lang='lat' dir='ltr'><strong>qui</strong></span> <span class='ocrx_word' id='word_1_815' title='bbox 1353 2369 1401 2396; x_wconf 90' lang='lat' dir='ltr'><strong>per</strong></span> <span class='ocrx_word' id='word_1_816' title='bbox 1423 2363 1502 2390; x_wconf 80' lang='lat' dir='ltr'><strong>[idem</strong></span> <span class='ocrx_word' id='word_1_817' title='bbox 1525 2362 1586 2390; x_wconf 83' lang='lat' dir='ltr'><strong>Jcsn</strong></span> <span class='ocrx_word' id='word_1_818' title='bbox 1612 2366 1645 2389; x_wconf 82' lang='lat' dir='ltr'><strong>:ul</strong></span> 
     </span>
    </p>
   </div>
   <div class='ocr_carea' id='block_1_116' title="bbox 864 2408 1646 2444">
    <p class='ocr_par' dir='ltr' id='par_1_116' title="bbox 864 2408 1646 2444">
     <span class='ocr_line' id='line_1_116' title="bbox 864 2408 1646 2444; baseline 0.004 -10"><span class='ocrx_word' id='word_1_819' title='bbox 864 2408 1025 2442; x_wconf 83' lang='lat' dir='ltr'><strong>repromissa</strong></span> <span class='ocrx_word' id='word_1_820' title='bbox 1061 2409 1242 2441; x_wconf 82' lang='lat' dir='ltr'><strong>perveniunt,</strong></span> <span class='ocrx_word' id='word_1_821' title='bbox 1274 2409 1394 2435; x_wconf 84' lang='lat' dir='ltr'><strong>nondum</strong></span> <span class='ocrx_word' id='word_1_822' title='bbox 1429 2417 1490 2443; x_wconf 77' lang='lat' dir='ltr'><strong>qua:</strong></span> <span class='ocrx_word' id='word_1_823' title='bbox 1526 2409 1646 2444; x_wconf 74' lang='lat' dir='ltr'><strong>perfecta</strong></span> 
     </span>
    </p>
   </div>
   <div class='ocr_carea' id='block_1_117' title="bbox 941 2476 1448 2509">
    <p class='ocr_par' dir='ltr' id='par_1_117' title="bbox 941 2476 1448 2509">
     <span class='ocr_line' id='line_1_117' title="bbox 941 2476 1448 2509; baseline 0.004 -7"><span class='ocrx_word' id='word_1_824' title='bbox 941 2476 961 2491; x_wconf 81' lang='grc'><strong>³·</strong></span> <span class='ocrx_word' id='word_1_825' title='bbox 984 2476 1054 2503; x_wconf 70' lang='lat' dir='ltr'><strong>Psnl.</strong></span> <span class='ocrx_word' id='word_1_826' title='bbox 1072 2485 1171 2509; x_wconf 72' lang='lat' dir='ltr'><strong>LXXXV,</strong></span> <span class='ocrx_word' id='word_1_827' title='bbox 1185 2477 1229 2504; x_wconf 86' lang='grc'><strong>11.</strong></span> <span class='ocrx_word' id='word_1_828' title='bbox 1273 2477 1295 2493; x_wconf 84' lang='grc'><strong>³¹</strong></span> <span class='ocrx_word' id='word_1_829' title='bbox 1314 2477 1393 2504; x_wconf 82' lang='lat' dir='ltr'><strong>Joau.</strong></span> <span class='ocrx_word' id='word_1_830' title='bbox 1412 2485 1448 2504; x_wconf 94' lang='lat' dir='ltr'><strong>Iv.</strong></span> 
     </span>
    </p>
   </div>
   <div class='ocr_carea' id='block_1_118' title="bbox 1490 2476 1647 2511">
    <p class='ocr_par' dir='ltr' id='par_1_118' title="bbox 1490 2476 1647 2511">
     <span class='ocr_line' id='line_1_118' title="bbox 1490 2476 1647 2511; baseline 0.006 -7"><span class='ocrx_word' id='word_1_831' title='bbox 1490 2476 1512 2492; x_wconf 89' lang='grc'><em>³³</em></span> <span class='ocrx_word' id='word_1_832' title='bbox 1532 2476 1610 2505; x_wconf 83' lang='lat' dir='ltr'><strong>Joan.</strong></span> <span class='ocrx_word' id='word_1_833' title='bbox 1624 2484 1647 2511; x_wconf 88' lang='lat' dir='ltr'><strong>t,</strong></span> 
     </span>
    </p>
   </div>
   <div class='ocr_carea' id='block_1_119' title="bbox 860 2591 1647 2654">
    <p class='ocr_par' dir='ltr' id='par_1_119' title="bbox 860 2591 1647 2654">
     <span class='ocr_line' id='line_1_119' title="bbox 860 2591 1647 2654; baseline 0.001 -9"><span class='ocrx_word' id='word_1_834' title='bbox 860 2591 951 2653; x_wconf 47' lang='lat' dir='ltr'><strong>misi-8)</strong></span> <span class='ocrx_word' id='word_1_835' title='bbox 978 2618 1021 2644; x_wconf 82' lang='lat' dir='ltr'><strong>Vel</strong></span> <span class='ocrx_word' id='word_1_836' title='bbox 1043 2619 1147 2654; x_wconf 70' lang='lat' dir='ltr'><strong>templi,</strong></span> <span class='ocrx_word' id='word_1_837' title='bbox 1163 2618 1200 2645; x_wconf 82' lang='lat' dir='ltr'><strong>uel</strong></span> <span class='ocrx_word' id='word_1_838' title='bbox 1227 2618 1328 2651; x_wconf 77' lang='lat' dir='ltr'><strong>altaris,</strong></span> <span class='ocrx_word' id='word_1_839' title='bbox 1353 2619 1392 2646; x_wconf 76' lang='lat' dir='ltr'><strong>vel</strong></span> <span class='ocrx_word' id='word_1_840' title='bbox 1410 2620 1580 2654; x_wconf 82' lang='lat' dir='ltr'><strong>pontiﬁcum,</strong></span> <span class='ocrx_word' id='word_1_841' title='bbox 1608 2621 1647 2648; x_wconf 72' lang='lat' dir='ltr'><strong>vel</strong></span> 
     </span>
    </p>
   </div>
   <div class='ocr_carea' id='block_1_120' title="bbox 858 2653 1646 2688">
    <p class='ocr_par' dir='ltr' id='par_1_120' title="bbox 858 2653 1646 2688">
     <span class='ocr_line' id='line_1_120' title="bbox 858 2653 1646 2688; baseline 0.004 -9"><span class='ocrx_word' id='word_1_842' title='bbox 858 2656 1032 2679; x_wconf 73' lang='lat' dir='ltr'><strong>sacerdotum.</strong></span> <span class='ocrx_word' id='word_1_843' title='bbox 1061 2653 1088 2679; x_wconf 93' lang='lat' dir='ltr'><strong>ln</strong></span> <span class='ocrx_word' id='word_1_844' title='bbox 1111 2654 1174 2680; x_wconf 88' lang='lat' dir='ltr'><strong>libb.</strong></span> <span class='ocrx_word' id='word_1_845' title='bbox 1192 2654 1272 2680; x_wconf 89' lang='lat' dir='ltr'><strong>editis</strong></span> <span class='ocrx_word' id='word_1_846' title='bbox 1295 2655 1380 2685; x_wconf 88' lang='lat' dir='ltr'><strong>deest,</strong></span> <span class='ocrx_word' id='word_1_847' title='bbox 1405 2653 1470 2681; x_wconf 66' lang='grc' dir='ltr'><strong>ἀγυι</strong></span> <span class='ocrx_word' id='word_1_848' title='bbox 1485 2653 1585 2688; x_wconf 77' lang='lat' dir='ltr'><strong>templi</strong></span> <span class='ocrx_word' id='word_1_849' title='bbox 1605 2656 1646 2683; x_wconf 82' lang='lat' dir='ltr'><strong>vel</strong></span> 
     </span>
    </p>
   </div>
   <div class='ocr_carea' id='block_1_121' title="bbox 859 2689 1644 2748">
    <p class='ocr_par' dir='ltr' id='par_1_121' title="bbox 859 2689 1644 2748">
     <span class='ocr_line' id='line_1_121' title="bbox 859 2689 1644 2747; baseline 0.008 -35"><span class='ocrx_word' id='word_1_850' title='bbox 859 2689 962 2747; x_wconf 62' lang='lat' dir='ltr'><strong>a&#39;ltaris.</strong></span> <span class='ocrx_word' id='word_1_851' title='bbox 978 2698 986 2714; x_wconf 79' lang='grc' dir='ltr'><strong><em>ι</em></strong></span> <span class='ocrx_word' id='word_1_852' title='bbox 1006 2694 1034 2714; x_wconf 90' lang='lat' dir='ltr'><strong>ct</strong></span> <span class='ocrx_word' id='word_1_853' title='bbox 1058 2689 1181 2723; x_wconf 78' lang='lat' dir='ltr'><strong>legitur:</strong></span> <span class='ocrx_word' id='word_1_854' title='bbox 1205 2697 1213 2712; x_wconf 72' lang='grc' dir='ltr'>ι</span> <span class='ocrx_word' id='word_1_855' title='bbox 1241 2690 1281 2715; x_wconf 85' lang='lat' dir='ltr'><strong>vcl</strong></span> <span class='ocrx_word' id='word_1_856' title='bbox 1305 2689 1454 2723; x_wconf 83' lang='lat' dir='ltr'><strong>pontilicii,</strong></span> <span class='ocrx_word' id='word_1_857' title='bbox 1480 2691 1519 2716; x_wconf 83' lang='lat' dir='ltr'><strong>vel</strong></span> <span class='ocrx_word' id='word_1_858' title='bbox 1549 2698 1644 2718; x_wconf 76' lang='lat' dir='ltr'><strong>sacer-</strong></span> 
     </span>
     <span class='ocr_line' id='line_1_122' title="bbox 860 2729 963 2748; baseline -0.01 0"><span class='ocrx_word' id='word_1_859' title='bbox 860 2729 937 2748; x_wconf 76' lang='lat' dir='ltr'><strong>tttttt.</strong></span> <span class='ocrx_word' id='word_1_860' title='bbox 954 2732 963 2747; x_wconf 73' lang='grc' dir='ltr'>ι</span> 
     </span>
    </p>
   </div>
   <div class='ocr_carea' id='block_1_122' title="bbox 895 2757 1642 2818">
    <p class='ocr_par' dir='ltr' id='par_1_122' title="bbox 895 2757 1642 2818">
     <span class='ocr_line' id='line_1_123' title="bbox 895 2757 1642 2818; baseline 0.008 -35"><span class='ocrx_word' id='word_1_861' title='bbox 895 2758 950 2818; x_wconf 58' lang='grc' dir='ltr'><strong>(ι19)</strong></span> <span class='ocrx_word' id='word_1_862' title='bbox 972 2758 1046 2790; x_wconf 66' lang='lat' dir='ltr'><strong>itis-5.,</strong></span> <span class='ocrx_word' id='word_1_863' title='bbox 1075 2757 1296 2786; x_wconf 63' lang='lat' dir='ltr'><strong>«deformatur.»</strong></span> <span class='ocrx_word' id='word_1_864' title='bbox 1324 2758 1402 2786; x_wconf 82' lang='lat' dir='ltr'><strong>Libb.</strong></span> <span class='ocrx_word' id='word_1_865' title='bbox 1426 2759 1504 2792; x_wconf 83' lang='lat' dir='ltr'><strong>editi,</strong></span> <span class='ocrx_word' id='word_1_866' title='bbox 1529 2769 1538 2786; x_wconf 77' lang='grc' dir='ltr'>ι</span> <span class='ocrx_word' id='word_1_867' title='bbox 1555 2761 1642 2789; x_wconf 72' lang='lat' dir='ltr'><strong>refor-</strong></span> 
     </span>
     <span class='ocr_line' id='line_1_124' title="bbox 896 2801 981 2818; baseline 0.024 -2"><span class='ocrx_word' id='word_1_868' title='bbox 896 2803 900 2816; x_wconf 92' lang='lat' dir='ltr'><strong>t</strong></span> <span class='ocrx_word' id='word_1_869' title='bbox 918 2801 956 2817; x_wconf 84' lang='grc' dir='ltr'><strong>[ΙΓ.</strong></span> <span class='ocrx_word' id='word_1_870' title='bbox 973 2803 981 2818; x_wconf 72' lang='grc' dir='ltr'><strong><em>ι</em></strong></span> 
     </span>
    </p>
   </div>
   <div class='ocr_carea' id='block_1_123' title="bbox 859 2800 981 2818">
    <p class='ocr_par' dir='ltr' id='par_1_123' title="bbox 859 2800 981 2818">
     <span class='ocr_line' id='line_1_125' title="bbox 859 2800 981 2818; baseline 0 0"><span class='ocrx_word' id='word_1_871' title='bbox 859 2800 956 2818; x_wconf 78' lang='lat' dir='ltr'><strong>tllalttr.</strong></span> <span class='ocrx_word' id='word_1_872' title='bbox 973 2803 981 2818; x_wconf 71' lang='grc' dir='ltr'><strong><em>ι</em></strong></span> 
     </span>
    </p>
   </div>
  </div>
