1896 3052
235 102 285 130 9η

977 103 1139 132 {IRIGENIS
1809 111 1852 137 912

234 165 299 187 sunt
319 159 376 194 (20)
394 164 608 194 c0nsequuntur,
627 165 819 196 exspectantes
838 168 886 189 eos
902 146 951 196 qui
972 169 1022 196 po-
1037 165 1059 193 Α
1075 161 1183 197 Moyses
1203 162 1296 190 dicere
1311 170 1364 190 non
1388 162 1483 198 potuit,
1500 163 1601 190 idcirco
1619 163 1678 197 ipsa
1702 164 1764 199 (29.)
1785 166 1852 193 babi-

235 205 366 232 steriores
387 204 495 232 diverso
523 204 631 238 quidem
661 210 784 240 tempore
809 207 857 234 sed
887 214 942 233 una
970 206 1023 234 ﬁde

237 250 391 284 placebant,
413 251 484 278 sicut
504 251 650 285 Apostolus
675 251 743 279 dicit
755 252 788 285 ",
814 261 824 278 ι
839 252 878 279 uti
906 259 940 280 ne
963 252 1022 280 sine

236 295 315 322 nobis
335 296 532 330 perfectionem
556 302 799 330 consequerentur.
812 305 822 323 ι
845 295 950 324 Interea
969 296 1020 324 Le-

235 341 299 367 vitis
320 348 407 374 neque
422 339 527 375 Moyses
547 341 622 368 dedit
646 342 849 375 haereditatem,
871 349 958 378 neque
977 341 1022 370 Je-

234 394 292 417 sus,
308 386 371 421 quia
383 386 516 414 Dominus
530 387 601 414 Deus
621 387 680 422 ipse
694 393 735 415 est
753 388 900 416 hereditas
915 395 1020 416 eorum.

232 431 261 458 ln
276 439 329 465 qua
344 430 453 466 re-quid
465 431 538 458 aliud
552 432 724 459 sentiendum
738 438 792 464 est,
807 433 861 460 nisi
878 433 951 467 quod
966 433 1022 460 sint

202 478 205 480 ’
233 479 260 505 in
278 479 400 506 Ecclesia
423 479 528 505 Domini
545 479 675 513 quidam,
696 479 742 513 qui
765 479 867 506 virtute
888 478 971 505 animi
993 482 1022 506 et

233 526 392 553 meritormn
433 524 520 559 gratia
557 528 672 551 czeteros
707 531 804 550 omnes
841 523 1019 557 prmi-edunt,

232 572 332 607 quibus
344 571 403 605 ipse
419 569 549 598 Dominus
570 569 717 596 haereditas
731 576 793 596 esse
814 569 931 596 dicitur?
947 568 982 596 Et
997 569 1020 596 si

188 631 191 634 ν
231 617 274 645 fas
290 621 332 644 est
348 616 448 643 audere
466 616 492 642 in
510 614 620 646 talibus,
631 619 659 642 et
671 614 763 641 arcani
775 614 906 642 reconditi
917 614 1020 649 aliquid

231 664 350 699 aperire,
366 663 508 689 videamus
522 669 554 688 ne
573 660 642 688 forte
659 660 724 688 illud
739 661 786 693 sit,
801 662 872 696 quod
889 661 1020 688 sacerdo-

232 715 288 737 tum
303 708 345 736 vel
360 708 520 735 chilarum
538 706 650 741 ﬁguram
674 706 793 733 latenter
805 706 938 738 ostendit,
956 706 1018 740 quia

231 757 258 783 in
275 755 348 783 omni
367 754 465 789 populo
485 753 590 789 (eorum
608 753 670 780 dico
693 753 739 788 qui
761 751 912 787 salvantur)
933 752 1019 786 major

231 800 290 827 sine
310 799 392 826 dubio
411 806 475 833 pars
487 802 546 829 est,
563 801 591 824 et
612 797 691 831 longe
714 797 887 824 numerosior
909 804 1016 830 eorum,

230 845 276 880 qui
296 830 456 879 simpliciter
476 844 619 870 credentes
634 830 776 870 inﬁtitnore
793 843 852 876 Dei,
868 850 915 877 per
934 850 1014 877 opera
1033 830 1054 859 Β

231 893 312 922 bona,
331 895 359 916 et
381 896 429 924 per
445 888 574 915 honestos
598 894 698 920 mores,
720 892 747 914 et
763 893 840 915 actus
864 887 1018 922 probabiles

231 935 347 964 Domino
366 934 488 968 placent.
506 933 589 960 Pauci
605 940 670 960 vero
694 936 776 964 sunt,
799 937 826 960 et
841 933 919 960 valde
944 934 1016 965 rari.

229 979 275 1014 qui
292 977 432 1014 sapientiae
451 984 484 1004 ac
499 976 620 1004 scientiae
636 984 746 1012 operam
765 978 872 1010 dantes,
893 983 920 1005 et
944 986 1017 1005 men-

230 1031 282 1053 lﬂlll
307 1032 385 1052 Sllll'lll
413 1022 540 1050 ntundam
564 1029 718 1057 puramque
752 1028 912 1056 servantes,
936 1029 1018 1058 atque

228 1070 354 1098 omnibus
379 1068 518 1103 praeclaris
546 1066 692 1094 virtutibus
717 1075 781 1094 suas
805 1069 910 1096 animas
935 1076 1015 1096 cxco-

227 1118 325 1149 lentes,
349 1115 458 1142 carteris
489 1113 703 1148 simplicioribus
728 1121 776 1148 per
799 1113 929 1141 doctrina:
953 1122 1016 1149 gra-

228 1164 292 1191 tiam
307 1163 460 1190 illuminant
483 1161 536 1188 iter
554 1167 607 1195 quo
623 1160 795 1194 gradiuntur,
810 1166 838 1187 ct
852 1161 965 1188 veniunt
981 1161 1015 1188 ad

227 1209 354 1237 salutem.
374 1208 393 1235 li
409 1207 534 1234 fortassis
548 1214 620 1233 nunc
633 1206 684 1233 sub
706 1206 860 1233 Letitarum
877 1211 903 1234 et
923 1214 1016 1234 sacer-

227 1256 321 1282 dotum
337 1253 448 1281 nomine
464 1252 651 1286 designantur,
666 1259 782 1286 qttorum
800 1252 945 1279 baereditas
960 1252 1015 1286 ipse

229 1301 370 1332 Dominus,
385 1298 429 1333 qui
447 1302 489 1325 est
503 1297 647 1330 sapientia,
663 1305 745 1331 quam
763 1305 820 1332 pra:
835 1298 942 1326 ceteris
959 1306 1015 1326 om-

228 1348 308 1374 nibus
332 1345 496 1376 dilexerunt,
511 1351 571 1371 esse
596 1343 765 1378 perhibetur.
788 1343 898 1371 Invenio
922 1349 1012 1372 tamen

229 1394 347 1427 aliquam
363 1390 546 1419 differentiam
566 1390 593 1417 in
610 1391 644 1416 iis
658 1397 718 1424 quae
735 1389 844 1425 Moyses
864 1391 1012 1426 distribuit,

227 1443 252 1466 et
277 1439 304 1465 in
331 1437 364 1464 iis
387 1443 448 1470 qua:
474 1435 562 1462 Iesus.
589 1434 694 1470 Moyses
725 1443 842 1470 namque
861 1437 964 1464 duabus
986 1443 1014 1465 et

228 1484 311 1510 semis
329 1483 454 1510 tribubus
471 1487 572 1508 terram
587 1481 753 1509 distribuens
767 1481 837 1508 ultra
855 1481 1010 1517 Iordanem,
1025 1497 1046 1526 ο

228 1538 281 1555 non
306 1527 380 1555 dedit
405 1526 508 1554 Levitis
534 1526 682 1553 habitaculi
706 1527 859 1561 portionem
883 1536 943 1563 qua:
965 1536 1012 1556 eos

227 1573 422 1608 contingebat:
438 1572 517 1599 .iesus
534 1576 624 1598 autem
641 1571 725 1604 dedit,
749 1580 800 1599 non
820 1573 905 1600 solum
933 1573 960 1600 in
980 1574 1014 1601 iis

228 1619 353 1647 tribubus
365 1626 434 1652 quas
452 1618 508 1652 ipse
528 1617 677 1651 dispensat,
691 1625 783 1644 verum
798 1622 826 1644 et
841 1618 867 1644 in
884 1618 937 1646 illis
952 1626 1013 1653 qua:

229 1675 244 1693 ιι
261 1666 352 1700 Moyse
371 1669 446 1690 trans
471 1661 617 1690 Iordanem
634 1661 739 1689 fuerant
757 1662 906 1690 collocatae.
931 1663 1014 1692 llabi-

230 1711 317 1737 tarula
339 1710 441 1736 etenim
457 1707 564 1736 Levitis
585 1707 610 1733 itt
634 1706 748 1742 singulis
773 1708 896 1735 tribttbtts
917 1710 1012 1736 decer-

228 1762 341 1790 nuntur,
365 1761 394 1783 ut
413 1764 462 1791 per
480 1756 531 1783 hoc
557 1756 643 1783 multo
668 1755 888 1790 magniﬁcentius
910 1761 1012 1790 myste-

227 1804 297 1830 rium
324 1810 500 1830 nosceremns
524 1802 592 1837 (2|).
618 1802 670 1829 Istc
689 1802 761 1829 enim
788 1801 855 1828 ordo
879 1801 1014 1828 Leviticus

226 1850 266 1875 \rl
283 1849 470 1880 sacerdotalis,
487 1848 531 1881 qui
549 1847 596 1874 Dei
613 1847 751 1880 sapientic
766 1850 792 1873 et
809 1846 930 1873 scientia:
948 1852 1012 1878 ope-

225 1904 282 1922 ram
306 1894 447 1929 impendit,
468 1900 520 1920 non
538 1892 624 1926 potuit
638 1900 652 1918 a
676 1891 768 1926 Moyse.
789 1897 890 1917 sortem
907 1889 1013 1917 habita-

227 1942 307 1968 tionis
332 1940 477 1974 accipcrc;
504 1939 568 1972 quia
592 1946 645 1965 non
664 1942 723 1963 erat.
747 1937 852 1971 Moyses
878 1936 1012 1968 veritatis,

225 1989 271 2013 sed
289 1986 392 2012 umbrzc
409 1991 435 2011 et
453 1984 617 2018 exemplaris
639 1983 773 2010 minister.
789 1981 868 2008 Jesus
883 1989 946 2008 vero
963 1981 1014 2007 Do-

227 2033 316 2058 minus
334 2036 438 2062 noster,
463 2031 507 2064 qui
523 2035 580 2055 erat
598 2029 733 2063 sapientia
755 2028 811 2058 Dei,
828 2028 885 2061 ipse
910 2027 1013 2054 habita-

224 2078 284 2104 cula
304 2077 471 2110 sapientibus
489 2075 603 2109 prmbct.
626 2074 684 2100 Non
709 2073 780 2100 enim
811 2073 897 2107 potuit
922 2072 1013 2099 dicere

225 2123 332 2151 Muvscs
344 2121 364 2137 ³⁷
381 2128 389 2147 :
412 2130 420 2145 ι
438 2120 521 2151 Vade,
540 2119 625 2145 vende
640 2119 729 2144 omnia
750 2123 794 2145 tua
811 2126 872 2152 qua:
887 2118 971 2144 habes
986 2122 1013 2144 et

225 2152 468 2202 daupanpcrilms,
489 2170 515 2192 et
547 2165 659 2191 habebis
688 2164 844 2191 thesaurum
873 2164 898 2190 in
929 2163 1013 2194 ccclo,

225 2219 252 2239 et
268 2213 339 2243 veni,
359 2219 472 2245 sequere
495 2218 547 2236 tne.
560 2219 569 2235 ι
589 2209 644 2236 lloc
665 2213 707 2235 est
729 2209 801 2235 enim
818 2213 925 2242 partem
947 2209 1012 2235 dare

225 2258 337 2286 Levitis.
360 2257 413 2283 Nec
440 2255 527 2290 putuit
547 2255 640 2280 dicere
666 2253 771 2288 Moyses
794 2254 833 2286 ³⁵,
859 2254 922 2288 quia
941 2263 950 2280 I
966 2253 1012 2288 qui

226 2311 278 2328 non
297 2300 493 2328 renuntiaverit
515 2298 640 2326 omnibus
651 2305 713 2332 quae
731 2298 860 2332 possidet,
884 2306 936 2325 non
965 2305 1014 2332 po-

226 2353 275 2374 test
289 2354 349 2373 esse
363 2354 438 2372 meus
456 2344 615 2379 discipulus.
629 2354 638 2369 ι
658 2343 712 2370 Nec
728 2344 817 2378 potttit
834 2344 925 2371 dicere
939 2345 1015 2379 Moy-

224 2401 268 2421 ses
280 2394 319 2420 ’°:
336 2402 344 2418 t
363 2391 456 2419 Omnis
469 2391 514 2425 qui
534 2398 586 2416 non
603 2389 691 2416 oderit
705 2395 808 2422 patrem
826 2389 866 2416 vel
887 2395 1012 2420 matrem,

224 2445 250 2466 et
266 2438 365 2464 fratres
379 2441 405 2463 et
420 2443 528 2463 sorores
540 2440 565 2462 el
582 2435 666 2466 ﬁlios,
680 2433 791 2469 insuper
806 2436 888 2462 etiam
911 2441 938 2462 et
954 2435 1013 2461 ani-

224 2492 294 2511 mam
313 2490 403 2514 suam,
421 2488 473 2508 non
491 2485 581 2515 potest
595 2487 671 2506 meus
684 2486 743 2505 esse
759 2478 914 2511 discipulus.
928 2488 937 2504 ι
956 2479 1013 2506 Hoc

539 2552 560 2568 ³⁷
583 2551 677 2578 Matth.
699 2558 754 2581 xtx.
772 2551 817 2578 62i.

544 2588 566 2602 ⁸³
581 2587 644 2614 ibid.
667 2585 710 2612 M.

261 2649 316 2682 (‘10)
336 2648 413 2675 Libh.
428 2647 504 2679 editi,
527 2657 535 2672 ι
553 2647 791 2682 repromissioucm
810 2646 933 2682 veniunt,
960 2653 1010 2671 non

225 2681 273 2716 per
294 2684 366 2709 illam
386 2691 446 2717 qua:
469 2682 588 2716 perfecta
609 2686 708 2709 sunt.)
735 2681 798 2708 Mss.
813 2685 843 2708 ut.
866 2681 891 2706 in
917 2685 1010 2706 nostro

238 2727 251 2741 (⁵
305 2736 311 2743 ι

228 2726 234 2742 δ
337 2751 412 2782 Μςε..
439 2760 447 2776 ι
464 2758 668 2778 nosceremus.»
692 2750 769 2778 Libb.
790 2751 866 2782 editi,
888 2757 1006 2776 tccrue-

245 2794 329 2811 (aulis.
347 2796 354 2811 ν

232 2794 329 2811 Ιυνιιιῐῇ.
347 2796 354 2811 ν

266 2821 320 2855 i2.)
342 2821 428 2847 Codex
447 2820 601 2854 Εοιιιευιιιιη
620 2829 628 2845 ι
647 2820 712 2855 ipse.
727 2830 735 2846 ι

260 2555 282 2570 ³⁸
303 2554 384 2581 llehr.
402 2561 441 2584 xt,
456 2552 500 2580 40.

224 2590 247 2605 ⁸³
264 2590 284 2616 ll
301 2590 364 2617 (lor.
380 2597 438 2620 vnt,
462 2588 505 2614 lii.

856 2550 879 2566 ³³
899 2550 962 2578 Luc.
987 2559 1041 2583 MV,
1063 2552 1107 2578 55.

1074 207 1162 234 tacula
1189 207 1362 234 sacerdotum
1384 213 1412 235 et
1441 207 1599 235 Levitarum
1624 210 1788 244 dispensare
1808 220 1853 239 non

1073 253 1170 287 potuit.
1188 251 1287 280 Beatus
1305 260 1370 288 ergo
1385 258 1428 281 est
1443 254 1489 288 qui
1504 261 1533 280 se
1551 254 1632 281 talem
1655 254 1782 287 exhibet,
1796 262 1821 283 et
1833 257 1854 283 in

1073 297 1133 324 istis
1154 298 1282 325 omnibus
1298 306 1359 333 qua:
1379 299 1510 333 praecepit
1531 298 1622 331 Jesus,
1640 300 1784 327 invenitur
1804 309 1855 329 esse

1072 343 1218 377 perfectus,
1243 348 1272 371 ut
1296 343 1330 370 ab
1348 343 1413 371 Jesu
1436 349 1537 371 sortem
1567 345 1692 372 ctelestis
1716 347 1855 374 mansionis

1071 389 1187 423 accipiat
1203 389 1229 416 in
1248 389 1350 416 futuro.
1367 390 1404 417 De
1427 398 1482 424 quo
1497 391 1565 417 dicit
1587 391 1645 425 ipse
1671 391 1805 420 Dominus
1819 392 1855 420 Je-

1071 441 1118 460 sus
1129 433 1151 450 ‘°
1165 442 1173 460 :
1192 443 1202 459 ι
1214 433 1306 467 Pater,
1322 435 1382 463 volo
1399 440 1427 462 ut
1453 436 1497 463 ubi
1521 444 1572 472 ego
1594 445 1674 470 sum,
1698 443 1728 465 et
1744 439 1787 465 isti
1811 441 1856 467 sint

1071 486 1218 513 mecump
1241 485 1267 507 et
1279 480 1301 496 "
1320 489 1328 508 :
1348 490 1357 506 ι
1375 481 1452 509 Sicut
1475 489 1526 516 ego
1550 483 1576 509 in
1604 487 1642 515 te,
1667 488 1696 510 et
1723 489 1752 511 tu
1772 485 1796 512 iu
1821 494 1856 513 me

1071 532 1152 551 unum
1170 533 1274 558 sumus,
1292 530 1321 553 ut
1336 532 1363 554 et.
1378 527 1423 554 isti
1441 527 1467 554 in
1486 528 1564 555 nobis
1580 536 1664 555 unutn
1681 530 1750 557 sint.
1765 539 1774 555 ι

1106 571 1133 598 3.
1157 570 1232 604 Quod
1261 572 1282 598 si
1303 572 1418 600 audiens
1440 573 1625 608 perfecturum
1646 580 1672 602 et
1695 577 1853 604 eminentio-

1071 624 1130 644 t'um
1153 618 1337 644 limrcditatem
1362 619 1506 645 Dominum
1531 620 1596 651 dici,
1619 621 1735 655 ignoras
1758 627 1786 649 et
1807 630 1854 649 arn-

1071 660 1139 695 bigis
1158 662 1224 695 quid
1252 662 1316 689 illud
1338 662 1372 689 sit
1399 664 1470 697 quod
1498 663 1548 690 sub
1571 665 1623 692 hoc
1648 667 1764 693 nomine
1792 668 1853 694 desi-

1070 711 1178 740 gnatur,
1194 707 1256 734 attdi
1273 708 1336 742 quia
1354 708 1486 735 Dominus
1501 710 1636 743 sapientia
1655 715 1711 738 est.
1733 713 1783 738 Cui
1800 721 1857 747 ergo

1070 751 1170 779 dicitur
1190 752 1333 780 lnereditas
1353 760 1416 780 esse
1442 753 1498 789 (25)
1527 755 1675 788 Dominus,
1703 757 1757 784 i5te
1780 758 1858 784 haere-

1070 795 1184 823 ditatem
1218 797 1357 831 sapientiae
1377 798 1476 832 capiet.
1507 799 1637 827 Dominus
1657 801 1770 835 justitia
1796 804 1858 830 dici-

1069 847 1122 869 tur.
1143 842 1192 870 Cui
1211 849 1275 877 ergo
1297 843 1442 870 hacreditas
1466 844 1598 872 Dominus
1617 851 1678 878 est,
1700 847 1755 874 iste
1779 849 1858 875 luere-

1068 888 1181 915 ditatem
1195 888 1309 922 iustitiae
1338 895 1530 923 consequetur.
1559 890 1696 919 Dominus
1723 901 1778 927 pax
1803 900 1857 925 est,

1067 933 1196 961 Dominus
1221 935 1372 968 redemptio
1396 940 1458 967 est,
1486 936 1616 964 Dominus
1649 938 1727 964 salus
1753 945 1816 972 est,
1837 941 1859 967 iu

1066 979 1149 1015 439
1168 979 1280 1007 Domino
1298 985 1362 1008 sunt
1380 981 1500 1008 thesauri
1517 983 1660 1016 sapientia:
1684 989 1714 1010 et
1745 986 1862 1012 Scienti:

1066 1026 1227 1053 absconditi.
1247 1025 1310 1053 [ltec
1338 1027 1430 1054 omnia
1450 1027 1477 1054 in
1501 1028 1691 1056 haereditatem
1712 1032 1856 1066 percipiet,

1065 1071 1142 1105 cujus
1167 1071 1314 1098 luereditas
1340 1072 1469 1099 Dominus
1496 1073 1588 1101 fuerit.
1608 1073 1813 1103 Verumtamen
1840 1082 1861 1103 et

1066 1116 1110 1142 isti
1127 1116 1227 1150 quibus
1249 1116 1383 1149 sapientia
1396 1116 1456 1151 Dei,
1472 1122 1499 1144 et
1514 1117 1633 1145 Verbum
1651 1119 1702 1146 Dei
1720 1126 1749 1147 ct
1767 1121 1863 1148 veritas

1065 1167 1092 1188 et
1103 1161 1209 1194 justitia
1225 1162 1372 1190 hazreditas
1393 1170 1454 1190 esse
1471 1163 1582 1196 dicitur,
1598 1165 1806 1193 habitationem
1823 1168 1862 1194 ino

1066 1207 1148 1234 terim
1168 1214 1230 1233 cum
1246 1207 1299 1234 illis
1315 1208 1461 1242 accipiunt,
1478 1216 1592 1243 quorum
1606 1209 1760 1237 hereditas
1784 1212 1861 1239 habe-

1065 1257 1108 1280 tur
1121 1253 1146 1279 in
1166 1253 1247 1280 terris
1266 1261 1272 1279 :
1290 1259 1319 1280 ut
1335 1261 1368 1280 ex
1385 1254 1504 1287 ipsorum
1520 1256 1662 1282 consortio
1688 1257 1719 1288 ii,
1738 1258 1789 1291 qui
1815 1266 1858 1292 per

1064 1299 1225 1334 semctipsos
1239 1299 1358 1326 nondum
1372 1300 1473 1332 valent,
1495 1308 1544 1334 per
1559 1301 1618 1328 illos
1637 1303 1793 1337 participes
1810 1302 1860 1330 elli-

1064 1345 1174 1372 ciantur
1188 1345 1330 1380 sapientia:
1345 1350 1372 1372 et
1388 1345 1508 1373 scientiae
1525 1346 1584 1377 Dei,
1607 1351 1636 1373 et
1653 1347 1788 1374 veritatis
1805 1348 1860 1381 ejus

1064 1398 1095 1416 ac
1108 1390 1201 1417 Verbi.
1216 1391 1248 1418 Et
1262 1391 1296 1417 ita
1311 1391 1394 1418 etiam
1411 1391 1446 1418 ad
1461 1392 1591 1419 minimos
1605 1400 1735 1427 quosque
1751 1393 1860 1428 dispen-

1063 1436 1134 1463 satio
1151 1436 1240 1463 divina
1257 1437 1406 1470 pertendit,
1423 1440 1451 1462 ut
1464 1437 1715 1472 quiprincipaliter
1730 1446 1788 1466 non
1800 1447 1859 1473 pos-

1065 1486 1130 1508 sunt
1149 1481 1247 1508 divina:
1264 1481 1357 1515 gratia:
1371 1489 1485 1516 capaces
1499 1482 1645 1516 exsistere,
1662 1483 1816 1510 illuminari
1830 1492 1860 1511 ex

1066 1526 1181 1554 istorum
1199 1527 1339 1554 consortio
1357 1531 1526 1561 mereantur,
1544 1532 1573 1556 et
1587 1528 1765 1563 compleatur
1786 1529 1859 1561 illud,

1065 1572 1135 1606 quod
1151 1573 1281 1607 scriptum
1297 1577 1338 1600 est
1353 1573 1376 1588 δ’
1396 1581 1404 1599 :
1422 1581 1431 1598 ι
1452 1573 1502 1605 Qui
1516 1573 1644 1607 multum,
1665 1582 1720 1601 non
1738 1576 1860 1602 abunda-

1065 1619 1120 1652 vit;
1136 1623 1162 1646 et
1176 1620 1221 1653 qui
1236 1618 1390 1651 minitnum,
1404 1627 1457 1646 non
1473 1619 1768 1648 minoratusesLiSed
1784 1627 1813 1648 et
1830 1621 1859 1648 il-

1067 1663 1114 1690 lud
1128 1663 1200 1698 quod
1217 1663 1364 1697 Apostolus
1379 1664 1412 1690 ad
1428 1663 1584 1691 Corinthios
1613 1664 1680 1690 dicit
1700 1666 1734 1691 de
1759 1665 1861 1692 sanctis

1064 1707 1265 1743 .lerosolymitis
1283 1716 1290 1733 :
1311 1717 1320 1733 ι
1341 1707 1377 1735 Ut
1406 1713 1507 1740 vestra,
1522 1709 1610 1742 inquit
1627 1709 1661 1740 “,
1689 1710 1859 1737 abundantia

1066 1754 1112 1780 ﬁat
1130 1754 1162 1780 ad
1176 1753 1286 1781 illorum
1303 1754 1432 1788 ittopiam,
1448 1759 1476 1781 et
1492 1754 1600 1781 illorum
1624 1755 1797 1782 abundantia
1815 1756 1861 1782 liat

1065 1799 1097 1825 ad
1115 1804 1232 1825 vestram
1249 1799 1377 1833 inopiam.
1399 1808 1408 1825 ι
1429 1799 1466 1825 lla
1484 1804 1596 1833 ergo~et
1613 1807 1686 1827 nunc
1698 1801 1862 1827 cohabitare

1062 1843 1192 1878 iubentur
1204 1843 1297 1870 Levita
1314 1849 1341 1870 et
1352 1845 1480 1871 sacerdos
1494 1844 1539 1878 qui
1557 1851 1611 1870 non
1628 1844 1730 1872 habent
1746 1850 1860 1877 terram,

1066 1889 1192 1917 Israelita:
1205 1891 1250 1926 qui
1267 1891 1347 1918 habet
1371 1895 1482 1919 terram,
1499 1896 1528 1917 ut
1541 1890 1695 1925 percipiant
1711 1891 1747 1918 ab
1769 1891 1859 1920 lsrae-

1066 1934 1111 1962 lite
1134 1936 1258 1963 sacerdos
1283 1941 1310 1963 et
1331 1936 1423 1963 Levita
1447 1941 1554 1962 terrena
1576 1943 1637 1969 qua:
1658 1943 1713 1962 non
1736 1936 1857 1970 habent;

1065 1983 1092 2006 et
1115 1987 1209 2007 rursus
1233 1981 1366 2008 lsraelitcs
1389 1979 1519 2015 percipiat
1542 1980 1598 2014 (2.5)
1623 1987 1638 2006 a
1667 1981 1814 2009 sacerdote
1833 1987 1859 2009 et

1064 2025 1156 2052 Levita
1171 2025 1293 2052 coelestia
1315 2030 1342 2052 et
1354 2025 1446 2052 divina
1461 2032 1522 2059 quae
1539 2032 1593 2051 tton
1612 2025 1705 2052 habet.
1720 2025 1778 2053 Lex
1787 2027 1862 2054 enim

1066 2070 1111 2097 Dei
1132 2069 1320 2097 sacerdotibus
1341 2070 1486 2096 commissa
1502 2075 1544 2097 est
1560 2075 1587 2097 et
1614 2070 1732 2103 Levitis,
1751 2078 1780 2098 et
1797 2073 1863 2099 huic

1065 2115 1114 2142 soli
1130 2122 1241 2149 cperant
1258 2115 1391 2147 tribuant,
1406 2120 1433 2142 et
1452 2115 1535 2141 verbo
1551 2115 1598 2142 Dei
1615 2118 1722 2151 absque
1735 2117 1791 2144 ulla
1808 2118 1863 2145 sol-

1034 2164 1054 2191 D
1068 2160 1207 2187 licitudine
1230 2164 1338 2186 vacent.
1361 2159 1413 2187 Sed
1439 2160 1548 2186 interim
1569 2165 1598 2187 ut
1615 2169 1718 2188 vacare
1741 2163 1862 2196 possint,

1066 2206 1197 2232 laicorum
1211 2206 1249 2232 ιιιί
1267 2205 1425 2233 ministeriis
1438 2206 1546 2233 debent.
1564 2206 1592 2233 Si
1609 2208 1684 2233 enim
1702 2207 1791 2235 laicus
1806 2215 1865 2242 qua

1068 2251 1218 2278 necessaria
1237 2256 1299 2277 sunt
1315 2259 1367 2278 non
1383 2252 1529 2286 pratbuerit
1548 2253 1743 2280 sacerdotibus
1770 2258 1798 2280 cl.
1813 2253 1865 2281 Le-

1069 2297 1142 2329 vitis,
1156 2297 1281 2331 occupati
1299 2296 1336 2323 illi
1363 2296 1387 2323 in
1412 2296 1522 2328 talibus.
1549 2297 1575 2323 id
1601 2302 1643 2323 est
1670 2300 1866 2332 corporalibus

1069 2345 1153 2374 euris,
1173 2345 1261 2370 minus
1277 2343 1327 2378 legi
1343 2344 1387 2370 Dei
1406 2344 1551 2370 vacabunt.
1570 2343 1626 2370 Illis
1642 2350 1735 2371 autem
1752 2353 1809 2371 non
1824 2352 1867 2370 va-

1068 2390 1206 2421 cantibus,
1229 2397 1316 2423 neque
1334 2397 1444 2423 operam
1464 2390 1596 2416 dantibus
1619 2389 1671 2425 legi
1693 2391 1753 2424 Dei,
1774 2396 1801 2417 tu
1819 2399 1867 2425 pe-

1069 2435 1212 2462 riclitaris.
1229 2434 1426 2462 Obscurabitur
1442 2435 1514 2462 enim
1534 2435 1578 2461 lux
1601 2437 1741 2466 scientize,
1761 2445 1823 2471 qum
1841 2436 1867 2461 in

1068 2480 1120 2507 illis
1134 2484 1185 2510 est,
1205 2486 1230 2507 te
1253 2488 1304 2507 non
1324 2480 1549 2507 subministrante
1565 2481 1656 2507 oleum
1682 2482 1817 2514 lucerna,
1841 2485 1868 2507 et

1147 2551 1168 2566 ⁸³
1189 2551 1265 2581 ibid..
1284 2551 1329 2578 26.
1375 2551 1396 2566 ⁸⁸
1416 2550 1494 2578 ιιοιιιι.
1509 2552 1639 2581 λνιι.ἳ‹ί.
1694 2552 1718 2569 ⁸⁸
1740 2553 1809 2580 ibid.
1821 2552 1866 2579 ἓξ.

1101 2645 1156 2679 (23)
1179 2645 1251 2672 Esse.
1276 2645 1357 2672 Deest
1382 2645 1407 2672 in
1427 2645 1491 2671 libb.
1520 2645 1614 2678 editis,
1639 2647 1690 2673 sed
1718 2651 1816 2673 exstat
1838 2645 1864 2672 in

1066 2688 1154 2749 misit)
1169 2714 1206 2740 Ab
1229 2713 1351 2741 Israelita
1376 2714 1501 2750 sacerdos
1517 2719 1540 2741 et
1567 2714 1651 2741 levita
1672 2721 1782 2742 terrena
1802 2722 1862 2750 qua

1063 2758 1113 2776 mm
1128 2750 1221 2775 habent
1235 2757 1244 2780 ,'
1261 2753 1284 2775 et
1301 2757 1393 2775 rursus
1407 2748 1542 2775 lsi-uelites
1562 2751 1707 2783 percipiat.
1728 2751 1791 2777 ιιι-ε
1808 2748 1862 2776 υθ-

1061 2785 1217 2844 saliet-antur
1231 2785 1255 2810 iu
1269 2784 1345 2811 libris
1358 2789 1436 2811 antea
1446 2783 1535 2815 editis,
1550 2784 1600 2811 scd
1611 2785 1747 2820 leguntur
1764 2786 1791 2812 in
1802 2792 1862 2812 om-

1061 2828 1086 2844 lll
1110 2828 1138 2844 :ts
1155 2827 1219 2844 11155.

1061 2827 1138 2846 ιιιυιιδ
1155 2827 1219 2845 11155.
