1896 3052
58 125 113 154 915

547 125 580 152 IN
601 124 731 152 LIBRUM
752 122 833 151 JESU
850 121 942 149 NAVI‘I
961 121 1104 149 IIOMILIA
1127 121 1219 150 XVIII.

1631 122 1685 150 οη

57 183 136 218 culpa
153 187 198 211 tua
212 183 275 210 illud
292 182 408 216 eveniet,
425 182 497 217 quod
514 182 582 210 dixit
597 183 726 210 Dominus
737 181 771 214 “,
783 181 846 216 quia
862 183 886 211 Α
901 180 982 208 etiam
999 185 1106 214 possunt
1126 188 1175 208 nos
1193 180 1328 207 instruere
1342 178 1510 206 ad'salutem.
1523 178 1614 206 I‘rimo
1625 186 1682 206 oni-

62 236 246 258 tcatcuscaeco
265 229 392 257 ducatum
418 230 554 263 praebens,
583 229 664 256 ambo
690 229 716 256 in
742 228 847 255 foveam

59 276 162 302 cadent.
180 284 190 301 ι
204 275 258 302 Sed
273 279 300 301 et
319 274 382 301 illud
401 275 427 302 in
446 279 471 301 te
486 274 666 309 complebitur
677 274 747 308 qtiod
758 273 848 301 Domi-

58 329 110 349 nus
123 322 190 348 dixit
202 321 249 349 “t
266 331 276 347 ‹
293 321 321 348 Si
334 321 406 348 enim
422 321 465 348 lux
481 329 540 356 qua:
561 322 586 348 in
609 327 635 348 te
660 326 713 353 est,
731 321 848 348 teiicbrm

59 371 133 398 sunt,
162 367 227 402 ipsae
248 368 369 394 tenebrae
393 371 500 401 quanta:
527 368 607 394 sunt?
626 377 634 393 ι
655 367 689 394 Ut
712 375 778 402 ergo
802 367 847 393 lux

60 414 180 441 scientia:
200 415 228 441 in
244 414 431 442 sacerdotibus
447 413 559 449 fulgeat,
579 419 606 441 et
624 414 731 442 lucerna
753 421 846 441 eorum

60 459 96 486 sit
110 466 218 494 semper
233 466 360 491 accensa,
381 464 409 487 tu
429 460 639 494 impleoﬂiciuiii
659 464 744 490 tuum,
770 467 847 487 c0ni-

59 504 103 539 ple
119 505 273 532 mandatum
292 505 338 532 Dei
355 513 418 540 erga
432 506 560 540 obsequia
573 507 758 533 sacerdotum.
771 505 847 538 Quod

60 549 82 576 si
95 549 166 576 l'orte
186 549 319 584 susceptis
340 557 355 576 a
377 554 404 577 te
424 557 484 584 qua:
506 550 658 577 necessaria
675 554 749 582 sunt,
766 553 792 576 ct
807 549 846 576 sic

59 600 113 620 non
126 593 202 627 quasi
216 594 329 620 avaritia
343 593 391 620 sed
412 594 490 628 quasi
516 594 703 621 benedictimie
722 593 789 629 (25).
810 594 846 621 illi

59 638 228 672 neglexerint
245 639 391 666 eruditioni
421 647 532 674 operam
550 641 625 672 dare,
645 644 671 666 et
696 641 778 667 verbo
799 640 845 667 Dei

58 691 167 716 vacare,
189 685 254 711 etin
271 684 329 719 lege
349 684 395 712 Dei
415 685 541 712 meditari
568 685 612 712 die
632 693 664 712 ac
690 691 779 718 nocte,
796 686 845 720 ipsi

58 730 192 757 videbunt
216 731 352 765 quomodo
376 738 426 765 pro
449 732 593 759 animabus
616 732 715 760 vestris
732 732 848 759 reddant.

56 775 170 802 Domino
185 776 330 803 rationem.
347 775 400 804 Sed
413 777 592 811 deprecemur
607 777 695 811 potius
715 777 760 804 Dei
789 777 845 813 (26)

54 821 250 855 omnipotentis
268 821 497 854 misericordiam,
524 826 555 849 ut
578 830 628 849 suo
658 822 770 853 lumine.
795 830 844 849 sua

53 863 182 896 veritate,
203 872 254 891 suo
273 865 427 899 splendore,
441 873 535 893 omnes
555 874 604 894 nos
624 866 776 894 illuminare
800 867 842 894 di-

53 914 152 943 gnetur
175 915 202 936 et
227 911 292 938 dare
318 911 455 938 lucernam
480 912 594 946 pedibus
611 914 712 940 nostris
731 914 842 940 verbum

51 961 143 987 suum,
163 959 189 981 et
211 954 300 982 lumen
326 956 433 983 semitis
450 957 562 991 nostris,
585 958 671 992 ipsum
700 958 843 986 Dominum

51 1003 177 1025 nostrum
195 999 286 1027 Jcsnm
310 1001 460 1034 Christum,
473 1002 518 1036 qui
535 1007 578 1030 est
591 1010 653 1030 vera
671 1003 715 1030 lux
740 1004 843 1037 mundi,

51 1044 100 1071 cui
112 1049 154 1072 est
167 1045 255 1080 gloria
272 1051 298 1073 et
322 1047 466 1082 imperium
483 1048 538 1085 (27)
556 1049 582 1076 in
606 1050 704 1077 sarcula
730 1050 844 1078 ειεειιιο-

52 1097 126 1118 rum.
143 1091 242 1120 Amen.
286 1112 287 1117 η

319 1137 459 1166 ΙΙΟΜΙΙΛᾹ
487 1139 579 1168 XVIII.

52 1191 93 1218 De
107 1193 183 1219 initia
199 1194 333 1230 divisionis
346 1201 433 1224 terra.
445 1205 503 1230 quis
516 1197 601 1224 divisa
616 1204 654 1225 est
677 1200 709 1225 (tl:
724 1199 797 1228 Jesu,
820 1204 844 1225 et

90 1229 220 1288 ($122311?
243 1230 351 1256 arcessit
364 1232 398 1257 ad
417 1229 507 1258 Jeiium
533 1231 623 1266 Caleb,
637 1239 660 1259 et
678 1233 753 1268 petiit
769 1234 801 1260 ub
816 1242 844 1260 eo

165 1271 223 1289 νοη.

92 1319 117 1346 I.
143 1318 283 1347 Discamus
305 1329 336 1349 ex
364 1321 421 1357 lege
436 1330 516 1357 quam
534 1324 690 1352 necessarie
707 1325 844 1360 descripta

51 1369 95 1392 est
111 1370 191 1392 terra-
217 1367 325 1401 divisio,
341 1376 400 1402 qua:
420 1369 508 1402 primo
531 1378 580 1404 per
603 1370 706 1403 Mosen,
725 1373 845 1398 secundo

51 1411 139 1438 etiam
153 1411 209 1447 (‘28)
227 1420 274 1447 per
290 1413 382 1441 Jesuin
401 1415 500 1442 dicitur
518 1415 599 1447 facta,
625 1424 677 1444 non
694 1422 724 1443 ut
743 1422 845 1444 utram-

51 1463 107 1490 que
137 1464 289 1491 servemus,
313 1460 359 1486 sed
383 1460 519 1488 rationein
546 1462 690 1496 utriusque
709 1462 845 1489 discentes

897 225 972 253 nium
987 225 1070 253 Caleb
1083 226 1279 260 interpretatur
1293 225 1368 260 quasi
1384 233 1429 252 cor
1442 225 1511 261 (52).
1531 224 1595 257 Quis
1619 232 1682 256 ergo

897 277 938 300 est
955 273 1032 307 quasi
1049 279 1106 305 cor,
1122 271 1174 299 nisi
1186 272 1209 299 is
1220 271 1305 307 quiin
1320 271 1446 298 omnibus
1456 270 1604 297 intellectui
1620 277 1683 304 ope-

898 324 955 343 ram
984 317 1089 350 tribuil,
1104 317 1149 352 qui
1172 325 1225 351 non
1249 317 1357 352 aliquod
1383 316 1533 342 membrum
1560 315 1682 348 corporis

901 362 1030 389 Ecclesia:
1043 369 1102 390 esse
1125 362 1234 396 dicitur,
1254 363 1305 390 nisi
1327 363 1392 390 illud
1415 362 1486 397 quod
1504 366 1546 388 est
1563 361 1589 387 iu
1609 361 1683 387 nobis

898 407 1056 443 praeclarius
1081 415 1150 437 cor:
1170 408 1195 435 id
1211 413 1262 441 est,
1280 410 1323 444 qui
1345 411 1434 437 omnia
1453 417 1514 436 cum
1535 409 1639 436 ratione
1656 412 1683 433 et

898 454 1041 488 prudentia
1064 453 1146 488 gerit,
1167 458 1194 481 et
1208 454 1245 481 ita
1261 460 1358 482 cuncta
1374 456 1511 490 dispensat
1526 455 1608 490 quasi
1628 462 1682 481 non

897 500 932 528 sit
948 500 1034 532 aliud,
1051 500 1108 527 nisi-
1125 500 1192 527 cor?
1215 499 1412 535 Interpretatur
1433 507 1522 529 autem
1537 508 1564 529 et
1579 500 1684 529 Jelionc

897 551 974 582 pater
986 545 1044 580 ejus
1057 547 1190 573 conversio
1211 546 1279 582 (55).
1300 547 1350 574 Ilic
1366 555 1431 583 ergo
1447 548 1529 575 Calcb
1553 547 1624 574 filius
1642 551 1684 572 est

897 592 1092 620 conversionis.
1107 592 1176 625 Quid
1200 593 1252 620 nisi
1274 593 1337 627 quia
1354 594 1386 620 ad
1414 593 1498 620 Deum
1523 599 1683 622 conversus.

898 638 976 665 talem
991 645 1024 664 ex
1038 645 1067 664 se
1085 637 1202 664 fructum
1221 638 1364 672 proferret,
1387 643 1416 665 ut
1431 646 1477 666 cor
1497 638 1578 664 tilium
1604 645 1685 672 gene-

897 684 990 711 raret?
1006 683 1053 711 Est
1070 691 1136 718 ergo
1153 683 1241 711 omnis
1256 685 1301 719 qui
1327 685 1427 711 divinis
1453 685 1579 711 sensibus
1595 686 1682 712 vacat.

897 735 924 757 et
939 731 1088 765 prudenter
1100 735 1199 758 cuncta
1225 738 1257 758 ac
1283 731 1481 758 rationabiliter
1497 730 1562 765 agit,
1587 729 1681 757 Calel).

897 776 945 803 llic
956 777 1043 810 primo
1061 778 1168 811 quidem
1183 777 1305 804 eruditus
1317 785 1331 803 ει
1346 776 1430 808 Mose,
1444 775 1562 803 secundo
1575 783 1637 802 vero
1650 775 1684 801 ab

897 822 970 853 Jesn,
985 823 1027 849 citi
1053 823 1211 853 assistebat,
1233 823 1356 850 dicit":
1379 831 1387 848 ε
1417 822 1457 848 Tit
1481 822 1549 849 nosti
1570 821 1682 847 verbum

897 870 969 901 quod
983 867 1088 894 locutus
1108 872 1149 894 est
1162 868 1293 894 Dominus
1308 868 1340 894 ad
1363 867 1454 894 Mosen
1471 866 1608 893 hominem
1625 865 1681 892 Dei.

897 913 936 939 Tu
952 912 1035 948 440
1052 913 1105 940 scis
1118 914 1230 940 verbum
1247 913 1318 947 quod
1332 913 1439 940 locutus
1454 917 1495 939 est
1513 911 1650 938 Dominus.
1672 920 1682 936 ι

894 956 960 990 Quis
974 959 1044 985 enim
1057 958 1125 985 alius
1137 966 1215 986 nosse
1224 963 1311 994 potest
1322 960 1433 987 verbum
1445 959 1513 993 quod
1529 958 1632 985 locutus
1642 963 1682 984 est

896 1004 1025 1031 Dominus
1041 1005 1073 1030 ad
1092 1004 1194 1036 Mosen,
1213 1005 1264 1032 nisi
1282 1004 1360 1032 Iesus
1374 1004 1467 1032 solus?
1480 1004 1564 1031 Nemo
1587 1004 1624 1030 sic
1639 1004 1682 1029 iii-

897 1048 998 1076 tcllexit
1013 1048 1096 1084 legem
1112 1050 1183 1077 sicut
1196 1050 1289 1076 docuit
1305 1049 1392 1077 Jesus.
1418 1049 1478 1084 Ipse
1491 1049 1563 1076 enim
1590 1049 1681 1076 omnia

895 1095 996 1126 docuit,
1011 1100 1037 1122 et
1054 1096 1171 1128 aperuit,
1186 1096 1243 1129 ipse
1268 1096 1397 1122 revelavit
1418 1094 1511 1126 Paulo,
1531 1094 1594 1129 quia
1609 1103 1623 1120 «η
1640 1094 1680 1120 lcx

895 1141 1024 1175 spiritalis
1035 1148 1075 1168 est
1091 1142 1123 1168 ⁸³.
1144 1141 1220 1168 Sicut
1235 1141 1340 1168 locutus
1353 1146 1405 1172 est,
1430 1140 1520 1175 inquit
1532 1140 1565 1173 ⁵ο,
1585 1139 1618 1166 de
1629 1140 1682 1166 ‘inc

896 1191 923 1212 et
939 1186 971 1212 de
989 1191 1025 1213 te.
1046 1195 1055 1211 ι
1075 1187 1110 1213 De
1126 1194 1179 1217 me,
1193 1186 1292 1220 inquit,
1307 1190 1334 1212 et
1350 1185 1382 1212 de
1397 1189 1422 1212 te
1445 1184 1552 1211 locutus
1566 1188 1609 1210 est
1624 1182 1681 1209 Mo-

896 1239 949 1258 ses.
966 1232 1001 1258 De
1020 1236 1045 1258 te
1059 1231 1179 1266 quidem,
1199 1233 1250 1258 hoc
1261 1236 1303 1259 est
1317 1231 1391 1265 quod
1408 1230 1477 1257 dixit
1493 1229 1624 1256 Dominus
1636 1227 1659 1244 ’ί
1671 1248 1678 1260 ,

896 1278 957 1312 quia
983 1274 1027 1304 iSi
1041 1277 1189 1304 crederetis
1202 1277 1281 1310 Mosi,
1296 1277 1445 1304 crederetis
1457 1276 1549 1310 illique
1559 1280 1585 1302 et
1603 1275 1682 1306 milii,

896 1323 929 1350 dc
944 1331 985 1349 me
996 1323 1067 1349 enim
1082 1322 1126 1349 ille
1148 1323 1270 1357 scripsit.
1293 1333 1302 1348 ι
1323 1323 1359 1350 De
1375 1329 1418 1349 me
1430 1329 1495 1349 vero
1515 1321 1586 1355 quod
1604 1320 1683 1351 dixit,

897 1368 947 1395 hoc
965 1373 1008 1395 est
1020 1368 1053 1395 de
1069 1367 1162 1397 Caleb.
1174 1368 1220 1402 qui
1246 1375 1294 1395 cor
1315 1372 1368 1401 est,
1385 1372 1489 1395 certum
1512 1371 1553 1394 est
1573 1366 1634 1401 quia
1651 1366 1683 1392 d‘c

896 1416 978 1442 corde
993 1414 1133 1448 scripserit
1153 1414 1248 1448 Moses,
1264 1415 1362 1450 quippe
1382 1414 1428 1449 qui
1446 1413 1535 1441 omnia
1563 1413 1682 1448 pruden-

898 1466 939 1487 ter
950 1461 1142 1495 sapicnterque
1155 1460 1358 1495 conscripserit.
1373 1458 1417 1487 Ait
1431 1467 1496 1494 ergo
1506 1460 1529 1476 δ’
1543 1467 1550 1485 :
1572 1468 1580 1484 ι
1601 1458 1683 1485 IIodic

50 1502 128 1530 illam
144 1504 229 1530 solam
250 1509 399 1539 teneamus,
412 1513 472 1540 qua:
487 1507 520 1534 ab
533 1505 597 1534 Jesu
618 1512 712 1534 nostro
733 1508 845 1534 Domino
858 1517 880 1546 ε
898 1507 976 1534 valeo
995 1507 1066 1534 sicut
1084 1506 1206 1534 valebam
1224 1511 1300 1536 tunc.
1323 1516 1331 1533 i
1352 1506 1469 1533 Sanctus
1492 1505 1591 1540 quippe
1606 1504 1684 1531 simi-

50 1547 181 1574 traditur.
200 1548 282 1583 Igitur
298 1549 370 1576 illam
391 1555 502 1583 terrain,
518 1559 578 1586 quae
594 1557 636 1579 est
653 1557 729 1579 trans
750 1551 845 1580 Jorda-

49 1601 128 1626 nem,
141 1593 247 1629 Moyses
264 1595 403 1622 distribuit
421 1605 428 1623 :
445 1597 514 1624 lianc
528 1603 619 1625 autem
635 1606 695 1632 qua:
710 1603 751 1625 est
772 1603 844 1624 terra

48 1645 146 1668 sancta
158 1645 186 1667 et
200 1647 271 1668 terra
287 1642 343 1677 (29)
359 1642 441 1674 bona,
457 1643 598 1670 distribuit
612 1643 691 1671 Jesus
703 1648 727 1670 et
741 1644 845 1679 princi-

47 1693 100 1720 pes
120 1686 238 1713 tribuum
255 1687 349 1715 Israel.
375 1688 456 1716 Vides
471 1697 536 1724 ergo
551 1689 627 1724 quia,
649 1697 711 1717 cum
732 1691 846 1723 C(l’pl'l'ii.

50 1739 118 1758 vera
137 1732 184 1758 illa
199 1733 343 1760 litereditas
357 1739 436 1761 teme
452 1739 552 1762 sancta:
568 1743 582 1761 a
601 1734 742 1762 Salvatore
757 1735 846 1762 distri-

49 1777 112 1809 bui,
132 1784 308 1806 assunieutur
324 1779 379 1815 (50)
397 1781 479 1807 etiam
503 1781 639 1815 principes
657 1781 775 1808 tribuum
790 1781 845 1808 veri

48 1829 78 1850 et
92 1825 225 1858 spiritalis
236 1825 333 1853 Israel.
349 1826 423 1859 Quos
440 1831 529 1853 autem
552 1832 680 1862 putamus
695 1834 756 1854 esse
771 1827 847 1861 prin-

46 1872 127 1905 cipes
147 1871 266 1898 tribuum
295 1877 460 1906 nostrarum,
477 1874 517 1900 vel
541 1873 670 1901 Ecclesia:
694 1873 844 1908 principes,

48 1916 104 1943 nisi
131 1922 241 1943 sanctos
257 1917 404 1952 apostolos,
427 1918 459 1945 ad
485 1926 554 1953 quos
573 1918 638 1946 dicit
665 1918 790 1946 Salvator
812 1919 845 1952 ⁸⁸,

47 1962 118 1996 quia
137 1971 147 1988 ο
164 1963 294 1990 sedebitis
305 1967 333 1990 et
346 1971 394 1990 vos
408 1970 489 1998 super
501 1963 644 1991 duodecim
666 1964 788 1997 thronos,
803 1964 847 1998 ju-

48 2007 179 2035 dicantes
198 2008 338 2037 duodecim
364 2009 451 2036 tribus
474 2009 581 2037 Israel?
596 2019 606 2036 ι
625 2010 782 2038 Assumitur
807 2016 846 2039 ta-

48 2060 115 2080 men
130 2054 164 2081 ad
182 2054 342 2082 divisionem
357 2055 438 2082 etiam
453 2056 593 2087 sacerdos,
607 2056 652 2090 qui
675 2061 716 2083 est
729 2064 846 2085 arcanus

47 2103 78 2126 et
98 2099 233 2134 mysticus
243 2107 333 2127 sermo
349 2100 406 2127 Dei.
426 2101 472 2128 Sic
491 2102 563 2128 enim
579 2101 656 2133 dicit,
669 2101 734 2136 quia
748 2110 846 2130 conve-

49 2146 149 2173 nerint
162 2146 242 2174 Jesus
256 2151 284 2175 et.
299 2147 415 2176 Eleazar
440 2148 522 2176 simul
545 2149 577 2176 ad
596 2149 768 2176 dividendam
792 2154 846 2176 ter-

46 2199 110 2219 ram
124 2191 196 2226 (5i).

86 2237 112 2263 2.
131 2237 164 2265 Et
174 2238 316 2267 videamus
334 2240 395 2275 quis
410 2244 462 2274 est,
478 2241 523 2275 qui
548 2241 652 2276 primus
669 2240 771 2276 accepit
788 2241 845 2268 luc-

46 2285 199 2312 reditatem
214 2285 248 2312 ab
259 2285 332 2314 Jcsu.
349 2295 358 2312 ι
370 2286 465 2318 Caleb,
479 2287 567 2322 inquit
579 2287 613 2319 ⁵⁷.
629 2288 699 2314 lilius
712 2286 840 2314 Jeﬂ'one.)

47 2331 102 2359 IIic
124 2331 200 2358 enim
216 2331 322 2365 primus
341 2332 419 2366 petit,
445 2336 472 2359 et
497 2333 563 2367 petit
582 2333 665 2360 certis
682 2333 841 2368 quibusdam

46 2377 209 2406 rationibus
223 2383 250 2405 et
262 2379 360 2410 verbis,
380 2387 440 2414 qua:
455 2379 590 2413 descripta
603 2384 675 2412 sunt,
691 2387 750 2413 qua:
763 2379 842 2406 verba

86 2434 111 2450 “
122 2434 220 2462 Matth.
238 2435 336 2467 xv,H.
375 2435 397 2452 ⁸⁵
411 2435 504 2462 Matth.
520 2444 557 2466 vx,
570 2436 616 2463 23.

47 2477 107 2502 xiv,
121 2471 150 2496 ti.
189 2469 297 2498 "Joan.
316 2479 341 2504 v,
358 2471 402 2498 46.
441 2471 463 2486 ⁸¹
476 2471 533 2499 Jos.
555 2479 610 2503 xw,
629 2471 670 2498 II.

85 2518 148 2553 (25)
164 2518 244 2547 Libb.
263 2519 339 2551 editi,
356 2529 364 2545 ‹
389 2519 544 2551 avaritiam,
563 2519 609 2546 sed
629 2519 706 2552 quasi
731 2518 841 2545 benedi-

46 2555 187 2586 ctionem,
206 2563 214 2579 ι
229 2554 276 2581 Ms.
292 2555 470 2588 Saugeruian.
489 2560 516 2580 ut
530 2554 555 2581 in
579 2559 671 2580 nostro
684 2558 769 2581 textu.

97 2589 147 2620 26)
161 2589 251 2624 podex
267 2589 410 2624 Sangerm.
429 2599 437 2614 ι
457 2590 503 2616 sed
523 2589 612 2623 potius
630 2596 739 2615 oremus
752 2588 807 2615 Dei.
831 2597 839 2613 I

97 2598 147 2620 zu)
161 2598 251 2616 uouex
267 2598 410 2624 nangerm.
429 2599 437 2614 ι
457 2598 503 2616 seu
523 2598 612 2623 potius
630 2598 739 2615 oremus
753 2598 807 2615 UIH.
831 2598 839 2613 I

85 2598 147 2659 (27)
160 2623 238 2652 Unus
250 2624 421 2651 Ebroicensis
436 2628 495 2659 post
517 2633 526 2648 ι
549 2624 690 2658 imperium
711 2633 719 2648 ι
736 2624 813 2650 addit
834 2631 840 2649 :

50 2669 63 2685 ι
77 2667 145 2686 cum
161 2659 266 2693 Spiritu
287 2664 392 2686 sancto.
413 2669 421 2685 ι

85 2694 146 2737 (εξ)
164 2694 265 2721 Etiam.
279 2694 361 2721 Abest
376 2703 395 2730 ξ
409 2695 473 2722 libb.
488 2694 579 2725 editis,
595 2695 642 2721 sed
664 2694 798 2728 reperitur
816 2693 842 2720 in

46 2738 102 2757 ms.
120 2731 267 2764 Sangerm.

84 2765 146 2800 (29)
163 2764 257 2791 Terra.
286 2766 363 2792 Deest
384 2765 411 2792 in
435 2765 499 2792 libb.
525 2764 616 2797 editis,
644 2764 690 2791 sed
713 2768 800 2791 exstat
817 2764 843 2790 in

46 2800 147 2827 eodem
172 2808 223 2826 nis.
240 2800 382 2834 Sangerm.

85 2835 144 2871 (50)
162 2835 234 2863 Idetn
255 2844 305 2863 ms.
324 2845 332 2862 i
353 2840 535 2863 assunicntur.
555 2845 563 2861 ι
579 2835 657 2862 Libb.
673 2835 736 2862 editi
755 2846 759 2860 ;
777 2843 785 2860 α
801 2842 844 2861 as-

655 2436 676 2451 “
693 2435 788 2463 Matth.
801 2444 856 2467 xix,
866 2435 911 2462 28.

709 2471 732 2486 “
752 2471 832 2503 ibid.,
848 2471 889 2498 I2.

898 1553 961 1580 liter
974 1552 1046 1580 valet
1061 1557 1087 1579 et
1102 1553 1128 1579 in
1153 1552 1333 1588 praesentibus
1346 1557 1372 1579 et
1394 1553 1420 1579 in
1441 1551 1599 1586 przeteritis,
1615 1555 1641 1576 et
1657 1550 1683 1576 in

897 1599 974 1626 novis
991 1603 1017 1625 et
1035 1598 1061 1625 in
1079 1599 1227 1631 veteribus,
1242 1603 1270 1626 et
1295 1598 1321 1625 in
1345 1597 1499 1632 Evangeliis
1512 1600 1538 1624 et
1563 1597 1589 1623 in
1615 1595 1683 1630 lege.

896 1645 954 1672 Hoc
968 1651 1009 1672 est
1023 1651 1087 1679 ergo
1104 1645 1174 1679 quod
1190 1645 1266 1678 dicit,
1285 1645 1377 1672 valere
1404 1652 1433 1671 se
1459 1643 1538 1670 hodie
1554 1643 1603 1669 sub
1620 1641 1682 1669 Jcsu

897 1691 967 1718 sicut
982 1696 1045 1717 tunc
1060 1690 1110 1716 sub
1127 1689 1211 1722 Mose,
1226 1690 1288 1724 quia
1313 1689 1338 1716 in
1363 1689 1504 1723 utriusque
1530 1687 1683 1714 testamenti

898 1736 1036 1773 mysteriis
1054 1743 1101 1763 eor
1115 1735 1228 1771 vigilans
1242 1735 1322 1762 valet.

932 1784 959 1810 5.
976 1783 1030 1810 Sed
1060 1781 1199 1809 videamus
1216 1782 1297 1808 etiam
1327 1781 1483 1815 petitionem
1510 1780 1569 1813 eius
1600 1786 1682 1814 quam

897 1830 1014 1864 primam
1031 1830 1154 1864 poposcit
1171 1829 1277 1856 abJesu
1288 1828 1369 1856 Caleb
1382 1828 1451 1855 Iilius
1465 1827 1578 1855 Jct'foue.
1595 1836 1604 1852 α
1619 1827 1685 1853 Ρνιο

897 1883 913 1903 a
930 1881 955 1902 te
971 1881 1089 1902 montem
1108 1875 1190 1906 hunc,
1208 1875 1295 1909 inquit
1312 1875 1347 1906 ",
1365 1874 1438 1901 sicut
1461 1873 1529 1900 dixit
1555 1873 1685 1900 Dominus

898 1922 924 1948 in
943 1921 987 1948 die
1002 1921 1057 1948 illa.
1078 1930 1088 1946 ι
1105 1920 1176 1947 Nihil
1189 1920 1300 1952 humile,
1314 1919 1354 1946 vel
1371 1919 1504 1952 dejectum
1521 1924 1630 1945 sanctiis
1643 1925 1685 1943 rc-

897 1965 990 2000 quirit,
1009 1965 1077 1992 nihil
1099 1966 1170 2000 quod
1197 1966 1223 1992 in
1241 1965 1374 1992 demersis
1392 1963 1561 1992 convallibus
1584 1963 1684 1996 jaceat,

897 2012 942 2039 sed
963 2015 1080 2038 montem
1099 2012 1194 2045 quatrit
1211 2011 1359 2044 excelsum,
1377 2011 1423 2038 sed
1449 2017 1567 2038 montem
1584 2010 1610 2037 in
1633 2017 1685 2043 quo

896 2058 1020 2085 civitates
1046 2065 1149 2092 magna:
1174 2062 1202 2085 et
1229 2058 1339 2084 munita:
1367 2063 1441 2084 sunt.
1478 2057 1614 2091 Scriptum
1642 2061 1684 2082 est

896 2104 969 2131 enim
986 2104 1020 2136 “,
1036 2103 1097 2138 quia
1122 2112 1131 2128 ι
1151 2103 1185 2130 ibi
1199 2108 1261 2130 sunt
1278 2102 1377 2135 Maclii,
1393 2103 1517 2130 civitates
1539 2109 1642 2136 magna:
1659 2105 1687 2127 ct

896 2149 1033 2178 munitam
1047 2150 1079 2176 Et
1094 2149 1151 2176 lucc
1166 2149 1306 2184 poscebat,
1319 2149 1380 2184 quia
1395 2153 1509 2176 noverat
1521 2148 1685 2182 belligerari,

862 2193 884 2221 D
900 2195 972 2222 sicut
986 2195 1118 2229 scriptum
1133 2199 1176 2222 est
1190 2195 1213 2211 "
1232 2203 1239 2222 :
1258 2204 1266 2220 i
1284 2194 1415 2222 Civitates
1437 2195 1554 2222 munitas
1569 2201 1687 2226 ocrupa-

898 2240 938 2267 bit
953 2241 1071 2276 sapiens,
1089 2246 1115 2268 et
1139 2241 1262 2268 destruet
1281 2241 1460 2267 munitionem
1482 2240 1508 2266 in
1525 2248 1576 2274 qua
1599 2239 1686 2266 conli-

898 2287 995 2314 debant
1017 2287 1100 2321 impii.
1120 2296 1129 2312 ι
1151 2287 1233 2314 Putas
1257 2295 1318 2314 cum
1341 2287 1398 2314 lizec
1417 2286 1520 2313 diceret
1548 2286 1686 2315 Salomon.

898 2333 950 2360 hoc
962 2340 1010 2359 nos
1029 2333 1136 2360 volebat
1158 2334 1268 2366 docere,
1288 2334 1350 2367 quia
1370 2334 1479 2368 sapiens
1495 2337 1604 2367 caperet
1618 2331 1686 2358 civi-

899 2383 968 2406 tates
981 2383 1007 2406 et
1023 2380 1188 2407 munitiones
1197 2380 1351 2407 destrueret
1365 2387 1398 2407 ex
1413 2379 1547 2415 lapidibus
1560 2382 1686 2405 constru-

951 2435 1035 2462 "Jns.
1052 2444 1096 2462 xiv
1108 2457 1114 2467 ,
1130 2436 1156 2463 6.
1195 2436 1217 2452 ⁸⁸
1234 2436 1299 2462 ibid.
1322 2436 1343 2452 “
1360 2436 1438 2463 IIoui.
1453 2444 1502 2468 vii,
1514 2435 1558 2461 Η.
1594 2435 1618 2450 ⁸⁰
1630 2433 1686 2461 .los.

928 2472 951 2486 “
970 2471 1036 2498 ibid.
1075 2471 1097 2486 ⁵⁵
1110 2472 1191 2499 I’rov.
1204 2480 1260 2500 χχι,
1272 2471 1318 2499 ‘22.

895 2523 1046 2545 SUIIIIIIIIIII‘.
1066 2528 1075 2544 Ι

932 2553 987 2587 (3|)
1003 2553 1074 2581 Ideni
1102 2562 1152 2580 ius.
1170 2563 1179 2579 α
1203 2554 1307 2588 primus
1329 2553 1444 2588 accepit.
1464 2561 1473 2579 ι
1498 2551 1578 2579 Libb.
1595 2551 1659 2578 editi
1676 2559 1683 2576 τ

899 2597 908 2613 ε
927 2589 1042 2621 primum
1058 2589 1139 2623 cepit.
1156 2599 1164 2614 I

933 2623 989 2658 (5‘2)
1007 2624 1080 2651 Unus
1092 2622 1182 2651 codex
1199 2623 1372 2651 Ebroicensis
1389 2631 1396 2650 :
1417 2633 1426 2649 ε
1442 2623 1550 2650 Primus
1564 2622 1685 2658 omnium

896 2657 988 2685 Caleb.
1003 2659 1085 2686 (λιιι-ἱ)
1104 2660 1299 2692 interpretatus
1313 2659 1412 2686 dicitur
1422 2659 1566 2694 quasicor.
1582 2667 1590 2683 ι
1601 2657 1686 2684 Porro

897 2693 980 2719 (ialeb
1005 2695 1201 2728 interpretatur
1223 2702 1232 2717 ι
1249 2694 1326 2727 quasi
1348 2701 1414 2722 cori
1432 2693 1456 2721 Va
1472 2700 1488 2723 :>
1508 2695 1608 2729 «quasi
1627 2703 1645 2719 ιν
1659 2698 1686 2720 et

904 2731 943 2754 2'1
957 2735 965 2749 ι
978 2733 1032 2752 cor.
1042 2736 1050 2750 I

935 2775 990 2809 (55)
1017 2774 1208 2808 Interpretatur
1237 2780 1325 2802 utilem
1353 2781 1376 2801 el
1396 2776 1499 2811 Je/foue
1529 2781 1608 2810 pater
1630 2775 1694 2802 eius.

900 2810 1043 2837 conversio.
1059 2811 1078 2836 Α
1097 2815 1149 2840 n15
1171 2821 1179 2837 i
1196 2811 1338 2838 convertit.
1357 2821 1366 2837 ι
