1896 3052
232 101 286 129 M5

235 204 305 231 muri
322 207 387 231 sunt
403 203 546 237 impiorum
562 202 698 236 dogmata.
719 205 746 228 ct
762 201 911 236 syllogismi
935 201 1022 236 philu-

234 249 395 284 sopliorum,
408 249 506 283 quibus
522 253 647 275 astrutmt
663 248 743 282 impia
761 255 876 282 quarqne
887 252 914 274 et
927 248 1024 274 divinae

234 297 285 332 legi
300 295 449 328 contraria,
464 302 524 330 qum
536 295 607 328 apud
632 301 752 328 paganos
763 294 806 321 vel
832 294 962 321 barbaros
976 294 1025 321 ob-

234 341 397 370 servantur?
410 341 463 368 Sed
477 345 505 368 et
521 340 566 367 illa
591 340 618 368 in
633 340 675 367 his
694 341 849 375 deputanda
866 345 930 368 sunt
945 346 971 367 et
985 342 1025 367 ei-

234 388 332 414 vitates
347 387 459 414 munitae
479 393 551 418 esse,
568 391 650 421 atqtte
668 386 694 413 in
718 386 857 413 tnontibus
873 385 1024 418 collocata‘,

233 440 293 466 qua:
309 432 429 460 hmretici
444 432 470 458 in
488 431 693 466 Scripturarum
711 431 922 463 assertionibus,
941 431 1022 458 veluti

233 479 259 506 in
272 478 334 505 altis
349 478 500 509 montibus,
516 477 661 505 collocant.
679 477 745 505 Istas
764 485 828 512 ergo
841 478 967 504 civitates
981 485 1024 504 sa-

233 523 310 557 piens
323 524 439 557 quisque
452 524 563 550 verbum
579 522 729 558 praedicans
740 522 886 555 destruxit,
901 528 929 550 et
943 521 1025 550 urbes

233 568 368 596 mendacii
389 569 516 595 veritatis
531 569 615 595 ariete
632 569 776 601 subvertit,
797 568 868 595 sicut
886 569 1025 602 apostolus

232 613 335 641 Paulus
358 613 466 641 dicebat
485 614 530 640 "z
552 623 561 640 t
582 613 771 648 Cogitationes
798 613 984 645 destruentes,
997 619 1025 642 et

232 667 342 686 onmem
356 659 526 687 altitudinem
543 666 603 694 qua;
618 667 647 686 se
659 660 765 686 extollit
780 660 911 687 adversus
933 660 1024 687 scien-

235 705 301 732 tiam
318 704 440 732 Deialta
463 712 528 740 ergo
543 705 625 732 etiam
647 712 718 732 nunc
734 705 778 732 hic
804 705 1024 740 sapientissimus

230 750 316 779 Caleb
331 752 437 779 assistit
457 756 521 778 ante
541 750 647 783 Jesum,
665 755 692 778 et
716 751 852 785 promittit
877 752 968 779 valere
994 760 1024 779 se

231 796 265 822 ad
279 795 391 828 bellum,
409 801 436 823 et
450 801 607 831 promptum
631 803 694 823 esse
709 797 743 823 ad
759 796 897 831 praelium;
916 802 943 823 et
964 799 1024 825 idco

980 97 1142 125 ORICENlS

233 157 311 186 etas?
333 158 376 185 An
405 157 470 185 illud
501 157 591 191 potius
620 155 730 188 indicat,
758 157 830 191 qttod
855 156 978 183 civitates
999 161 1024 182 et
1040 159 1062 185 Α

1816 98 1855 125 εηη

1358 154 1497 188 llO,\llLl.\
1520 154 1589 182 XIX.

1204 201 1240 228 De
1251 201 1349 235 ﬁnibus
1369 200 1532 228 Ita'redilati:
1553 200 1637 227 tribus
1652 200 1743 228 Judtr.

1114 248 1137 275 l.
1154 247 1294 275 Distribuit
1308 246 1398 274 Moses
1411 247 1608 278 hmreditatem,
1626 246 1766 273 distribuit
1781 248 1858 273 limm-

1075 294 1186 321 ditatem
1200 299 1227 320 et
1242 293 1331 321 Jesus.
1346 291 1399 319 Sed
1417 299 1470 318 non
1484 297 1523 318 est
1541 291 1674 325 scriptum
1696 293 1722 319 in
1740 293 1858 320 distribu-

1077 339 1148 366 tione
1163 338 1328 365 hazrcditatis
1341 337 1507 372 Moysi,quia
1520 338 1639 364 cessavit
1658 342 1731 365 terra
1744 346 1758 364 a
1770 338 1857 365 bellis:

1077 385 1102 411 in
1118 385 1310 412 distributione
1322 392 1387 411 vero
1401 383 1464 411 Jesu
1480 384 1535 418 ipsa
1548 385 1624 411 verbi
1641 385 1765 418 prmfatio
1774 386 1813 412 sic
1826 386 1858 412 ire

1076 431 1165 466 cipit:
1185 440 1194 456 t
1217 431 1249 458 Et
1260 432 1389 463 cessavit,
1412 431 1544 466 inquit“,
1560 435 1634 458 terra
1658 439 1672 457 a
1702 431 1787 458 bellis.
1815 430 1858 458 iSi

1076 484 1141 511 ergo
1154 482 1179 503 tu
1196 477 1292 512 dignus
1311 478 1351 504 vis
1365 477 1434 504 eﬁici
1446 477 1491 512 qui
1513 477 1701 504 luereditatem
1716 485 1859 512 consequa-

1076 522 1114 550 ris
1126 523 1159 550 ab
1173 522 1247 556 Jesu,
1263 529 1291 550 et
1304 529 1412 550 sumere
1429 523 1464 550 ab
1478 530 1511 550 eo
1528 524 1694 557 portionem,
1710 528 1817 557 oportet
1839 528 1859 550 te

1076 569 1152 602 prius
1164 568 1255 595 omnia
1269 568 1338 595 bella
1353 568 1444 601 ﬁnire,
1457 573 1484 596 et
1508 570 1534 596 in
1557 577 1626 603 pace
1651 569 1815 600 consistere,
1836 573 1858 594 ut

1076 613 1158 639 etiam
1181 613 1216 640 de
1232 618 1283 640 tua:
1302 614 1395 641 carnis
1424 619 1499 641 terra
1525 614 1643 647 dicatur,
1658 613 1723 648 quia
1753 612 1858 639 cessavit

1077 663 1149 685 terra
1163 666 1176 684 a
1190 659 1283 687 bellis.

1111 704 1139 730 2.
1155 703 1231 731 Tune
1246 704 1345 731 deinde
1358 712 1419 731 cttnt
1436 704 1607 731 consuetudo
1624 704 1660 730 sit
1679 707 1783 730 sancta:
1797 702 1860 728 Scri-

1076 754 1163 783 ptura:
1189 754 1304 783 quatuor
1326 754 1418 783 partes
1438 749 1512 776 orbis
1538 754 1627 780 terrze,
1654 756 1723 783 quas
1740 747 1780 774 vel
1806 755 1861 773 axes

1077 795 1118 820 vel
1133 796 1225 830 plagas
1241 795 1384 822 nominant
1400 794 1469 829 (56),
1481 795 1631 829 appellare,
1646 795 1673 820 in
1688 794 1863 827 deseriptione

231 841 357 876 deposcit
370 829 490 876 permitti
512 829 564 869 sibi
580 841 656 869 velut
675 829 827 876 disputandi
855 842 1021 874 facultatem,
1041 829 1061 856 Β
1078 841 1170 866 finium
1184 829 1274 868 tribus
1285 839 1372 872 Judte,
1388 840 1447 867 dure
1464 841 1656 867 tantummodo
1679 839 1861 868 nominantur,

231 892 262 914 ut
273 888 465 923 congrediatnr
479 895 540 915 cum
557 887 714 916 dialecticis
731 887 834 920 saeculi,
851 896 911 916 cum
928 890 961 917 iis
977 890 1021 924 qni

232 941 283 968 pro
296 936 369 961 veris
387 934 454 962 falsa
473 934 647 967 conﬁrmant,
663 938 692 961 ut
705 942 753 962 eos
764 935 885 962 confutet
896 940 923 962 et
941 943 1022 970 supe-

231 984 285 1012 ret,
301 984 328 1007 et
350 980 491 1008 subvertat
519 981 622 1015 omnia,
635 988 696 1016 qua:
727 980 763 1008 illi
784 981 861 1008 falsis
890 982 1022 1009 assertio-

231 1024 311 1052 uibus
326 1030 549 1053 construxerunt.
562 1026 623 1053 Ideo
638 1026 755 1060 denique
775 1027 871 1054 videns
893 1027 1021 1054 alacrita-

230 1075 286 1098 tem
312 1071 381 1105 eius,
399 1081 409 1097 ε
439 1072 586 1105 benedicit,
614 1073 702 1108 inquit
726 1074 760 1106 ⁵⁷,
777 1081 852 1106 eum,
881 1083 890 1100 ι
917 1074 1022 1101 scilicet

230 1117 302 1151 quod
318 1117 380 1144 talia
393 1117 533 1151 deposcat,
549 1123 577 1146 et
593 1119 701 1146 audeat.
716 1118 769 1146 Sed
781 1123 808 1146 et
823 1124 849 1145 tu
863 1119 886 1146 si
901 1119 941 1146 vis
957 1119 1022 1145 dare

228 1170 338 1198 operam
359 1164 467 1196 studiis,
488 1169 516 1191 et
531 1164 618 1199 legem
630 1164 679 1192 Dei
692 1163 839 1198 prudenter
852 1165 976 1192 meditari
994 1169 1022 1192 et

227 1207 296 1235 efﬁci
312 1215 360 1235 cor
380 1209 406 1235 in
424 1208 484 1242 lege
508 1209 566 1241 Dei,
583 1212 661 1242 potes
677 1208 745 1235 istas
761 1215 872 1242 magnas
889 1212 916 1235 et
932 1209 1020 1235 muni-

229 1258 271 1280 tas
284 1253 376 1286 urbes,
390 1253 416 1280 id
436 1257 479 1279 est
504 1254 675 1280 assertiones
695 1254 855 1280 subvertere
879 1253 1019 1286 falsitatis,

228 1303 259 1325 ut
274 1303 302 1325 et
319 1303 347 1325 tu
365 1298 497 1325 merearis
511 1298 636 1325 benedici
661 1297 695 1325 ab
708 1297 784 1330 Jesu,
802 1303 829 1325 ct
844 1299 968 1333 accipere
986 1299 1019 1326 ab

227 1350 263 1370 eo
282 1343 422 1370 Chebron.
443 1342 642 1377 Interpretatur
663 1348 755 1370 autent
770 1343 895 1371 Chebron
923 1354 932 1369 ι
955 1352 1019 1372 con-

225 1387 342 1422 iunctio,
352 1387 392 1414 vel
405 1387 560 1422 coniugiqu
569 1388 635 1424 (5s).
644 1387 708 1415 iPer
715 1389 786 1422 quod
803 1393 891 1422 potest
903 1388 1019 1417 fortasse

228 1433 293 1460 illud
307 1433 424 1466 ostendi,
439 1433 510 1468 quod
537 1433 668 1467 spelunca
689 1432 787 1467 duplex
811 1438 968 1467 comparata
984 1433 1019 1461 ab

228 1479 366 1507 Abraham
383 1479 539 1513 patriarcha
560 1479 586 1506 in
603 1486 636 1506 ea
650 1483 704 1510 est,
721 1479 747 1505 in
767 1487 819 1514 qua
833 1479 956 1514 coniugia
969 1488 1017 1514 pa-
1032 1496 1054 1524 ο

227 1530 300 1551 trum
323 1529 349 1551 et
372 1523 493 1558 reliquiae
520 1531 614 1552 eorum
635 1525 741 1559 iacent,
767 1525 793 1552 id
812 1529 853 1552 est
880 1525 1018 1553 Abraham

227 1577 289 1596 cum
305 1569 384 1602 Sara,
401 1569 475 1597 Isaac
489 1577 549 1597 cuin
564 1569 700 1602 Rebecca,
717 1570 801 1598 Jacob
819 1580 879 1599 cum
893 1572 950 1599 Lia.
965 1571 1020 1598 Mc-

229 1615 284 1642 ruit
298 1622 366 1650 ergo
387 1615 472 1642 Caleb
494 1622 602 1651 patrum
626 1616 756 1651 reliquias
781 1617 807 1644 iti
832 1618 1018 1646 [nereditatem

226 1661 378 1696 suscipere,
394 1662 453 1688 sine
470 1661 553 1689 dubio
569 1662 632 1697 quia
650 1670 699 1697 per
722 1664 884 1697 sapientiam
905 1672 965 1699 qum
991 1665 1019 1693 in

226 1713 260 1732 eo
276 1710 345 1740 erat,
359 1714 412 1742 qua
430 1707 540 1742 vigebat
564 1712 591 1734 et
612 1708 663 1736 sub
678 1708 753 1737 Mose
769 1714 796 1737 et
812 1709 862 1737 sub
879 1709 956 1744 Iesu,
977 1711 1018 1738 in-

228 1752 371 1779 tellexerat
399 1753 602 1788 coniunctionis
625 1753 711 1788 ipsius
736 1755 883 1788 rationem,
909 1761 936 1783 et
958 1764 1020 1790 per-

225 1801 353 1831 spexerat
371 1797 435 1832 quid
449 1803 521 1825 esset
535 1805 636 1832 causae,
649 1799 720 1834 quod
733 1807 794 1827 cum
806 1800 944 1828 Abraham
962 1801 1018 1828 sola

225 1843 294 1869 Sara
311 1843 346 1870 ibi
359 1842 477 1877 iaceret,
494 1848 522 1871 et
538 1851 628 1878 neque
641 1844 726 1879 Agar,
749 1853 837 1880 neque
851 1846 969 1873 Ccthura
992 1847 1017 1874 ei

225 1889 370 1917 meruisset
387 1889 497 1925 adiungi
518 1900 523 1916 :
539 1890 582 1917 vel
599 1890 665 1925 quid
681 1895 755 1918 esset
768 1899 858 1918 causa:
871 1892 941 1926 quod
955 1900 1017 1920 cum

223 1933 309 1962 Jacob
321 1934 380 1962 sola
392 1933 440 1961 Lia
454 1935 548 1969 iacere
568 1937 719 1968 videretur,
744 1941 772 1964 et
792 1943 879 1971 neque
902 1937 1017 1971 Rachel,

223 1988 284 2014 qua:
298 1981 414 2016 amplius
430 1981 520 2010 fuerat
540 1982 650 2015 dilecta,
672 1990 761 2017 neque
780 1983 872 2018 aliqua
892 1991 924 2011 ex
949 1991 1018 2012 con-

226 2026 334 2054 cubinis
348 2028 374 2054 in
390 2028 516 2062 sepulcro
529 2029 552 2055 ei
568 2028 657 2055 fuerat
668 2029 805 2063 copulata.
821 2029 881 2064 Ipse
902 2037 968 2065 ergo
990 2030 1016 2057 in

223 2071 365 2099 memoriis
379 2077 485 2106 patrum
499 2073 690 2100 Itwreditatem
705 2074 778 2108 capit
790 2075 910 2109 prudens
930 2079 958 2102 et
974 2082 1018 2102 sa-

223 2116 300 2151 piens
314 2117 406 2145 Caleb.
424 2118 476 2152 Ipsi
489 2118 568 2146 Jesus
583 2118 779 2148 Euachitarum
803 2121 893 2155 gentis
917 2126 1017 2149 metro-

224 2162 306 2196 polim
321 2163 416 2190 tribttit
431 2164 569 2198 Chebron,
585 2171 613 2193 et
627 2166 744 2194 efﬁcitur
759 2168 783 2194 ei
804 2175 864 2195 sors
886 2175 971 2203 usque
989 2169 1015 2195 in
1033 2165 1054 2192 Ι)

224 2207 383 2235 hodiernum
394 2209 475 2237 diem.
493 2209 600 2238 Utinam
612 2216 640 2239 et
656 2212 721 2239 tnihi
736 2213 845 2240 daretur
853 2221 913 2241 sors
926 2214 1016 2241 Abra-

224 2254 300 2286 ham,
315 2259 342 2281 ct
365 2254 450 2288 Isaac,
467 2260 495 2284 et
506 2255 604 2291 Iacob,
627 2262 654 2284 et
673 2257 829 2286 eﬁiceretur
847 2267 923 2287 meus
946 2260 1016 2287 Deus

224 2308 299 2327 meus
314 2301 370 2337 (55)
385 2303 455 2330 sicut
469 2303 582 2331 effectus
597 2309 639 2332 est
653 2304 723 2332 Deus
734 2305 884 2340 Abraham,
902 2312 929 2334 et
945 2307 1015 2335 Deus

222 2347 306 2377 Isaae.
316 2353 343 2374 et
358 2348 428 2376 Deus
440 2348 534 2383 Jacob,
548 2350 575 2377 in
589 2350 698 2378 Christo
710 2350 773 2378 Jesu
785 2351 898 2379 Domino
910 2358 1013 2387 nostro,

221 2393 318 2420 cuiust
335 2394 420 2429 gloria
443 2400 470 2423 ct
494 2395 638 2430 imperium
669 2396 697 2424 in
723 2398 820 2425 smcula
842 2398 1013 2427 saeculorum.

219 2439 317 2467 Anien.

255 2518 279 2533 “
291 2520 309 2546 ΙΙ
330 2521 394 2550 (lor.
408 2530 434 2553 κ,
455 2522 483 2556 4,
495 2523 521 2550 5.

219 2561 276 2587 v.1,
294 2556 337 2582 Η.

561 2524 584 2540 ⁸⁷
600 2523 656 2553 Jos.
680 2531 735 2556 xrv,
751 2524 793 2552 15.

257 2622 524 2664 (ᾙλιυωψγειηιιιγ
548 2632 634 2664 auleni
658 2627 779 2656 Chebron
796 2629 947 2664 cmijunttia
975 2631 1015 2658 vel

220 2659 382 2700 tollitiqi‘u‘m:
394 2659 508 2700 Abnﬁnn
529 2670 537 2686 ι
559 2662 730 2700 coniunctus,
751 2659 871 2692 sociatus
884 2670 937 2692 cst.
950 2675 958 2690 ι

255 2692 313 2726 (55)
327 2693 416 2733 Uoden
430 2692 624 2733 Sangermani.
642 2706 652 2722 (
675 2692 831 2726 efficeretur
852 2707 928 2727 incus
943 2700 1015 2728 Deus

222 2734 311 2762 uicus.
332 2736 341 2752 ι
359 2727 435 2754 Libb.
450 2727 513 2756 editi
529 2739 534 2756 :
555 2740 563 2755 ι
581 2731 735 2760 eﬂiccretur
748 2734 819 2760 Deus
846 2742 933 2762 meus.
948 2745 957 2760 ι

259 2760 316 2799 (liti)
329 2762 688 2802 Codex.Sangcrtuancnsis,
706 2777 715 2794 t
735 2760 1010 2797 nominantiri-Libb.

222 2797 288 2822 edn
302 2803 307 2820 ε
320 2802 328 2816 ι
353 2797 485 2826 nominat.
494 2797 509 2824 ίι

842 2525 866 2541 ⁸⁸
877 2525 933 2555 Jos.
947 2535 1001 2560 Xtv,
1023 2529 1063 2556 l9.

1075 887 1136 914 dua:
1167 888 1326 915 reticentur.
1353 887 1491 922 Scriptum
1515 887 1589 915 enim
1615 887 1654 914 sic
1676 891 1719 914 est
1748 887 1770 902 "
1789 894 1796 912 :
1812 896 1820 911 ι
1840 886 1864 911 Et

1077 932 1139 959 lacti
1170 938 1235 960 sttnt
1270 931 1339 959 ﬁnes
1364 932 1452 959 tribus
1478 931 1594 958 filiorum
1617 931 1688 958 .Iuda
1720 930 1863 958 secundum

1074 979 1166 1013 plebes
1185 986 1290 1010 eorum,
1314 985 1328 1005 a
1360 978 1459 1004 finibus
1483 977 1617 1009 Idumam,
1647 985 1660 1004 a
1680 977 1793 1004 deserto
1813 978 1864 1007 Sin,

1074 1026 1107 1053 ad
1123 1024 1360 1053 occidctttchEt
1380 1032 1441 1051 cum
1470 1024 1660 1059 descripsisset
1687 1024 1756 1051 lines
1773 1025 1807 1050 ah
1827 1033 1865 1049 or-

1074 1072 1190 1103 cidente,
1219 1076 1283 1098 ttmc
1306 1071 1404 1098 deinde
1432 1071 1500 1097 dicit
1523 1071 1545 1086 ⁶⁰
1575 1078 1581 1095 ;
1610 1080 1619 1096 ‹
1645 1070 1679 1096 Et
1706 1071 1742 1096 ab
1766 1071 1865 1096 oriente

1072 1115 1151 1151 44],
1180 1125 1262 1145 omne
1273 1137 1279 1148 ,
1306 1116 1411 1150 inquit,
1423 1123 1498 1142 mare
1511 1114 1613 1142 salsum
1629 1123 1636 1141 :
1657 1119 1702 1141 iet
1721 1114 1791 1141 alias
1807 1115 1865 1139 duas

1072 1167 1163 1196 partes
1179 1162 1297 1194 reticuit,
1318 1161 1343 1188 id
1359 1166 1400 1188 est
1424 1161 1629 1195 septentrionis,
1645 1160 1687 1187 vel
1711 1160 1863 1187 meridiani.

1074 1207 1140 1234 Vide
1159 1215 1224 1242 ergo
1241 1207 1262 1234 si
1281 1214 1334 1234 non
1357 1206 1458 1241 repleta
1472 1211 1537 1232 sunt
1555 1206 1607 1232 ista
1625 1206 1780 1241 mysteriis.
1798 1205 1866 1232 Lirct

1072 1261 1121 1280 nos
1141 1253 1247 1286 singula
1271 1252 1312 1279 vel
1330 1252 1431 1279 sentire
1444 1272 1451 1283 ,
1468 1252 1509 1278 vel
1524 1251 1665 1286 explicare
1686 1259 1866 1286 nequeamus,

1073 1303 1162 1325 tamen
1180 1303 1260 1332 prout
1278 1297 1408 1324 Dominus
1424 1296 1546 1330 prmbcre
1561 1296 1702 1330 dignatur,
1717 1301 1746 1322 et
1764 1303 1816 1322 nos
1830 1303 1866 1322 ca-

1070 1351 1134 1378 pere
1149 1343 1269 1370 valemus
1285 1343 1340 1378 (57)
1351 1363 1358 1375 ,
1375 1342 1511 1368 discutere
1527 1341 1632 1375 singula
1646 1349 1766 1376 quaeque
1786 1347 1866 1368 lenta-

1070 1389 1170 1416 bimus.
1183 1398 1191 1415 t
1206 1388 1280 1416 Facti
1289 1393 1363 1421 sunt,
1377 1387 1477 1421 inquit,
1494 1387 1560 1413 ﬁnes
1570 1385 1639 1413 Juda
1653 1387 1807 1413 secundum
1816 1387 1865 1421 plc-

1070 1436 1117 1463 hes
1134 1443 1228 1463 eorum
1245 1443 1259 1461 a
1279 1435 1377 1461 ﬁnibus
1394 1434 1515 1460 blumtcze
1531 1441 1545 1459 a
1563 1433 1674 1460 deserto
1687 1433 1735 1460 Sin
1751 1435 1785 1460 ad
1799 1435 1861 1460 occi-

1071 1481 1190 1508 dentem.
1202 1490 1211 1506 ι
1222 1480 1306 1515 Igitur
1318 1479 1384 1507 ﬁnes
1391 1479 1491 1506 Judteae
1499 1479 1615 1513 proximi
1628 1484 1693 1505 sunt
1703 1479 1866 1507 finibusldu-

1073 1535 1155 1554 nume.
1174 1527 1289 1553 Iduuuea
1304 1533 1381 1559 vero,
1399 1526 1470 1553 sicut
1481 1533 1552 1560 saepe
1565 1526 1621 1561 iam
1638 1526 1772 1558 diximus,
1789 1526 1863 1553 inter-

1072 1578 1195 1608 pretatur
1219 1577 1323 1598 terrena
1350 1571 1418 1606 (38).
1442 1571 1504 1598 Post
1527 1576 1668 1598 terrenam
1686 1579 1755 1605 ergo
1780 1573 1865 1598 statim

1070 1624 1273 1652 consequuntur
1289 1618 1356 1645 lines
1368 1616 1479 1644 Judaere.
1495 1617 1549 1644 Sed
1561 1621 1588 1644 et
1600 1625 1614 1644 a
1632 1617 1756 1648 deserto,
1772 1616 1864 1650 inquit,

1071 1664 1132 1692 Sin.
1150 1665 1347 1700 Interpretatur
1361 1669 1450 1691 autent
1467 1664 1514 1691 Sin
1534 1665 1693 1690 tcutationes
1713 1663 1786 1698 (39).
1810 1663 1866 1689 Post

1071 1711 1237 1738 tcutationes
1252 1717 1317 1744 ergo
1332 1715 1539 1745 consequuntur
1553 1710 1622 1737 lines
1635 1709 1812 1736 hatreditatis
1826 1709 1866 1736 Ju—

1071 1756 1144 1784 dtnae.
1163 1757 1296 1784 Occidens
1312 1761 1340 1783 et
1356 1758 1448 1784 oriens
1466 1757 1638 1788 nominatur,
1656 1761 1686 1783 et
1706 1756 1799 1783 vicina
1815 1756 1867 1782 loc:

1071 1810 1101 1830 ea
1124 1811 1185 1837 qtue
1207 1810 1289 1837 supra
1309 1803 1438 1835 diximus,
1456 1803 1510 1830 imo
1525 1801 1654 1830 conﬁnia.
1672 1803 1728 1829 Sed
1750 1807 1778 1829 et
1795 1801 1867 1828 vallis

1070 1847 1181 1884 Egypti
1200 1849 1288 1876 vicina
1306 1849 1524 1876 occidentalibus
1546 1849 1671 1883 partibus
1688 1848 1865 1882 designatur.

1070 1903 1129 1929 qute
1151 1902 1193 1922 est
1210 1903 1225 1922 a
1242 1896 1349 1923 deserto
1366 1895 1399 1922 ad
1415 1895 1587 1922 occidentem
1605 1904 1612 1922 :
1631 1895 1665 1922 ab
1681 1896 1792 1923 oriente
1806 1901 1866 1922 vero

1069 1942 1216 1976 cinguntur
1233 1942 1301 1970 ﬁnes
1316 1943 1384 1970 tnari
1398 1943 1481 1969 salso.

1105 1986 1132 2014 5.
1152 1987 1215 2014 Post
1230 1988 1299 2022 hoc,
1316 1997 1324 2013 t
1342 1995 1356 2014 a
1371 1988 1498 2020 collibus,
1515 1987 1604 2022 inquit
1621 1988 1642 2003 ⁶¹
1658 2007 1668 2021 ,
1686 1988 1733 2024 qui
1756 1989 1866 2016 tendun-

1071 2038 1113 2061 tur
1129 2035 1161 2061 ad
1182 2035 1363 2068 occidentem,
1379 2039 1406 2062 et
1424 2035 1484 2061 inde
1501 2035 1662 2062 ascenditur
1676 2036 1711 2062 ab
1726 2035 1867 2062 occidente

1068 2087 1155 2115 usque
1170 2080 1259 2108 Gades
1278 2080 1365 2107 Barne
1377 2101 1385 2113 ,
1404 2090 1413 2106 ι
1434 2085 1462 2108 et
1483 2081 1524 2107 sic
1548 2081 1723 2115 pertenditur
1741 2082 1776 2108 ab
1795 2081 1866 2108 oeci-

1069 2127 1150 2154 dente
1168 2127 1201 2153 ad
1216 2127 1384 2154 occidentem
1401 2127 1498 2155 Cades.
1512 2127 1545 2154 Et
1563 2127 1589 2154 hi
1609 2132 1674 2154 sttnt
1689 2127 1761 2154 ﬁnes
1774 2135 1867 2154 eorum

1070 2172 1104 2199 ab
1114 2172 1219 2204 Africo,
1233 2177 1261 2199 et
1276 2172 1337 2200 inde
1349 2173 1471 2207 perrexit
1485 2180 1571 2207 usque
1584 2173 1618 2200 ad
1629 2172 1731 2200 vallem
1746 2172 1866 2208 Egypti.

1071 2216 1153 2245 Vides
1168 2218 1304 2252 quomodo
1318 2218 1345 2244 in
1359 2218 1510 2245 occidentis
1525 2218 1650 2252 partibus
1664 2224 1692 2246 et
1704 2218 1828 2245 Africqu
1844 2222 1868 2243 et

1069 2262 1216 2298 ngyptum
1233 2263 1357 2290 nominat
1372 2268 1399 2291 et
1412 2263 1559 2291 occasum?
1574 2262 1642 2291 Sine
1654 2264 1754 2295 dubio,
1772 2268 1802 2290 ut
1814 2264 1868 2290 haec

1069 2311 1160 2338 omnia
1172 2311 1241 2338 sciat
1251 2311 1301 2338 sibi
1317 2311 1503 2346 ttnusquisqtte
1513 2309 1654 2337 cvadenda
1668 2317 1732 2338 esse
1745 2315 1774 2338 et
1783 2315 1869 2336 trans-

1069 2356 1170 2389 eunda,
1188 2360 1216 2382 ut
1233 2356 1268 2382 ita
1285 2357 1392 2383 domum
1412 2356 1497 2391 possit
1519 2356 1553 2383 ad
1569 2356 1670 2383 tribum
1688 2356 1792 2391 regiam
1808 2364 1870 2389 per-

1070 2404 1183 2436 venire,
1207 2404 1240 2430 de
1264 2410 1317 2437 qua
1339 2403 1403 2430 dicit
1425 2402 1571 2437 Apostolus
1584 2403 1606 2418 “
1627 2411 1634 2430 :
1659 2411 1669 2428 t
1692 2402 1806 2430 Certtun
1827 2407 1868 2429 est

1070 2453 1160 2476 autem
1185 2449 1258 2483 quod
1271 2456 1302 2476 cx
1316 2448 1383 2476 Juda
1401 2454 1477 2476 ortus
1491 2452 1532 2476 est
1548 2448 1683 2476 Dominus
1699 2453 1801 2476 noster.
1819 2457 1828 2472 ι
1848 2448 1866 2473 Δ

1100 2530 1190 2557 "Jns.
1211 2538 1255 2563 xv,
1280 2531 1306 2558 1.
1346 2531 1367 2546 ⁸⁸
1386 2531 1450 2558 ibid.
1476 2529 1504 2556 5-
1552 2530 1573 2546 °'
1585 2530 1651 2559 ibid.
1664 2531 1694 2559 9.
1735 2530 1759 2546 "
1786 2530 1867 2557 Hebr.

1106 2632 1162 2666 (3'7)
1179 2631 1249 2659 Idem
1265 2641 1270 2658 :
1287 2631 1409 2659 valemus.
1425 2631 1502 2659 Libb.
1518 2632 1596 2664 editi,
1613 2633 1761 2660 valeamus.

1106 2668 1162 2700 (58)
1189 2666 1309 2694 Idumam
1337 2675 1443 2695 νεῖον..
1470 2668 1663 2702 interpretatur
1689 2674 1803 2695 terrena.
1827 2667 1865 2693 Ab

1069 2707 1151 2731 ΠΊΣΠΝ
1173 2707 1254 2728 terra.

1104 2738 1162 2771 ‘59)
1184 2736 1376 2770 Interpretatur
1400 2743 1486 2765 autem
1515 2737 1564 2766 Sin
1588 2739 1759 2766 tcutationes.
1780 2739 1800 2765 Λ
1815 2740 1867 2766 :7.)

1070 2773 1185 2800 tentavit.
