1902 3052
90 101 139 130 917

92 159 189 188 tlnibus
211 163 300 186 autem
327 157 450 185 ldumaeze
475 161 517 185 est
538 157 686 185 desertum.
707 158 791 185 Paulo
814 163 875 184 ante
892 159 912 186 Δ
929 157 997 184 lecto
1010 177 1017 189 ,
1037 157 1070 184 de
1094 164 1146 191 quo
1167 155 1274 183 dicebat
1288 155 1365 183 Jesus
1388 157 1408 172 "
1427 165 1433 182 :

90 205 203 233 diximus
214 204 247 232 de
262 204 369 232 deserto
383 203 430 231 Sin
441 223 449 237 ,
467 203 538 238 quod
554 204 715 231 teutatioucs
736 204 871 238 signiﬁca-

90 256 143 282 ret,
156 255 183 277 et
195 249 254 276 ideo
269 256 379 277 necesse
393 253 436 276 est
450 256 498 276 nos
514 249 629 276 transire
646 255 766 276 eremum
783 254 870 276 tenta-

92 296 200 327 tiouum,
215 299 243 321 ut.
264 295 304 322 sic
325 297 460 328 possimus
483 295 626 329 pervenire
642 295 668 321 in
687 294 871 321 [nereditatem

92 339 203 366 filiorum
216 338 296 366 Juda.
311 338 364 366 Sed
380 344 407 366 et
423 339 572 366 ascendere
589 346 637 366 nos
650 344 757 374 oportet
774 346 871 366 ascen-

92 392 146 412 sum
176 384 283 411 collium
315 384 449 416 Acrabiu,
478 385 549 419 quod
576 385 770 419 interpretatur
800 393 872 412 scor-

89 430 175 464 piones
191 429 258 464 (10).
274 429 444 457 Transeuudi
459 437 524 465 ergo
539 430 618 458 nobis
632 435 696 458 sunt
712 435 739 458 et
752 430 872 458 calcandi

91 475 168 502 etiam
182 474 350 508 scorpiones,
368 473 405 500 illi
421 474 479 501 sine
495 474 576 501 dubio
591 475 623 501 de
636 475 734 509 quibus
749 475 873 503 Salvator

91 519 128 546 ait
141 520 163 535 ⁸³
177 527 185 546 :
203 528 212 545 ι
231 519 299 547 Ecce
314 519 375 547 dedi
386 519 461 546 vobis
474 523 636 554 potestatem
652 520 776 548 calcandi
793 529 874 556 super

93 567 240 595 serpentes,
256 567 282 589 et
295 564 460 598 scorpiones.
478 573 487 590 ι
502 565 552 597 Qui
566 573 629 601 ergo
641 567 712 598 vult,
726 573 752 595 et
764 569 870 597 deside-

93 611 133 632 rat
143 606 245 641 ingredi
258 608 283 634 in
296 608 479 636 hzcreditatem
492 610 576 637 tribus
594 611 678 643 Judaa,
692 618 798 647 oportet
808 622 870 642 eum

91 652 234 679 ascendere
248 654 419 681 ascensiones
430 654 503 686 istas,
516 660 543 683 et
556 656 658 684 calcare
667 662 747 692 atque
758 661 870 688 evadere

91 697 245 731 scorpiones
265 698 309 732 qui
326 699 468 727 obsistunt.
492 700 568 728 Unde
584 702 700 730 arbitror
714 705 783 738 quod
798 705 869 732 istud

92 741 141 767 iter
155 742 243 777 agenti
261 743 396 770 Ezechieli
412 745 550 779 propheta:
563 746 670 780 dicebat
683 747 812 775 Dominus
825 749 847 765 “
860 759 866 776 :

93 795 102 810 ι
118 785 165 812 Fili
180 787 306 819 hominis,
319 788 346 814 in
356 789 445 816 medio
456 790 627 824 scorpionum
643 796 671 819 tu
685 793 798 820 habitas.
811 803 820 819 ›
833 809 868 814 -

91 838 102 854 ι
119 830 151 857 Et
166 835 238 862 sunt,
257 841 266 857 ι
283 832 370 866 inquit
382 833 414 865 ",
435 843 445 859 ι
461 833 528 862 lines
544 842 629 870 usque
642 836 738 865 Cades.
754 847 763 863 ι
781 838 868 866 Gades

87 874 279 910 interpretatur
300 882 418 905 sanctum
439 879 480 906 vel
500 881 673 914 sanctiﬁcatio
698 882 763 917 (41).
788 883 867 912 Fines

85 927 148 955 ergo
161 921 237 948 Indae
251 929 335 956 usque
349 923 382 950 ad
395 924 634 952 sanctiﬁcationem
649 928 820 961 perveniunt.

121 970 148 996 1.
164 970 217 996 Sed
233 970 372 997 videamus
389 971 471 998 etiam
487 972 533 1006 qui
549 972 605 1000 sint
621 972 688 1000 lines
706 980 737 1000 ex
753 972 876 1007 partibus

87 1013 275 1041 oritntalibus.
297 1014 355 1041 Non
374 1023 427 1049 quo
442 1015 520 1043 velim
543 1023 616 1044 nunc
633 1016 753 1044 locorum
773 1017 876 1044 catalo-

88 1066 148 1092 gum
169 1059 278 1093 facere,
294 1061 341 1087 sed
361 1065 388 1088 ut
405 1061 601 1096 mysteriorum
622 1070 681 1097 quae
699 1070 747 1097 per
765 1063 823 1091 hate
839 1064 876 1090 si-

86 1103 259 1138 gniﬁcantur,
273 1110 451 1133 contueantur
462 1105 519 1141 (42)
533 1106 675 1141 imagiueS.
690 1107 795 1135 Dicitur
810 1115 876 1141 ergo

87 1146 121 1174 ab
137 1149 253 1176 orientis
268 1150 390 1185 partibus
404 1151 490 1178 tribus
504 1149 580 1178 Juda:
596 1160 671 1179 mare
685 1159 745 1180 esse
761 1152 874 1183 salsum,

85 1198 113 1219 et
128 1199 190 1227 post
207 1195 257 1222 hoc
273 1195 299 1222 in
320 1201 395 1231 parte
416 1196 475 1232 ejus
492 1198 647 1225 nominatur
669 1197 730 1224 fons
753 1198 834 1229 solis.
849 1202 875 1225 et

86 1238 182 1267 civitas
203 1240 283 1272 solis,
309 1247 336 1269 et
357 1242 382 1269 in
403 1243 497 1270 eadem
516 1243 587 1270 tribu
603 1251 663 1270 esse
678 1243 759 1270 etiam
778 1243 876 1269 civitas

86 1283 247 1312 litterarum.
264 1286 372 1321 Oportet
395 1288 478 1323 igitur
494 1296 602 1316 omnem
623 1288 670 1323 qui
685 1288 742 1315 vult
762 1288 875 1315 introire

86 1329 112 1356 in
136 1336 242 1364 partem
264 1332 381 1360 liliorum
402 1333 489 1368 Juda,
509 1335 624 1362 transire
641 1334 716 1370 prius
730 1342 805 1361 mare
821 1334 874 1361 sal-

84 1382 157 1410 sum,
171 1378 234 1404 vine
248 1379 353 1407 Scilicet
366 1380 447 1415 hujus
460 1381 545 1409 undas
556 1385 583 1408 et
597 1381 719 1408 turbines
733 1388 875 1415 superare.

84 1427 111 1448 et
123 1422 239 1450 evadere
255 1425 343 1451 omnia
358 1432 417 1459 quae
435 1425 461 1452 in
477 1426 527 1453 hoc
541 1426 640 1453 mundo
654 1434 702 1461 pro
715 1427 818 1453 incerto
833 1426 875 1453 sui

84 1464 111 1492 e't
128 1466 233 1495 lubrico
247 1469 360 1496 marinis
377 1469 504 1498 ﬂuctibus
517 1475 714 1505 comparantur
724 1490 732 1501 ,
748 1476 776 1497 ut
790 1470 874 1504 possit

84 1511 118 1538 ad
131 1510 211 1539 Jud:e
224 1517 325 1553 terram
342 1515 494 1548 pervenire,
511 1520 538 1542 et
552 1516 584 1542 ad
599 1515 700 1542 {utilem
717 1515 782 1541 solis
795 1523 875 1541 acce-
888 1508 909 1536 (ἶ

84 1555 158 1584 dere.
174 1557 242 1590 Quis
253 1562 341 1586 autent
354 1566 394 1586 est
406 1559 468 1586 fons
480 1560 557 1593 solis,
570 1560 611 1587 vel
623 1560 699 1594 cujus
711 1559 794 1587 solis?
804 1560 875 1588 illius

83 1599 144 1627 sine
166 1602 250 1628 dubio
261 1622 269 1633 ,
286 1603 319 1629 de
333 1610 388 1637 quo
404 1603 534 1637 scriptum
554 1610 596 1630 est
612 1603 635 1619 “
650 1612 656 1630 :
678 1612 687 1628 ι
706 1603 875 1629 Timentibus

83 1650 176 1672 autem
205 1654 301 1673 nomen
323 1655 409 1674 meum
434 1648 537 1675 orietur
556 1648 596 1675 sol
615 1647 738 1682 jnstitiae.
764 1657 774 1674 ι
793 1647 877 1682 llujns

83 1697 149 1724 ergo
171 1690 253 1723 solis,
274 1692 296 1718 si
319 1693 393 1726 prius
416 1693 536 1721 evaseris
554 1702 629 1720 mare
647 1694 756 1727 salsum,
775 1693 875 1720 fontem

83 1736 209 1763 Invenies
227 1736 251 1763 in
271 1741 344 1764 terra
360 1737 445 1765 Judte.
467 1738 552 1772 Quem
572 1738 693 1766 fontem?
718 1739 790 1766 Illum
816 1746 878 1773 pro-

86 1862 138 1891 Ἐκ
155 1865 218 1906 τξῖιν
237 1865 402 1906 ᾮρέγένρυς
424 1868 468 1906 sic
491 1867 544 1906 τὸγ
564 1869 756 1906 Ἰησοῦν-τὸν
776 1870 873 1906 Ναυῆ.

119 1915 154 1939 τ
173 1901 246 1939 ‘A_m)
259 1901 312 1935 τῆς
327 1905 351 1939 κζ
364 1903 481 1936 ὁμιλίας
497 1903 556 1930 τῶν
568 1901 611 1936 sic
622 1905 674 1930 τὸν
690 1905 807 1939 Ἰησοῦν
823 1901 875 1932 zo'r

119 1935 218 1969 Ναυῆ,
235 1944 301 1970 stega.
318 1936 362 1964 ιε’.

122 1979 157 2006 Ἠ
175 1981 226 2015 μὲν
239 1981 312 2016 ἄκρα
333 1981 450 2016 ὠφέλεια
469 1983 522 2010 ἀπὸ
537 1983 591 2011 τῶν
611 1984 738 2011 τοιούτων
753 1985 877 2019 ἀναγνω-

82 2025 198 2059 σμάτων
213 2026 268 2061 (46)
295 2027 334 2062 τῷ
346 2027 486 2063 δυναμένῳ
497 2029 591 2064 νοῆσαι
607 2030 656 2066 τὴν
673 2030 759 2066 ἀληθῆ
777 2031 875 2066 κληρο-

80 2069 175 2097 δοσίαν
200 2071 255 2098 ἀπὸ
277 2073 363 2107 Ἰησοῦ
389 2074 570 2110 μεριζομένην
594 2077 650 2107 τοῖς
675 2077 741 2108 υὶοτς
771 2077 878 2112 Ἰσραὴλ

606 100 640 127 ΙΝ
658 99 787 127 LIBRL'M
803 99 886 127 JESU
904 99 996 126 NAVE
1011 98 1152 126 liOMlLlA
1174 97 1230 125 XX.

1649 76 1728 126 om;

1464 165 1472 181 ι
1492 156 1542 189 Qui
1564 161 1654 183 autem
1671 157 1712 184 bi-

923 205 992 232 berit
1007 206 1039 231 de
1050 211 1119 237 aqua
1135 210 1214 237 quam
1229 209 1279 236 ego
1293 201 1328 228 do
1341 201 1385 234 ei,
1411 201 1458 228 ﬁet
1473 201 1499 228 in
1515 209 1547 228 eo
1561 201 1622 228 l‘ons
1637 209 1712 236 aqua:

923 249 1048 278 salientis
1063 249 1089 275 in
1099 249 1183 275 vitam
1197 252 1339 275 aeternam.
1353 256 1366 273 ι
1379 247 1464 281 Hujus
1477 247 1560 280 igitur
1571 247 1637 274 solis
1651 255 1711 274 cum

923 296 1004 323 talem
1022 294 1130 329 qualem
1154 294 1271 321 diximus
1294 293 1430 320 inveneris
1455 293 1572 326 fontem,
1593 292 1714 319 invenies

907 327 1004 368 .etiam
1013 327 1150 368 civitatem
1166 339 1233 373 ejus.
1252 349 1261 365 ι
1279 339 1326 366 Est
1335 339 1407 366 enim
1417 359 1424 371 ,
1439 339 1525 373 inquit
1540 339 1578 370 °',
1593 338 1628 365 ibi
1637 342 1666 366 et
1675 338 1714 365 ci-

923 388 993 414 vitas
1006 386 1081 413 solis.
1099 394 1108 411 »
1128 385 1231 412 Dicitur
1241 389 1268 412 et
1286 386 1311 412 in
1324 384 1441 420 Egypto
1455 385 1550 411 civitas
1569 384 1642 412 solis.
1659 383 1712 410 Sed

924 433 974 460 ista
989 432 1086 459 civitas
1101 438 1161 465 qure
1176 431 1203 457 in
1216 430 1332 465 Egypto
1346 435 1403 462 est.
1425 429 1503 463 hujus
1522 429 1588 456 solis
1610 435 1709 455 nomen

924 477 1040 511 accepit,
1055 483 1134 510 quem
1152 475 1232 502 Pater
1244 475 1362 502 ctelestis
1383 474 1460 507 jubet
1480 474 1545 501 oriri
1562 481 1644 508 super
1662 472 1711 499 bo-

924 530 974 550 nos
994 525 1022 550 et
1043 522 1138 549 malos.
1164 521 1210 548 llla
1232 528 1298 548 vero
1319 520 1416 547 civitas
1430 527 1489 554 quae
1505 520 1530 546 iu
1544 518 1635 546 Judzca
1653 522 1711 549 est,

924 573 1079 596 sanctorum
1097 566 1285 594 tantummodo
1303 565 1439 596 efﬁcitur,
1460 566 1521 599 quia
1546 565 1642 591 civitas
1665 563 1711 590 Dei

924 619 976 641 est.
1005 614 1036 641 Et
1055 614 1115 640 fons
1137 613 1181 639 ille
1200 613 1231 639 de
1247 619 1301 645 quo
1319 611 1444 645 superius
1462 610 1595 641 diximus,
1617 608 1714 635 ﬂuvius

924 658 1036 686 cﬂ‘ectus
1050 663 1091 685 est
1107 657 1245 684 ltetilicans
1261 655 1317 690 (4’5)
1333 655 1470 682 civitatem
1488 655 1545 681 Dei.
1561 654 1614 681 Sed
1635 659 1663 680 et
1686 658 1713 680 tu

925 706 948 732 si
965 713 997 732 ex
1014 704 1087 731 omni
1107 707 1184 738 parte
1197 701 1317 728 munitus
1332 701 1387 733 sis,
1407 705 1435 728 et
1451 700 1624 728 continentiae
1638 707 1715 726 muro

926 750 1127 782 circumdatus,
1149 749 1171 776 si
1188 748 1327 782 sapientia:
1343 751 1370 774 et
1385 745 1616 778 magnanimitatis
1635 744 1716 771 turri-

928 795 975 823 bus
995 795 1173 823 conﬁr'matus
1193 801 1222 820 es
1233 814 1241 826 ,
1257 794 1338 820 etiam
1359 796 1385 819 tu
1403 792 1532 819 el'licieris
1545 791 1639 818 civitas
1656 791 1713 817 Dei.

891 827 912 854 Β
927 840 955 867 Si
976 847 1040 867 vero
1063 840 1096 866 ad
1126 840 1182 865 haec
1202 838 1294 864 onmia
1319 837 1452 871 adieceris
1473 836 1519 864 tibi
1541 835 1661 863 scientia:
1676 835 1716 861 lu-

927 893 987 913 tuen
999 906 1006 918 ,
1026 885 1095 913 sicut
1106 885 1173 912 dixit
1187 883 1270 910 Isaias
1283 883 1325 909 5’:
1342 891 1352 908 ι
1372 882 1524 909 llluminate
1538 881 1614 908 vobis
1625 880 1715 908 lumen

926 932 1058 964 scientias,
1077 941 1087 957 ι
1104 936 1131 958 et
1154 931 1194 958 sol
1220 935 1244 958 te
1269 929 1380 964 iustitiae
1405 927 1572 960 radiaverit,
1587 926 1717 952 etlicicris

926 979 1008 1006 etiam
1024 982 1051 1004 tu
1067 977 1166 1004 civits
1184 976 1261 1009 solis,
1275 975 1317 1003 vel
1334 975 1470 1002 civitatem
1489 973 1555 1000 solis
1570 976 1645 1000 sorte
1661 973 1716 999 lite-

927 1022 1050 1049 reditatis
1067 1021 1193 1056 accipies.
1214 1021 1267 1048 Sed
1290 1024 1318 1047 et
1340 1018 1362 1045 si
1384 1024 1409 1045 tc
1426 1018 1571 1046 tradideris
1590 1017 1639 1050 legi
1657 1017 1725 1047 Dei,

926 1072 953 1095 et
978 1067 1004 1095 in
1031 1067 1087 1101 ipsa
1114 1065 1290 1094 meditaberis
1309 1065 1367 1101 (M)
1386 1066 1429 1092 dio
1446 1072 1479 1092 ac
1501 1069 1594 1094 nocte,
1613 1068 1641 1089 ut
1663 1070 1727 1089 noni

928 1112 1036 1140 recedat
1059 1112 1128 1139 liber
1150 1111 1219 1147 legis
1240 1112 1273 1138 de
1293 1118 1376 1137 manu
1394 1115 1455 1142 tua,
1476 1110 1545 1136 sicut
1564 1108 1663 1135 dicitur
1682 1107 1716 1133 ad

926 1158 1017 1186 Jesum
1028 1177 1035 1190 ,
1048 1162 1076 1185 et
1092 1158 1115 1184 si
1132 1164 1235 1185 memor
1253 1157 1291 1184 sis
1305 1157 1434 1192 praecepti
1454 1155 1606 1183 Salvatoris
1623 1154 1648 1180 iu
1661 1159 1720 1188 quo.

926 1203 965 1230 ait
981 1210 987 1228 :
1000 1211 1009 1227 ι
1023 1200 1187 1229 Scrutamini
1200 1200 1436 1234 ScripturasHS);
1450 1209 1461 1225 ι
1471 1199 1567 1233 siergo
1577 1198 1678 1225 talibus
1691 1201 1730 1223 te.

927 1243 1025 1270 studiis
1045 1242 1261 1277 mancipaveris,
1279 1246 1306 1269 et
1323 1242 1505 1269 eruditionem
1526 1241 1591 1275 legis
1607 1240 1717 1271 divinae,

927 1289 968 1316 vel
981 1289 1095 1324 legendo
1106 1308 1114 1320 ,
1130 1287 1172 1315 vel
1182 1287 1319 1315 audiendo
1334 1288 1484 1315 obtinueris
1495 1307 1504 1320 ,
1517 1291 1568 1314 tute
1586 1287 1718 1321 portiouis

926 1333 1060 1361 efﬁcietur
1071 1333 1166 1360 civitas
1180 1332 1346 1360 litterarum.
1362 1331 1396 1358 Et
1411 1332 1467 1358 hac
1479 1331 1588 1366 quidem
1601 1338 1650 1358 nos
1665 1338 1713 1365 pro

926 1379 1110 1415 possibilitate
1125 1386 1222 1406 sensus
1235 1378 1340 1410 nostri,
1355 1377 1397 1404 vel
1414 1377 1495 1405 etiam
1512 1384 1561 1411 pro
1575 1376 1656 1404 vestri
1672 1383 1719 1402 au-

927 1425 1001 1453 ditus
1014 1424 1165 1459 capacitate
1175 1424 1352 1452 discussimus
1365 1431 1373 1451 ς
1386 1429 1492 1449 summa
1505 1429 1570 1448 vero
1584 1422 1717 1453 scientiae.

926 1474 950 1496 ct
974 1469 1133 1504 profundior
1152 1475 1186 1496 ac
1203 1467 1322 1496 lucidior
1339 1468 1437 1494 horum
1454 1466 1631 1501 intelligentia
1647 1467 1718 1501 apud

927 1515 987 1542 illos
1003 1515 1071 1546 erit.
1091 1513 1137 1548 qui
1155 1521 1246 1541 veram
1263 1513 1449 1540 haereditatem
1476 1513 1530 1539 veri
1547 1516 1574 1538 et
1587 1512 1716 1547 unigeniti

929 1558 988 1586 Filii
1009 1559 1066 1590 Dei,
1078 1566 1138 1594 qua:
1152 1558 1317 1594 repromissa
1332 1562 1373 1584 est
1388 1557 1422 1584 iis
1432 1576 1439 1589 ,
1452 1557 1499 1591 Qui
1518 1564 1579 1584 eum
1597 1557 1718 1591 perfecte

927 1605 1072 1631 dilexeriut
1086 1624 1093 1636 ,
1121 1604 1252 1639 consequi
1279 1604 1456 1631 merebuntur
1479 1603 1505 1630 in
1527 1603 1636 1630 Chrism
1654 1601 1718 1630 Jesu

931 1649 1045 1676 Domino
1065 1655 1170 1682 nostro,
1186 1649 1228 1676 cui
1249 1653 1291 1676 est
1310 1649 1394 1685 gloria
1410 1653 1436 1675 et
1454 1648 1595 1683 imperium
1616 1648 1642 1674 in
1663 1655 1717 1675 san-

931 1694 991 1721 cula
1007 1694 1178 1722 sreculorum.
1196 1694 1291 1721 Amen.

928 1870 1009 1906 M2
1021 1870 1060 1897 Ex
1072 1871 1190 1905 Origem's
1199 1871 1428 1906 toritmentariisin
1436 1870 1527 1897 .lesum
1540 1870 1622 1906 Nape.
1632 1883 1667 1890 —
1676 1869 1721 1897 Em

1045 1906 1152 1932 ltomttia
1166 1905 1201 1932 20
1217 1906 1244 1932 in
1258 1904 1350 1932 Iesum
1371 1905 1459 1939 Nave,
1475 1913 1531 1937 cup.
1557 1904 1601 1931 i5.

965 1982 1077 2009 Summa
1093 1982 1194 2009 utilitas
1206 1982 1241 2009 ab
1252 1982 1386 2017 ejusmodi
1401 1982 1516 2009 lectione
1530 1981 1564 2009 ad
1574 1989 1635 2009 eum
1650 1989 1712 2017 per-

930 2028 1020 2060 venit.
1035 2029 1079 2062 qui
1096 2036 1186 2055 veram
1201 2033 1279 2055 terra!
1293 2027 1511 2055 distributionem
1529 2035 1544 2055 ιι
1561 2027 1624 2056 Jesu
1641 2027 1716 2055 Nave

932 2073 1033 2100 factam
1046 2074 1109 2100 filiis
1128 2073 1210 2100 Israel
1227 2072 1376 2107 intelligere
1388 2078 1494 2108 potest,
1506 2078 1534 2101 et
1546 2074 1579 2100 ad
1593 2081 1654 2100 eum
1669 2075 1723 2108 qui.

81 2116 202 2150 γίνεται,
216 2119 262 2144 καὶ
279 2119 318 2154 τῷ
334 2119 382 2154 οἴῳ
402 2128 431 2146 τε
450 2121 588 2156 γενομένῳ
606 2122 737 2157 ἀναϐῆναι
762 2123 807 2149 ἐπὶ
828 2122 869 2158 τὴι

931 2120 1017 2154 potuit
1039 2120 1186 2147 ascemlere
1212 2119 1238 2146 in
1267 2124 1367 2146 terram
1390 2124 1531 2152 sanctam,
1555 2127 1666 2150 veram.
1689 2125 1718 2146 et

81 2161 134 2196 γῆν
147 2162 198 2197 τὴν
216 2162 306 2196 ἁγίαν,
321 2163 370 2198 τὴν
384 2164 523 2200 ἀληθινὴν,
538 2166 588 2202 τὴν
602 2166 686 2197 ὅντως
699 2167 815 2202 ἀγαθὴν.
831 2168 877 2194 καὶ

81 2208 241 2243 ἐφαρμόσαι
265 2210 296 2236 ἐκ
311 2210 359 2245 τῆς
374 2211 519 2246 ὀνομασίας
538 2212 593 2238 τῶν
604 2213 755 2248 εἰρημένων
770 2215 802 2249 τῇ
818 2214 876 2240 δια-

81 2255 155 2289 φορᾷ
171 2254 228 2282 τῶν
240 2255 478 2291 κληρονομούντων
498 2257 532 2284 τὰ
555 2258 625 2284 κατὰ
646 2259 708 2290 τοὺς
722 2259 821 2290 τόπους
836 2259 882 2285 λε-

875 2316 897 2332 “
920 2315 1035 2342 Malach.
1052 2323 1087 2346 Iv.
1101 2315 1128 2342 2.
1165 2315 1186 2330 '7
1198 2313 1276 2341 Joan.
1291 2322 1333 2347 tv,
1351 2314 1395 2346 15,
1413 2314 1458 2341 11.

118 2312 142 2327 τ’
156 2312 226 2342 an,
241 2320 271 2344 Χ,
287 2313 330 2340 19.
368 2314 497 2342 “Ezech.
523 2323 553 2347 ll,
573 2317 599 2343 ϐ.
637 2316 659 2331 ⁸⁸
673 2315 729 2342 ius.
747 2324 789 2347 xv,
811 2316 836 2342 1.

82 2345 105 2362 ⁸³⁵
129 2348 214 2374 Osee.
234 2355 261 2378 tt.
284 2349 324 2376 12.

118 2395 179 2429 (40)
206 2396 331 2436 Anubin,
355 2396 424 2431 quod
446 2398 634 2432 interpretatur
652 2398 810 2433 scorpiones.
834 2398 875 2425 Ab

79 2435 164 2474 21Fy
181 2435 295 2464 scorpio.

120 2477 179 2510 tu)
195 2476 281 2503 Cede:
302 2478 488 2512 interpretatur
498 2483 619 2505 sanctum
637 2479 675 2506 uel
689 2478 875 2512 sanctiﬁcatio.

81 2512 104 2539 Α
119 2517 187 2550 trrp
203 2516 322 2538 sanctum
335 2521 400 2541 esse.

119 2557 179 2592 (12)
201 2556 267 2592 Mss.
296 2563 476 2586 contueantur.
494 2559 570 2587 Libb.
588 2560 651 2586 editi
670 2570 676 2587 :
693 2565 874 2588 contueantur.

117 2591 179 2629 (ζῆ)
199 2591 319 2629 [iterque
337 2593 508 2621 Ehroicensis
525 2602 530 2620 :
548 2595 654 2629 alit-ctus
670 2596 798 2628 la'tt/tcat.

132 2627 179 2659 Η)
202 2625 282 2654 Utnts
295 2628 402 2655 Eliroic.
419 2629 561 2655 meditaris.

95 2660 181 2701 “(4:3)
204 2660 242 2701 λιι
267 2663 374 2701 quo_uit
397 2671 406 2689 :
421 2664 583 2701 Scrutamini
599 2663 758 2701 Scriptnras.
778 2665 838 2691 llmc
852 2665 877 2691 in

84 2696 153 2724 libb.
173 2696 258 2723 editis
273 2696 374 2724 Omissa
389 2699 494 2732 supplet
511 2707 579 2726 unus
593 2696 675 2726 codex
694 2699 876 2726 Eliroicensis.

120 2742 181 2776 (i6)
309 2742 368 2779 τῷν
397 2743 537 2770 τοιούτων
561 2744 811 2779 ἀναγνωσμάτων.
844 2745 877 2772 Et

82 2784 149 2805 mox
177 2788 183 2805 ε
208 2775 361 2812 Βουλόμεθα
378 2775 629 2814 παραμυθήσασθαί
648 2775 709 2812 τούξ
732 2779 877 2811 ἀκούοντας

931 2174 995 2193 vere
1006 2167 1113 2198 bonum,
1125 2170 1152 2193 et
1163 2173 1194 2192 ex
1205 2165 1388 2200 appellatione
1400 2174 1494 2193 eorum
1507 2174 1566 2201 qua:
1579 2167 1718 2197 dicuntur,

930 2211 1045 2238 diversis
1066 2211 1257 2245 sortientibus,
1276 2218 1336 2245 quae
1353 2212 1386 2239 de
1405 2211 1518 2246 singulis
1535 2211 1602 2238 locis
1617 2219 1718 2238 memo‘

939 2263 1044 2289 rantur,
1060 2258 1274 2284 accommodare.
1289 2257 1342 2285 Sed
1358 2258 1484 2292 quoniam
1498 2258 1608 2285 difﬁcile
1620 2263 1662 2285 est
1678 2258 1718 2284 in.-

1497 2314 1519 2330 ⁸⁸
1538 2314 1593 2342 Jos.
1615 2322 1660 2347 xv,
1673 2314 1716 2342 l0.

931 2396 969 2433 μὴ
984 2394 1111 2433 ἐκκακεῖν
1134 2396 1180 2433 {ut
1193 2397 1261 2433 νταῖς
1275 2396 1452 2433 ἀναγνώσεσι.
1471 2397 1518 2433 Ti;
1532 2395 1577 2423 οὖν
1587 2398 1609 2433 ῄ
1630 2404 1716 2433 παρα-

931 2431 1015 2468 μυθία
1028 2432 1095 2467 ὑπὲρ
1107 2431 1157 2468 τοῦ)
1169 2432 1206 2467 μὴ
1216 2433 1345 2468 ἐκχακεῐν
1368 2432 1413 2468 [ev
1425 2431 1619 2468 dxodqvcafrtiiy
1633 2431 1717 2468 τριού-
1736 2438 1738 2441 '

930 2465 982 2494 ὲων
996 2465 1226 2501 ἀναγνώσμάὲων,
1243 2467 1361 2494 λεκτέον.
1375 2467 1406 2493 Ει
1419 2475 1489 2501 saepe
1506 2466 1630 2493 lectionis
1643 2465 1717 2492 Scri-

931 2507 1018 2536 liturae
1045 2503 1210 2529 mentionem
1236 2502 1300 2528 facit
1323 2502 1374 2528 hoc
1396 2502 1482 2535 capite
1504 2511 1511 2528 :
1535 2501 1631 2535 prisca:
1646 2502 1717 2526 enim

929 2536 1058 2564 Ecclesiae
1077 2544 1107 2562 ea
1130 2537 1297 2564 consuetudo
1326 2536 1392 2567 fuit,
1415 2543 1443 2562 ut
1467 2536 1562 2570 populo
1581 2536 1614 2562 ad
1640 2543 1717 2562 saeta

930 2577 1023 2599 coacto
1038 2576 1127 2605 partes
1140 2573 1269 2605 quasdam
1289 2571 1436 2605 Scripturte
1451 2571 1570 2605 pra-legi,
1586 2575 1611 2597 et
1627 2578 1641 2596 a
1656 2578 1715 2596 con-

930 2608 1069 2633 cionatore
1091 2607 1187 2639 exponi
1211 2611 1318 2633 curaret
1344 2606 1497 2639 episcopus.
1526 2607 1656 2633 HUETIUS.
1685 2620 1713 2624 —

935 2640 998 2667 Vide
1014 2642 1039 2667 in
1049 2648 1123 2674 :uper
1139 2648 1217 2668 notas
1231 2642 1263 2668 ad
1276 2641 1404 2675 Origeuis
1417 2641 1554 2667 homilinm
1568 2641 1600 2667 de
1618 2641 1703 2674 i’ytlio

931 2677 1001 2703 nissa
1023 2676 1032 2702 I
1050 2675 1115 2709 Reg.
1143 2684 1238 2703 xxvm.
1258 2675 1315 2702 Mox
1328 2674 1486 2702 ’Pltilocalirt
1505 2683 1554 2702 ms.
1575 2683 1649 2702 recte
1666 2676 1712 2702 Ita-

929 2711 972 2751 ln~t
986 2711 1025 2746 τῷ
1037 2710 1178 2746 δυναμένῳ
1190 2711 1294 2747 νοῆσαι.
1311 2710 1385 2738 Libri
1400 2710 1464 2738 editi
1475 2730 1483 2744 ,
1495 2710 1549 2737 τῶν
1562 2710 1719 2747 δυναμένων

927 2753 1032 2782 Vincat.
