1902 3052
211 119 263 147 9|!)

211 185 307 205 venire
318 198 326 210 ,
341 178 386 213 qui
403 183 505 205 tantum
522 178 610 212 capiat
625 177 752 205 utilitatis
765 196 772 208 ,
796 176 936 204 adhortari
952 183 999 203 vo-

211 223 302 251 lumus
322 224 480 256 audientes,
498 231 530 250 ne
553 224 670 250 animum
697 223 768 250 inter
790 223 933 257 legendum
952 223 999 248 de-

212 268 373 303 spondeant.
397 267 536 301 Quodnam
563 268 643 302 igitur
665 267 791 295 solatium
809 268 855 298 sit.
881 275 915 294 ne
936 273 999 294 sue—

211 313 341 347 cumbat,
358 313 406 347 qui
421 313 445 339 ei
465 313 572 340 lectioni
588 313 712 346 interest,
727 313 878 340 dicendum.
899 313 998 346 Quem-

212 357 356 383 admodum
382 357 462 391 igitur
491 358 612 384 carmina
640 358 692 385 vim
719 357 865 392 quamdam
899 358 998 384 habent

211 402 331 434 insitam,
345 406 426 436 utque
438 402 596 436 imprudens
606 403 707 437 aliquid
721 411 736 429 a
751 403 873 430 carmine
887 402 997 436 accipit,

209 447 256 482 qui
270 447 432 480 incantatur,
442 455 473 474 ea
487 448 614 475 nimirum
627 453 668 476 est
683 453 779 476 natura
795 456 922 475 sonorum
937 455 997 475 car-

210 492 306 525 minis,
322 492 379 519 sive
390 493 417 519 iu
433 493 561 520 damnum
572 514 579 525 ,
592 494 650 520 sive
663 493 696 520 ad
713 494 856 520 sanitatem
871 493 996 527 corporis

209 537 250 564 vel
276 537 359 564 animi
379 539 420 565 sui
444 547 451 564 :
476 539 515 565 sic
534 539 612 566 velim
631 539 771 566 existimes
786 539 859 566 omni
874 539 995 566 carmine

209 584 389 616 potentiorem
410 591 471 611 esse
491 584 719 618 signiﬁcationem
738 585 876 611 nominum
897 584 996 611 divina:

208 629 370 664 Scriptum.
394 631 464 656 Sunt
485 631 558 657 enim
580 631 702 664 quaedam
723 630 750 656 in
767 630 846 657 nobis
861 630 993 663 virtutes,

207 683 323 709 quarum
345 684 406 710 qua:
428 677 555 703 meliores
575 681 658 708 sunt,
681 683 729 710 per
750 676 808 704 haec
831 677 911 704 veluti
932 686 993 705 car-

207 719 291 753 mina,
304 720 403 754 quibus
415 729 475 748 cum
491 726 611 755 cognata:
626 726 708 755 atque
723 721 817 749 aﬁines
836 724 900 754 sint,
916 723 995 750 alun-

205 770 265 798 tur,
288 766 366 793 nobis
385 774 438 793 non
454 767 665 800 percipientibus
681 767 796 794 virtutes
812 767 993 802 intelligenles

204 817 236 837 ea
247 818 306 844 qua:
321 811 466 842 dicuntur,
491 812 654 846 potentiores
669 813 695 838 in
712 812 791 839 nobis
809 812 867 838 ﬁeri
883 813 915 839 ad
932 813 993 839 vita:

206 860 306 883 nostra:
323 856 472 883 subsidium
492 862 574 891 atque
594 856 793 890 atljumeutum.
813 857 877 884 Esse
895 859 993 893 quippe

206 902 234 928 in
259 902 354 934 nobis,
372 910 431 936 qua:
448 911 500 929 non
518 903 677 934 videantur,
694 911 780 937 eaque
797 903 880 930 multa
893 923 901 935 ,
922 904 993 930 indi-

204 947 275 974 cabit
289 947 407 982 psaltnns
424 948 468 982 qui
485 948 550 975 dicit
566 949 588 965 "°
604 956 611 976 :
635 958 643 974 ι
665 948 790 980 Benedic,
812 949 900 975 anima
921 957 992 982 mea,

206 992 329 1025 Domino,
346 997 374 1019 et
386 993 477 1019 omnia
491 1000 552 1028 qua),
567 994 638 1020 intra
651 1001 694 1020 me
708 998 772 1020 sunt
782 993 885 1020 nomini
897 999 992 1020 sancto

203 1037 272 1070 ejus.
299 1047 309 1063 ι
328 1037 398 1065 Sunt
414 1038 499 1072 igitur
514 1039 540 1065 in
559 1038 637 1065 nobis
650 1038 772 1073 plurima:
789 1038 920 1071 virtutes,
933 1046 993 1073 qua:

203 1083 286 1110 veluti
310 1085 455 1112 sortitione
475 1086 580 1111 animas
602 1089 711 1112 nostras
726 1090 753 1112 et
772 1092 886 1119 corpora
905 1086 992 1119 possi-

201 1129 282 1162 dent,
299 1137 369 1164 quaa,
389 1131 410 1157 si
424 1135 526 1157 sancta:
547 1130 618 1162 sint,
643 1130 760 1158 lectione
781 1131 930 1166 Scriptura:
946 1131 992 1164 ju-

201 1180 317 1208 vautur,
338 1180 365 1203 et
393 1176 538 1203 validiores
554 1176 640 1208 ﬁniit;
658 1176 710 1203 etsi
734 1183 808 1204 tinens
825 1182 917 1204 nostra
933 1176 991 1204 l'ru-

200 1228 272 1248 ctum
300 1230 352 1248 non
375 1222 488 1253 sentiat,
511 1221 739 1255 quemadmodum
754 1221 886 1256 scriptum
900 1227 940 1249 est
957 1222 989 1250 de

200 1276 243 1299 eo,
257 1267 300 1302 qui
316 1267 406 1302 lingua
417 1266 566 1301 loquitur"
584 1275 611 1293 :l
627 1266 694 1299 Quia
706 1266 818 1301 spiritus
830 1275 906 1294 meus
917 1271 988 1300 orat,

201 1320 276 1338 tut-ns
288 1317 378 1338 autem
391 1319 448 1338 mea
461 1311 519 1338 sine
529 1310 617 1338 fructu
627 1315 678 1338 est.
691 1321 701 1338 ι
716 1312 810 1347 Cogita
825 1312 916 1347 igitur,
927 1320 987 1340 cum

200 1357 347 1392 aliquando
369 1365 444 1385 meus
462 1363 556 1385 nostra
574 1357 693 1384 fructum
709 1365 763 1385 non
781 1359 912 1392 percipit,
932 1359 987 1386 vir-

201 1408 273 1430 tutes
286 1410 346 1437 quae
355 1402 446 1429 animo
458 1407 486 1429 et
499 1402 584 1429 tnenti
599 1407 627 1429 el
640 1403 720 1430 nobis
728 1403 854 1430 omnibus
867 1403 988 1430 subsidio

199 1452 262 1474 sunt
273 1467 280 1479 ,
296 1447 346 1474 hoc
359 1447 525 1479 rationabili,
538 1447 608 1481 quod
622 1454 637 1474 a
652 1448 740 1475 sacris
753 1448 852 1475 litteris
865 1453 894 1475 et
905 1449 988 1475 tienti-

199 1493 279 1519 nibus
286 1498 338 1525 est,
350 1493 517 1520 nutrimento
528 1493 649 1524 educari,
659 1497 686 1519 et
693 1493 820 1520 educatas
828 1492 886 1519 ﬁeri
896 1493 928 1520 ad
936 1500 986 1520 nos

195 1537 330 1571 iuvandos
337 1539 510 1572 potentiores.
518 1538 553 1566 Ut
561 1538 643 1573 igitur
651 1537 775 1566 meliores
783 1539 896 1566 virtutes
902 1539 985 1567 veluti

199 1585 403 1620 permulcentur
413 1590 440 1612 et
451 1584 590 1618 juvantur,
607 1584 729 1619 ﬁuntque
742 1592 789 1620 per
797 1586 928 1620 ejusmodi
943 1587 986 1614 bt-

197 1630 278 1667 m
295 1636 366 1657 teras
381 1635 409 1657 et
431 1631 540 1658 nomina
563 1631 748 1665 potentiores;
766 1632 805 1659 sic
822 1633 986 1660 adversaria:
1001 1643 1005 1647 -

200 1679 226 1703 iu
243 1676 320 1704 nobis
338 1677 452 1704 virtutes
490 1676 592 1703 divinis
615 1676 784 1703 carminibus
803 1677 984 1710 deducuntur,

199 1728 226 1750 ut
247 1723 283 1750 ita
301 1723 399 1753 dicunt,
418 1726 445 1749 et
462 1722 619 1756 vincuntur,
638 1726 666 1749 et
680 1722 758 1749 victa:
779 1722 921 1757 sopiuntur
935 1732 942 1750 :
958 1729 985 1751 et

197 1770 219 1796 si
238 1769 298 1803 quis
316 1776 433 1803 unquam
452 1773 574 1795 nostrum
598 1768 667 1795 vidit
687 1768 853 1796 carminibus
869 1770 983 1804 sopitam

197 1816 329 1849 aspidem,
356 1821 401 1842 aut
423 1815 494 1842 aliud
512 1822 527 1842 e
544 1814 696 1847 venenatis,
715 1814 779 1841 illud
801 1821 923 1843 assumat
950 1816 984 1844 ad

197 1861 366 1895 Scripturam
380 1860 534 1894 exemplum
548 1868 555 1887 :
568 1867 627 1895 quae
647 1860 669 1887 si
692 1860 799 1894 legatur
815 1868 865 1887 nec
884 1861 985 1888 intelli-

196 1911 287 1941 gatur,
303 1908 438 1934 interdum
464 1907 616 1942 languescit
636 1911 664 1934 et
689 1907 840 1934 succumbit
858 1908 982 1940 auditor;

195 1958 223 1980 et
237 1953 330 1980 credat
354 1961 414 1988 qua:
434 1953 460 1979 in
476 1959 505 1980 se
520 1957 584 1978 sunt
600 1951 718 1986 aspides,
735 1955 762 1978 et
780 1959 839 1986 qua:
858 1952 884 1978 in
901 1959 929 1979 se
945 1953 985 1979 vi-

195 2006 277 2033 perae,
296 1998 488 2026 imbecilliores
513 1997 572 2025 ﬁeri
597 1998 802 2025 medicamentis
817 1998 982 2030 curantium,

195 2045 422 2079 quemadmodum
440 2052 454 2071 a
469 2043 593 2078 sapiente
608 2043 691 2076 Hose,
708 2051 723 2070 a
741 2043 862 2078 sapiente
878 2043 950 2076 .lesu,
967 2053 982 2071 a

196 2091 364 2125 sapientibus
392 2090 494 2117 sanctis
520 2089 670 2124 prophetis.
696 2089 754 2116 Non
779 2090 861 2123 igitur
891 2090 982 2118 animo

197 2137 386 2171 langueamus,
403 2143 463 2163 cum
477 2135 603 2162 auditnus
615 2135 774 2169 Scripturas
788 2143 855 2170 quas
871 2143 924 2163 που
940 2137 982 2163 in-

198 2184 354 2217 telligimus,
373 2182 420 2210 sed
436 2182 482 2209 ﬁat
496 2182 575 2209 nobis
589 2182 738 2209 secundum
753 2181 832 2209 [idem
847 2187 980 2216 nostram,
999 2196 1022 2224 Β

196 2237 250 2265 qua
273 2234 301 2257 et
322 2229 456 2256 credimus
473 2228 536 2261 quia
564 2237 573 2254 ι
587 2228 677 2254 omnis
689 2228 829 2261 Scriptura
854 2228 982 2255 divinitus

197 2277 326 2311 inspirata
341 2276 413 2303 utilis
423 2281 465 2302 est
474 2275 507 2300 7’.
515 2284 524 2300 ι
536 2275 657 2302 Alterum
664 2275 735 2302 enim
749 2282 764 2302 e
774 2275 879 2302 duobus
887 2275 983 2302 admit-

197 2328 254 2349 tt-re
273 2328 298 2349 te
317 2325 424 2356 oportet
440 2321 465 2348 iu
489 2321 521 2348 iis
537 2320 698 2354 Scripturis,
711 2320 752 2347 vel
766 2328 818 2348 non
835 2328 895 2348 esse
909 2321 980 2348 divi-

197 2368 270 2394 niltts
282 2368 368 2399 datas.
384 2367 515 2401 siquidem
530 2366 609 2393 utiles
626 2374 678 2392 non
693 2371 765 2397 sunt,
781 2371 810 2393 ut
828 2367 981 2400 suspicetur

196 2414 294 2448 aliquis
313 2412 431 2440 iulidelis
446 2422 452 2439 :
469 2413 509 2438 vel
527 2417 556 2439 ut
576 2412 662 2439 ﬁdelis
680 2411 806 2443 admitte,
821 2412 884 2446 quia
903 2411 982 2439 utiles

195 2466 268 2493 sunt,
285 2460 416 2487 divinitus
427 2467 487 2486 esse
497 2459 582 2486 datas.
591 2457 738 2485 Sciendum
751 2462 793 2484 est
807 2457 891 2492 igitur
903 2457 981 2484 nobis

196 2515 245 2535 nec
258 2507 439 2534 sentientibus
461 2512 579 2540 persaape
601 2504 743 2531 utilitatem
764 2504 865 2536 venire,
885 2510 982 2537 quem-

195 2553 339 2579 admodum
367 2560 438 2586 διξερε
463 2552 554 2579 cibum
577 2550 694 2584 aliquem
718 2556 826 2576 sumere
852 2548 981 2583 jubentur

194 2599 323 2626 amentiis
341 2598 437 2631 oculis,
454 2597 568 2625 necdum
588 2601 677 2623 tamen
698 2595 724 2622 in
741 2602 774 2622 eo
798 2595 929 2622 sumendo
943 2594 982 2622 le-

249 2669 272 2685 ”
293 2669 364 2697 l'sal.
381 2677 430 2698 cn.
447 2670 472 2696 1.

233 2743 288 2776 (47)
311 2743 454 2769 I’Iu'locnlia
471 2750 534 2773 ηις..
548 2741 577 2767 τὸ
592 2739 702 2776 πνεῦμά
714 2747 785 2776 μου.»
797 2739 873 2776 Libb.
887 2740 953 2776 editi
971 2749 978 2767 :

233 2774 290 2810 (ιδ)
306 2777 435 2804 Ι⁹ΙιίΙυι·‹ι1.
451 2786 501 2804 tus.
518 2776 571 2803 ἀπὸ
586 2776 648 2810 τῶν.
662 2774 740 2801 Libb.
754 2774 818 2801 editi
834 2775 905 2810 ipﬁb
919 2775 985 2801 τῶν.

955 113 1116 143 ORIGENIS

512 2668 533 2685 τί
556 2667 642 2694 lCor.
659 2674 715 2699 xw,
733 2666 776 2693 M.
815 2666 868 2693 7'll
896 2666 966 2694 Tim.
992 2675 1031 2699 Ill,
1047 2666 1091 2694 16.

1788 112 1841 139 920

1014 176 1038 204 Α
1051 174 1155 209 γόμενα
1166 182 1172 188 ·
1187 173 1248 201 ἐπεὶ
1261 173 1289 200 δὲ
1301 172 1428 199 δύσκολόν
1439 172 1512 198 ἐστιν
1522 172 1613 207 εὑρεῖν
1623 171 1667 199 τὸν
1681 171 1842 206 οὖτωςώφεμ

1051 220 1188 256 λούμενον,
1205 219 1355 254 βουλόμεθα
1376 218 1625 254 παραμυθήσασθαι
1647 219 1710 250 τοὺς
1729 219 1842 246 ἀκούον-

1049 273 1098 297 τας
1115 265 1152 300 μὴ
1172 266 1300 291 ὲκκακεῖν
1330 263 1377 290 ἐπὶ
1401 264 1461 295 ταῖς
1487 263 1666 297 ἀναγνώσεσι.
1693 265 1742 296 Τίς
1760 263 1839 300 οὖνὴ

1048 311 1209 347 παραμυθία
1220 311 1290 345 ὑπὲρ
1307 309 1354 336 τοῦ
1376 310 1413 345 μὴ
1433 310 1559 336 ὲκκακεϊν
1574 310 1621 336 τὸν
1637 310 1771 336 ἀκούοντα
1786 310 1842 337 τῶν

1047 357 1175 383 τοιούτων
1190 356 1422 391 ἀναγνωσμάτων,
1439 355 1565 382 λεκτέον·
1588 355 1683 391 ὥσπερ
1699 356 1792 382 τοίνυν
1813 355 1840 382 ai

1047 402 1150 437 ἐπῳδαὶ
1160 401 1273 436 δύναμίν
1285 410 1347 428 τινα
1369 401 1458 435 ἔχουσι
1481 401 1608 436 φυσικὴν,
1623 402 1670 427 καὶ
1690 401 1728 436 μὴ
1741 401 1812 428 νοῶν
1826 401 1840 428 ό

1047 447 1263 482 κατεπᾳδόμενος
1276 446 1408 482 λαμϐάνει
1424 455 1450 472 τι
1467 447 1499 472 ὲκ
1512 446 1562 481 τῆς
1575 446 1691 482 ἐπῳδῆς,
1704 447 1778 473 κατὰ
1791 447 1839 482 τὴν

1046 492 1126 526 φύσιν
1137 492 1190 519 τῶν
1204 491 1329 526 φθόγγων
1340 492 1389 526 τῆς
1400 491 1516 526 ἐπῳδῆς,
1530 491 1585 517 εῐτε
1596 493 1638 523 εἰς
1653 492 1766 528 βλάϐην,
1784 493 1836 519 εἴτε

1045 538 1085 568 εἰς
1099 537 1168 563 ῐασιν
1179 536 1303 572 σώματος
1316 536 1332 572 ἢ
1348 536 1437 571 ψυχῆς
1447 536 1554 568 ἑαυτοῦ,
1568 536 1640 564 οὕτω
1653 546 1699 572 μοι
1718 537 1777 564 νόει
1788 539 1836 564 πά-

1046 591 1095 618 σης
1106 583 1211 618 ἐπῳδῆς
1226 581 1412 617 δυνατωτέραν
1430 580 1499 608 εἶναι
1518 582 1567 617 τὴν
1585 583 1721 617 σημασίαν
1736 583 1791 609 τῶν
1810 585 1836 609 ἐν

1044 629 1104 660 ταῖς
1118 628 1204 659 θείαις
1215 627 1335 662 Γραφαῖς
1347 627 1486 662 ὀνομάτων
1496 636 1502 642 ·
1520 628 1574 654 eici.
1590 629 1644 663 γάρ
1664 637 1739 660 τινες
1757 629 1836 655 δυνά-

1046 683 1107 708 μεις
1128 675 1157 700 ἐν
1174 675 1241 709 ἡμῖν
1260 671 1297 700 ὧν
1317 674 1345 700 αἱ
1366 673 1414 708 μὲν
1432 674 1586 709 κρείττονες
1604 674 1648 700 διὰ
1664 674 1769 701 τούτων
1785 676 1837 706 τιῖῑν

1043 720 1124 746 οἱονεὶ
1150 718 1260 754 ἐπῳδῶν
1287 719 1441 754 τρέφονται,
1461 720 1602 752 συγγενεῖς
1623 717 1702 746 οὖσαι
1730 721 1835 753 αὑταῖς,

1044 766 1091 792 καὶ
1105 764 1182 799 ἡμῶν
1205 764 1242 799 μὴ
1267 764 1398 791 νοούντων
1416 764 1523 796 ὲκείνας
1542 764 1592 796 τὰς
1613 765 1744 801 δυνάμεις
1761 767 1837 793 νοού-

1045 817 1094 840 σας
1119 809 1155 835 τὰ
1182 809 1337 844 λεγόμενα,
1359 809 1546 846 δυνατωτέρας
1571 812 1600 838 ὲν
1620 812 1687 846 ἡμῖν
1714 813 1838 846 γίνεσθαι

1044 856 1111 892 πρὸς
1127 856 1157 882 τὸ
1180 858 1320 890 συνεργεῖν
1342 856 1382 891 τῷ
1406 856 1534 892 ἡμετέρῳ
1554 857 1604 892 βίῳ
1616 866 1622 872 -
1640 858 1680 884 ὅτι
1697 859 1754 894 γάρ
1779 859 1838 885 ἐστι

1043 911 1102 928 τινα
1124 903 1153 928 ὲν
1173 902 1238 937 ἡμῖν
1257 902 1370 937 ἀόρατα,
1386 902 1432 929 καὶ
1447 902 1531 929 πολλά
1554 911 1585 936 γε
1604 903 1701 935 ταῦτα,
1717 904 1837 938 δηλώσει

1042 948 1056 973 ὁ
1075 947 1160 974 εἰπὼν
1181 947 1297 982 ψαλμός’
1313 957 1322 973 t
1342 947 1466 982 Εὑλὸγει,
1485 949 1502 983 ὴ
1524 947 1596 983 ψυχή
1610 958 1677 983 μου,
1703 950 1750 976 τὸν
1778 950 1837 977 K5-

1044 1002 1110 1030 ptov,
1134 994 1180 1020 καὶ
1193 993 1281 1020 πάντα
1304 993 1338 1020 τὰ
1364 993 1438 1025 ἐντός
1465 1002 1514 1029 μου
1540 994 1570 1020 τὸ
1596 994 1682 1030 ὄνομα
1703 995 1734 1021 τὸ
1760 995 1839 1029 ἅγιον

1041 1039 1251 1067 αὐτοῦ.ιἜστιν
1261 1038 1307 1066 οὖν
1327 1039 1427 1075 πλῆθός
1453 1049 1479 1066 τι
1500 1041 1528 1067 ἐν
1547 1041 1612 1076 ἡμῖν
1627 1040 1771 1075 δυνάμεων
1790 1050 1840 1068 κε-

1043 1086 1226 1122 κληρωμένων
1237 1086 1315 1121 ἡμῶν
1331 1085 1381 1117 τὰς
1393 1086 1480 1121 ψυχὰς
1495 1087 1543 1112 καὶ
1554 1086 1589 1112 τὰ
1600 1086 1724 1122 σώματα,
1736 1087 1841 1118 αἵτινες

1041 1131 1088 1159 ἐὰν
1110 1129 1176 1158 ὦσιν
1193 1132 1279 1166 ἅγιαι,
1291 1132 1341 1167 τῆς
1358 1132 1470 1167 Γραφῆς
1490 1132 1749 1168 ἁναγινωσκομένης
1765 1132 1840 1167 ὠφε-

1039 1178 1147 1205 λοῦνται
1170 1178 1217 1205 καὶ
1236 1177 1355 1212 γίνονται
1377 1178 1548 1214 ἰσχυρότεραι
1559 1186 1566 1192 ”
1583 1177 1633 1204 κᾶν
1649 1179 1662 1204 δ
1677 1178 1742 1209 νοῦς
1756 1179 1840 1213 ἡμῶν

1039 1223 1164 1259 ἄκαρπος
1173 1221 1202 1260 ᾖ,
1213 1223 1250 1254 ὡς
1260 1223 1415 1259 γέγραπται
1427 1224 1491 1259 περὶ
1501 1223 1548 1250 τοῦ
1556 1224 1665 1259 γλώσσῃ
1679 1224 1839 1255 λαλοῦντος,

1042 1269 1154 1296 ι”Οτιτὸ
1162 1268 1271 1303 πνεῦμά
1288 1277 1337 1304 μου
1352 1269 1406 1303 (47)
1424 1269 1614 1304 προσεύχεται,
1628 1271 1642 1295 ό
1655 1269 1683 1295 δὲ
1705 1269 1769 1301 νοῦς
1784 1279 1838 1305 μου

1039 1313 1163 1349 ἄκαρπός
1174 1314 1243 1342 ἐστι,
1254 1323 1263 1338 ι
1274 1312 1338 1339 Νόει
1351 1310 1397 1339 οὖν
1411 1321 1455 1348 μοι
1470 1313 1510 1340 ὅτι
1524 1313 1588 1339 ποτὲ
1606 1313 1652 1339 τοῦ
1665 1314 1694 1339 ἐν
1705 1313 1773 1348 ἡμῖν
1789 1313 1838 1339 νοῦ

1039 1360 1162 1394 ἀκάρπου
1171 1359 1257 1390 ὄντος,
1269 1359 1296 1384 αἱ
1315 1358 1446 1392 δυνάμεις
1463 1359 1490 1384 αἱ
1513 1358 1692 1394 συνεργοῦσαι
1709 1360 1743 1393 τῇ
1761 1358 1839 1393 ψυχῇ

1039 1404 1086 1431 καὶ
1100 1405 1138 1440 τῷ
1152 1404 1200 1440 νῷ,
1212 1406 1260 1431 καὶ
1273 1404 1355 1431 πᾶσιν
1367 1405 1443 1439 ἡμῖν,
1460 1403 1604 1439 τρέφονται
1618 1403 1715 1438 λογικῇ
1731 1404 1764 1438 τῇ
1781 1403 1840 1429 ἀπὸ

1038 1450 1092 1477 τῶν
1104 1450 1184 1485 ἱερῶν
1195 1451 1366 1485 γραμμάτων
1377 1450 1423 1476 καὶ
1437 1450 1491 1476 τῶν
1502 1449 1641 1484 ὀνομάτων
1654 1448 1757 1474 τούτων
1772 1457 1844 1484 τρο-

1039 1497 1086 1530 φῇ,
1097 1496 1143 1522 καὶ
1152 1495 1316 1531 τρεφόμεναι
1326 1495 1445 1529 γίνονται
1454 1494 1637 1529 δυνατώτεραι
1648 1494 1716 1529 πρὸς
1727 1494 1758 1519 τὸ
1769 1494 1839 1529 μίδ

1041 1543 1181 1577 συνεργεῖν
1190 1550 1196 1556 ·
1205 1541 1300 1576 ὥσπερ
1308 1541 1336 1567 δὲ
1347 1542 1375 1568 αἱ
1388 1541 1528 1576 κρείττους
1539 1541 1667 1575 δυνάμεις
1678 1539 1760 1565 οἱονεὶ
1770 1548 1840 1566 κατ-

1039 1587 1181 1622 επᾴδονται
1197 1587 1243 1613 καὶ
1259 1586 1437 1621 ὼξπλοῦνται,
1457 1586 1502 1612 καὶ
1515 1586 1632 1619 γίνονται
1647 1584 1838 1621 δυνατώτεραι

1039 1632 1093 1659 ἀπὸ
1111 1632 1166 1658 τῶν
1183 1632 1236 1667 (48)
1258 1631 1384 1658 τοιούτων
1406 1631 1577 1667 γραμμάτων
1604 1631 1652 1657 καὶ
1675 1631 1835 1665 ὀνομάτων,

1039 1678 1124 1710 οὕτως
1138 1678 1165 1704 αἱ
1180 1678 1366 1712 ὰντικείμεναι
1386 1677 1440 1703 τῶν
1462 1678 1490 1703 ὲν
1510 1678 1576 1712 ἡμῖν
1590 1677 1732 1711 δυνάμεων
1748 1677 1837 1703 οἱονεὶ

1039 1725 1215 1752 καθέλκονται
1228 1724 1275 1750 καὶ
1290 1723 1417 1750 νικῶνται
1429 1722 1483 1749 ἀπὸ
1493 1722 1547 1748 τῶν
1561 1722 1606 1748 τοῦ
1623 1721 1690 1748 Θεοῦ
1705 1722 1834 1757 ἐπῳδῶν,

1039 1772 1087 1798 καὶ
1111 1770 1259 1805 νικώμεναι
1284 1768 1463 1804 κοιμίζονται.
1490 1768 1546 1795 Kal.
1571 1767 1661 1794 εἴποτέ
1682 1776 1726 1799 τις
1750 1767 1835 1803 ἡμῶν

1039 1817 1159 1852 ἑώρακεν
1177 1815 1231 1852 (49)
1254 1815 1308 1842 ἀπὸ
1329 1814 1440 1849 ἐπῳδῶν
1463 1813 1564 1840 ἀσπίδα
1584 1813 1799 1848 κοιμιζομένην,
1816 1812 1834 1847 ἢ

1038 1860 1102 1888 ἄλλο
1116 1869 1143 1886 τι
1159 1859 1261 1886 τούτων
1277 1858 1331 1886 τῶν
1347 1857 1466 1890 ἰοϐόλων,
1485 1859 1574 1884 ἐκεῖνο
1588 1857 1769 1893 παράδειγμα
1783 1858 1835 1884 λιι-

1038 1905 1109 1931 ϐέτω
1125 1905 1164 1936 εἰς
1179 1903 1228 1939 τὴν
1248 1903 1370 1938 Γραφὴν,
1386 1900 1421 1938 ἧς
1436 1901 1697 1936 ἀναγινωσκομένης
1719 1901 1771 1928 καὶ
1796 1903 1832 1937 μὴ

1039 1950 1195 1985 νοουμένης,
1204 1948 1288 1975 ἐνίοτε
1302 1947 1400 1982 ἀκηδιᾷ
1411 1947 1458 1973 καὶ
1469 1947 1582 1973 ὲκκακεῖ
1594 1947 1607 1972 ὁ
1619 1945 1772 1981 ἀκροατὴς,
1786 1947 1834 1972 καὶ

1038 1994 1189 2021 πιστευέτω
1204 1994 1245 2020 ὃτι
1260 1993 1288 2020 αἱ
1305 1994 1333 2018 ὲν
1352 1992 1426 2027 αὐτῷ
1447 1992 1569 2024 ἀσπίδες,
1587 1991 1634 2018 καὶ
1652 1992 1680 2017 αἱ
1703 1992 1732 2018 ἐν
1757 1992 1834 2026 αὑτῷ

1037 2040 1140 2076 ἔχιδναι
1178 2038 1342 2073 ἀτονώτεραι
1366 2038 1486 2072 γίνονται
1515 2038 1569 2064 ἀπὸ
1595 2037 1650 2064 τῶν
1671 2037 1832 2072 φαρμάκων

1037 2086 1091 2112 τῶν
1108 2084 1351 2120 φαρμακευόντων,
1369 2080 1425 2110 οἷον
1442 2083 1518 2119 παρὰ
1539 2082 1622 2116 σοφοῦ
1638 2082 1736 2117 Mum-ﬁ,
1754 2083 1831 2117 παρὰ

1038 2130 1119 2164 σοφοῦ
1148 2130 1245 2166 Ἰησοῦ,
1270 2129 1345 2164 παρὰ
1370 2129 1459 2164 σοφῶν
1483 2128 1538 2154 τῶν
1560 2128 1645 2162 ἁγίων
1666 2129 1829 2163 προφητῶν.

1037 2177 1082 2212 Μὴ
1093 2176 1256 2211 ἐκκακῶμεν
1269 2173 1314 2202 οὖν
1325 2175 1469 2206 ἀκούοντες
1477 2174 1604 2210 Γραφῶν,
1613 2173 1646 2205 ἃς
1658 2174 1688 2200 οὐ
1701 2174 1829 2208 νοοῦμεν,

1036 2222 1104 2248 ἀλλὰ
1122 2221 1262 2257 γενηθήτω
1278 2222 1343 2256 ἡμῖν
1359 2219 1429 2247 κατὰ
1445 2219 1493 2253 τὴν
1513 2220 1604 2246 πίστιν
1622 2218 1713 2254 ὴμῶν,
1734 2219 1769 2254 ἦν
1786 2219 1831 2245 καὶ

1037 2268 1209 2303 πιστεύομεν,
1237 2269 1278 2295 ὅτι
1309 2268 1404 2294 «πᾶσα
1420 2267 1517 2302 Γραφὴ
1539 2265 1720 2296 (θεόπνευστος
1750 2264 1828 2295 οὖσα,
1847 2283 1850 2289 .

1036 2313 1172 2348 ὠφέλιμός
1185 2313 1253 2339 ἐστι·
1267 2321 1276 2338 ι
1302 2313 1332 2338 τὸ
1351 2311 1405 2348 γὰρ
1421 2312 1450 2338 ἓν
1465 2311 1519 2338 τῶν
1534 2311 1581 2337 δύο
1596 2311 1638 2337 δεῖ
1653 2319 1683 2337 σε
1707 2311 1830 2346 παραὸἑ·

1037 2358 1132 2390 ξασθαι
1148 2358 1195 2384 ἐπὶ
1210 2357 1310 2384 τούτων
1328 2357 1381 2384 τῶν
1397 2356 1522 2393 Γραφῶν,
1541 2357 1557 2392 ἢ
1579 2357 1619 2384 ὅτι
1633 2357 1684 2383 οὐκ
1698 2358 1753 2383 εἰσὶ
1773 2357 1830 2383 θεό-

1036 2411 1172 2434 πνευστοι,
1195 2402 1255 2428 ὲπεί
1269 2402 1318 2428 οὐκ
1334 2402 1402 2428 εἰσὶν
1424 2402 1566 2438 ὠφέλιμοι,
1581 2401 1618 2433 ὡς
1641 2402 1830 2437 ὑπολαμϐάνοι

1036 2447 1069 2474 ἂν
1083 2448 1097 2473 ὁ
1114 2447 1237 2479 ἄπιστος,
1260 2447 1276 2482 ἢ
1303 2447 1340 2477 ὡς
1359 2447 1452 2478 πιστὸς
1470 2446 1685 2482 παραδέξασθαι,
1705 2448 1748 2473 ὅτι
1768 2447 1829 2473 Emi

1035 2493 1103 2519 εἰσιν
1132 2491 1274 2526 ὠφέλιμοι,
1293 2491 1465 2518 Θεόπνευστοί
1494 2493 1572 2518 εἰσιν·
1592 2493 1680 2518 ἰστέον
1704 2493 1828 2527 μέντοιγε

1034 2534 1075 2570 ὅτι
1090 2544 1137 2570 καὶ
1149 2542 1353 2577 ἁνεπαισθήτως
1370 2544 1450 2578 ἡμῶν
1463 2543 1592 2574 πολλάκις
1605 2543 1712 2577 γίνεται
1724 2545 1741 2578 ἡ
1758 2544 1828 2578 ὠκέ-

1034 2595 1104 2627 λεια,
1121 2591 1175 2620 οἷον
1187 2592 1314 2625 πολλάκις
1322 2593 1425 2628 τροφήν
1436 2601 1496 2620 τινα
1503 2593 1705 2628 διατασσόμεθα
1715 2594 1825 2625 ἐσθίειν,

1800 2657 1823 2678 ἢ

998 2740 1014 2775 ἡ
1029 2739 1138 2774 γλῶσσά
1154 2748 1213 2774 μου.

234 2807 288 2845 (ιιι)
315 2813 350 2839 Εἴ
367 2811 439 2838 πιτέ
462 2821 503 2844 τις
522 2811 606 2846 ’ἡμῶν
621 2809 759 2844 ἑώρακεν,
776 2814 828 2837 etc.
848 2809 912 2837 Vide
927 2809 984 2837 l'lin

892 2810 912 2837 Ie
927 2809 1043 2837 l‘liniunt
1057 2809 1104 2837 lib.
1121 2817 1178 2842 vm,
1196 2816 1254 2843 cap.
1271 2808 1311 2840 10,
1324 2812 1350 2836 et
1368 2807 1415 2835 lib.
1432 2814 1526 2840 sunt,
1539 2814 1598 2841 cap.
1613 2807 1643 2835 2.
