  <div class='ocr_page' id='page_1' title='image "/cluster/home/n/w/nwhite01/storage/ocr_20150623/12/njp.32101077772422/488.png"; bbox 0 0 1902 3052; ppageno 0'>
   <div class='ocr_carea' id='block_1_1' title="bbox 74 101 127 131">
    <p class='ocr_par' dir='ltr' id='par_1_1' title="bbox 74 101 127 131">
     <span class='ocr_line' id='line_1_1' title="bbox 74 101 127 131; baseline -0.038 0"><span class='ocrx_word' id='word_1_1' title='bbox 74 101 127 131; x_wconf 65' lang='grc' dir='ltr'><strong>ΩΞΙ</strong></span> 
     </span>
    </p>
   </div>
   <div class='ocr_carea' id='block_1_2' title="bbox 594 99 1232 130">
    <p class='ocr_par' dir='ltr' id='par_1_2' title="bbox 594 99 1232 130">
     <span class='ocr_line' id='line_1_2' title="bbox 594 99 1232 130; baseline 0.003 -3"><span class='ocrx_word' id='word_1_2' title='bbox 594 100 628 127; x_wconf 82' lang='lat' dir='ltr'><strong>IN</strong></span> <span class='ocrx_word' id='word_1_3' title='bbox 647 99 776 128; x_wconf 80' lang='lat' dir='ltr'><strong>LIBRUM</strong></span> <span class='ocrx_word' id='word_1_4' title='bbox 796 101 876 130; x_wconf 77' lang='lat' dir='ltr'><strong>JESIJ</strong></span> <span class='ocrx_word' id='word_1_5' title='bbox 899 101 992 129; x_wconf 71' lang='lat' dir='ltr'><strong>NAVE</strong></span> <span class='ocrx_word' id='word_1_6' title='bbox 1013 102 1152 130; x_wconf 75' lang='lat' dir='ltr'><strong>IIOMILIA</strong></span> <span class='ocrx_word' id='word_1_7' title='bbox 1175 101 1232 130; x_wconf 80' lang='lat' dir='ltr'><strong>XX.</strong></span> 
     </span>
    </p>
   </div>
   <div class='ocr_carea' id='block_1_3' title="bbox 1660 104 1712 131">
    <p class='ocr_par' dir='ltr' id='par_1_3' title="bbox 1660 104 1712 131">
     <span class='ocr_line' id='line_1_3' title="bbox 1660 104 1712 131; baseline 0 0"><span class='ocrx_word' id='word_1_8' title='bbox 1660 104 1712 131; x_wconf 55' lang='grc' dir='ltr'>ξω</span> 
     </span>
    </p>
   </div>
   <div class='ocr_carea' id='block_1_4' title="bbox 76 157 858 195">
    <p class='ocr_par' dir='ltr' id='par_1_4' title="bbox 76 157 858 195">
     <span class='ocr_line' id='line_1_4' title="bbox 76 157 858 195; baseline 0.004 -11"><span class='ocrx_word' id='word_1_9' title='bbox 76 157 268 194; x_wconf 69' lang='grc' dir='ltr'><strong>ὁξυδερκικὴν,</strong></span> <span class='ocrx_word' id='word_1_10' title='bbox 292 158 341 184; x_wconf 78' lang='grc' dir='ltr'><strong>καὶ</strong></span> <span class='ocrx_word' id='word_1_11' title='bbox 361 158 480 194; x_wconf 82' lang='grc' dir='ltr'>οὺδήπου</span> <span class='ocrx_word' id='word_1_12' title='bbox 506 159 534 185; x_wconf 84' lang='grc' dir='ltr'>ἐν</span> <span class='ocrx_word' id='word_1_13' title='bbox 557 159 596 195; x_wconf 82' lang='grc' dir='ltr'><strong>τῷ</strong></span> <span class='ocrx_word' id='word_1_14' title='bbox 624 160 724 188; x_wconf 77' lang='grc' dir='ltr'><strong>ἐσθιειν</strong></span> <span class='ocrx_word' id='word_1_15' title='bbox 749 160 858 187; x_wconf 78' lang='grc' dir='ltr'>αἰσθανά</span> 
     </span>
    </p>
   </div>
   <div class='ocr_carea' id='block_1_5' title="bbox 919 157 1712 195">
    <p class='ocr_par' dir='ltr' id='par_1_5' title="bbox 926 161 1712 195">
     <span class='ocr_line' id='line_1_5' title="bbox 926 161 1712 195; baseline 0.001 -7"><span class='ocrx_word' id='word_1_16' title='bbox 926 161 982 188; x_wconf 90' lang='lat' dir='ltr'><strong>vari</strong></span> <span class='ocrx_word' id='word_1_17' title='bbox 995 161 1103 189; x_wconf 92' lang='lat' dir='ltr'><strong>oculum</strong></span> <span class='ocrx_word' id='word_1_18' title='bbox 1118 162 1264 195; x_wconf 78' lang='lat' dir='ltr'><strong>sentimus;</strong></span> <span class='ocrx_word' id='word_1_19' title='bbox 1283 162 1330 189; x_wconf 88' lang='lat' dir='ltr'><strong>sed</strong></span> <span class='ocrx_word' id='word_1_20' title='bbox 1341 163 1459 190; x_wconf 84' lang='lat' dir='ltr'><strong>secunda</strong></span> <span class='ocrx_word' id='word_1_21' title='bbox 1473 162 1515 190; x_wconf 88' lang='lat' dir='ltr'><strong>vel</strong></span> <span class='ocrx_word' id='word_1_22' title='bbox 1529 162 1609 189; x_wconf 86' lang='lat' dir='ltr'><strong>tertia</strong></span> <span class='ocrx_word' id='word_1_23' title='bbox 1626 162 1712 190; x_wconf 63' lang='lat' dir='ltr'><strong>inter.</strong></span> 
     </span>
    </p>
   </div>
   <div class='ocr_carea' id='block_1_6' title="bbox 75 203 868 242">
    <p class='ocr_par' dir='ltr' id='par_1_6' title="bbox 75 203 868 242">
     <span class='ocr_line' id='line_1_6' title="bbox 75 203 868 242; baseline 0.003 -11"><span class='ocrx_word' id='word_1_24' title='bbox 75 204 213 242; x_wconf 59' lang='grc' dir='ltr'>μεθαβῡ)</span> <span class='ocrx_word' id='word_1_25' title='bbox 226 205 266 230; x_wconf 86' lang='grc' dir='ltr'><strong>ὃτι</strong></span> <span class='ocrx_word' id='word_1_26' title='bbox 280 203 460 239; x_wconf 82' lang='grc' dir='ltr'><strong>ὠφελούμεθα</strong></span> <span class='ocrx_word' id='word_1_27' title='bbox 473 204 516 231; x_wconf 83' lang='grc' dir='ltr'><strong>τὸν</strong></span> <span class='ocrx_word' id='word_1_28' title='bbox 531 205 679 241; x_wconf 79' lang='grc' dir='ltr'>ὀφθαλμὸν,</span> <span class='ocrx_word' id='word_1_29' title='bbox 691 206 748 232; x_wconf 74' lang='grc' dir='ltr'>ἀλλ’</span> <span class='ocrx_word' id='word_1_30' title='bbox 761 206 868 241; x_wconf 77' lang='grc' dir='ltr'>ἡμέρας</span> 
     </span>
    </p>
   </div>
   <div class='ocr_carea' id='block_1_7' title="bbox 44 249 872 290">
    <p class='ocr_par' dir='ltr' id='par_1_7' title="bbox 44 249 872 290">
     <span class='ocr_line' id='line_1_7' title="bbox 44 249 872 290; baseline 0.001 -13"><span class='ocrx_word' id='word_1_31' title='bbox 44 265 47 290; x_wconf 55' lang='grc' dir='ltr'><strong>ε</strong></span> <span class='ocrx_word' id='word_1_32' title='bbox 74 249 272 285; x_wconf 79' lang='grc' dir='ltr'>διαγενομένης</span> <span class='ocrx_word' id='word_1_33' title='bbox 294 250 425 285; x_wconf 79' lang='grc' dir='ltr'><strong>δευτέρας</strong></span> <span class='ocrx_word' id='word_1_34' title='bbox 441 250 489 277; x_wconf 72' lang='grc' dir='ltr'><strong>καὶ</strong></span> <span class='ocrx_word' id='word_1_35' title='bbox 509 251 614 286; x_wconf 83' lang='grc' dir='ltr'><strong>τρίτης,</strong></span> <span class='ocrx_word' id='word_1_36' title='bbox 636 253 652 287; x_wconf 85' lang='grc' dir='ltr'>ὴ</span> <span class='ocrx_word' id='word_1_37' title='bbox 676 252 800 283; x_wconf 83' lang='grc' dir='ltr'><strong>ἀνάδοσις</strong></span> <span class='ocrx_word' id='word_1_38' title='bbox 821 252 872 287; x_wconf 84' lang='grc' dir='ltr'><strong>τῆς</strong></span> 
     </span>
    </p>
   </div>
   <div class='ocr_carea' id='block_1_8' title="bbox 75 295 870 333">
    <p class='ocr_par' dir='ltr' id='par_1_8' title="bbox 75 295 870 333">
     <span class='ocr_line' id='line_1_8' title="bbox 75 295 870 333; baseline 0.004 -11"><span class='ocrx_word' id='word_1_39' title='bbox 75 297 182 332; x_wconf 63' lang='grc' dir='ltr'><strong>τροφῆς</strong></span> <span class='ocrx_word' id='word_1_40' title='bbox 197 297 245 331; x_wconf 84' lang='grc' dir='ltr'><strong>τῆς</strong></span> <span class='ocrx_word' id='word_1_41' title='bbox 261 295 419 331; x_wconf 80' lang='grc' dir='ltr'><strong>ὠφελούσης</strong></span> <span class='ocrx_word' id='word_1_42' title='bbox 439 296 485 323; x_wconf 78' lang='grc' dir='ltr'><strong>τὸν</strong></span> <span class='ocrx_word' id='word_1_43' title='bbox 501 296 640 332; x_wconf 82' lang='grc' dir='ltr'>ὀφθαλμὸν</span> <span class='ocrx_word' id='word_1_44' title='bbox 660 299 732 324; x_wconf 84' lang='grc' dir='ltr'>ποιεῖ</span> <span class='ocrx_word' id='word_1_45' title='bbox 747 299 821 333; x_wconf 81' lang='grc' dir='ltr'>ἡμᾶς</span> <span class='ocrx_word' id='word_1_46' title='bbox 837 299 870 333; x_wconf 84' lang='grc' dir='ltr'><strong>τῇ</strong></span> 
     </span>
    </p>
   </div>
   <div class='ocr_carea' id='block_1_9' title="bbox 75 341 871 379">
    <p class='ocr_par' dir='ltr' id='par_1_9' title="bbox 75 341 871 379">
     <span class='ocr_line' id='line_1_9' title="bbox 75 341 871 379; baseline 0.004 -12"><span class='ocrx_word' id='word_1_47' title='bbox 75 341 163 376; x_wconf 78' lang='grc' dir='ltr'>πείρᾳ</span> <span class='ocrx_word' id='word_1_48' title='bbox 177 341 319 368; x_wconf 84' lang='grc' dir='ltr'><strong>πιστεῦσαι</strong></span> <span class='ocrx_word' id='word_1_49' title='bbox 331 342 372 368; x_wconf 85' lang='grc' dir='ltr'><strong>ὅτι</strong></span> <span class='ocrx_word' id='word_1_50' title='bbox 384 341 430 369; x_wconf 81' lang='grc' dir='ltr'><strong>τὸν</strong></span> <span class='ocrx_word' id='word_1_51' title='bbox 440 342 576 378; x_wconf 84' lang='grc' dir='ltr'>ὀφθαλμὸν</span> <span class='ocrx_word' id='word_1_52' title='bbox 586 343 774 379; x_wconf 81' lang='grc' dir='ltr'>ὠφελούμεθα.</span> <span class='ocrx_word' id='word_1_53' title='bbox 791 343 871 370; x_wconf 82' lang='grc' dir='ltr'>Ἀλλὰ</span> 
     </span>
    </p>
   </div>
   <div class='ocr_carea' id='block_1_10' title="bbox 74 387 871 425">
    <p class='ocr_par' dir='ltr' id='par_1_10' title="bbox 74 387 871 425">
     <span class='ocr_line' id='line_1_10' title="bbox 74 387 871 425; baseline 0.004 -12"><span class='ocrx_word' id='word_1_54' title='bbox 74 387 125 413; x_wconf 78' lang='grc' dir='ltr'><strong>καὶ</strong></span> <span class='ocrx_word' id='word_1_55' title='bbox 139 387 182 413; x_wconf 73' lang='grc' dir='ltr'><strong>ἐπ’</strong></span> <span class='ocrx_word' id='word_1_56' title='bbox 195 387 281 414; x_wconf 77' lang='grc' dir='ltr'>ἄλλων</span> <span class='ocrx_word' id='word_1_57' title='bbox 294 387 403 423; x_wconf 80' lang='grc' dir='ltr'>τροφῶν</span> <span class='ocrx_word' id='word_1_58' title='bbox 417 387 579 422; x_wconf 82' lang='grc' dir='ltr'><strong>ὠφελουσῶν</strong></span> <span class='ocrx_word' id='word_1_59' title='bbox 593 398 653 415; x_wconf 85' lang='grc' dir='ltr'>τινα</span> <span class='ocrx_word' id='word_1_60' title='bbox 672 389 739 425; x_wconf 88' lang='grc' dir='ltr'><strong>μέλη</strong></span> <span class='ocrx_word' id='word_1_61' title='bbox 754 389 800 416; x_wconf 82' lang='grc' dir='ltr'>τοῦ</span> <span class='ocrx_word' id='word_1_62' title='bbox 818 387 871 415; x_wconf 83' lang='grc' dir='ltr'><strong>σώ-</strong></span> 
     </span>
    </p>
   </div>
   <div class='ocr_carea' id='block_1_11' title="bbox 77 433 871 469">
    <p class='ocr_par' dir='ltr' id='par_1_11' title="bbox 77 433 871 469">
     <span class='ocr_line' id='line_1_11' title="bbox 77 433 871 469; baseline 0.001 -10"><span class='ocrx_word' id='word_1_63' title='bbox 77 441 165 469; x_wconf 81' lang='grc' dir='ltr'>ματος</span> <span class='ocrx_word' id='word_1_64' title='bbox 182 433 239 460; x_wconf 73' lang='grc' dir='ltr'><strong>ἐστι</strong></span> <span class='ocrx_word' id='word_1_65' title='bbox 255 434 334 460; x_wconf 83' lang='grc' dir='ltr'>τοῦτο</span> <span class='ocrx_word' id='word_1_66' title='bbox 350 433 423 461; x_wconf 79' lang='grc' dir='ltr'>ἰδεῖν·</span> <span class='ocrx_word' id='word_1_67' title='bbox 437 433 510 461; x_wconf 75' lang='grc' dir='ltr'>οὕτω</span> <span class='ocrx_word' id='word_1_68' title='bbox 520 435 611 461; x_wconf 77' lang='grc' dir='ltr'><strong>τοίνυν</strong></span> <span class='ocrx_word' id='word_1_69' title='bbox 624 435 735 461; x_wconf 76' lang='grc' dir='ltr'><strong>πίστευε</strong></span> <span class='ocrx_word' id='word_1_70' title='bbox 747 435 794 461; x_wconf 72' lang='grc' dir='ltr'><strong>καὶ</strong></span> <span class='ocrx_word' id='word_1_71' title='bbox 807 434 871 469; x_wconf 73' lang='grc' dir='ltr'>περὶ</span> 
     </span>
    </p>
   </div>
   <div class='ocr_carea' id='block_1_12' title="bbox 74 480 870 517">
    <p class='ocr_par' dir='ltr' id='par_1_12' title="bbox 74 480 870 517">
     <span class='ocr_line' id='line_1_12' title="bbox 74 480 870 517; baseline -0.001 -10"><span class='ocrx_word' id='word_1_72' title='bbox 74 481 128 516; x_wconf 77' lang='grc' dir='ltr'><strong>τῆς</strong></span> <span class='ocrx_word' id='word_1_73' title='bbox 141 480 216 511; x_wconf 80' lang='grc' dir='ltr'>θείας</span> <span class='ocrx_word' id='word_1_74' title='bbox 233 481 353 516; x_wconf 83' lang='grc' dir='ltr'><strong>Γραφῆς,</strong></span> <span class='ocrx_word' id='word_1_75' title='bbox 375 481 416 507; x_wconf 77' lang='grc' dir='ltr'><strong>ὅτι</strong></span> <span class='ocrx_word' id='word_1_76' title='bbox 440 481 584 516; x_wconf 77' lang='grc' dir='ltr'><strong>ὠφελεῖται</strong></span> <span class='ocrx_word' id='word_1_77' title='bbox 613 490 659 508; x_wconf 85' lang='grc' dir='ltr'><strong>σου</strong></span> <span class='ocrx_word' id='word_1_78' title='bbox 680 482 697 517; x_wconf 82' lang='grc' dir='ltr'><strong>ἡ</strong></span> <span class='ocrx_word' id='word_1_79' title='bbox 715 481 799 516; x_wconf 74' lang='grc' dir='ltr'><strong>ψυχὴ,</strong></span> <span class='ocrx_word' id='word_1_80' title='bbox 820 480 870 507; x_wconf 81' lang='grc' dir='ltr'>κᾶν</span> 
     </span>
    </p>
   </div>
   <div class='ocr_carea' id='block_1_13' title="bbox 78 526 872 564">
    <p class='ocr_par' dir='ltr' id='par_1_13' title="bbox 78 526 872 564">
     <span class='ocr_line' id='line_1_13' title="bbox 78 526 872 564; baseline 0.001 -12"><span class='ocrx_word' id='word_1_81' title='bbox 78 527 117 562; x_wconf 85' lang='grc' dir='ltr'>μὴ</span> <span class='ocrx_word' id='word_1_82' title='bbox 140 526 155 552; x_wconf 84' lang='grc' dir='ltr'><strong>ὀ</strong></span> <span class='ocrx_word' id='word_1_83' title='bbox 177 526 240 558; x_wconf 75' lang='grc' dir='ltr'>νοῦς</span> <span class='ocrx_word' id='word_1_84' title='bbox 262 527 308 552; x_wconf 70' lang='grc' dir='ltr'><strong>τὸν</strong></span> <span class='ocrx_word' id='word_1_85' title='bbox 335 527 439 561; x_wconf 78' lang='grc' dir='ltr'>καρπὸν</span> <span class='ocrx_word' id='word_1_86' title='bbox 460 527 585 564; x_wconf 73' lang='grc' dir='ltr'>λαμϐάνῃ</span> <span class='ocrx_word' id='word_1_87' title='bbox 610 527 660 562; x_wconf 82' lang='grc' dir='ltr'><strong>τῆς</strong></span> <span class='ocrx_word' id='word_1_88' title='bbox 676 527 807 562; x_wconf 75' lang='grc' dir='ltr'>ὡφελείας</span> <span class='ocrx_word' id='word_1_89' title='bbox 822 526 872 561; x_wconf 80' lang='grc' dir='ltr'><strong>τῆς</strong></span> 
     </span>
    </p>
   </div>
   <div class='ocr_carea' id='block_1_14' title="bbox 919 207 1711 242">
    <p class='ocr_par' dir='ltr' id='par_1_14' title="bbox 919 207 1711 242">
     <span class='ocr_line' id='line_1_14' title="bbox 919 207 1711 242; baseline 0.001 -8"><span class='ocrx_word' id='word_1_90' title='bbox 919 207 991 241; x_wconf 82' lang='lat' dir='ltr'><strong>jecta</strong></span> <span class='ocrx_word' id='word_1_91' title='bbox 1009 207 1054 235; x_wconf 85' lang='lat' dir='ltr'><strong>die</strong></span> <span class='ocrx_word' id='word_1_92' title='bbox 1070 208 1224 236; x_wconf 83' lang='lat' dir='ltr'><strong>distributio</strong></span> <span class='ocrx_word' id='word_1_93' title='bbox 1238 208 1290 235; x_wconf 92' lang='lat' dir='ltr'><strong>cibi</strong></span> <span class='ocrx_word' id='word_1_94' title='bbox 1308 208 1352 242; x_wconf 93' lang='lat' dir='ltr'><strong>qui</strong></span> <span class='ocrx_word' id='word_1_95' title='bbox 1371 208 1478 235; x_wconf 89' lang='lat' dir='ltr'><strong>oculum</strong></span> <span class='ocrx_word' id='word_1_96' title='bbox 1490 207 1579 242; x_wconf 82' lang='lat' dir='ltr'><strong>juvat,</strong></span> <span class='ocrx_word' id='word_1_97' title='bbox 1597 209 1663 235; x_wconf 80' lang='lat' dir='ltr'><strong>facit</strong></span> <span class='ocrx_word' id='word_1_98' title='bbox 1681 213 1711 236; x_wconf 89' lang='lat' dir='ltr'><strong>ut</strong></span> 
     </span>
    </p>
   </div>
   <div class='ocr_carea' id='block_1_15' title="bbox 923 254 1712 287">
    <p class='ocr_par' dir='ltr' id='par_1_15' title="bbox 923 254 1712 287">
     <span class='ocr_line' id='line_1_15' title="bbox 923 254 1712 287; baseline 0.003 -7"><span class='ocrx_word' id='word_1_99' title='bbox 923 254 1026 287; x_wconf 77' lang='lat' dir='ltr'><strong>experti</strong></span> <span class='ocrx_word' id='word_1_100' title='bbox 1040 254 1194 287; x_wconf 74' lang='lat' dir='ltr'><strong>credamus,</strong></span> <span class='ocrx_word' id='word_1_101' title='bbox 1209 254 1288 282; x_wconf 89' lang='lat' dir='ltr'><strong>oculo</strong></span> <span class='ocrx_word' id='word_1_102' title='bbox 1305 262 1354 281; x_wconf 91' lang='lat' dir='ltr'><strong>nos</strong></span> <span class='ocrx_word' id='word_1_103' title='bbox 1370 262 1431 282; x_wconf 89' lang='lat' dir='ltr'><strong>esse</strong></span> <span class='ocrx_word' id='word_1_104' title='bbox 1448 255 1550 283; x_wconf 85' lang='lat' dir='ltr'><strong>levatos</strong></span> <span class='ocrx_word' id='word_1_105' title='bbox 1563 264 1570 282; x_wconf 89' lang='lat'>:</span> <span class='ocrx_word' id='word_1_106' title='bbox 1584 257 1629 282; x_wconf 88' lang='lat' dir='ltr'><strong>sed</strong></span> <span class='ocrx_word' id='word_1_107' title='bbox 1644 259 1671 282; x_wconf 90' lang='lat' dir='ltr'><strong>et</strong></span> <span class='ocrx_word' id='word_1_108' title='bbox 1684 255 1712 282; x_wconf 91' lang='lat' dir='ltr'><strong>in</strong></span> 
     </span>
    </p>
   </div>
   <div class='ocr_carea' id='block_1_16' title="bbox 923 298 1711 335">
    <p class='ocr_par' dir='ltr' id='par_1_16' title="bbox 923 298 1711 335">
     <span class='ocr_line' id='line_1_16' title="bbox 923 298 1711 335; baseline 0.005 -11"><span class='ocrx_word' id='word_1_109' title='bbox 923 298 1035 333; x_wconf 80' lang='lat' dir='ltr'><strong>reliquis</strong></span> <span class='ocrx_word' id='word_1_110' title='bbox 1052 299 1131 332; x_wconf 84' lang='lat' dir='ltr'><strong>cibis,</strong></span> <span class='ocrx_word' id='word_1_111' title='bbox 1149 300 1314 334; x_wconf 88' lang='lat' dir='ltr'><strong>quibusdatn</strong></span> <span class='ocrx_word' id='word_1_112' title='bbox 1341 301 1464 335; x_wconf 88' lang='lat' dir='ltr'><strong>partibus</strong></span> <span class='ocrx_word' id='word_1_113' title='bbox 1486 302 1611 335; x_wconf 84' lang='lat' dir='ltr'><strong>corporis</strong></span> <span class='ocrx_word' id='word_1_114' title='bbox 1636 301 1711 328; x_wconf 90' lang='lat' dir='ltr'><strong>utili-</strong></span> 
     </span>
    </p>
   </div>
   <div class='ocr_carea' id='block_1_17' title="bbox 923 343 1712 381">
    <p class='ocr_par' dir='ltr' id='par_1_17' title="bbox 923 343 1712 381">
     <span class='ocr_line' id='line_1_17' title="bbox 923 343 1712 381; baseline 0.005 -11"><span class='ocrx_word' id='word_1_115' title='bbox 923 343 984 377; x_wconf 85' lang='lat' dir='ltr'><strong>bus,</strong></span> <span class='ocrx_word' id='word_1_116' title='bbox 1005 345 1031 371; x_wconf 93' lang='lat' dir='ltr'><strong>id</strong></span> <span class='ocrx_word' id='word_1_117' title='bbox 1049 345 1146 372; x_wconf 89' lang='lat' dir='ltr'><strong>intueri</strong></span> <span class='ocrx_word' id='word_1_118' title='bbox 1164 345 1236 372; x_wconf 88' lang='lat' dir='ltr'><strong>licet.</strong></span> <span class='ocrx_word' id='word_1_119' title='bbox 1260 347 1306 374; x_wconf 88' lang='lat' dir='ltr'><strong>Sic</strong></span> <span class='ocrx_word' id='word_1_120' title='bbox 1329 347 1411 381; x_wconf 77' lang='lat' dir='ltr'><strong>igitur</strong></span> <span class='ocrx_word' id='word_1_121' title='bbox 1424 351 1450 373; x_wconf 89' lang='lat' dir='ltr'><strong>et</strong></span> <span class='ocrx_word' id='word_1_122' title='bbox 1469 347 1502 374; x_wconf 84' lang='lat' dir='ltr'><strong>de</strong></span> <span class='ocrx_word' id='word_1_123' title='bbox 1528 347 1618 374; x_wconf 88' lang='lat' dir='ltr'><strong>divina</strong></span> <span class='ocrx_word' id='word_1_124' title='bbox 1638 347 1712 374; x_wconf 85' lang='lat' dir='ltr'><strong>Scri-</strong></span> 
     </span>
    </p>
   </div>
   <div class='ocr_carea' id='block_1_18' title="bbox 924 391 1712 426">
    <p class='ocr_par' dir='ltr' id='par_1_18' title="bbox 924 391 1712 426">
     <span class='ocr_line' id='line_1_18' title="bbox 924 391 1712 426; baseline 0.003 -10"><span class='ocrx_word' id='word_1_125' title='bbox 924 394 1001 424; x_wconf 90' lang='lat' dir='ltr'><strong>ptura</strong></span> <span class='ocrx_word' id='word_1_126' title='bbox 1021 395 1124 417; x_wconf 88' lang='lat' dir='ltr'><strong>certtnn</strong></span> <span class='ocrx_word' id='word_1_127' title='bbox 1145 391 1226 423; x_wconf 82' lang='lat' dir='ltr'><strong>habe,</strong></span> <span class='ocrx_word' id='word_1_128' title='bbox 1243 391 1331 425; x_wconf 81' lang='lat' dir='ltr'><strong>iuvari</strong></span> <span class='ocrx_word' id='word_1_129' title='bbox 1347 393 1480 426; x_wconf 83' lang='lat' dir='ltr'><strong>animum,</strong></span> <span class='ocrx_word' id='word_1_130' title='bbox 1496 393 1548 420; x_wconf 91' lang='lat' dir='ltr'><strong>etsi</strong></span> <span class='ocrx_word' id='word_1_131' title='bbox 1562 400 1639 420; x_wconf 85' lang='lat' dir='ltr'><strong>mens</strong></span> <span class='ocrx_word' id='word_1_132' title='bbox 1653 393 1712 419; x_wconf 80' lang='lat' dir='ltr'><strong>Iru-</strong></span> 
     </span>
    </p>
   </div>
   <div class='ocr_carea' id='block_1_19' title="bbox 925 436 1711 472">
    <p class='ocr_par' dir='ltr' id='par_1_19' title="bbox 925 436 1711 472">
     <span class='ocr_line' id='line_1_19' title="bbox 925 436 1711 472; baseline 0.005 -11"><span class='ocrx_word' id='word_1_133' title='bbox 925 440 997 461; x_wconf 85' lang='lat' dir='ltr'><strong>etnm</strong></span> <span class='ocrx_word' id='word_1_134' title='bbox 1015 443 1068 462; x_wconf 91' lang='lat' dir='ltr'><strong>non</strong></span> <span class='ocrx_word' id='word_1_135' title='bbox 1081 436 1213 471; x_wconf 88' lang='lat' dir='ltr'><strong>percipiat</strong></span> <span class='ocrx_word' id='word_1_136' title='bbox 1229 437 1298 470; x_wconf 78' lang='lat' dir='ltr'><strong>ejus,</strong></span> <span class='ocrx_word' id='word_1_137' title='bbox 1313 445 1373 472; x_wconf 70' lang='lat' dir='ltr'><strong>quas</strong></span> <span class='ocrx_word' id='word_1_138' title='bbox 1388 446 1402 464; x_wconf 86' lang='lat' dir='ltr'><strong>a</strong></span> <span class='ocrx_word' id='word_1_139' title='bbox 1421 438 1520 466; x_wconf 89' lang='lat' dir='ltr'><strong>litteris</strong></span> <span class='ocrx_word' id='word_1_140' title='bbox 1534 446 1549 466; x_wconf 87' lang='lat' dir='ltr'><strong>e</strong></span> <span class='ocrx_word' id='word_1_141' title='bbox 1567 440 1638 465; x_wconf 90' lang='lat' dir='ltr'><strong>nuda</strong></span> <span class='ocrx_word' id='word_1_142' title='bbox 1654 438 1711 466; x_wconf 83' lang='lat' dir='ltr'><strong>sola</strong></span> 
     </span>
    </p>
   </div>
   <div class='ocr_carea' id='block_1_20' title="bbox 925 479 1712 518">
    <p class='ocr_par' dir='ltr' id='par_1_20' title="bbox 925 479 1712 518">
     <span class='ocr_line' id='line_1_20' title="bbox 925 479 1712 518; baseline 0.005 -12"><span class='ocrx_word' id='word_1_143' title='bbox 925 479 1041 508; x_wconf 81' lang='lat' dir='ltr'><strong>lectione</strong></span> <span class='ocrx_word' id='word_1_144' title='bbox 1067 481 1184 516; x_wconf 80' lang='lat' dir='ltr'><strong>proﬂuit,</strong></span> <span class='ocrx_word' id='word_1_145' title='bbox 1203 482 1351 510; x_wconf 87' lang='lat' dir='ltr'><strong>utilitatis:</strong></span> <span class='ocrx_word' id='word_1_146' title='bbox 1366 483 1542 510; x_wconf 89' lang='lat' dir='ltr'><strong>incantantur</strong></span> <span class='ocrx_word' id='word_1_147' title='bbox 1560 484 1633 511; x_wconf 85' lang='lat' dir='ltr'><strong>enim</strong></span> <span class='ocrx_word' id='word_1_148' title='bbox 1650 491 1712 518; x_wconf 76' lang='lat' dir='ltr'><strong>qua:</strong></span> 
     </span>
    </p>
   </div>
   <div class='ocr_carea' id='block_1_21' title="bbox 926 526 1704 564">
    <p class='ocr_par' dir='ltr' id='par_1_21' title="bbox 926 526 1704 564">
     <span class='ocr_line' id='line_1_21' title="bbox 926 526 1704 564; baseline 0.003 -11"><span class='ocrx_word' id='word_1_149' title='bbox 926 526 952 553; x_wconf 94' lang='lat' dir='ltr'><strong>in</strong></span> <span class='ocrx_word' id='word_1_150' title='bbox 971 527 1048 554; x_wconf 81' lang='lat' dir='ltr'><strong>nobis</strong></span> <span class='ocrx_word' id='word_1_151' title='bbox 1071 533 1144 559; x_wconf 91' lang='lat' dir='ltr'><strong>sunt,</strong></span> <span class='ocrx_word' id='word_1_152' title='bbox 1161 528 1270 556; x_wconf 89' lang='lat' dir='ltr'><strong>aluntur</strong></span> <span class='ocrx_word' id='word_1_153' title='bbox 1286 529 1409 562; x_wconf 88' lang='lat' dir='ltr'><strong>meliora,</strong></span> <span class='ocrx_word' id='word_1_154' title='bbox 1426 529 1517 564; x_wconf 82' lang='lat' dir='ltr'><strong>peiora</strong></span> <span class='ocrx_word' id='word_1_155' title='bbox 1534 530 1609 556; x_wconf 87' lang='lat' dir='ltr'><strong>irrita</strong></span> <span class='ocrx_word' id='word_1_156' title='bbox 1629 530 1704 555; x_wconf 87' lang='lat' dir='ltr'><strong>liuut.</strong></span> 
     </span>
    </p>
   </div>
   <div class='ocr_carea' id='block_1_22' title="bbox 75 571 1710 611">
    <p class='ocr_par' dir='ltr' id='par_1_22' title="bbox 75 571 1710 611">
     <span class='ocr_line' id='line_1_22' title="bbox 75 571 1710 611; baseline 0.001 -12"><span class='ocrx_word' id='word_1_157' title='bbox 75 572 134 600; x_wconf 71' lang='grc' dir='ltr'><strong>ὰτὼ</strong></span> <span class='ocrx_word' id='word_1_158' title='bbox 155 573 208 599; x_wconf 70' lang='grc' dir='ltr'><strong>τῶν</strong></span> <span class='ocrx_word' id='word_1_159' title='bbox 227 573 410 608; x_wconf 84' lang='grc' dir='ltr'><strong>γραμμάτων,</strong></span> <span class='ocrx_word' id='word_1_160' title='bbox 431 575 463 600; x_wconf 81' lang='grc' dir='ltr'><strong>ὲκ</strong></span> <span class='ocrx_word' id='word_1_161' title='bbox 484 573 570 609; x_wconf 83' lang='grc' dir='ltr'>μόνης·</span> <span class='ocrx_word' id='word_1_162' title='bbox 592 573 673 609; x_wconf 74' lang='grc' dir='ltr'>ψιλῆς</span> <span class='ocrx_word' id='word_1_163' title='bbox 693 574 742 609; x_wconf 82' lang='grc' dir='ltr'><strong>τῆς</strong></span> <span class='ocrx_word' id='word_1_164' title='bbox 759 571 948 607; x_wconf 81' lang='grc' dir='ltr'><strong>ἀναγνώσεως.</strong></span> <span class='ocrx_word' id='word_1_165' title='bbox 975 573 1016 600; x_wconf 81' lang='grc' dir='ltr'><strong>Τὰ</strong></span> <span class='ocrx_word' id='word_1_166' title='bbox 1038 573 1093 609; x_wconf 84' lang='grc' dir='ltr'>γὰρ</span> <span class='ocrx_word' id='word_1_167' title='bbox 1123 575 1152 601; x_wconf 79' lang='grc' dir='ltr'>ὲν</span> <span class='ocrx_word' id='word_1_168' title='bbox 1174 575 1240 610; x_wconf 86' lang='grc' dir='ltr'>ἡμῖν</span> <span class='ocrx_word' id='word_1_169' title='bbox 1257 575 1398 611; x_wconf 77' lang='grc' dir='ltr'><strong>ἐπᾴδεται,</strong></span> <span class='ocrx_word' id='word_1_170' title='bbox 1415 575 1463 602; x_wconf 78' lang='grc' dir='ltr'>καὶ</span> <span class='ocrx_word' id='word_1_171' title='bbox 1490 575 1525 601; x_wconf 82' lang='grc' dir='ltr'><strong>τὰ</strong></span> <span class='ocrx_word' id='word_1_172' title='bbox 1549 575 1597 610; x_wconf 85' lang='grc' dir='ltr'>μὲν</span> <span class='ocrx_word' id='word_1_173' title='bbox 1618 574 1710 610; x_wconf 79' lang='grc' dir='ltr'>κρείτ-</span> 
     </span>
    </p>
   </div>
   <div class='ocr_carea' id='block_1_23' title="bbox 74 621 706 658">
    <p class='ocr_par' dir='ltr' id='par_1_23' title="bbox 74 621 706 658">
     <span class='ocr_line' id='line_1_23' title="bbox 74 621 706 658; baseline -0.003 -9"><span class='ocrx_word' id='word_1_174' title='bbox 74 628 144 650; x_wconf 74' lang='grc' dir='ltr'>τονα</span> <span class='ocrx_word' id='word_1_175' title='bbox 155 622 294 658; x_wconf 71' lang='grc' dir='ltr'><strong>τρέφεται,</strong></span> <span class='ocrx_word' id='word_1_176' title='bbox 307 621 341 649; x_wconf 83' lang='grc' dir='ltr'><strong>τὰ</strong></span> <span class='ocrx_word' id='word_1_177' title='bbox 355 622 383 648; x_wconf 84' lang='grc' dir='ltr'><strong>δὲ</strong></span> <span class='ocrx_word' id='word_1_178' title='bbox 395 621 503 657; x_wconf 79' lang='grc' dir='ltr'>χείρονα</span> <span class='ocrx_word' id='word_1_179' title='bbox 520 622 706 656; x_wconf 84' lang='grc' dir='ltr'><strong>καταργεῖται.</strong></span> 
     </span>
    </p>
   </div>
   <div class='ocr_carea' id='block_1_24' title="bbox 294 765 651 794">
    <p class='ocr_par' dir='ltr' id='par_1_24' title="bbox 294 765 651 794">
     <span class='ocr_line' id='line_1_24' title="bbox 294 765 651 794; baseline 0.006 -2"><span class='ocrx_word' id='word_1_180' title='bbox 294 765 408 793; x_wconf 75' lang='lat' dir='ltr'><strong>EADEM</strong></span> <span class='ocrx_word' id='word_1_181' title='bbox 431 766 571 794; x_wconf 76' lang='lat' dir='ltr'><strong>llOltIlLlA</strong></span> <span class='ocrx_word' id='word_1_182' title='bbox 591 766 651 794; x_wconf 71' lang='lat' dir='ltr'><strong>KX.</strong></span> 
     </span>
    </p>
   </div>
   <div class='ocr_carea' id='block_1_25' title="bbox 322 821 619 842">
    <p class='ocr_par' dir='ltr' id='par_1_25' title="bbox 322 821 619 842">
     <span class='ocr_line' id='line_1_25' title="bbox 322 821 619 842; baseline 0.007 -2"><span class='ocrx_word' id='word_1_183' title='bbox 322 821 493 841; x_wconf 79' lang='lat' dir='ltr'><strong>INTERPRETE</strong></span> <span class='ocrx_word' id='word_1_184' title='bbox 513 822 619 842; x_wconf 76' lang='lat' dir='ltr'><strong>RUFINO.</strong></span> 
     </span>
    </p>
   </div>
   <div class='ocr_carea' id='block_1_26' title="bbox 76 859 866 896">
    <p class='ocr_par' dir='ltr' id='par_1_26' title="bbox 76 859 866 896">
     <span class='ocr_line' id='line_1_26' title="bbox 76 859 866 896; baseline 0.001 -9"><span class='ocrx_word' id='word_1_185' title='bbox 76 860 114 887; x_wconf 71' lang='lat' dir='ltr'><strong>De</strong></span> <span class='ocrx_word' id='word_1_186' title='bbox 139 859 294 896; x_wconf 64' lang='lat' dir='ltr'><strong>difﬁcultate</strong></span> <span class='ocrx_word' id='word_1_187' title='bbox 321 859 607 896; x_wconf 17' lang='lat' dir='ltr'><strong>inlerlligentirc,retrde</strong></span> <span class='ocrx_word' id='word_1_188' title='bbox 636 860 715 896; x_wconf 21' lang='lat' dir='ltr'><strong>Colerb</strong></span> <span class='ocrx_word' id='word_1_189' title='bbox 737 861 866 896; x_wconf 83' lang='lat' dir='ltr'><strong>quomodo</strong></span> 
     </span>
    </p>
   </div>
   <div class='ocr_carea' id='block_1_27' title="bbox 197 893 745 929">
    <p class='ocr_par' dir='ltr' id='par_1_27' title="bbox 197 893 745 929">
     <span class='ocr_line' id='line_1_27' title="bbox 197 893 745 929; baseline 0.004 -9"><span class='ocrx_word' id='word_1_190' title='bbox 197 895 295 928; x_wconf 73' lang='lat' dir='ltr'><strong>accepit</strong></span> <span class='ocrx_word' id='word_1_191' title='bbox 316 893 445 925; x_wconf 75' lang='lat' dir='ltr'><strong>Chebron,</strong></span> <span class='ocrx_word' id='word_1_192' title='bbox 465 901 489 921; x_wconf 78' lang='lat' dir='ltr'><strong>et</strong></span> <span class='ocrx_word' id='word_1_193' title='bbox 507 895 540 921; x_wconf 83' lang='lat' dir='ltr'><strong>de</strong></span> <span class='ocrx_word' id='word_1_194' title='bbox 553 895 661 929; x_wconf 77' lang='lat' dir='ltr'><strong>ﬁliabus</strong></span> <span class='ocrx_word' id='word_1_195' title='bbox 677 893 745 929; x_wconf 76' lang='lat' dir='ltr'><strong>ejus.</strong></span> 
     </span>
    </p>
   </div>
   <div class='ocr_carea' id='block_1_28' title="bbox 113 951 865 986">
    <p class='ocr_par' dir='ltr' id='par_1_28' title="bbox 113 951 865 986">
     <span class='ocr_line' id='line_1_28' title="bbox 113 951 865 986; baseline 0.001 -7"><span class='ocrx_word' id='word_1_196' title='bbox 113 953 139 979; x_wconf 85' lang='lat' dir='ltr'><strong>I.</strong></span> <span class='ocrx_word' id='word_1_197' title='bbox 158 952 187 979; x_wconf 88' lang='lat' dir='ltr'><strong>Si</strong></span> <span class='ocrx_word' id='word_1_198' title='bbox 209 952 309 986; x_wconf 82' lang='lat' dir='ltr'><strong>quibus</strong></span> <span class='ocrx_word' id='word_1_199' title='bbox 327 951 455 986; x_wconf 83' lang='lat' dir='ltr'><strong>possibile</strong></span> <span class='ocrx_word' id='word_1_200' title='bbox 471 956 512 979; x_wconf 88' lang='lat' dir='ltr'><strong>est</strong></span> <span class='ocrx_word' id='word_1_201' title='bbox 533 953 683 980; x_wconf 79' lang='lat' dir='ltr'><strong>ascendere</strong></span> <span class='ocrx_word' id='word_1_202' title='bbox 709 953 741 979; x_wconf 89' lang='lat' dir='ltr'><strong>ad</strong></span> <span class='ocrx_word' id='word_1_203' title='bbox 765 957 865 980; x_wconf 87' lang='lat' dir='ltr'><strong>terram</strong></span> 
     </span>
    </p>
   </div>
   <div class='ocr_carea' id='block_1_29' title="bbox 73 997 867 1033">
    <p class='ocr_par' dir='ltr' id='par_1_29' title="bbox 73 997 867 1033">
     <span class='ocr_line' id='line_1_29' title="bbox 73 997 867 1033; baseline 0 -8"><span class='ocrx_word' id='word_1_204' title='bbox 73 1003 211 1029; x_wconf 79' lang='lat' dir='ltr'><strong>sanctam,</strong></span> <span class='ocrx_word' id='word_1_205' title='bbox 227 1004 254 1025; x_wconf 86' lang='lat' dir='ltr'><strong>et</strong></span> <span class='ocrx_word' id='word_1_206' title='bbox 276 997 374 1025; x_wconf 84' lang='lat' dir='ltr'><strong>bonam</strong></span> <span class='ocrx_word' id='word_1_207' title='bbox 393 1002 493 1024; x_wconf 84' lang='lat' dir='ltr'><strong>terram</strong></span> <span class='ocrx_word' id='word_1_208' title='bbox 509 998 666 1031; x_wconf 85' lang='lat' dir='ltr'><strong>viventium,</strong></span> <span class='ocrx_word' id='word_1_209' title='bbox 681 999 708 1025; x_wconf 93' lang='lat' dir='ltr'><strong>in</strong></span> <span class='ocrx_word' id='word_1_210' title='bbox 724 1007 776 1033; x_wconf 82' lang='lat' dir='ltr'><strong>qua</strong></span> <span class='ocrx_word' id='word_1_211' title='bbox 794 1006 867 1026; x_wconf 86' lang='lat' dir='ltr'><strong>mors</strong></span> 
     </span>
    </p>
   </div>
   <div class='ocr_carea' id='block_1_30' title="bbox 74 1043 865 1078">
    <p class='ocr_par' dir='ltr' id='par_1_30' title="bbox 74 1043 865 1078">
     <span class='ocr_line' id='line_1_30' title="bbox 74 1043 865 1078; baseline 0.001 -9"><span class='ocrx_word' id='word_1_212' title='bbox 74 1051 128 1070; x_wconf 92' lang='lat' dir='ltr'><strong>non</strong></span> <span class='ocrx_word' id='word_1_213' title='bbox 144 1048 197 1076; x_wconf 77' lang='lat' dir='ltr'><strong>cst,</strong></span> <span class='ocrx_word' id='word_1_214' title='bbox 206 1043 228 1070; x_wconf 91' lang='lat' dir='ltr'><strong>si</strong></span> <span class='ocrx_word' id='word_1_215' title='bbox 243 1044 304 1078; x_wconf 90' lang='lat' dir='ltr'><strong>quis</strong></span> <span class='ocrx_word' id='word_1_216' title='bbox 318 1050 364 1077; x_wconf 86' lang='lat' dir='ltr'><strong>per</strong></span> <span class='ocrx_word' id='word_1_217' title='bbox 376 1043 501 1078; x_wconf 84' lang='lat' dir='ltr'><strong>spiritum</strong></span> <span class='ocrx_word' id='word_1_218' title='bbox 517 1043 616 1071; x_wconf 92' lang='lat' dir='ltr'><strong>meruit</strong></span> <span class='ocrx_word' id='word_1_219' title='bbox 632 1044 664 1071; x_wconf 91' lang='lat' dir='ltr'><strong>ad</strong></span> <span class='ocrx_word' id='word_1_220' title='bbox 681 1045 738 1071; x_wconf 62' lang='lat' dir='ltr'><strong>haec</strong></span> <span class='ocrx_word' id='word_1_221' title='bbox 750 1044 865 1071; x_wconf 88' lang='lat' dir='ltr'><strong>videmla</strong></span> 
     </span>
    </p>
   </div>
   <div class='ocr_carea' id='block_1_31' title="bbox 73 1088 866 1124">
    <p class='ocr_par' dir='ltr' id='par_1_31' title="bbox 73 1088 866 1124">
     <span class='ocr_line' id='line_1_31' title="bbox 73 1088 866 1124; baseline 0 -9"><span class='ocrx_word' id='word_1_222' title='bbox 73 1088 270 1120; x_wconf 88' lang='lat' dir='ltr'><strong>conscemlere,</strong></span> <span class='ocrx_word' id='word_1_223' title='bbox 303 1089 348 1116; x_wconf 88' lang='lat' dir='ltr'><strong>ille</strong></span> <span class='ocrx_word' id='word_1_224' title='bbox 377 1093 467 1124; x_wconf 90' lang='lat' dir='ltr'><strong>potest</strong></span> <span class='ocrx_word' id='word_1_225' title='bbox 495 1088 586 1115; x_wconf 88' lang='lat' dir='ltr'><strong>verius</strong></span> <span class='ocrx_word' id='word_1_226' title='bbox 611 1096 689 1116; x_wconf 91' lang='lat' dir='ltr'><strong>nosse</strong></span> <span class='ocrx_word' id='word_1_227' title='bbox 723 1089 866 1116; x_wconf 71' lang='lat' dir='ltr'><strong>haeredita-</strong></span> 
     </span>
    </p>
   </div>
   <div class='ocr_carea' id='block_1_32' title="bbox 75 1132 866 1168">
    <p class='ocr_par' dir='ltr' id='par_1_32' title="bbox 75 1132 866 1168">
     <span class='ocr_line' id='line_1_32' title="bbox 75 1132 866 1168; baseline 0.003 -9"><span class='ocrx_word' id='word_1_228' title='bbox 75 1137 131 1160; x_wconf 90' lang='lat' dir='ltr'><strong>tum</strong></span> <span class='ocrx_word' id='word_1_229' title='bbox 145 1132 216 1168; x_wconf 81' lang='lat'><strong>(5|),</strong></span> <span class='ocrx_word' id='word_1_230' title='bbox 233 1137 261 1160; x_wconf 89' lang='lat' dir='ltr'><strong>et</strong></span> <span class='ocrx_word' id='word_1_231' title='bbox 278 1133 398 1160; x_wconf 90' lang='lat' dir='ltr'><strong>locorum</strong></span> <span class='ocrx_word' id='word_1_232' title='bbox 418 1137 445 1160; x_wconf 90' lang='lat' dir='ltr'><strong>et</strong></span> <span class='ocrx_word' id='word_1_233' title='bbox 463 1133 675 1168; x_wconf 76' lang='lat' dir='ltr'><strong>appellationum</strong></span> <span class='ocrx_word' id='word_1_234' title='bbox 696 1142 757 1168; x_wconf 66' lang='lat' dir='ltr'><strong>quae</strong></span> <span class='ocrx_word' id='word_1_235' title='bbox 780 1135 806 1160; x_wconf 92' lang='lat' dir='ltr'><strong>in</strong></span> <span class='ocrx_word' id='word_1_236' title='bbox 823 1135 866 1162; x_wconf 86' lang='lat' dir='ltr'><strong>his</strong></span> 
     </span>
    </p>
   </div>
   <div class='ocr_carea' id='block_1_33' title="bbox 75 1179 866 1215">
    <p class='ocr_par' dir='ltr' id='par_1_33' title="bbox 75 1179 866 1215">
     <span class='ocr_line' id='line_1_33' title="bbox 75 1179 866 1215; baseline 0.001 -8"><span class='ocrx_word' id='word_1_237' title='bbox 75 1179 142 1207; x_wconf 90' lang='lat' dir='ltr'><strong>locis</strong></span> <span class='ocrx_word' id='word_1_238' title='bbox 157 1180 268 1213; x_wconf 64' lang='lat' dir='ltr'><strong>scripta!</strong></span> <span class='ocrx_word' id='word_1_239' title='bbox 282 1185 356 1212; x_wconf 91' lang='lat' dir='ltr'><strong>sunt,</strong></span> <span class='ocrx_word' id='word_1_240' title='bbox 371 1179 551 1208; x_wconf 82' lang='lat' dir='ltr'><strong>dili&#39;erenlias.</strong></span> <span class='ocrx_word' id='word_1_241' title='bbox 567 1180 666 1208; x_wconf 82' lang='lat' dir='ltr'><strong>Verum</strong></span> <span class='ocrx_word' id='word_1_242' title='bbox 681 1181 745 1215; x_wconf 86' lang='lat' dir='ltr'><strong>quia</strong></span> <span class='ocrx_word' id='word_1_243' title='bbox 757 1180 866 1208; x_wconf 81' lang='lat' dir='ltr'><strong>dillicile</strong></span> 
     </span>
    </p>
   </div>
   <div class='ocr_carea' id='block_1_34' title="bbox 73 1225 865 1261">
    <p class='ocr_par' dir='ltr' id='par_1_34' title="bbox 73 1225 865 1261">
     <span class='ocr_line' id='line_1_34' title="bbox 73 1225 865 1261; baseline 0.003 -9"><span class='ocrx_word' id='word_1_244' title='bbox 73 1231 117 1252; x_wconf 78' lang='lat' dir='ltr'><strong>est</strong></span> <span class='ocrx_word' id='word_1_245' title='bbox 135 1226 172 1252; x_wconf 92' lang='lat' dir='ltr'><strong>ita</strong></span> <span class='ocrx_word' id='word_1_246' title='bbox 189 1226 335 1257; x_wconf 87' lang='lat' dir='ltr'><strong>eruditam,</strong></span> <span class='ocrx_word' id='word_1_247' title='bbox 352 1225 393 1252; x_wconf 90' lang='lat' dir='ltr'><strong>vel</strong></span> <span class='ocrx_word' id='word_1_248' title='bbox 413 1226 498 1260; x_wconf 75' lang='lat' dir='ltr'><strong>gratia</strong></span> <span class='ocrx_word' id='word_1_249' title='bbox 516 1226 628 1260; x_wconf 74' lang='lat' dir='ltr'><strong>spiritus</strong></span> <span class='ocrx_word' id='word_1_250' title='bbox 645 1227 774 1261; x_wconf 87' lang='lat' dir='ltr'><strong>repletam</strong></span> <span class='ocrx_word' id='word_1_251' title='bbox 790 1227 865 1254; x_wconf 85' lang='lat' dir='ltr'><strong>inve-</strong></span> 
     </span>
    </p>
   </div>
   <div class='ocr_carea' id='block_1_35' title="bbox 75 1272 865 1303">
    <p class='ocr_par' dir='ltr' id='par_1_35' title="bbox 75 1272 865 1303">
     <span class='ocr_line' id='line_1_35' title="bbox 75 1272 865 1303; baseline 0.001 -4"><span class='ocrx_word' id='word_1_252' title='bbox 75 1273 133 1299; x_wconf 87' lang='lat' dir='ltr'><strong>nire</strong></span> <span class='ocrx_word' id='word_1_253' title='bbox 149 1272 282 1303; x_wconf 86' lang='lat' dir='ltr'><strong>animam,</strong></span> <span class='ocrx_word' id='word_1_254' title='bbox 298 1272 458 1298; x_wconf 83' lang='lat' dir='ltr'><strong>conabimur</strong></span> <span class='ocrx_word' id='word_1_255' title='bbox 472 1279 522 1299; x_wconf 88' lang='lat' dir='ltr'><strong>nos</strong></span> <span class='ocrx_word' id='word_1_256' title='bbox 534 1272 731 1299; x_wconf 87' lang='lat' dir='ltr'><strong>consolationis</strong></span> <span class='ocrx_word' id='word_1_257' title='bbox 743 1281 865 1300; x_wconf 88' lang='lat' dir='ltr'><strong>commn-</strong></span> 
     </span>
    </p>
   </div>
   <div class='ocr_carea' id='block_1_36' title="bbox 74 1315 864 1346">
    <p class='ocr_par' dir='ltr' id='par_1_36' title="bbox 74 1315 864 1346">
     <span class='ocr_line' id='line_1_36' title="bbox 74 1315 864 1346; baseline 0.004 -3"><span class='ocrx_word' id='word_1_258' title='bbox 74 1317 117 1343; x_wconf 87' lang='lat' dir='ltr'><strong>nis</strong></span> <span class='ocrx_word' id='word_1_259' title='bbox 128 1323 224 1345; x_wconf 84' lang='lat' dir='ltr'><strong>causa.</strong></span> <span class='ocrx_word' id='word_1_260' title='bbox 235 1324 269 1343; x_wconf 88' lang='lat' dir='ltr'><strong>ne</strong></span> <span class='ocrx_word' id='word_1_261' title='bbox 280 1315 352 1344; x_wconf 81' lang='lat' dir='ltr'><strong>forte</strong></span> <span class='ocrx_word' id='word_1_262' title='bbox 362 1317 442 1343; x_wconf 72' lang='lat' dir='ltr'><strong>taedio</strong></span> <span class='ocrx_word' id='word_1_263' title='bbox 451 1316 584 1343; x_wconf 85' lang='lat' dir='ltr'><strong>elliciatur</strong></span> <span class='ocrx_word' id='word_1_264' title='bbox 595 1318 764 1345; x_wconf 79' lang='lat' dir='ltr'><strong>auditoribus</strong></span> <span class='ocrx_word' id='word_1_265' title='bbox 773 1327 864 1346; x_wconf 87' lang='lat' dir='ltr'><strong>sermo</strong></span> 
     </span>
    </p>
   </div>
   <div class='ocr_carea' id='block_1_37' title="bbox 74 1363 862 1400">
    <p class='ocr_par' dir='ltr' id='par_1_37' title="bbox 74 1363 862 1400">
     <span class='ocr_line' id='line_1_37' title="bbox 74 1363 862 1400; baseline 0.004 -11"><span class='ocrx_word' id='word_1_266' title='bbox 74 1363 185 1389; x_wconf 83' lang='lat' dir='ltr'><strong>divinus</strong></span> <span class='ocrx_word' id='word_1_267' title='bbox 200 1367 227 1389; x_wconf 91' lang='lat' dir='ltr'><strong>ct</strong></span> <span class='ocrx_word' id='word_1_268' title='bbox 249 1363 340 1395; x_wconf 84' lang='lat' dir='ltr'><strong>lectio,</strong></span> <span class='ocrx_word' id='word_1_269' title='bbox 365 1363 387 1390; x_wconf 88' lang='lat' dir='ltr'><strong>si</strong></span> <span class='ocrx_word' id='word_1_270' title='bbox 413 1363 481 1390; x_wconf 86' lang='lat' dir='ltr'><strong>nihil</strong></span> <span class='ocrx_word' id='word_1_271' title='bbox 502 1363 704 1398; x_wconf 78' lang='lat' dir='ltr'><strong>explanationis</strong></span> <span class='ocrx_word' id='word_1_272' title='bbox 729 1366 862 1400; x_wconf 85' lang='lat' dir='ltr'><strong>accipiat,</strong></span> 
     </span>
    </p>
   </div>
   <div class='ocr_carea' id='block_1_38' title="bbox 74 1410 862 1442">
    <p class='ocr_par' dir='ltr' id='par_1_38' title="bbox 74 1410 862 1442">
     <span class='ocr_line' id='line_1_38' title="bbox 74 1410 862 1442; baseline 0.004 -6"><span class='ocrx_word' id='word_1_273' title='bbox 74 1410 219 1437; x_wconf 79' lang='lat' dir='ltr'><strong>orantibus</strong></span> <span class='ocrx_word' id='word_1_274' title='bbox 242 1410 329 1442; x_wconf 82' lang='lat' dir='ltr'><strong>vobis,</strong></span> <span class='ocrx_word' id='word_1_275' title='bbox 356 1416 384 1437; x_wconf 89' lang='lat' dir='ltr'><strong>et</strong></span> <span class='ocrx_word' id='word_1_276' title='bbox 411 1410 524 1438; x_wconf 85' lang='lat' dir='ltr'><strong>Domino</strong></span> <span class='ocrx_word' id='word_1_277' title='bbox 540 1412 657 1439; x_wconf 83' lang='lat' dir='ltr'><strong>donante</strong></span> <span class='ocrx_word' id='word_1_278' title='bbox 676 1413 733 1439; x_wconf 74' lang='lat' dir='ltr'><strong>haec</strong></span> <span class='ocrx_word' id='word_1_279' title='bbox 753 1413 862 1440; x_wconf 91' lang='lat' dir='ltr'><strong>interim</strong></span> 
     </span>
    </p>
   </div>
   <div class='ocr_carea' id='block_1_39' title="bbox 74 1454 862 1493">
    <p class='ocr_par' dir='ltr' id='par_1_39' title="bbox 74 1454 862 1493">
     <span class='ocr_line' id='line_1_39' title="bbox 74 1454 862 1493; baseline 0.008 -13"><span class='ocrx_word' id='word_1_280' title='bbox 74 1455 107 1482; x_wconf 87' lang='lat' dir='ltr'><strong>de</strong></span> <span class='ocrx_word' id='word_1_281' title='bbox 123 1454 312 1489; x_wconf 80' lang='lat' dir='ltr'><strong>hujuscemodi</strong></span> <span class='ocrx_word' id='word_1_282' title='bbox 329 1456 492 1484; x_wconf 83' lang='lat' dir='ltr'><strong>lectionibus</strong></span> <span class='ocrx_word' id='word_1_283' title='bbox 507 1458 702 1493; x_wconf 82' lang='lat' dir='ltr'><strong>perstringere,</strong></span> <span class='ocrx_word' id='word_1_284' title='bbox 719 1467 779 1493; x_wconf 64' lang='lat' dir='ltr'><strong>qua:</strong></span> <span class='ocrx_word' id='word_1_285' title='bbox 795 1459 862 1486; x_wconf 82' lang='lat' dir='ltr'><strong>a-di-</strong></span> 
     </span>
    </p>
   </div>
   <div class='ocr_carea' id='block_1_40' title="bbox 73 1499 861 1538">
    <p class='ocr_par' dir='ltr' id='par_1_40' title="bbox 73 1499 861 1538">
     <span class='ocr_line' id='line_1_40' title="bbox 73 1499 861 1538; baseline 0.008 -12"><span class='ocrx_word' id='word_1_286' title='bbox 73 1499 155 1528; x_wconf 74' lang='lat' dir='ltr'><strong>ﬂcare</strong></span> <span class='ocrx_word' id='word_1_287' title='bbox 177 1501 282 1536; x_wconf 91' lang='lat' dir='ltr'><strong>possint</strong></span> <span class='ocrx_word' id='word_1_288' title='bbox 298 1501 405 1529; x_wconf 90' lang='lat' dir='ltr'><strong>animas</strong></span> <span class='ocrx_word' id='word_1_289' title='bbox 420 1507 536 1529; x_wconf 88' lang='lat' dir='ltr'><strong>nostras.</strong></span> <span class='ocrx_word' id='word_1_290' title='bbox 554 1503 582 1530; x_wconf 89' lang='lat' dir='ltr'><strong>Si</strong></span> <span class='ocrx_word' id='word_1_291' title='bbox 609 1512 661 1537; x_wconf 82' lang='lat' dir='ltr'><strong>qua</strong></span> <span class='ocrx_word' id='word_1_292' title='bbox 677 1509 767 1531; x_wconf 87' lang='lat' dir='ltr'><strong>autem</strong></span> <span class='ocrx_word' id='word_1_293' title='bbox 787 1510 861 1538; x_wconf 87' lang='lat' dir='ltr'><strong>sunt,</strong></span> 
     </span>
    </p>
   </div>
   <div class='ocr_carea' id='block_1_41' title="bbox 72 1548 863 1585">
    <p class='ocr_par' dir='ltr' id='par_1_41' title="bbox 72 1548 863 1585">
     <span class='ocr_line' id='line_1_41' title="bbox 72 1548 863 1585; baseline 0.009 -12"><span class='ocrx_word' id='word_1_294' title='bbox 72 1555 132 1581; x_wconf 74' lang='lat' dir='ltr'><strong>quas</strong></span> <span class='ocrx_word' id='word_1_295' title='bbox 146 1548 188 1575; x_wconf 84' lang='lat' dir='ltr'><strong>vel</strong></span> <span class='ocrx_word' id='word_1_296' title='bbox 205 1555 256 1575; x_wconf 88' lang='lat' dir='ltr'><strong>nos</strong></span> <span class='ocrx_word' id='word_1_297' title='bbox 275 1549 309 1574; x_wconf 87' lang='lat' dir='ltr'><strong>ad</strong></span> <span class='ocrx_word' id='word_1_298' title='bbox 327 1556 447 1582; x_wconf 71' lang='lat' dir='ltr'><strong>praesens</strong></span> <span class='ocrx_word' id='word_1_299' title='bbox 461 1550 565 1577; x_wconf 88' lang='lat' dir='ltr'><strong>sentire</strong></span> <span class='ocrx_word' id='word_1_300' title='bbox 581 1557 632 1577; x_wconf 90' lang='lat' dir='ltr'><strong>non</strong></span> <span class='ocrx_word' id='word_1_301' title='bbox 649 1558 804 1585; x_wconf 80' lang='lat' dir='ltr'><strong>possumus,</strong></span> <span class='ocrx_word' id='word_1_302' title='bbox 820 1553 863 1580; x_wconf 87' lang='lat' dir='ltr'><strong>vel</strong></span> 
     </span>
    </p>
   </div>
   <div class='ocr_carea' id='block_1_42' title="bbox 71 1595 863 1632">
    <p class='ocr_par' dir='ltr' id='par_1_42' title="bbox 71 1595 863 1632">
     <span class='ocr_line' id='line_1_42' title="bbox 71 1595 863 1632; baseline 0.009 -13"><span class='ocrx_word' id='word_1_303' title='bbox 71 1601 120 1620; x_wconf 78' lang='lat' dir='ltr'><strong>vos</strong></span> <span class='ocrx_word' id='word_1_304' title='bbox 137 1595 258 1620; x_wconf 90' lang='lat' dir='ltr'><strong>nondum</strong></span> <span class='ocrx_word' id='word_1_305' title='bbox 278 1595 391 1628; x_wconf 83' lang='lat' dir='ltr'><strong>potestis</strong></span> <span class='ocrx_word' id='word_1_306' title='bbox 404 1595 508 1628; x_wconf 80' lang='lat' dir='ltr'><strong>audire,</strong></span> <span class='ocrx_word' id='word_1_307' title='bbox 522 1603 553 1622; x_wconf 78' lang='lat' dir='ltr'><strong>ex</strong></span> <span class='ocrx_word' id='word_1_308' title='bbox 573 1596 614 1623; x_wconf 84' lang='lat' dir='ltr'><strong>Itis</strong></span> <span class='ocrx_word' id='word_1_309' title='bbox 632 1601 720 1624; x_wconf 88' lang='lat' dir='ltr'><strong>tamen</strong></span> <span class='ocrx_word' id='word_1_310' title='bbox 735 1606 795 1632; x_wconf 78' lang='lat' dir='ltr'><strong>qua:</strong></span> <span class='ocrx_word' id='word_1_311' title='bbox 809 1599 863 1626; x_wconf 90' lang='lat' dir='ltr'><strong>dis-</strong></span> 
     </span>
    </p>
   </div>
   <div class='ocr_carea' id='block_1_43' title="bbox 72 1639 860 1677">
    <p class='ocr_par' dir='ltr' id='par_1_43' title="bbox 72 1639 860 1677">
     <span class='ocr_line' id='line_1_43' title="bbox 72 1639 860 1677; baseline 0.006 -11"><span class='ocrx_word' id='word_1_312' title='bbox 72 1639 188 1667; x_wconf 70' lang='lat' dir='ltr'><strong>serimus</strong></span> <span class='ocrx_word' id='word_1_313' title='bbox 210 1640 391 1667; x_wconf 89' lang='lat' dir='ltr'><strong>corrcctiores</strong></span> <span class='ocrx_word' id='word_1_314' title='bbox 416 1645 497 1674; x_wconf 90' lang='lat' dir='ltr'><strong>atque</strong></span> <span class='ocrx_word' id='word_1_315' title='bbox 522 1642 723 1670; x_wconf 78' lang='lat' dir='ltr'><strong>emendatiorcs</strong></span> <span class='ocrx_word' id='word_1_316' title='bbox 748 1645 860 1677; x_wconf 77' lang='lat' dir='ltr'><strong>redditi,</strong></span> 
     </span>
    </p>
   </div>
   <div class='ocr_carea' id='block_1_44' title="bbox 72 1684 862 1720">
    <p class='ocr_par' dir='ltr' id='par_1_44' title="bbox 72 1684 862 1720">
     <span class='ocr_line' id='line_1_44' title="bbox 72 1684 862 1720; baseline 0.009 -10"><span class='ocrx_word' id='word_1_317' title='bbox 72 1684 151 1711; x_wconf 88' lang='lat' dir='ltr'><strong>etiant</strong></span> <span class='ocrx_word' id='word_1_318' title='bbox 167 1685 213 1712; x_wconf 85' lang='lat' dir='ltr'><strong>illa</strong></span> <span class='ocrx_word' id='word_1_319' title='bbox 228 1693 286 1719; x_wconf 67' lang='lat' dir='ltr'><strong>qua:</strong></span> <span class='ocrx_word' id='word_1_320' title='bbox 303 1693 374 1713; x_wconf 90' lang='lat' dir='ltr'><strong>nunc</strong></span> <span class='ocrx_word' id='word_1_321' title='bbox 387 1692 486 1720; x_wconf 81' lang='lat' dir='ltr'><strong>capere</strong></span> <span class='ocrx_word' id='word_1_322' title='bbox 500 1693 552 1712; x_wconf 87' lang='lat' dir='ltr'><strong>non</strong></span> <span class='ocrx_word' id='word_1_323' title='bbox 566 1693 720 1720; x_wconf 85' lang='lat' dir='ltr'><strong>possumus,</strong></span> <span class='ocrx_word' id='word_1_324' title='bbox 735 1689 862 1717; x_wconf 86' lang='lat' dir='ltr'><strong>meliores</strong></span> 
     </span>
    </p>
   </div>
   <div class='ocr_carea' id='block_1_45' title="bbox 71 1731 862 1769">
    <p class='ocr_par' dir='ltr' id='par_1_45' title="bbox 71 1731 862 1769">
     <span class='ocr_line' id='line_1_45' title="bbox 71 1731 862 1769; baseline 0.008 -12"><span class='ocrx_word' id='word_1_325' title='bbox 71 1731 159 1758; x_wconf 78' lang='lat' dir='ltr'><strong>cﬂccti</strong></span> <span class='ocrx_word' id='word_1_326' title='bbox 183 1733 430 1766; x_wconf 85' lang='lat' dir='ltr'><strong>comprehensuros</strong></span> <span class='ocrx_word' id='word_1_327' title='bbox 454 1739 503 1760; x_wconf 87' lang='lat' dir='ltr'><strong>nos</strong></span> <span class='ocrx_word' id='word_1_328' title='bbox 524 1741 637 1769; x_wconf 85' lang='lat' dir='ltr'><strong>sperare</strong></span> <span class='ocrx_word' id='word_1_329' title='bbox 662 1735 803 1763; x_wconf 86' lang='lat' dir='ltr'><strong>debemus.</strong></span> <span class='ocrx_word' id='word_1_330' title='bbox 829 1736 862 1763; x_wconf 91' lang='lat' dir='ltr'><strong>Et</strong></span> 
     </span>
    </p>
   </div>
   <div class='ocr_carea' id='block_1_46' title="bbox 70 1777 860 1814">
    <p class='ocr_par' dir='ltr' id='par_1_46' title="bbox 70 1777 860 1814">
     <span class='ocr_line' id='line_1_46' title="bbox 70 1777 860 1814; baseline 0.009 -11"><span class='ocrx_word' id='word_1_331' title='bbox 70 1777 179 1811; x_wconf 89' lang='lat' dir='ltr'><strong>quidem</strong></span> <span class='ocrx_word' id='word_1_332' title='bbox 194 1777 328 1812; x_wconf 90' lang='lat' dir='ltr'><strong>optimum</strong></span> <span class='ocrx_word' id='word_1_333' title='bbox 342 1778 394 1805; x_wconf 87' lang='lat' dir='ltr'><strong>erit</strong></span> <span class='ocrx_word' id='word_1_334' title='bbox 408 1780 463 1806; x_wconf 57' lang='lat' dir='ltr'><strong>haec</strong></span> <span class='ocrx_word' id='word_1_335' title='bbox 478 1780 597 1814; x_wconf 73' lang='lat' dir='ltr'><strong>assequi,</strong></span> <span class='ocrx_word' id='word_1_336' title='bbox 613 1780 675 1807; x_wconf 90' lang='lat' dir='ltr'><strong>dum</strong></span> <span class='ocrx_word' id='word_1_337' title='bbox 692 1781 718 1808; x_wconf 89' lang='lat' dir='ltr'><strong>in</strong></span> <span class='ocrx_word' id='word_1_338' title='bbox 738 1781 789 1809; x_wconf 88' lang='lat' dir='ltr'><strong>hac</strong></span> <span class='ocrx_word' id='word_1_339' title='bbox 806 1783 860 1810; x_wconf 93' lang='lat' dir='ltr'><strong>vita</strong></span> 
     </span>
    </p>
   </div>
   <div class='ocr_carea' id='block_1_47' title="bbox 72 1823 859 1861">
    <p class='ocr_par' dir='ltr' id='par_1_47' title="bbox 72 1823 859 1861">
     <span class='ocr_line' id='line_1_47' title="bbox 72 1823 859 1861; baseline 0.008 -12"><span class='ocrx_word' id='word_1_340' title='bbox 72 1830 176 1855; x_wconf 87' lang='lat' dir='ltr'><strong>sumus,</strong></span> <span class='ocrx_word' id='word_1_341' title='bbox 193 1823 236 1850; x_wconf 91' lang='lat' dir='ltr'><strong>ubi</strong></span> <span class='ocrx_word' id='word_1_342' title='bbox 253 1823 352 1851; x_wconf 87' lang='lat' dir='ltr'><strong>laboris</strong></span> <span class='ocrx_word' id='word_1_343' title='bbox 364 1824 505 1858; x_wconf 66' lang='lat' dir='ltr'><strong>prtemium</strong></span> <span class='ocrx_word' id='word_1_344' title='bbox 515 1825 617 1859; x_wconf 89' lang='lat' dir='ltr'><strong>justum</strong></span> <span class='ocrx_word' id='word_1_345' title='bbox 630 1831 673 1853; x_wconf 89' lang='lat' dir='ltr'><strong>est</strong></span> <span class='ocrx_word' id='word_1_346' title='bbox 686 1836 692 1853; x_wconf 92' lang='lat'>:</span> <span class='ocrx_word' id='word_1_347' title='bbox 704 1827 745 1854; x_wconf 91' lang='lat' dir='ltr'><strong>sin</strong></span> <span class='ocrx_word' id='word_1_348' title='bbox 759 1828 859 1861; x_wconf 89' lang='lat' dir='ltr'><strong>minus,</strong></span> 
     </span>
    </p>
   </div>
   <div class='ocr_carea' id='block_1_48' title="bbox 72 1868 860 1907">
    <p class='ocr_par' dir='ltr' id='par_1_48' title="bbox 72 1868 860 1907">
     <span class='ocr_line' id='line_1_48' title="bbox 72 1868 860 1907; baseline 0.006 -12"><span class='ocrx_word' id='word_1_349' title='bbox 72 1874 132 1902; x_wconf 87' lang='lat' dir='ltr'><strong>post</strong></span> <span class='ocrx_word' id='word_1_350' title='bbox 149 1869 254 1896; x_wconf 88' lang='lat' dir='ltr'><strong>obitutn</strong></span> <span class='ocrx_word' id='word_1_351' title='bbox 273 1868 389 1897; x_wconf 80' lang='lat' dir='ltr'><strong>fortasse</strong></span> <span class='ocrx_word' id='word_1_352' title='bbox 406 1869 578 1898; x_wconf 82' lang='lat' dir='ltr'><strong>innotesccnt</strong></span> <span class='ocrx_word' id='word_1_353' title='bbox 594 1872 627 1899; x_wconf 92' lang='lat' dir='ltr'><strong>iis</strong></span> <span class='ocrx_word' id='word_1_354' title='bbox 644 1872 690 1907; x_wconf 88' lang='lat' dir='ltr'><strong>qui</strong></span> <span class='ocrx_word' id='word_1_355' title='bbox 713 1874 860 1901; x_wconf 86' lang='lat' dir='ltr'><strong>merebun-</strong></span> 
     </span>
    </p>
   </div>
   <div class='ocr_carea' id='block_1_49' title="bbox 73 1915 859 1954">
    <p class='ocr_par' dir='ltr' id='par_1_49' title="bbox 73 1915 859 1954">
     <span class='ocr_line' id='line_1_49' title="bbox 73 1915 859 1954; baseline 0.006 -13"><span class='ocrx_word' id='word_1_356' title='bbox 73 1920 125 1942; x_wconf 85' lang='lat' dir='ltr'><strong>tur.</strong></span> <span class='ocrx_word' id='word_1_357' title='bbox 142 1915 337 1943; x_wconf 83' lang='lat' dir='ltr'><strong>Verumtamen</strong></span> <span class='ocrx_word' id='word_1_358' title='bbox 352 1916 435 1943; x_wconf 88' lang='lat' dir='ltr'><strong>etiam</strong></span> <span class='ocrx_word' id='word_1_359' title='bbox 452 1916 516 1944; x_wconf 92' lang='lat' dir='ltr'><strong>illud</strong></span> <span class='ocrx_word' id='word_1_360' title='bbox 535 1917 679 1950; x_wconf 86' lang='lat' dir='ltr'><strong>admoneo,</strong></span> <span class='ocrx_word' id='word_1_361' title='bbox 697 1926 750 1945; x_wconf 92' lang='lat' dir='ltr'><strong>non</strong></span> <span class='ocrx_word' id='word_1_362' title='bbox 764 1926 859 1954; x_wconf 88' lang='lat' dir='ltr'><strong>parum</strong></span> 
     </span>
    </p>
   </div>
   <div class='ocr_carea' id='block_1_50' title="bbox 55 1960 860 1998">
    <p class='ocr_par' dir='ltr' id='par_1_50' title="bbox 55 1960 860 1998">
     <span class='ocr_line' id='line_1_50' title="bbox 55 1960 860 1998; baseline 0.006 -12"><span class='ocrx_word' id='word_1_363' title='bbox 55 1967 102 1993; x_wconf 75' lang='grc' dir='ltr'><strong>,ως</strong></span> <span class='ocrx_word' id='word_1_364' title='bbox 120 1961 171 1987; x_wconf 88' lang='lat' dir='ltr'><strong>hoc</strong></span> <span class='ocrx_word' id='word_1_365' title='bbox 189 1960 248 1994; x_wconf 87' lang='lat' dir='ltr'><strong>ipso</strong></span> <span class='ocrx_word' id='word_1_366' title='bbox 265 1960 390 1987; x_wconf 84' lang='lat' dir='ltr'><strong>utilitatis</strong></span> <span class='ocrx_word' id='word_1_367' title='bbox 410 1961 509 1988; x_wconf 74' lang='lat' dir='ltr'><strong>animm</strong></span> <span class='ocrx_word' id='word_1_368' title='bbox 533 1962 663 1994; x_wconf 76' lang='lat' dir='ltr'><strong>conferri,</strong></span> <span class='ocrx_word' id='word_1_369' title='bbox 682 1964 754 1998; x_wconf 89' lang='lat' dir='ltr'><strong>quod</strong></span> <span class='ocrx_word' id='word_1_370' title='bbox 779 1972 860 1993; x_wconf 82' lang='lat' dir='ltr'><strong>aures</strong></span> 
     </span>
    </p>
   </div>
   <div class='ocr_carea' id='block_1_51' title="bbox 72 2005 858 2045">
    <p class='ocr_par' dir='ltr' id='par_1_51' title="bbox 72 2005 858 2045">
     <span class='ocr_line' id='line_1_51' title="bbox 72 2005 858 2045; baseline 0.01 -14"><span class='ocrx_word' id='word_1_371' title='bbox 72 2010 177 2032; x_wconf 75' lang='lat' dir='ltr'><strong>nostras</strong></span> <span class='ocrx_word' id='word_1_372' title='bbox 189 2005 252 2033; x_wconf 89' lang='lat' dir='ltr'><strong>licet</strong></span> <span class='ocrx_word' id='word_1_373' title='bbox 261 2005 464 2042; x_wconf 62' lang='lat' dir='ltr'><strong>Mobscura</strong></span> <span class='ocrx_word' id='word_1_374' title='bbox 477 2008 692 2045; x_wconf 69' lang='lat' dir='ltr'><strong>videantur(52),</strong></span> <span class='ocrx_word' id='word_1_375' title='bbox 705 2015 858 2044; x_wconf 84' lang='lat' dir='ltr'><strong>penetrant.</strong></span> 
     </span>
    </p>
   </div>
   <div class='ocr_carea' id='block_1_52' title="bbox 72 2049 858 2090">
    <p class='ocr_par' dir='ltr' id='par_1_52' title="bbox 72 2049 858 2090">
     <span class='ocr_line' id='line_1_52' title="bbox 72 2049 858 2090; baseline 0.009 -14"><span class='ocrx_word' id='word_1_376' title='bbox 72 2049 99 2076; x_wconf 90' lang='lat' dir='ltr'><strong>Si</strong></span> <span class='ocrx_word' id='word_1_377' title='bbox 122 2050 196 2077; x_wconf 89' lang='lat' dir='ltr'><strong>enim</strong></span> <span class='ocrx_word' id='word_1_378' title='bbox 219 2051 352 2078; x_wconf 89' lang='lat' dir='ltr'><strong>creditum</strong></span> <span class='ocrx_word' id='word_1_379' title='bbox 377 2056 420 2079; x_wconf 89' lang='lat' dir='ltr'><strong>est</strong></span> <span class='ocrx_word' id='word_1_380' title='bbox 442 2059 458 2079; x_wconf 88' lang='lat' dir='ltr'><strong>a</strong></span> <span class='ocrx_word' id='word_1_381' title='bbox 480 2053 617 2087; x_wconf 82' lang='lat' dir='ltr'><strong>gentibus,</strong></span> <span class='ocrx_word' id='word_1_382' title='bbox 640 2055 710 2088; x_wconf 91' lang='lat' dir='ltr'><strong>quod</strong></span> <span class='ocrx_word' id='word_1_383' title='bbox 734 2057 858 2090; x_wconf 53' lang='lat' dir='ltr'><strong>quaedam</strong></span> 
     </span>
    </p>
   </div>
   <div class='ocr_carea' id='block_1_53' title="bbox 881 767 1709 803">
    <p class='ocr_par' dir='ltr' id='par_1_53' title="bbox 881 767 1709 803">
     <span class='ocr_line' id='line_1_53' title="bbox 881 767 1709 803; baseline 0 -8"><span class='ocrx_word' id='word_1_384' title='bbox 881 771 1055 802; x_wconf 84' lang='lat' dir='ltr'><strong>Bstuporcm</strong></span> <span class='ocrx_word' id='word_1_385' title='bbox 1087 767 1232 802; x_wconf 75' lang='lat' dir='ltr'><strong>quemdam</strong></span> <span class='ocrx_word' id='word_1_386' title='bbox 1262 775 1359 795; x_wconf 79' lang='lat' dir='ltr'><strong>sensus</strong></span> <span class='ocrx_word' id='word_1_387' title='bbox 1386 767 1518 803; x_wconf 78' lang='lat' dir='ltr'><strong>inﬂigere,</strong></span> <span class='ocrx_word' id='word_1_388' title='bbox 1546 767 1589 794; x_wconf 92' lang='lat' dir='ltr'><strong>ubi</strong></span> <span class='ocrx_word' id='word_1_389' title='bbox 1618 773 1709 795; x_wconf 69' lang='lat' dir='ltr'><strong>tanton</strong></span> 
     </span>
    </p>
   </div>
   <div class='ocr_carea' id='block_1_54' title="bbox 918 813 1709 848">
    <p class='ocr_par' dir='ltr' id='par_1_54' title="bbox 918 813 1709 848">
     <span class='ocr_line' id='line_1_54' title="bbox 918 813 1709 848; baseline -0.001 -8"><span class='ocrx_word' id='word_1_390' title='bbox 918 813 1018 840; x_wconf 84' lang='lat' dir='ltr'><strong>Christi</strong></span> <span class='ocrx_word' id='word_1_391' title='bbox 1045 821 1096 840; x_wconf 90' lang='lat' dir='ltr'><strong>non</strong></span> <span class='ocrx_word' id='word_1_392' title='bbox 1126 814 1255 840; x_wconf 89' lang='lat' dir='ltr'><strong>restiterit</strong></span> <span class='ocrx_word' id='word_1_393' title='bbox 1274 814 1481 848; x_wconf 78' lang='lat' dir='ltr'><strong>lideszquanto</strong></span> <span class='ocrx_word' id='word_1_394' title='bbox 1512 814 1597 847; x_wconf 76' lang='lat' dir='ltr'><strong>magis</strong></span> <span class='ocrx_word' id='word_1_395' title='bbox 1625 814 1709 840; x_wconf 85' lang='lat' dir='ltr'><strong>totius</strong></span> 
     </span>
    </p>
   </div>
   <div class='ocr_carea' id='block_1_55' title="bbox 919 859 1709 894">
    <p class='ocr_par' dir='ltr' id='par_1_55' title="bbox 919 859 1709 894">
     <span class='ocr_line' id='line_1_55' title="bbox 919 859 1709 894; baseline -0.001 -8"><span class='ocrx_word' id='word_1_396' title='bbox 919 859 1151 894; x_wconf 74' lang='lat' dir='ltr'><strong>prmcantationis,</strong></span> <span class='ocrx_word' id='word_1_397' title='bbox 1166 864 1194 886; x_wconf 93' lang='lat' dir='ltr'><strong>et</strong></span> <span class='ocrx_word' id='word_1_398' title='bbox 1214 860 1347 887; x_wconf 89' lang='lat' dir='ltr'><strong>carminis</strong></span> <span class='ocrx_word' id='word_1_399' title='bbox 1363 860 1522 887; x_wconf 84' lang='lat' dir='ltr'><strong>validiorem</strong></span> <span class='ocrx_word' id='word_1_400' title='bbox 1536 865 1561 886; x_wconf 91' lang='lat' dir='ltr'><strong>et</strong></span> <span class='ocrx_word' id='word_1_401' title='bbox 1575 859 1709 894; x_wconf 86' lang='lat' dir='ltr'><strong>potentio-</strong></span> 
     </span>
    </p>
   </div>
   <div class='ocr_carea' id='block_1_56' title="bbox 920 905 1707 941">
    <p class='ocr_par' dir='ltr' id='par_1_56' title="bbox 920 905 1707 941">
     <span class='ocr_line' id='line_1_56' title="bbox 920 905 1707 941; baseline -0.001 -9"><span class='ocrx_word' id='word_1_402' title='bbox 920 913 975 932; x_wconf 82' lang='lat' dir='ltr'><strong>rem</strong></span> <span class='ocrx_word' id='word_1_403' title='bbox 999 905 1150 932; x_wconf 84' lang='lat' dir='ltr'><strong>ducendam</strong></span> <span class='ocrx_word' id='word_1_404' title='bbox 1175 906 1312 933; x_wconf 89' lang='lat' dir='ltr'><strong>credimus</strong></span> <span class='ocrx_word' id='word_1_405' title='bbox 1330 913 1521 941; x_wconf 83' lang='lat' dir='ltr'><strong>quamcunque</strong></span> <span class='ocrx_word' id='word_1_406' title='bbox 1538 905 1611 932; x_wconf 86' lang='lat' dir='ltr'><strong>illam</strong></span> <span class='ocrx_word' id='word_1_407' title='bbox 1633 905 1707 932; x_wconf 89' lang='lat' dir='ltr'><strong>Scri-</strong></span> 
     </span>
    </p>
   </div>
   <div class='ocr_carea' id='block_1_57' title="bbox 918 950 1708 985">
    <p class='ocr_par' dir='ltr' id='par_1_57' title="bbox 918 950 1708 985">
     <span class='ocr_line' id='line_1_57' title="bbox 918 950 1708 985; baseline -0.003 -7"><span class='ocrx_word' id='word_1_408' title='bbox 918 956 1002 985; x_wconf 60' lang='lat' dir='ltr'><strong>ptura:</strong></span> <span class='ocrx_word' id='word_1_409' title='bbox 1010 956 1121 983; x_wconf 61' lang='lat' dir='ltr'><strong>sanctae,</strong></span> <span class='ocrx_word' id='word_1_410' title='bbox 1131 951 1171 977; x_wconf 86' lang='lat' dir='ltr'><strong>vel</strong></span> <span class='ocrx_word' id='word_1_411' title='bbox 1181 958 1349 982; x_wconf 88' lang='lat' dir='ltr'><strong>sermonum,</strong></span> <span class='ocrx_word' id='word_1_412' title='bbox 1359 952 1398 978; x_wconf 85' lang='lat' dir='ltr'><strong>vel</strong></span> <span class='ocrx_word' id='word_1_413' title='bbox 1406 950 1606 985; x_wconf 71' lang='lat' dir='ltr'><strong>nominnm(56)</strong></span> <span class='ocrx_word' id='word_1_414' title='bbox 1616 951 1708 985; x_wconf 86' lang='lat' dir='ltr'><strong>appel-</strong></span> 
     </span>
    </p>
   </div>
   <div class='ocr_carea' id='block_1_58' title="bbox 917 995 1708 1030">
    <p class='ocr_par' dir='ltr' id='par_1_58' title="bbox 917 995 1708 1030">
     <span class='ocr_line' id='line_1_58' title="bbox 917 995 1708 1030; baseline -0.001 -8"><span class='ocrx_word' id='word_1_415' title='bbox 917 995 1060 1023; x_wconf 77' lang='lat' dir='ltr'><strong>lationem?</strong></span> <span class='ocrx_word' id='word_1_416' title='bbox 1076 996 1151 1023; x_wconf 86' lang='lat' dir='ltr'><strong>Sicut</strong></span> <span class='ocrx_word' id='word_1_417' title='bbox 1164 997 1236 1023; x_wconf 87' lang='lat' dir='ltr'><strong>enim</strong></span> <span class='ocrx_word' id='word_1_418' title='bbox 1259 996 1330 1030; x_wconf 87' lang='lat' dir='ltr'><strong>apud</strong></span> <span class='ocrx_word' id='word_1_419' title='bbox 1351 996 1472 1023; x_wconf 81' lang='lat' dir='ltr'><strong>inﬁdeles</strong></span> <span class='ocrx_word' id='word_1_420' title='bbox 1490 996 1635 1023; x_wconf 62' lang='lat' dir='ltr'><strong>contrariae</strong></span> <span class='ocrx_word' id='word_1_421' title='bbox 1654 996 1708 1021; x_wconf 79' lang='lat' dir='ltr'><strong>vir-</strong></span> 
     </span>
    </p>
   </div>
   <div class='ocr_carea' id='block_1_59' title="bbox 918 1040 1706 1075">
    <p class='ocr_par' dir='ltr' id='par_1_59' title="bbox 918 1040 1706 1075">
     <span class='ocr_line' id='line_1_59' title="bbox 918 1040 1706 1075; baseline -0.001 -8"><span class='ocrx_word' id='word_1_422' title='bbox 918 1045 987 1068; x_wconf 86' lang='lat' dir='ltr'><strong>tutes</strong></span> <span class='ocrx_word' id='word_1_423' title='bbox 998 1041 1138 1069; x_wconf 85' lang='lat' dir='ltr'><strong>audientes</strong></span> <span class='ocrx_word' id='word_1_424' title='bbox 1149 1041 1193 1068; x_wconf 91' lang='lat' dir='ltr'><strong>illa</strong></span> <span class='ocrx_word' id='word_1_425' title='bbox 1201 1041 1292 1068; x_wconf 73' lang='lat' dir='ltr'><strong>Velilla</strong></span> <span class='ocrx_word' id='word_1_426' title='bbox 1306 1041 1413 1068; x_wconf 90' lang='lat' dir='ltr'><strong>nomina</strong></span> <span class='ocrx_word' id='word_1_427' title='bbox 1422 1041 1478 1075; x_wconf 79' lang='lat'><strong>(57)</strong></span> <span class='ocrx_word' id='word_1_428' title='bbox 1489 1040 1516 1067; x_wconf 91' lang='lat' dir='ltr'><strong>in</strong></span> <span class='ocrx_word' id='word_1_429' title='bbox 1528 1041 1706 1071; x_wconf 82' lang='lat' dir='ltr'><strong>carminibus,</strong></span> 
     </span>
    </p>
   </div>
   <div class='ocr_carea' id='block_1_60' title="bbox 917 1087 1708 1121">
    <p class='ocr_par' dir='ltr' id='par_1_60' title="bbox 917 1087 1708 1121">
     <span class='ocr_line' id='line_1_60' title="bbox 917 1087 1708 1121; baseline 0 -8"><span class='ocrx_word' id='word_1_430' title='bbox 917 1087 958 1115; x_wconf 91' lang='lat' dir='ltr'><strong>vel</strong></span> <span class='ocrx_word' id='word_1_431' title='bbox 974 1088 1247 1121; x_wconf 69' lang='lat' dir='ltr'><strong>pra-cantationibus,</strong></span> <span class='ocrx_word' id='word_1_432' title='bbox 1269 1087 1370 1115; x_wconf 86' lang='lat' dir='ltr'><strong>adsunt</strong></span> <span class='ocrx_word' id='word_1_433' title='bbox 1388 1092 1415 1115; x_wconf 87' lang='lat' dir='ltr'><strong>et</strong></span> <span class='ocrx_word' id='word_1_434' title='bbox 1439 1088 1571 1115; x_wconf 80' lang='lat' dir='ltr'><strong>exhibent</strong></span> <span class='ocrx_word' id='word_1_435' title='bbox 1592 1087 1708 1114; x_wconf 74' lang='lat' dir='ltr'><strong>faumla~</strong></span> 
     </span>
    </p>
   </div>
   <div class='ocr_carea' id='block_1_61' title="bbox 917 1133 1707 1168">
    <p class='ocr_par' dir='ltr' id='par_1_61' title="bbox 917 1133 1707 1168">
     <span class='ocr_line' id='line_1_61' title="bbox 917 1133 1707 1168; baseline 0 -9"><span class='ocrx_word' id='word_1_436' title='bbox 917 1137 983 1166; x_wconf 92' lang='lat' dir='ltr'><strong>tum,</strong></span> <span class='ocrx_word' id='word_1_437' title='bbox 998 1138 1025 1160; x_wconf 91' lang='lat' dir='ltr'><strong>et</strong></span> <span class='ocrx_word' id='word_1_438' title='bbox 1040 1134 1105 1160; x_wconf 88' lang='lat' dir='ltr'><strong>dant</strong></span> <span class='ocrx_word' id='word_1_439' title='bbox 1121 1141 1232 1167; x_wconf 87' lang='lat' dir='ltr'><strong>operam</strong></span> <span class='ocrx_word' id='word_1_440' title='bbox 1253 1134 1278 1160; x_wconf 94' lang='lat' dir='ltr'><strong>in</strong></span> <span class='ocrx_word' id='word_1_441' title='bbox 1297 1134 1358 1164; x_wconf 88' lang='lat' dir='ltr'><strong>hoc,</strong></span> <span class='ocrx_word' id='word_1_442' title='bbox 1382 1133 1415 1160; x_wconf 84' lang='lat' dir='ltr'><strong>ad</strong></span> <span class='ocrx_word' id='word_1_443' title='bbox 1440 1133 1513 1168; x_wconf 88' lang='lat' dir='ltr'><strong>quod</strong></span> <span class='ocrx_word' id='word_1_444' title='bbox 1542 1133 1661 1160; x_wconf 79' lang='lat' dir='ltr'><strong>invocari</strong></span> <span class='ocrx_word' id='word_1_445' title='bbox 1677 1140 1707 1159; x_wconf 84' lang='lat' dir='ltr'><strong>se</strong></span> 
     </span>
    </p>
   </div>
   <div class='ocr_carea' id='block_1_62' title="bbox 915 1178 1705 1210">
    <p class='ocr_par' dir='ltr' id='par_1_62' title="bbox 915 1178 1705 1210">
     <span class='ocr_line' id='line_1_62' title="bbox 915 1178 1705 1210; baseline -0.004 -4"><span class='ocrx_word' id='word_1_446' title='bbox 915 1186 949 1206; x_wconf 81' lang='lat' dir='ltr'><strong>ex</strong></span> <span class='ocrx_word' id='word_1_447' title='bbox 969 1179 1013 1206; x_wconf 92' lang='lat' dir='ltr'><strong>illo</strong></span> <span class='ocrx_word' id='word_1_448' title='bbox 1026 1179 1069 1206; x_wconf 89' lang='lat' dir='ltr'><strong>vel</strong></span> <span class='ocrx_word' id='word_1_449' title='bbox 1082 1187 1113 1206; x_wconf 83' lang='lat' dir='ltr'><strong>ex</strong></span> <span class='ocrx_word' id='word_1_450' title='bbox 1131 1179 1175 1206; x_wconf 90' lang='lat' dir='ltr'><strong>illo</strong></span> <span class='ocrx_word' id='word_1_451' title='bbox 1190 1179 1299 1206; x_wconf 87' lang='lat' dir='ltr'><strong>nmnine</strong></span> <span class='ocrx_word' id='word_1_452' title='bbox 1311 1181 1459 1210; x_wconf 85' lang='lat' dir='ltr'><strong>senserint,</strong></span> <span class='ocrx_word' id='word_1_453' title='bbox 1481 1178 1560 1206; x_wconf 82' lang='lat' dir='ltr'><strong>oﬂicii</strong></span> <span class='ocrx_word' id='word_1_454' title='bbox 1578 1179 1620 1205; x_wconf 89' lang='lat' dir='ltr'><strong>sui</strong></span> <span class='ocrx_word' id='word_1_455' title='bbox 1648 1186 1705 1204; x_wconf 88' lang='lat' dir='ltr'><strong>rem</strong></span> 
     </span>
    </p>
   </div>
   <div class='ocr_carea' id='block_1_63' title="bbox 915 1225 1707 1260">
    <p class='ocr_par' dir='ltr' id='par_1_63' title="bbox 915 1225 1707 1260">
     <span class='ocr_line' id='line_1_63' title="bbox 915 1225 1707 1260; baseline 0 -10"><span class='ocrx_word' id='word_1_456' title='bbox 915 1225 1116 1260; x_wconf 89' lang='lat' dir='ltr'><strong>quodammodo</strong></span> <span class='ocrx_word' id='word_1_457' title='bbox 1134 1233 1168 1252; x_wconf 89' lang='lat' dir='ltr'><strong>ac</strong></span> <span class='ocrx_word' id='word_1_458' title='bbox 1185 1225 1329 1252; x_wconf 82' lang='lat' dir='ltr'><strong>ministerii</strong></span> <span class='ocrx_word' id='word_1_459' title='bbox 1350 1226 1392 1252; x_wconf 88' lang='lat' dir='ltr'><strong>cui</strong></span> <span class='ocrx_word' id='word_1_460' title='bbox 1416 1226 1579 1260; x_wconf 86' lang='lat' dir='ltr'><strong>scmetipsos</strong></span> <span class='ocrx_word' id='word_1_461' title='bbox 1604 1225 1707 1251; x_wconf 85' lang='lat' dir='ltr'><strong>manci-</strong></span> 
     </span>
    </p>
   </div>
   <div class='ocr_carea' id='block_1_64' title="bbox 916 1271 1704 1306">
    <p class='ocr_par' dir='ltr' id='par_1_64' title="bbox 916 1271 1704 1306">
     <span class='ocr_line' id='line_1_64' title="bbox 916 1271 1704 1306; baseline -0.004 -8"><span class='ocrx_word' id='word_1_462' title='bbox 916 1272 1038 1306; x_wconf 85' lang='lat' dir='ltr'><strong>paverint</strong></span> <span class='ocrx_word' id='word_1_463' title='bbox 1065 1272 1268 1306; x_wconf 83' lang='lat' dir='ltr'><strong>dependentes:</strong></span> <span class='ocrx_word' id='word_1_464' title='bbox 1285 1279 1317 1298; x_wconf 80' lang='lat' dir='ltr'><strong>eo</strong></span> <span class='ocrx_word' id='word_1_465' title='bbox 1343 1271 1428 1305; x_wconf 82' lang='lat' dir='ltr'><strong>magis</strong></span> <span class='ocrx_word' id='word_1_466' title='bbox 1458 1272 1551 1305; x_wconf 87' lang='lat' dir='ltr'><strong>utique</strong></span> <span class='ocrx_word' id='word_1_467' title='bbox 1578 1271 1704 1298; x_wconf 71' lang='lat' dir='ltr'><strong>cwlesu-s</strong></span> 
     </span>
    </p>
   </div>
   <div class='ocr_carea' id='block_1_65' title="bbox 916 1317 1706 1352">
    <p class='ocr_par' dir='ltr' id='par_1_65' title="bbox 916 1317 1706 1352">
     <span class='ocr_line' id='line_1_65' title="bbox 916 1317 1706 1352; baseline -0.003 -8"><span class='ocrx_word' id='word_1_468' title='bbox 916 1318 1030 1344; x_wconf 76' lang='lat' dir='ltr'><strong>virtutes</strong></span> <span class='ocrx_word' id='word_1_469' title='bbox 1043 1323 1070 1344; x_wconf 89' lang='lat' dir='ltr'><strong>et</strong></span> <span class='ocrx_word' id='word_1_470' title='bbox 1087 1317 1174 1352; x_wconf 80' lang='lat' dir='ltr'><strong>angeli</strong></span> <span class='ocrx_word' id='word_1_471' title='bbox 1195 1317 1254 1348; x_wconf 82' lang='lat' dir='ltr'><strong>Dei,</strong></span> <span class='ocrx_word' id='word_1_472' title='bbox 1274 1317 1319 1351; x_wconf 87' lang='lat' dir='ltr'><strong>qui</strong></span> <span class='ocrx_word' id='word_1_473' title='bbox 1338 1317 1478 1343; x_wconf 85' lang='lat' dir='ltr'><strong>nobiseum</strong></span> <span class='ocrx_word' id='word_1_474' title='bbox 1495 1322 1568 1348; x_wconf 82' lang='lat' dir='ltr'><strong>sunt,</strong></span> <span class='ocrx_word' id='word_1_475' title='bbox 1590 1317 1661 1343; x_wconf 88' lang='lat' dir='ltr'><strong>sicut</strong></span> <span class='ocrx_word' id='word_1_476' title='bbox 1678 1321 1706 1342; x_wconf 74' lang='lat' dir='ltr'><strong>rt</strong></span> 
     </span>
    </p>
   </div>
   <div class='ocr_carea' id='block_1_66' title="bbox 915 1362 1705 1398">
    <p class='ocr_par' dir='ltr' id='par_1_66' title="bbox 915 1362 1705 1398">
     <span class='ocr_line' id='line_1_66' title="bbox 915 1362 1705 1398; baseline -0.001 -8"><span class='ocrx_word' id='word_1_477' title='bbox 915 1364 1045 1391; x_wconf 80' lang='lat' dir='ltr'><strong>Dominus</strong></span> <span class='ocrx_word' id='word_1_478' title='bbox 1063 1364 1095 1390; x_wconf 90' lang='lat' dir='ltr'><strong>de</strong></span> <span class='ocrx_word' id='word_1_479' title='bbox 1122 1362 1241 1398; x_wconf 77' lang='lat' dir='ltr'><strong>parvulis</strong></span> <span class='ocrx_word' id='word_1_480' title='bbox 1259 1362 1390 1390; x_wconf 77' lang='lat' dir='ltr'><strong>Ecclesia:</strong></span> <span class='ocrx_word' id='word_1_481' title='bbox 1413 1363 1520 1395; x_wconf 76' lang='lat' dir='ltr'><strong>dicit”,</strong></span> <span class='ocrx_word' id='word_1_482' title='bbox 1537 1363 1599 1397; x_wconf 84' lang='lat' dir='ltr'><strong>quia</strong></span> <span class='ocrx_word' id='word_1_483' title='bbox 1617 1363 1705 1397; x_wconf 74' lang='lat' dir='ltr'><strong>angeli</strong></span> 
     </span>
    </p>
   </div>
   <div class='ocr_carea' id='block_1_67' title="bbox 915 1409 1706 1443">
    <p class='ocr_par' dir='ltr' id='par_1_67' title="bbox 915 1409 1706 1443">
     <span class='ocr_line' id='line_1_67' title="bbox 915 1409 1706 1443; baseline -0.004 -6"><span class='ocrx_word' id='word_1_484' title='bbox 915 1417 1009 1437; x_wconf 91' lang='lat' dir='ltr'><strong>eorum</strong></span> <span class='ocrx_word' id='word_1_485' title='bbox 1027 1416 1135 1443; x_wconf 83' lang='lat' dir='ltr'><strong>semper</strong></span> <span class='ocrx_word' id='word_1_486' title='bbox 1155 1410 1286 1436; x_wconf 81' lang='lat' dir='ltr'><strong>assistunt</strong></span> <span class='ocrx_word' id='word_1_487' title='bbox 1312 1410 1337 1436; x_wconf 93' lang='lat' dir='ltr'><strong>in</strong></span> <span class='ocrx_word' id='word_1_488' title='bbox 1360 1414 1508 1443; x_wconf 84' lang='lat' dir='ltr'><strong>conspectu</strong></span> <span class='ocrx_word' id='word_1_489' title='bbox 1528 1409 1646 1440; x_wconf 86' lang='lat' dir='ltr'><strong>Domini,</strong></span> <span class='ocrx_word' id='word_1_490' title='bbox 1663 1410 1706 1436; x_wconf 84' lang='lat' dir='ltr'><strong>vi-</strong></span> 
     </span>
    </p>
   </div>
   <div class='ocr_carea' id='block_1_68' title="bbox 916 1455 1704 1490">
    <p class='ocr_par' dir='ltr' id='par_1_68' title="bbox 916 1455 1704 1490">
     <span class='ocr_line' id='line_1_68' title="bbox 916 1455 1704 1490; baseline -0.003 -7"><span class='ocrx_word' id='word_1_491' title='bbox 916 1456 1010 1483; x_wconf 78' lang='lat' dir='ltr'><strong>dentes</strong></span> <span class='ocrx_word' id='word_1_492' title='bbox 1029 1455 1126 1483; x_wconf 80' lang='lat' dir='ltr'><strong>faciem</strong></span> <span class='ocrx_word' id='word_1_493' title='bbox 1144 1455 1212 1490; x_wconf 87' lang='lat' dir='ltr'><strong>ejus.</strong></span> <span class='ocrx_word' id='word_1_494' title='bbox 1229 1455 1350 1482; x_wconf 89' lang='lat' dir='ltr'><strong>libenter</strong></span> <span class='ocrx_word' id='word_1_495' title='bbox 1371 1460 1398 1481; x_wconf 82' lang='lat' dir='ltr'><strong>et</strong></span> <span class='ocrx_word' id='word_1_496' title='bbox 1421 1459 1497 1489; x_wconf 79' lang='lat' dir='ltr'><strong>grate</strong></span> <span class='ocrx_word' id='word_1_497' title='bbox 1515 1455 1663 1489; x_wconf 87' lang='lat' dir='ltr'><strong>accipiunt,</strong></span> <span class='ocrx_word' id='word_1_498' title='bbox 1682 1455 1704 1482; x_wconf 85' lang='lat' dir='ltr'><strong>si</strong></span> 
     </span>
    </p>
   </div>
   <div class='ocr_carea' id='block_1_69' title="bbox 888 1499 1704 1534">
    <p class='ocr_par' dir='ltr' id='par_1_69' title="bbox 888 1499 1704 1534">
     <span class='ocr_line' id='line_1_69' title="bbox 888 1499 1704 1534; baseline -0.004 -6"><span class='ocrx_word' id='word_1_499' title='bbox 888 1512 893 1518; x_wconf 67' lang='grc' dir='ltr'><em>ν</em></span> <span class='ocrx_word' id='word_1_500' title='bbox 914 1508 1023 1534; x_wconf 88' lang='lat' dir='ltr'><strong>setnper</strong></span> <span class='ocrx_word' id='word_1_501' title='bbox 1040 1500 1122 1527; x_wconf 83' lang='lat' dir='ltr'><strong>verba</strong></span> <span class='ocrx_word' id='word_1_502' title='bbox 1148 1499 1306 1534; x_wconf 77' lang='lat' dir='ltr'><strong>Scripturze,</strong></span> <span class='ocrx_word' id='word_1_503' title='bbox 1322 1503 1349 1526; x_wconf 85' lang='lat' dir='ltr'><strong>et</strong></span> <span class='ocrx_word' id='word_1_504' title='bbox 1371 1500 1468 1526; x_wconf 87' lang='lat' dir='ltr'><strong>borum</strong></span> <span class='ocrx_word' id='word_1_505' title='bbox 1495 1500 1636 1526; x_wconf 87' lang='lat' dir='ltr'><strong>nominum</strong></span> <span class='ocrx_word' id='word_1_506' title='bbox 1654 1508 1704 1533; x_wconf 86' lang='lat' dir='ltr'><strong>ap-</strong></span> 
     </span>
    </p>
   </div>
   <div class='ocr_carea' id='block_1_70' title="bbox 913 1549 1713 1586">
    <p class='ocr_par' dir='ltr' id='par_1_70' title="bbox 913 1549 1713 1586">
     <span class='ocr_line' id='line_1_70' title="bbox 913 1549 1713 1586; baseline -0.004 -7"><span class='ocrx_word' id='word_1_507' title='bbox 913 1552 1072 1586; x_wconf 80' lang='lat' dir='ltr'><strong>pellationes</strong></span> <span class='ocrx_word' id='word_1_508' title='bbox 1088 1550 1159 1578; x_wconf 90' lang='lat' dir='ltr'><strong>velut</strong></span> <span class='ocrx_word' id='word_1_509' title='bbox 1172 1550 1291 1577; x_wconf 88' lang='lat' dir='ltr'><strong>carmina</strong></span> <span class='ocrx_word' id='word_1_510' title='bbox 1302 1549 1423 1584; x_wconf 62' lang='lat' dir='ltr'><strong>quaedam</strong></span> <span class='ocrx_word' id='word_1_511' title='bbox 1436 1555 1463 1577; x_wconf 89' lang='lat' dir='ltr'><strong>et</strong></span> <span class='ocrx_word' id='word_1_512' title='bbox 1475 1550 1713 1584; x_wconf 67' lang='lat' dir='ltr'><strong>priecantationes‘</strong></span> 
     </span>
    </p>
   </div>
   <div class='ocr_carea' id='block_1_71' title="bbox 913 1595 1704 1631">
    <p class='ocr_par' dir='ltr' id='par_1_71' title="bbox 913 1595 1704 1631">
     <span class='ocr_line' id='line_1_71' title="bbox 913 1595 1704 1631; baseline -0.006 -6"><span class='ocrx_word' id='word_1_513' title='bbox 913 1603 946 1625; x_wconf 75' lang='lat' dir='ltr'><strong>ex</strong></span> <span class='ocrx_word' id='word_1_514' title='bbox 960 1602 1055 1625; x_wconf 90' lang='lat' dir='ltr'><strong>nostro</strong></span> <span class='ocrx_word' id='word_1_515' title='bbox 1069 1604 1116 1624; x_wconf 86' lang='lat' dir='ltr'><strong>ore</strong></span> <span class='ocrx_word' id='word_1_516' title='bbox 1128 1603 1295 1631; x_wconf 80' lang='lat' dir='ltr'><strong>promantus.</strong></span> <span class='ocrx_word' id='word_1_517' title='bbox 1313 1596 1382 1629; x_wconf 88' lang='lat' dir='ltr'><strong>Quia</strong></span> <span class='ocrx_word' id='word_1_518' title='bbox 1400 1595 1449 1623; x_wconf 90' lang='lat' dir='ltr'><strong>etsi</strong></span> <span class='ocrx_word' id='word_1_519' title='bbox 1468 1603 1517 1623; x_wconf 83' lang='lat' dir='ltr'><strong>nos</strong></span> <span class='ocrx_word' id='word_1_520' title='bbox 1534 1603 1585 1622; x_wconf 93' lang='lat' dir='ltr'><strong>nou</strong></span> <span class='ocrx_word' id='word_1_521' title='bbox 1604 1595 1704 1621; x_wconf 56' lang='lat' dir='ltr'><strong>intelli.</strong></span> 
     </span>
    </p>
   </div>
   <div class='ocr_carea' id='block_1_72' title="bbox 913 1639 1705 1678">
    <p class='ocr_par' dir='ltr' id='par_1_72' title="bbox 913 1639 1705 1678">
     <span class='ocr_line' id='line_1_72' title="bbox 913 1639 1705 1678; baseline -0.003 -10"><span class='ocrx_word' id='word_1_522' title='bbox 913 1643 1001 1678; x_wconf 74' lang='lat' dir='ltr'><strong>gimus</strong></span> <span class='ocrx_word' id='word_1_523' title='bbox 1014 1649 1074 1676; x_wconf 77' lang='lat' dir='ltr'><strong>qua:</strong></span> <span class='ocrx_word' id='word_1_524' title='bbox 1087 1641 1121 1668; x_wconf 91' lang='lat' dir='ltr'><strong>de</strong></span> <span class='ocrx_word' id='word_1_525' title='bbox 1138 1648 1186 1668; x_wconf 84' lang='lat' dir='ltr'><strong>ore</strong></span> <span class='ocrx_word' id='word_1_526' title='bbox 1209 1639 1382 1674; x_wconf 80' lang='lat' dir='ltr'><strong>proferimus,</strong></span> <span class='ocrx_word' id='word_1_527' title='bbox 1401 1640 1453 1667; x_wconf 80' lang='lat' dir='ltr'><strong>illae</strong></span> <span class='ocrx_word' id='word_1_528' title='bbox 1479 1645 1570 1667; x_wconf 89' lang='lat' dir='ltr'><strong>tamen</strong></span> <span class='ocrx_word' id='word_1_529' title='bbox 1591 1639 1705 1666; x_wconf 87' lang='lat' dir='ltr'><strong>virtutes</strong></span> 
     </span>
    </p>
   </div>
   <div class='ocr_carea' id='block_1_73' title="bbox 912 1686 1704 1722">
    <p class='ocr_par' dir='ltr' id='par_1_73' title="bbox 912 1686 1704 1722">
     <span class='ocr_line' id='line_1_73' title="bbox 912 1686 1704 1722; baseline -0.004 -8"><span class='ocrx_word' id='word_1_530' title='bbox 912 1695 972 1722; x_wconf 68' lang='lat' dir='ltr'><strong>quae</strong></span> <span class='ocrx_word' id='word_1_531' title='bbox 988 1688 1066 1714; x_wconf 90' lang='lat' dir='ltr'><strong>nobis</strong></span> <span class='ocrx_word' id='word_1_532' title='bbox 1078 1686 1352 1721; x_wconf 79' lang='lat' dir='ltr'><strong>adsuntintelligunt,</strong></span> <span class='ocrx_word' id='word_1_533' title='bbox 1363 1691 1390 1713; x_wconf 89' lang='lat' dir='ltr'><strong>et</strong></span> <span class='ocrx_word' id='word_1_534' title='bbox 1406 1687 1480 1713; x_wconf 88' lang='lat' dir='ltr'><strong>velut</strong></span> <span class='ocrx_word' id='word_1_535' title='bbox 1496 1686 1618 1713; x_wconf 88' lang='lat' dir='ltr'><strong>carmine</strong></span> <span class='ocrx_word' id='word_1_536' title='bbox 1635 1694 1704 1720; x_wconf 89' lang='lat' dir='ltr'><strong>quo-</strong></span> 
     </span>
    </p>
   </div>
   <div class='ocr_carea' id='block_1_74' title="bbox 911 1732 1703 1767">
    <p class='ocr_par' dir='ltr' id='par_1_74' title="bbox 911 1732 1703 1767">
     <span class='ocr_line' id='line_1_74' title="bbox 911 1732 1703 1767; baseline -0.004 -6"><span class='ocrx_word' id='word_1_537' title='bbox 911 1735 973 1761; x_wconf 91' lang='lat' dir='ltr'><strong>dam</strong></span> <span class='ocrx_word' id='word_1_538' title='bbox 990 1734 1111 1760; x_wconf 72' lang='lat' dir='ltr'><strong>invitata:</strong></span> <span class='ocrx_word' id='word_1_539' title='bbox 1128 1733 1224 1760; x_wconf 89' lang='lat' dir='ltr'><strong>adesse</strong></span> <span class='ocrx_word' id='word_1_540' title='bbox 1240 1736 1327 1767; x_wconf 85' lang='lat' dir='ltr'><strong>nobis,</strong></span> <span class='ocrx_word' id='word_1_541' title='bbox 1348 1738 1374 1760; x_wconf 87' lang='lat' dir='ltr'><strong>et</strong></span> <span class='ocrx_word' id='word_1_542' title='bbox 1392 1733 1464 1761; x_wconf 80' lang='lat' dir='ltr'><strong>ferre</strong></span> <span class='ocrx_word' id='word_1_543' title='bbox 1480 1733 1611 1760; x_wconf 78' lang='lat' dir='ltr'><strong>auxilium</strong></span> <span class='ocrx_word' id='word_1_544' title='bbox 1628 1732 1703 1759; x_wconf 81' lang='lat' dir='ltr'><strong>dele-</strong></span> 
     </span>
    </p>
   </div>
   <div class='ocr_carea' id='block_1_75' title="bbox 912 1778 1703 1813">
    <p class='ocr_par' dir='ltr' id='par_1_75' title="bbox 912 1778 1703 1813">
     <span class='ocr_line' id='line_1_75' title="bbox 912 1778 1703 1813; baseline -0.005 -5"><span class='ocrx_word' id='word_1_545' title='bbox 912 1786 1030 1808; x_wconf 87' lang='lat' dir='ltr'><strong>ctantur.</strong></span> <span class='ocrx_word' id='word_1_546' title='bbox 1058 1780 1126 1813; x_wconf 76' lang='lat' dir='ltr'><strong>Quia</strong></span> <span class='ocrx_word' id='word_1_547' title='bbox 1149 1785 1238 1807; x_wconf 86' lang='lat' dir='ltr'><strong>autent</strong></span> <span class='ocrx_word' id='word_1_548' title='bbox 1256 1784 1319 1807; x_wconf 90' lang='lat' dir='ltr'><strong>sunt</strong></span> <span class='ocrx_word' id='word_1_549' title='bbox 1347 1787 1399 1806; x_wconf 93' lang='lat' dir='ltr'><strong>non</strong></span> <span class='ocrx_word' id='word_1_550' title='bbox 1429 1779 1516 1806; x_wconf 89' lang='lat' dir='ltr'><strong>solum</strong></span> <span class='ocrx_word' id='word_1_551' title='bbox 1547 1778 1622 1805; x_wconf 85' lang='lat' dir='ltr'><strong>circa</strong></span> <span class='ocrx_word' id='word_1_552' title='bbox 1653 1785 1703 1804; x_wconf 79' lang='lat' dir='ltr'><strong>nos</strong></span> 
     </span>
    </p>
   </div>
   <div class='ocr_carea' id='block_1_76' title="bbox 912 1823 1703 1860">
    <p class='ocr_par' dir='ltr' id='par_1_76' title="bbox 912 1823 1703 1860">
     <span class='ocr_line' id='line_1_76' title="bbox 912 1823 1703 1860; baseline -0.004 -8"><span class='ocrx_word' id='word_1_553' title='bbox 912 1826 1004 1853; x_wconf 80' lang='lat' dir='ltr'><strong>multa:</strong></span> <span class='ocrx_word' id='word_1_554' title='bbox 1019 1826 1118 1853; x_wconf 63' lang='lat' dir='ltr'><strong>divinas</strong></span> <span class='ocrx_word' id='word_1_555' title='bbox 1135 1826 1263 1860; x_wconf 84' lang='lat' dir='ltr'><strong>virtutes,</strong></span> <span class='ocrx_word' id='word_1_556' title='bbox 1278 1825 1324 1853; x_wconf 87' lang='lat' dir='ltr'><strong>sed</strong></span> <span class='ocrx_word' id='word_1_557' title='bbox 1341 1825 1422 1852; x_wconf 89' lang='lat' dir='ltr'><strong>etiam</strong></span> <span class='ocrx_word' id='word_1_558' title='bbox 1437 1824 1506 1850; x_wconf 87' lang='lat' dir='ltr'><strong>intra</strong></span> <span class='ocrx_word' id='word_1_559' title='bbox 1524 1831 1582 1856; x_wconf 81' lang='lat' dir='ltr'><strong>nos,</strong></span> <span class='ocrx_word' id='word_1_560' title='bbox 1599 1823 1703 1850; x_wconf 73' lang='lat' dir='ltr'><strong>indicat</strong></span> 
     </span>
    </p>
   </div>
   <div class='ocr_carea' id='block_1_77' title="bbox 911 1868 1702 1906">
    <p class='ocr_par' dir='ltr' id='par_1_77' title="bbox 911 1868 1702 1906">
     <span class='ocr_line' id='line_1_77' title="bbox 911 1868 1702 1906; baseline -0.008 -7"><span class='ocrx_word' id='word_1_561' title='bbox 911 1872 1044 1906; x_wconf 87' lang='lat' dir='ltr'><strong>Propheta</strong></span> <span class='ocrx_word' id='word_1_562' title='bbox 1066 1879 1129 1899; x_wconf 91' lang='lat' dir='ltr'><strong>cum</strong></span> <span class='ocrx_word' id='word_1_563' title='bbox 1152 1871 1218 1898; x_wconf 89' lang='lat' dir='ltr'><strong>dicit</strong></span> <span class='ocrx_word' id='word_1_564' title='bbox 1243 1872 1270 1898; x_wconf 92' lang='lat' dir='ltr'><strong>in</strong></span> <span class='ocrx_word' id='word_1_565' title='bbox 1290 1869 1436 1897; x_wconf 73' lang='lat' dir='ltr'><strong>Psalmis”</strong></span> <span class='ocrx_word' id='word_1_566' title='bbox 1452 1878 1458 1896; x_wconf 93' lang='lat'><strong>:</strong></span> <span class='ocrx_word' id='word_1_567' title='bbox 1476 1869 1622 1900; x_wconf 72' lang='lat' dir='ltr'><strong>«Benedic,</strong></span> <span class='ocrx_word' id='word_1_568' title='bbox 1639 1868 1702 1894; x_wconf 87' lang='lat' dir='ltr'><strong>aui—</strong></span> 
     </span>
    </p>
   </div>
   <div class='ocr_carea' id='block_1_78' title="bbox 911 1914 1700 1953">
    <p class='ocr_par' dir='ltr' id='par_1_78' title="bbox 911 1914 1700 1953">
     <span class='ocr_line' id='line_1_78' title="bbox 911 1914 1700 1953; baseline -0.008 -8"><span class='ocrx_word' id='word_1_569' title='bbox 911 1926 954 1945; x_wconf 88' lang='lat' dir='ltr'><strong>ma</strong></span> <span class='ocrx_word' id='word_1_570' title='bbox 971 1925 1043 1951; x_wconf 85' lang='lat' dir='ltr'><strong>mea,</strong></span> <span class='ocrx_word' id='word_1_571' title='bbox 1054 1917 1210 1953; x_wconf 71' lang='lat' dir='ltr'><strong>Dominum,</strong></span> <span class='ocrx_word' id='word_1_572' title='bbox 1222 1921 1250 1944; x_wconf 92' lang='lat' dir='ltr'><strong>et</strong></span> <span class='ocrx_word' id='word_1_573' title='bbox 1260 1916 1352 1944; x_wconf 90' lang='lat' dir='ltr'><strong>omnia</strong></span> <span class='ocrx_word' id='word_1_574' title='bbox 1368 1914 1498 1942; x_wconf 83' lang='lat' dir='ltr'><strong>interiora</strong></span> <span class='ocrx_word' id='word_1_575' title='bbox 1515 1921 1585 1946; x_wconf 85' lang='lat' dir='ltr'><strong>mea,</strong></span> <span class='ocrx_word' id='word_1_576' title='bbox 1603 1921 1700 1940; x_wconf 80' lang='lat' dir='ltr'><strong>nomen</strong></span> 
     </span>
    </p>
   </div>
   <div class='ocr_carea' id='block_1_79' title="bbox 910 1960 1701 1997">
    <p class='ocr_par' dir='ltr' id='par_1_79' title="bbox 910 1960 1701 1997">
     <span class='ocr_line' id='line_1_79' title="bbox 910 1960 1701 1997; baseline -0.006 -6"><span class='ocrx_word' id='word_1_577' title='bbox 910 1969 1035 1992; x_wconf 82' lang='lat' dir='ltr'><strong>sant‘tuttt</strong></span> <span class='ocrx_word' id='word_1_578' title='bbox 1050 1963 1119 1997; x_wconf 86' lang='lat' dir='ltr'><strong>ejus.</strong></span> <span class='ocrx_word' id='word_1_579' title='bbox 1132 1972 1140 1988; x_wconf 83' lang='lat' dir='ltr'><strong>I</strong></span> <span class='ocrx_word' id='word_1_580' title='bbox 1161 1962 1216 1989; x_wconf 94' lang='lat' dir='ltr'><strong>IIoc</strong></span> <span class='ocrx_word' id='word_1_581' title='bbox 1233 1966 1276 1989; x_wconf 88' lang='lat' dir='ltr'><strong>est</strong></span> <span class='ocrx_word' id='word_1_582' title='bbox 1293 1961 1386 1988; x_wconf 85' lang='lat' dir='ltr'><strong>omnia</strong></span> <span class='ocrx_word' id='word_1_583' title='bbox 1405 1968 1466 1995; x_wconf 73' lang='lat' dir='ltr'><strong>qua:</strong></span> <span class='ocrx_word' id='word_1_584' title='bbox 1481 1960 1550 1986; x_wconf 91' lang='lat' dir='ltr'><strong>intra</strong></span> <span class='ocrx_word' id='word_1_585' title='bbox 1569 1966 1612 1986; x_wconf 89' lang='lat' dir='ltr'><strong>me</strong></span> <span class='ocrx_word' id='word_1_586' title='bbox 1628 1963 1701 1986; x_wconf 89' lang='lat' dir='ltr'><strong>sunt.</strong></span> 
     </span>
    </p>
   </div>
   <div class='ocr_carea' id='block_1_80' title="bbox 910 2006 1702 2045">
    <p class='ocr_par' dir='ltr' id='par_1_80' title="bbox 910 2006 1702 2045">
     <span class='ocr_line' id='line_1_80' title="bbox 910 2006 1702 2045; baseline -0.006 -8"><span class='ocrx_word' id='word_1_587' title='bbox 910 2011 1021 2038; x_wconf 86' lang='lat' dir='ltr'><strong>Constat</strong></span> <span class='ocrx_word' id='word_1_588' title='bbox 1035 2018 1099 2045; x_wconf 77' lang='lat' dir='ltr'><strong>ergo</strong></span> <span class='ocrx_word' id='word_1_589' title='bbox 1115 2009 1217 2036; x_wconf 91' lang='lat' dir='ltr'><strong>multas</strong></span> <span class='ocrx_word' id='word_1_590' title='bbox 1234 2015 1295 2036; x_wconf 85' lang='lat' dir='ltr'><strong>esse</strong></span> <span class='ocrx_word' id='word_1_591' title='bbox 1311 2008 1427 2035; x_wconf 88' lang='lat' dir='ltr'><strong>virtutes</strong></span> <span class='ocrx_word' id='word_1_592' title='bbox 1440 2008 1512 2034; x_wconf 87' lang='lat' dir='ltr'><strong>intra</strong></span> <span class='ocrx_word' id='word_1_593' title='bbox 1527 2014 1588 2037; x_wconf 88' lang='lat' dir='ltr'><strong>nos.</strong></span> <span class='ocrx_word' id='word_1_594' title='bbox 1602 2006 1702 2041; x_wconf 87' lang='lat' dir='ltr'><strong>quibus</strong></span> 
     </span>
    </p>
   </div>
   <div class='ocr_carea' id='block_1_81' title="bbox 909 2053 1701 2088">
    <p class='ocr_par' dir='ltr' id='par_1_81' title="bbox 909 2053 1701 2088">
     <span class='ocr_line' id='line_1_81' title="bbox 909 2053 1701 2088; baseline -0.005 -5"><span class='ocrx_word' id='word_1_595' title='bbox 909 2057 951 2084; x_wconf 84' lang='lat' dir='ltr'><strong>vel</strong></span> <span class='ocrx_word' id='word_1_596' title='bbox 968 2057 1121 2083; x_wconf 88' lang='lat' dir='ltr'><strong>animarum</strong></span> <span class='ocrx_word' id='word_1_597' title='bbox 1137 2060 1304 2088; x_wconf 87' lang='lat' dir='ltr'><strong>nostrarum,</strong></span> <span class='ocrx_word' id='word_1_598' title='bbox 1326 2053 1368 2081; x_wconf 86' lang='lat' dir='ltr'><strong>vel</strong></span> <span class='ocrx_word' id='word_1_599' title='bbox 1391 2061 1535 2088; x_wconf 92' lang='lat' dir='ltr'><strong>corporum</strong></span> <span class='ocrx_word' id='word_1_600' title='bbox 1556 2061 1620 2080; x_wconf 88' lang='lat' dir='ltr'><strong>cura</strong></span> <span class='ocrx_word' id='word_1_601' title='bbox 1638 2060 1701 2086; x_wconf 87' lang='lat' dir='ltr'><strong>pcr-</strong></span> 
     </span>
    </p>
   </div>
   <div class='ocr_carea' id='block_1_82' title="bbox 65 2097 1702 2138">
    <p class='ocr_par' dir='ltr' id='par_1_82' title="bbox 65 2097 1702 2138">
     <span class='ocr_line' id='line_1_82' title="bbox 65 2097 1702 2138; baseline 0.002 -16"><span class='ocrx_word' id='word_1_602' title='bbox 65 2097 203 2130; x_wconf 83' lang='lat' dir='ltr'><strong>_rarmina,</strong></span> <span class='ocrx_word' id='word_1_603' title='bbox 228 2104 297 2131; x_wconf 87' lang='lat' dir='ltr'><strong>quas</strong></span> <span class='ocrx_word' id='word_1_604' title='bbox 322 2098 551 2132; x_wconf 67' lang='lat' dir='ltr'><strong>prmcantationes</strong></span> <span class='ocrx_word' id='word_1_605' title='bbox 577 2100 730 2134; x_wconf 85' lang='lat' dir='ltr'><strong>appellant,</strong></span> <span class='ocrx_word' id='word_1_606' title='bbox 760 2102 859 2136; x_wconf 89' lang='lat' dir='ltr'><strong>quibus</strong></span> <span class='ocrx_word' id='word_1_607' title='bbox 875 2111 896 2138; x_wconf 76' lang='grc' dir='ltr'>ο</span> <span class='ocrx_word' id='word_1_608' title='bbox 912 2103 994 2129; x_wconf 83' lang='lat' dir='ltr'><strong>missa</strong></span> <span class='ocrx_word' id='word_1_609' title='bbox 1009 2107 1062 2133; x_wconf 89' lang='lat' dir='ltr'><strong>est,</strong></span> <span class='ocrx_word' id='word_1_610' title='bbox 1079 2108 1139 2136; x_wconf 73' lang='lat' dir='ltr'><strong>qum</strong></span> <span class='ocrx_word' id='word_1_611' title='bbox 1163 2101 1258 2135; x_wconf 88' lang='lat' dir='ltr'><strong>utique</strong></span> <span class='ocrx_word' id='word_1_612' title='bbox 1285 2102 1307 2127; x_wconf 88' lang='lat' dir='ltr'><strong>si</strong></span> <span class='ocrx_word' id='word_1_613' title='bbox 1330 2104 1431 2128; x_wconf 66' lang='lat' dir='ltr'><strong>sancta:</strong></span> <span class='ocrx_word' id='word_1_614' title='bbox 1451 2104 1526 2132; x_wconf 84' lang='lat' dir='ltr'><strong>sunt,</strong></span> <span class='ocrx_word' id='word_1_615' title='bbox 1544 2107 1606 2127; x_wconf 90' lang='lat' dir='ltr'><strong>cum</strong></span> <span class='ocrx_word' id='word_1_616' title='bbox 1626 2098 1702 2126; x_wconf 85' lang='lat' dir='ltr'><strong>Scri-</strong></span> 
     </span>
    </p>
   </div>
   <div class='ocr_carea' id='block_1_83' title="bbox 71 2142 857 2183">
    <p class='ocr_par' dir='ltr' id='par_1_83' title="bbox 71 2142 857 2183">
     <span class='ocr_line' id='line_1_83' title="bbox 71 2142 857 2183; baseline 0.009 -15"><span class='ocrx_word' id='word_1_617' title='bbox 71 2142 141 2169; x_wconf 90' lang='lat' dir='ltr'><strong>istud</strong></span> <span class='ocrx_word' id='word_1_618' title='bbox 159 2143 229 2170; x_wconf 87' lang='lat' dir='ltr'><strong>artis</strong></span> <span class='ocrx_word' id='word_1_619' title='bbox 244 2147 297 2174; x_wconf 87' lang='lat' dir='ltr'><strong>est,</strong></span> <span class='ocrx_word' id='word_1_620' title='bbox 320 2142 535 2176; x_wconf 87' lang='lat' dir='ltr'><strong>insusurrantes,</strong></span> <span class='ocrx_word' id='word_1_621' title='bbox 559 2146 715 2173; x_wconf 91' lang='lat' dir='ltr'><strong>nominibus</strong></span> <span class='ocrx_word' id='word_1_622' title='bbox 725 2147 782 2183; x_wconf 80' lang='grc'>(55)</span> <span class='ocrx_word' id='word_1_623' title='bbox 795 2148 857 2182; x_wconf 88' lang='lat' dir='ltr'><strong>qui-</strong></span> 
     </span>
    </p>
   </div>
   <div class='ocr_carea' id='block_1_84' title="bbox 70 2186 856 2226">
    <p class='ocr_par' dir='ltr' id='par_1_84' title="bbox 70 2186 856 2226">
     <span class='ocr_line' id='line_1_84' title="bbox 70 2186 856 2226; baseline 0.01 -13"><span class='ocrx_word' id='word_1_624' title='bbox 70 2186 181 2214; x_wconf 88' lang='lat' dir='ltr'><strong>busdam</strong></span> <span class='ocrx_word' id='word_1_625' title='bbox 195 2188 365 2222; x_wconf 87' lang='lat' dir='ltr'><strong>compellatis</strong></span> <span class='ocrx_word' id='word_1_626' title='bbox 385 2197 446 2223; x_wconf 79' lang='lat' dir='ltr'><strong>quae</strong></span> <span class='ocrx_word' id='word_1_627' title='bbox 464 2197 498 2216; x_wconf 90' lang='lat' dir='ltr'><strong>ne</strong></span> <span class='ocrx_word' id='word_1_628' title='bbox 518 2189 554 2216; x_wconf 93' lang='lat' dir='ltr'><strong>illi</strong></span> <span class='ocrx_word' id='word_1_629' title='bbox 579 2191 688 2225; x_wconf 90' lang='lat' dir='ltr'><strong>quidem</strong></span> <span class='ocrx_word' id='word_1_630' title='bbox 712 2193 758 2226; x_wconf 92' lang='lat' dir='ltr'><strong>qui</strong></span> <span class='ocrx_word' id='word_1_631' title='bbox 777 2193 856 2221; x_wconf 71' lang='grc' dir='ltr'>ἰωνο-</span> 
     </span>
    </p>
   </div>
   <div class='ocr_carea' id='block_1_85' title="bbox 70 2234 858 2270">
    <p class='ocr_par' dir='ltr' id='par_1_85' title="bbox 70 2234 858 2270">
     <span class='ocr_line' id='line_1_85' title="bbox 70 2234 858 2270; baseline 0.009 -12"><span class='ocrx_word' id='word_1_632' title='bbox 70 2237 142 2264; x_wconf 83' lang='lat' dir='ltr'><strong>cant,</strong></span> <span class='ocrx_word' id='word_1_633' title='bbox 159 2238 269 2265; x_wconf 88' lang='lat' dir='ltr'><strong>norunt,</strong></span> <span class='ocrx_word' id='word_1_634' title='bbox 290 2241 322 2260; x_wconf 79' lang='lat' dir='ltr'><strong>ex</strong></span> <span class='ocrx_word' id='word_1_635' title='bbox 345 2234 404 2260; x_wconf 87' lang='lat' dir='ltr'><strong>solo</strong></span> <span class='ocrx_word' id='word_1_636' title='bbox 421 2234 495 2260; x_wconf 79' lang='lat' dir='ltr'><strong>vocis</strong></span> <span class='ocrx_word' id='word_1_637' title='bbox 519 2241 587 2261; x_wconf 89' lang='lat' dir='ltr'><strong>sono</strong></span> <span class='ocrx_word' id='word_1_638' title='bbox 609 2235 650 2262; x_wconf 88' lang='lat' dir='ltr'><strong>vel</strong></span> <span class='ocrx_word' id='word_1_639' title='bbox 674 2237 784 2270; x_wconf 87' lang='lat' dir='ltr'><strong>sopiunt</strong></span> <span class='ocrx_word' id='word_1_640' title='bbox 798 2245 858 2265; x_wconf 86' lang='lat' dir='ltr'><strong>scr-</strong></span> 
     </span>
    </p>
   </div>
   <div class='ocr_carea' id='block_1_86' title="bbox 70 2271 855 2317">
    <p class='ocr_par' dir='ltr' id='par_1_86' title="bbox 70 2271 855 2317">
     <span class='ocr_line' id='line_1_86' title="bbox 70 2271 855 2317; baseline 0.009 -12"><span class='ocrx_word' id='word_1_641' title='bbox 70 2284 174 2312; x_wconf 69' lang='lat' dir='ltr'><strong>ventes,</strong></span> <span class='ocrx_word' id='word_1_642' title='bbox 194 2279 237 2306; x_wconf 84' lang='lat' dir='ltr'><strong>vel</strong></span> <span class='ocrx_word' id='word_1_643' title='bbox 259 2281 340 2307; x_wconf 86' lang='lat' dir='ltr'><strong>etiam</strong></span> <span class='ocrx_word' id='word_1_644' title='bbox 358 2281 391 2307; x_wconf 83' lang='lat' dir='ltr'><strong>de</strong></span> <span class='ocrx_word' id='word_1_645' title='bbox 414 2282 540 2308; x_wconf 88' lang='lat' dir='ltr'><strong>cavernis</strong></span> <span class='ocrx_word' id='word_1_646' title='bbox 563 2271 726 2317; x_wconf 79' lang='lat' dir='ltr'><strong>protrahunt</strong></span> <span class='ocrx_word' id='word_1_647' title='bbox 747 2285 855 2312; x_wconf 87' lang='lat' dir='ltr'><strong>abstru-</strong></span> 
     </span>
    </p>
   </div>
   <div class='ocr_carea' id='block_1_87' title="bbox 71 2325 856 2362">
    <p class='ocr_par' dir='ltr' id='par_1_87' title="bbox 71 2325 856 2362">
     <span class='ocr_line' id='line_1_87' title="bbox 71 2325 856 2362; baseline 0.009 -12"><span class='ocrx_word' id='word_1_648' title='bbox 71 2325 106 2351; x_wconf 87' lang='lat' dir='ltr'><strong>sis</strong></span> <span class='ocrx_word' id='word_1_649' title='bbox 118 2325 185 2361; x_wconf 73' lang='grc'><strong>(54).</strong></span> <span class='ocrx_word' id='word_1_650' title='bbox 202 2325 281 2360; x_wconf 68' lang='lat' dir='ltr'><strong>Saepe</strong></span> <span class='ocrx_word' id='word_1_651' title='bbox 303 2332 392 2353; x_wconf 83' lang='lat' dir='ltr'><strong>autent</strong></span> <span class='ocrx_word' id='word_1_652' title='bbox 408 2332 435 2355; x_wconf 91' lang='lat' dir='ltr'><strong>et</strong></span> <span class='ocrx_word' id='word_1_653' title='bbox 451 2328 476 2354; x_wconf 94' lang='lat' dir='ltr'><strong>in</strong></span> <span class='ocrx_word' id='word_1_654' title='bbox 493 2329 654 2362; x_wconf 86' lang='lat' dir='ltr'><strong>corporibus</strong></span> <span class='ocrx_word' id='word_1_655' title='bbox 673 2330 799 2357; x_wconf 85' lang='lat' dir='ltr'><strong>humanis</strong></span> <span class='ocrx_word' id='word_1_656' title='bbox 814 2336 856 2357; x_wconf 84' lang='lat' dir='ltr'><strong>tn-</strong></span> 
     </span>
    </p>
   </div>
   <div class='ocr_carea' id='block_1_88' title="bbox 71 2371 856 2410">
    <p class='ocr_par' dir='ltr' id='par_1_88' title="bbox 71 2371 856 2410">
     <span class='ocr_line' id='line_1_88' title="bbox 71 2371 856 2410; baseline 0.011 -13"><span class='ocrx_word' id='word_1_657' title='bbox 71 2379 168 2406; x_wconf 83' lang='lat' dir='ltr'><strong>mores,</strong></span> <span class='ocrx_word' id='word_1_658' title='bbox 188 2371 229 2399; x_wconf 87' lang='lat' dir='ltr'><strong>vel</strong></span> <span class='ocrx_word' id='word_1_659' title='bbox 250 2372 444 2408; x_wconf 78' lang='lat' dir='ltr'><strong>fervores(55),</strong></span> <span class='ocrx_word' id='word_1_660' title='bbox 457 2379 503 2401; x_wconf 94' lang='lat' dir='ltr'><strong>aut</strong></span> <span class='ocrx_word' id='word_1_661' title='bbox 517 2376 569 2401; x_wconf 90' lang='lat' dir='ltr'><strong>alia</strong></span> <span class='ocrx_word' id='word_1_662' title='bbox 587 2376 772 2410; x_wconf 83' lang='lat' dir='ltr'><strong>hujuscemodi</strong></span> <span class='ocrx_word' id='word_1_663' title='bbox 789 2385 856 2406; x_wconf 89' lang='lat' dir='ltr'><strong>voce</strong></span> 
     </span>
    </p>
   </div>
   <div class='ocr_carea' id='block_1_89' title="bbox 70 2418 855 2453">
    <p class='ocr_par' dir='ltr' id='par_1_89' title="bbox 70 2418 855 2453">
     <span class='ocr_line' id='line_1_89' title="bbox 70 2418 855 2453; baseline 0.009 -9"><span class='ocrx_word' id='word_1_664' title='bbox 70 2418 124 2444; x_wconf 65' lang='lat' dir='ltr'><strong>Sola</strong></span> <span class='ocrx_word' id='word_1_665' title='bbox 152 2419 302 2453; x_wconf 86' lang='lat' dir='ltr'><strong>reprimere</strong></span> <span class='ocrx_word' id='word_1_666' title='bbox 323 2419 462 2452; x_wconf 88' lang='lat' dir='ltr'><strong>dicuntur,</strong></span> <span class='ocrx_word' id='word_1_667' title='bbox 484 2420 620 2448; x_wconf 86' lang='lat' dir='ltr'><strong>interdum</strong></span> <span class='ocrx_word' id='word_1_668' title='bbox 649 2424 732 2450; x_wconf 85' lang='lat' dir='ltr'><strong>etiam</strong></span> <span class='ocrx_word' id='word_1_669' title='bbox 756 2424 855 2452; x_wconf 78' lang='lat' dir='ltr'><strong>anima:</strong></span> 
     </span>
    </p>
   </div>
   <div class='ocr_carea' id='block_1_90' title="bbox 103 2475 669 2512">
    <p class='ocr_par' dir='ltr' id='par_1_90' title="bbox 103 2475 669 2512">
     <span class='ocr_line' id='line_1_90' title="bbox 103 2475 669 2512; baseline 0.011 -10"><span class='ocrx_word' id='word_1_670' title='bbox 103 2475 125 2491; x_wconf 86' lang='grc'><strong>⁷⁸</strong></span> <span class='ocrx_word' id='word_1_671' title='bbox 139 2475 236 2503; x_wconf 80' lang='lat' dir='ltr'><strong>Matth.</strong></span> <span class='ocrx_word' id='word_1_672' title='bbox 266 2484 344 2510; x_wconf 80' lang='lat' dir='ltr'><strong>xvm,</strong></span> <span class='ocrx_word' id='word_1_673' title='bbox 370 2477 412 2504; x_wconf 88' lang='lat' dir='ltr'><strong>I0.</strong></span> <span class='ocrx_word' id='word_1_674' title='bbox 449 2477 473 2493; x_wconf 74' lang='grc'><strong>⁷⁵</strong></span> <span class='ocrx_word' id='word_1_675' title='bbox 485 2478 555 2506; x_wconf 81' lang='lat' dir='ltr'><strong>Psal.</strong></span> <span class='ocrx_word' id='word_1_676' title='bbox 568 2487 627 2512; x_wconf 86' lang='lat' dir='ltr'><strong>CIII,</strong></span> <span class='ocrx_word' id='word_1_677' title='bbox 643 2481 669 2508; x_wconf 86' lang='lat' dir='ltr'><strong>I.</strong></span> 
     </span>
    </p>
   </div>
   <div class='ocr_carea' id='block_1_91' title="bbox 102 2523 857 2567">
    <p class='ocr_par' dir='ltr' id='par_1_91' title="bbox 102 2523 857 2567">
     <span class='ocr_line' id='line_1_91' title="bbox 102 2523 857 2567; baseline 0.012 -17"><span class='ocrx_word' id='word_1_678' title='bbox 102 2523 160 2567; x_wconf 54' lang='lat'><strong>(&#39;50)</strong></span> <span class='ocrx_word' id='word_1_679' title='bbox 175 2524 250 2567; x_wconf 50' lang='lat' dir='ltr'><strong>Isibri</strong></span> <span class='ocrx_word' id='word_1_680' title='bbox 266 2531 344 2567; x_wconf 63' lang='lat' dir='ltr'><strong>antea</strong></span> <span class='ocrx_word' id='word_1_681' title='bbox 365 2526 442 2558; x_wconf 81' lang='lat' dir='ltr'><strong>editi,</strong></span> <span class='ocrx_word' id='word_1_682' title='bbox 466 2527 567 2567; x_wconf 75' lang='grc' dir='ltr'><strong>ἐσθίειν</strong></span> <span class='ocrx_word' id='word_1_683' title='bbox 589 2529 648 2567; x_wconf 18' lang='grc' dir='ltr'>οὐκγ</span> <span class='ocrx_word' id='word_1_684' title='bbox 663 2531 857 2567; x_wconf 66' lang='grc' dir='ltr'><strong>αἰσθανόμεθα,</strong></span> 
     </span>
    </p>
   </div>
   <div class='ocr_carea' id='block_1_92' title="bbox 68 2559 856 2619">
    <p class='ocr_par' dir='ltr' id='par_1_92' title="bbox 68 2559 856 2619">
     <span class='ocr_line' id='line_1_92' title="bbox 68 2559 856 2619; baseline 0.01 -34"><span class='ocrx_word' id='word_1_685' title='bbox 68 2559 115 2619; x_wconf 48' lang='grc' dir='ltr'><strong>(ἶςὲ</strong></span> <span class='ocrx_word' id='word_1_686' title='bbox 131 2565 204 2587; x_wconf 88' lang='lat' dir='ltr'><strong>recte</strong></span> <span class='ocrx_word' id='word_1_687' title='bbox 216 2568 230 2587; x_wconf 87' lang='lat' dir='ltr'><strong>a</strong></span> <span class='ocrx_word' id='word_1_688' title='bbox 246 2561 388 2588; x_wconf 84' lang='lat' dir='ltr'><strong>codicibus</strong></span> <span class='ocrx_word' id='word_1_689' title='bbox 407 2571 473 2590; x_wconf 83' lang='lat' dir='ltr'><strong>mss.</strong></span> <span class='ocrx_word' id='word_1_690' title='bbox 488 2565 566 2591; x_wconf 86' lang='lat' dir='ltr'><strong>abest</strong></span> <span class='ocrx_word' id='word_1_691' title='bbox 581 2566 714 2599; x_wconf 83' lang='lat' dir='ltr'><strong>particula</strong></span> <span class='ocrx_word' id='word_1_692' title='bbox 731 2559 856 2601; x_wconf 48' lang='lat' dir='ltr'><strong>ncg‘ativa’</strong></span> 
     </span>
     <span class='ocr_line' id='line_1_93' title="bbox 84 2602 124 2619; baseline 0 0"><span class='ocrx_word' id='word_1_693' title='bbox 84 2602 96 2619; x_wconf 83' lang='lat' dir='ltr'>U</span> <span class='ocrx_word' id='word_1_694' title='bbox 118 2614 124 2619; x_wconf 92' lang='lat'>.</span> 
     </span>
    </p>
   </div>
   <div class='ocr_carea' id='block_1_93' title="bbox 104 2629 856 2665">
    <p class='ocr_par' dir='ltr' id='par_1_93' title="bbox 104 2629 856 2665">
     <span class='ocr_line' id='line_1_94' title="bbox 104 2629 856 2665; baseline 0.013 -10"><span class='ocrx_word' id='word_1_695' title='bbox 104 2629 160 2663; x_wconf 75' lang='lat'><strong>(5|)</strong></span> <span class='ocrx_word' id='word_1_696' title='bbox 181 2630 281 2659; x_wconf 89' lang='lat' dir='ltr'><strong>Omnes</strong></span> <span class='ocrx_word' id='word_1_697' title='bbox 302 2639 368 2660; x_wconf 87' lang='lat' dir='ltr'><strong>mss.</strong></span> <span class='ocrx_word' id='word_1_698' title='bbox 391 2634 586 2663; x_wconf 81' lang='lat' dir='ltr'><strong>ha-reditatum.</strong></span> <span class='ocrx_word' id='word_1_699' title='bbox 607 2635 682 2663; x_wconf 85' lang='lat' dir='ltr'><strong>Lihb.</strong></span> <span class='ocrx_word' id='word_1_700' title='bbox 702 2637 767 2664; x_wconf 89' lang='lat' dir='ltr'><strong>editi</strong></span> <span class='ocrx_word' id='word_1_701' title='bbox 783 2637 856 2665; x_wconf 69' lang='lat' dir='ltr'><strong>:hw-</strong></span> 
     </span>
    </p>
   </div>
   <div class='ocr_carea' id='block_1_94' title="bbox 71 2665 214 2692">
    <p class='ocr_par' dir='ltr' id='par_1_94' title="bbox 71 2665 214 2692">
     <span class='ocr_line' id='line_1_95' title="bbox 71 2665 214 2692; baseline 0.035 -5"><span class='ocrx_word' id='word_1_702' title='bbox 71 2665 214 2692; x_wconf 71' lang='lat' dir='ltr'><strong>rrrhtatem.</strong></span> 
     </span>
    </p>
   </div>
   <div class='ocr_carea' id='block_1_95' title="bbox 88 2698 854 2742">
    <p class='ocr_par' dir='ltr' id='par_1_95' title="bbox 88 2698 854 2742">
     <span class='ocr_line' id='line_1_96' title="bbox 88 2698 854 2742; baseline 0.004 -10"><span class='ocrx_word' id='word_1_703' title='bbox 88 2734 91 2737; x_wconf 65' lang='grc'><em>,</em></span> <span class='ocrx_word' id='word_1_704' title='bbox 104 2698 158 2739; x_wconf 61' lang='grc' dir='ltr'><strong>(ῗίθτ)</strong></span> <span class='ocrx_word' id='word_1_705' title='bbox 175 2700 296 2742; x_wconf 67' lang='lat' dir='ltr'><strong>Ulerqlte</strong></span> <span class='ocrx_word' id='word_1_706' title='bbox 310 2700 487 2742; x_wconf 52' lang='lat' dir='ltr'><strong>Ebroiccnsis</strong></span> <span class='ocrx_word' id='word_1_707' title='bbox 499 2705 596 2736; x_wconf 78' lang='lat' dir='ltr'><strong>codex.</strong></span> <span class='ocrx_word' id='word_1_708' title='bbox 615 2715 624 2732; x_wconf 76' lang='grc' dir='ltr'><strong><em>ι</em></strong></span> <span class='ocrx_word' id='word_1_709' title='bbox 636 2706 759 2734; x_wconf 83' lang='lat' dir='ltr'><strong>videatur</strong></span> <span class='ocrx_word' id='word_1_710' title='bbox 773 2707 854 2736; x_wconf 86' lang='lat' dir='ltr'><strong>lectio</strong></span> 
     </span>
    </p>
   </div>
   <div class='ocr_carea' id='block_1_96' title="bbox 70 2733 468 2768">
    <p class='ocr_par' dir='ltr' id='par_1_96' title="bbox 70 2733 468 2768">
     <span class='ocr_line' id='line_1_97' title="bbox 70 2733 468 2768; baseline 0.025 -12"><span class='ocrx_word' id='word_1_711' title='bbox 70 2733 150 2759; x_wconf 82' lang='lat' dir='ltr'><strong>divini</strong></span> <span class='ocrx_word' id='word_1_712' title='bbox 168 2733 446 2768; x_wconf 54' lang='lat' dir='ltr'><strong>sermtinisjllahitur.</strong></span> <span class='ocrx_word' id='word_1_713' title='bbox 459 2750 468 2766; x_wconf 74' lang='grc' dir='ltr'><strong><em>ι</em></strong></span> 
     </span>
    </p>
   </div>
   <div class='ocr_carea' id='block_1_97' title="bbox 104 2767 612 2809">
    <p class='ocr_par' dir='ltr' id='par_1_97' title="bbox 104 2767 612 2809">
     <span class='ocr_line' id='line_1_98' title="bbox 104 2767 612 2809; baseline 0.012 -12"><span class='ocrx_word' id='word_1_714' title='bbox 175 2769 264 2809; x_wconf 42' lang='lat' dir='ltr'><strong>{index</strong></span> <span class='ocrx_word' id='word_1_715' title='bbox 278 2767 434 2808; x_wconf 67' lang='lat' dir='ltr'><strong>senserim,</strong></span> <span class='ocrx_word' id='word_1_716' title='bbox 452 2775 612 2803; x_wconf 72' lang='lat' dir='ltr'><strong>numinibus.</strong></span> 
     </span>
    </p>
   </div>
   <div class='ocr_carea' id='block_1_98' title="bbox 105 2804 852 2849">
    <p class='ocr_par' dir='ltr' id='par_1_98' title="bbox 105 2804 852 2849">
     <span class='ocr_line' id='line_1_99' title="bbox 105 2804 852 2849; baseline 0.016 -20"><span class='ocrx_word' id='word_1_717' title='bbox 105 2804 161 2838; x_wconf 61' lang='lat' dir='ltr'><strong>(LI)</strong></span> <span class='ocrx_word' id='word_1_718' title='bbox 177 2805 286 2840; x_wconf 77' lang='lat' dir='ltr'><strong>Sopiuut</strong></span> <span class='ocrx_word' id='word_1_719' title='bbox 306 2804 448 2842; x_wconf 54' lang='lat' dir='ltr'><strong>sei-penus,</strong></span> <span class='ocrx_word' id='word_1_720' title='bbox 465 2812 503 2838; x_wconf 81' lang='lat' dir='ltr'><strong>vel</strong></span> <span class='ocrx_word' id='word_1_721' title='bbox 526 2812 602 2838; x_wconf 83' lang='lat' dir='ltr'><strong>etiam</strong></span> <span class='ocrx_word' id='word_1_722' title='bbox 618 2812 649 2839; x_wconf 80' lang='lat' dir='ltr'><strong>de</strong></span> <span class='ocrx_word' id='word_1_723' title='bbox 664 2814 782 2841; x_wconf 73' lang='lat' dir='ltr'><strong>cavernis</strong></span> <span class='ocrx_word' id='word_1_724' title='bbox 795 2822 852 2849; x_wconf 82' lang='lat' dir='ltr'><strong>pro-</strong></span> 
     </span>
    </p>
   </div>
   <div class='ocr_carea' id='block_1_99' title="bbox 913 2145 1701 2182">
    <p class='ocr_par' dir='ltr' id='par_1_99' title="bbox 913 2145 1701 2182">
     <span class='ocr_line' id='line_1_100' title="bbox 913 2145 1701 2182; baseline -0.004 -8"><span class='ocrx_word' id='word_1_725' title='bbox 913 2153 1000 2182; x_wconf 78' lang='lat' dir='ltr'><strong>pturm</strong></span> <span class='ocrx_word' id='word_1_726' title='bbox 1016 2147 1141 2182; x_wconf 76' lang='lat' dir='ltr'><strong>leguntur</strong></span> <span class='ocrx_word' id='word_1_727' title='bbox 1161 2146 1218 2182; x_wconf 78' lang='lat'><strong>(58)</strong></span> <span class='ocrx_word' id='word_1_728' title='bbox 1234 2155 1248 2173; x_wconf 85' lang='lat' dir='ltr'><strong>a</strong></span> <span class='ocrx_word' id='word_1_729' title='bbox 1267 2146 1356 2179; x_wconf 84' lang='lat' dir='ltr'><strong>nobis,</strong></span> <span class='ocrx_word' id='word_1_730' title='bbox 1381 2145 1564 2178; x_wconf 85' lang='lat' dir='ltr'><strong>delectantur,</strong></span> <span class='ocrx_word' id='word_1_731' title='bbox 1589 2150 1617 2172; x_wconf 83' lang='lat' dir='ltr'><strong>et</strong></span> <span class='ocrx_word' id='word_1_732' title='bbox 1632 2145 1701 2172; x_wconf 74' lang='lat' dir='ltr'><strong>rali-</strong></span> 
     </span>
    </p>
   </div>
   <div class='ocr_carea' id='block_1_100' title="bbox 913 2191 1702 2227">
    <p class='ocr_par' dir='ltr' id='par_1_100' title="bbox 913 2191 1702 2227">
     <span class='ocr_line' id='line_1_101' title="bbox 913 2191 1702 2227; baseline -0.003 -7"><span class='ocrx_word' id='word_1_733' title='bbox 913 2195 1002 2221; x_wconf 83' lang='lat' dir='ltr'><strong>diorcs</strong></span> <span class='ocrx_word' id='word_1_734' title='bbox 1022 2201 1086 2227; x_wconf 76' lang='lat' dir='ltr'><strong>erga</strong></span> <span class='ocrx_word' id='word_1_735' title='bbox 1111 2193 1197 2220; x_wconf 86' lang='lat' dir='ltr'><strong>nostri</strong></span> <span class='ocrx_word' id='word_1_736' title='bbox 1221 2192 1389 2227; x_wconf 80' lang='lat' dir='ltr'><strong>diligentiam</strong></span> <span class='ocrx_word' id='word_1_737' title='bbox 1413 2193 1481 2219; x_wconf 86' lang='lat' dir='ltr'><strong>ﬁunt</strong></span> <span class='ocrx_word' id='word_1_738' title='bbox 1503 2192 1525 2219; x_wconf 89' lang='lat' dir='ltr'><strong>si</strong></span> <span class='ocrx_word' id='word_1_739' title='bbox 1548 2192 1646 2227; x_wconf 77' lang='lat' dir='ltr'><strong>linguis</strong></span> <span class='ocrx_word' id='word_1_740' title='bbox 1661 2191 1702 2218; x_wconf 94' lang='lat' dir='ltr'><strong>lo-</strong></span> 
     </span>
    </p>
   </div>
   <div class='ocr_carea' id='block_1_101' title="bbox 911 2240 1700 2276">
    <p class='ocr_par' dir='ltr' id='par_1_101' title="bbox 911 2240 1700 2276">
     <span class='ocr_line' id='line_1_102' title="bbox 911 2240 1700 2276; baseline -0.004 -9"><span class='ocrx_word' id='word_1_741' title='bbox 911 2249 1037 2276; x_wconf 85' lang='lat' dir='ltr'><strong>quainnr,</strong></span> <span class='ocrx_word' id='word_1_742' title='bbox 1065 2245 1092 2267; x_wconf 92' lang='lat' dir='ltr'><strong>ct</strong></span> <span class='ocrx_word' id='word_1_743' title='bbox 1119 2240 1229 2274; x_wconf 88' lang='lat' dir='ltr'><strong>spiritus</strong></span> <span class='ocrx_word' id='word_1_744' title='bbox 1262 2244 1356 2267; x_wconf 89' lang='lat' dir='ltr'><strong>noster</strong></span> <span class='ocrx_word' id='word_1_745' title='bbox 1382 2243 1454 2271; x_wconf 90' lang='lat' dir='ltr'><strong>oret,</strong></span> <span class='ocrx_word' id='word_1_746' title='bbox 1485 2246 1582 2266; x_wconf 87' lang='lat' dir='ltr'><strong>sensus</strong></span> <span class='ocrx_word' id='word_1_747' title='bbox 1609 2244 1700 2266; x_wconf 85' lang='lat' dir='ltr'><strong>autem</strong></span> 
     </span>
    </p>
   </div>
   <div class='ocr_carea' id='block_1_102' title="bbox 912 2284 1701 2315">
    <p class='ocr_par' dir='ltr' id='par_1_102' title="bbox 912 2284 1701 2315">
     <span class='ocr_line' id='line_1_103' title="bbox 912 2284 1701 2315; baseline -0.004 0"><span class='ocrx_word' id='word_1_748' title='bbox 912 2293 1005 2315; x_wconf 69' lang='lat' dir='ltr'><strong>noster</strong></span> <span class='ocrx_word' id='word_1_749' title='bbox 1020 2289 1077 2314; x_wconf 85' lang='lat' dir='ltr'><strong>sine</strong></span> <span class='ocrx_word' id='word_1_750' title='bbox 1094 2287 1182 2314; x_wconf 78' lang='lat' dir='ltr'><strong>fructu</strong></span> <span class='ocrx_word' id='word_1_751' title='bbox 1199 2288 1233 2314; x_wconf 85' lang='lat' dir='ltr'><strong>sit</strong></span> <span class='ocrx_word' id='word_1_752' title='bbox 1257 2284 1292 2310; x_wconf 77' lang='grc'><strong>⁷⁸.</strong></span> <span class='ocrx_word' id='word_1_753' title='bbox 1319 2286 1390 2313; x_wconf 78' lang='lat' dir='ltr'><strong>Dixit</strong></span> <span class='ocrx_word' id='word_1_754' title='bbox 1401 2286 1473 2313; x_wconf 92' lang='lat' dir='ltr'><strong>enim</strong></span> <span class='ocrx_word' id='word_1_755' title='bbox 1486 2290 1513 2313; x_wconf 89' lang='lat' dir='ltr'><strong>et</strong></span> <span class='ocrx_word' id='word_1_756' title='bbox 1528 2286 1578 2312; x_wconf 91' lang='lat' dir='ltr'><strong>hoc</strong></span> <span class='ocrx_word' id='word_1_757' title='bbox 1591 2291 1701 2313; x_wconf 83' lang='lat' dir='ltr'><strong>salictus</strong></span> 
     </span>
    </p>
   </div>
   <div class='ocr_carea' id='block_1_103' title="bbox 909 2331 1700 2368">
    <p class='ocr_par' dir='ltr' id='par_1_103' title="bbox 909 2331 1700 2368">
     <span class='ocr_line' id='line_1_104' title="bbox 909 2331 1700 2368; baseline -0.004 -8"><span class='ocrx_word' id='word_1_758' title='bbox 909 2333 1066 2368; x_wconf 79' lang='lat' dir='ltr'><strong>Apostolus,</strong></span> <span class='ocrx_word' id='word_1_759' title='bbox 1083 2337 1110 2359; x_wconf 91' lang='lat' dir='ltr'><strong>et</strong></span> <span class='ocrx_word' id='word_1_760' title='bbox 1124 2333 1223 2359; x_wconf 92' lang='lat' dir='ltr'><strong>mirum</strong></span> <span class='ocrx_word' id='word_1_761' title='bbox 1247 2332 1451 2368; x_wconf 88' lang='lat' dir='ltr'><strong>quodammodo</strong></span> <span class='ocrx_word' id='word_1_762' title='bbox 1466 2332 1624 2366; x_wconf 86' lang='lat' dir='ltr'><strong>mysterium</strong></span> <span class='ocrx_word' id='word_1_763' title='bbox 1648 2331 1700 2358; x_wconf 90' lang='lat' dir='ltr'><strong>lm-</strong></span> 
     </span>
    </p>
   </div>
   <div class='ocr_carea' id='block_1_104' title="bbox 910 2378 1699 2413">
    <p class='ocr_par' dir='ltr' id='par_1_104' title="bbox 910 2378 1699 2413">
     <span class='ocr_line' id='line_1_105' title="bbox 910 2378 1699 2413; baseline -0.005 -7"><span class='ocrx_word' id='word_1_764' title='bbox 910 2381 999 2406; x_wconf 85' lang='lat' dir='ltr'><strong>manis</strong></span> <span class='ocrx_word' id='word_1_765' title='bbox 1016 2379 1128 2406; x_wconf 83' lang='lat' dir='ltr'><strong>auribus</strong></span> <span class='ocrx_word' id='word_1_766' title='bbox 1140 2378 1262 2413; x_wconf 75' lang='lat' dir='ltr'><strong>protulit.</strong></span> <span class='ocrx_word' id='word_1_767' title='bbox 1272 2379 1365 2406; x_wconf 88' lang='lat' dir='ltr'><strong>dicens</strong></span> <span class='ocrx_word' id='word_1_768' title='bbox 1381 2378 1528 2413; x_wconf 87' lang='lat' dir='ltr'><strong>aliquando</strong></span> <span class='ocrx_word' id='word_1_769' title='bbox 1539 2378 1596 2404; x_wconf 77' lang='lat' dir='ltr'><strong>fieri</strong></span> <span class='ocrx_word' id='word_1_770' title='bbox 1609 2384 1699 2411; x_wconf 87' lang='lat' dir='ltr'><strong>posse,</strong></span> 
     </span>
    </p>
   </div>
   <div class='ocr_carea' id='block_1_105' title="bbox 909 2424 1700 2460">
    <p class='ocr_par' dir='ltr' id='par_1_105' title="bbox 909 2424 1700 2460">
     <span class='ocr_line' id='line_1_106' title="bbox 909 2424 1700 2460; baseline -0.003 -8"><span class='ocrx_word' id='word_1_771' title='bbox 909 2431 939 2452; x_wconf 92' lang='lat' dir='ltr'><strong>ut</strong></span> <span class='ocrx_word' id='word_1_772' title='bbox 954 2425 1066 2460; x_wconf 90' lang='lat' dir='ltr'><strong>spiritus</strong></span> <span class='ocrx_word' id='word_1_773' title='bbox 1081 2425 1126 2459; x_wconf 89' lang='lat' dir='ltr'><strong>qui</strong></span> <span class='ocrx_word' id='word_1_774' title='bbox 1145 2424 1171 2452; x_wconf 91' lang='lat' dir='ltr'><strong>in</strong></span> <span class='ocrx_word' id='word_1_775' title='bbox 1196 2424 1274 2452; x_wconf 82' lang='lat' dir='ltr'><strong>nobis</strong></span> <span class='ocrx_word' id='word_1_776' title='bbox 1293 2428 1333 2452; x_wconf 88' lang='lat' dir='ltr'><strong>est</strong></span> <span class='ocrx_word' id='word_1_777' title='bbox 1353 2430 1424 2457; x_wconf 84' lang='lat' dir='ltr'><strong>oret,</strong></span> <span class='ocrx_word' id='word_1_778' title='bbox 1442 2430 1470 2452; x_wconf 87' lang='lat' dir='ltr'><strong>et</strong></span> <span class='ocrx_word' id='word_1_779' title='bbox 1495 2432 1590 2452; x_wconf 85' lang='lat' dir='ltr'><strong>sensus</strong></span> <span class='ocrx_word' id='word_1_780' title='bbox 1608 2428 1700 2450; x_wconf 85' lang='lat' dir='ltr'><strong>noster</strong></span> 
     </span>
    </p>
   </div>
   <div class='ocr_carea' id='block_1_106' title="bbox 709 2481 953 2519">
    <p class='ocr_par' dir='ltr' id='par_1_106' title="bbox 709 2481 953 2519">
     <span class='ocr_line' id='line_1_107' title="bbox 709 2481 953 2519; baseline 0.016 -11"><span class='ocrx_word' id='word_1_781' title='bbox 709 2482 731 2497; x_wconf 88' lang='lat'><strong><em>&quot;</em></strong></span> <span class='ocrx_word' id='word_1_782' title='bbox 743 2481 750 2508; x_wconf 96' lang='lat' dir='ltr'><strong>I</strong></span> <span class='ocrx_word' id='word_1_783' title='bbox 764 2482 826 2511; x_wconf 87' lang='lat' dir='ltr'><strong>Cor.</strong></span> <span class='ocrx_word' id='word_1_784' title='bbox 840 2492 895 2519; x_wconf 85' lang='lat' dir='ltr'><strong>xtv,</strong></span> <span class='ocrx_word' id='word_1_785' title='bbox 909 2484 953 2512; x_wconf 79' lang='grc' dir='ltr'><strong>Η.</strong></span> 
     </span>
    </p>
   </div>
   <div class='ocr_carea' id='block_1_107' title="bbox 911 2529 1697 2559">
    <p class='ocr_par' dir='ltr' id='par_1_107' title="bbox 911 2529 1697 2559">
     <span class='ocr_line' id='line_1_108' title="bbox 911 2529 1697 2559; baseline -0.003 -1"><span class='ocrx_word' id='word_1_786' title='bbox 911 2533 1018 2559; x_wconf 78' lang='lat' dir='ltr'><strong>trahunt</strong></span> <span class='ocrx_word' id='word_1_787' title='bbox 1029 2532 1169 2559; x_wconf 80' lang='lat' dir='ltr'><strong>abstrusis.</strong></span> <span class='ocrx_word' id='word_1_788' title='bbox 1182 2531 1228 2559; x_wconf 88' lang='lat' dir='ltr'><strong>Sic</strong></span> <span class='ocrx_word' id='word_1_789' title='bbox 1243 2536 1316 2558; x_wconf 90' lang='lat' dir='ltr'><strong>recte</strong></span> <span class='ocrx_word' id='word_1_790' title='bbox 1330 2531 1410 2557; x_wconf 90' lang='lat' dir='ltr'><strong>habet</strong></span> <span class='ocrx_word' id='word_1_791' title='bbox 1423 2537 1492 2556; x_wconf 88' lang='lat' dir='ltr'><strong>unus</strong></span> <span class='ocrx_word' id='word_1_792' title='bbox 1505 2529 1697 2556; x_wconf 79' lang='lat' dir='ltr'><strong>Ebroirensis:</strong></span> 
     </span>
    </p>
   </div>
   <div class='ocr_carea' id='block_1_108' title="bbox 910 2564 1698 2601">
    <p class='ocr_par' dir='ltr' id='par_1_108' title="bbox 910 2564 1698 2601">
     <span class='ocr_line' id='line_1_109' title="bbox 910 2564 1698 2601; baseline -0.003 -7"><span class='ocrx_word' id='word_1_793' title='bbox 910 2567 973 2594; x_wconf 89' lang='lat' dir='ltr'><strong>libri</strong></span> <span class='ocrx_word' id='word_1_794' title='bbox 996 2575 1059 2594; x_wconf 82' lang='lat' dir='ltr'><strong>vero</strong></span> <span class='ocrx_word' id='word_1_795' title='bbox 1084 2567 1148 2594; x_wconf 84' lang='lat' dir='ltr'><strong>editi</strong></span> <span class='ocrx_word' id='word_1_796' title='bbox 1172 2576 1181 2592; x_wconf 86' lang='grc'><strong><em>‹</em></strong></span> <span class='ocrx_word' id='word_1_797' title='bbox 1192 2567 1333 2601; x_wconf 89' lang='lat' dir='ltr'><strong>sopiantnr</strong></span> <span class='ocrx_word' id='word_1_798' title='bbox 1348 2569 1499 2599; x_wconf 84' lang='lat' dir='ltr'><strong>serpentes,</strong></span> <span class='ocrx_word' id='word_1_799' title='bbox 1513 2565 1554 2590; x_wconf 85' lang='lat' dir='ltr'><strong>vel</strong></span> <span class='ocrx_word' id='word_1_800' title='bbox 1568 2564 1650 2590; x_wconf 88' lang='lat' dir='ltr'><strong>etiam</strong></span> <span class='ocrx_word' id='word_1_801' title='bbox 1665 2565 1698 2592; x_wconf 81' lang='lat' dir='ltr'><strong>de</strong></span> 
     </span>
    </p>
   </div>
   <div class='ocr_carea' id='block_1_109' title="bbox 910 2601 1419 2635">
    <p class='ocr_par' dir='ltr' id='par_1_109' title="bbox 910 2601 1419 2635">
     <span class='ocr_line' id='line_1_110' title="bbox 910 2601 1419 2635; baseline -0.006 -6"><span class='ocrx_word' id='word_1_802' title='bbox 910 2603 1037 2629; x_wconf 78' lang='lat' dir='ltr'><strong>cavernis</strong></span> <span class='ocrx_word' id='word_1_803' title='bbox 1051 2602 1245 2635; x_wconf 82' lang='lat' dir='ltr'><strong>protrahantur</strong></span> <span class='ocrx_word' id='word_1_804' title='bbox 1262 2601 1391 2628; x_wconf 83' lang='lat' dir='ltr'><strong>abstrusi.</strong></span> <span class='ocrx_word' id='word_1_805' title='bbox 1410 2609 1419 2626; x_wconf 73' lang='grc' dir='ltr'><strong><em>ι</em></strong></span> 
     </span>
    </p>
   </div>
   <div class='ocr_carea' id='block_1_110' title="bbox 945 2633 1696 2673">
    <p class='ocr_par' dir='ltr' id='par_1_110' title="bbox 945 2633 1696 2673">
     <span class='ocr_line' id='line_1_111' title="bbox 945 2633 1696 2673; baseline -0.004 -8"><span class='ocrx_word' id='word_1_806' title='bbox 945 2637 1000 2673; x_wconf 78' lang='lat'><strong>(55)</strong></span> <span class='ocrx_word' id='word_1_807' title='bbox 1021 2633 1068 2664; x_wconf 60' lang='lat' dir='ltr'><strong>va</strong></span> <span class='ocrx_word' id='word_1_808' title='bbox 1079 2637 1203 2673; x_wconf 74' lang='lat' dir='ltr'><strong>fervores.</strong></span> <span class='ocrx_word' id='word_1_809' title='bbox 1216 2636 1296 2663; x_wconf 88' lang='lat' dir='ltr'><strong>Deest</strong></span> <span class='ocrx_word' id='word_1_810' title='bbox 1312 2636 1338 2662; x_wconf 94' lang='lat' dir='ltr'><strong>in</strong></span> <span class='ocrx_word' id='word_1_811' title='bbox 1355 2635 1432 2662; x_wconf 87' lang='lat' dir='ltr'><strong>libris</strong></span> <span class='ocrx_word' id='word_1_812' title='bbox 1447 2638 1525 2662; x_wconf 87' lang='lat' dir='ltr'><strong>antea</strong></span> <span class='ocrx_word' id='word_1_813' title='bbox 1542 2633 1632 2665; x_wconf 84' lang='lat' dir='ltr'><strong>editis.</strong></span> <span class='ocrx_word' id='word_1_814' title='bbox 1649 2635 1696 2662; x_wconf 89' lang='lat' dir='ltr'><strong>scd</strong></span> 
     </span>
    </p>
   </div>
   <div class='ocr_carea' id='block_1_111' title="bbox 909 2671 1273 2707">
    <p class='ocr_par' dir='ltr' id='par_1_111' title="bbox 909 2671 1273 2707">
     <span class='ocr_line' id='line_1_112' title="bbox 909 2671 1273 2707; baseline -0.003 -8"><span class='ocrx_word' id='word_1_815' title='bbox 909 2671 1008 2707; x_wconf 80' lang='lat' dir='ltr'><strong>legitur</strong></span> <span class='ocrx_word' id='word_1_816' title='bbox 1024 2673 1050 2698; x_wconf 93' lang='lat' dir='ltr'><strong>in</strong></span> <span class='ocrx_word' id='word_1_817' title='bbox 1068 2671 1193 2707; x_wconf 69' lang='lat' dir='ltr'><strong>erunibus</strong></span> <span class='ocrx_word' id='word_1_818' title='bbox 1208 2679 1273 2698; x_wconf 89' lang='lat' dir='ltr'><strong>mss.</strong></span> 
     </span>
    </p>
   </div>
   <div class='ocr_carea' id='block_1_112' title="bbox 945 2706 1485 2744">
    <p class='ocr_par' dir='ltr' id='par_1_112' title="bbox 945 2706 1485 2744">
     <span class='ocr_line' id='line_1_113' title="bbox 945 2706 1485 2744; baseline -0.004 -10"><span class='ocrx_word' id='word_1_819' title='bbox 945 2707 1001 2744; x_wconf 76' lang='grc'><strong>(56)</strong></span> <span class='ocrx_word' id='word_1_820' title='bbox 1015 2707 1106 2744; x_wconf 65' lang='lat' dir='ltr'><strong>Codex</strong></span> <span class='ocrx_word' id='word_1_821' title='bbox 1119 2706 1275 2744; x_wconf 66' lang='lat' dir='ltr'><strong>Sango.an</strong></span> <span class='ocrx_word' id='word_1_822' title='bbox 1291 2715 1300 2732; x_wconf 77' lang='grc' dir='ltr'>ι</span> <span class='ocrx_word' id='word_1_823' title='bbox 1313 2706 1464 2733; x_wconf 91' lang='lat' dir='ltr'><strong>numinum.</strong></span> <span class='ocrx_word' id='word_1_824' title='bbox 1476 2715 1485 2732; x_wconf 74' lang='grc' dir='ltr'><strong><em>ι</em></strong></span> 
     </span>
    </p>
   </div>
   <div class='ocr_carea' id='block_1_113' title="bbox 943 2741 1291 2773">
    <p class='ocr_par' dir='ltr' id='par_1_113' title="bbox 943 2741 1291 2773">
     <span class='ocr_line' id='line_1_114' title="bbox 943 2741 1291 2773; baseline -0.006 -4"><span class='ocrx_word' id='word_1_825' title='bbox 943 2741 999 2773; x_wconf 78' lang='grc'><strong>(57)</strong></span> <span class='ocrx_word' id='word_1_826' title='bbox 1017 2742 1088 2769; x_wconf 90' lang='lat' dir='ltr'><strong>Idem</strong></span> <span class='ocrx_word' id='word_1_827' title='bbox 1102 2750 1109 2768; x_wconf 91' lang='lat'><strong>:</strong></span> <span class='ocrx_word' id='word_1_828' title='bbox 1127 2750 1136 2767; x_wconf 71' lang='grc' dir='ltr'><strong><em>ι</em></strong></span> <span class='ocrx_word' id='word_1_829' title='bbox 1148 2741 1268 2768; x_wconf 85' lang='lat' dir='ltr'><strong>numina.</strong></span> <span class='ocrx_word' id='word_1_830' title='bbox 1282 2751 1291 2767; x_wconf 71' lang='grc' dir='ltr'><strong><em>ι</em></strong></span> 
     </span>
    </p>
   </div>
   <div class='ocr_carea' id='block_1_114' title="bbox 943 2776 1691 2813">
    <p class='ocr_par' dir='ltr' id='par_1_114' title="bbox 943 2776 1691 2813">
     <span class='ocr_line' id='line_1_115' title="bbox 943 2776 1691 2813; baseline -0.003 -8"><span class='ocrx_word' id='word_1_831' title='bbox 943 2777 1000 2813; x_wconf 82' lang='grc'><strong>(58)</strong></span> <span class='ocrx_word' id='word_1_832' title='bbox 1012 2777 1091 2804; x_wconf 89' lang='lat' dir='ltr'><strong>Libb.</strong></span> <span class='ocrx_word' id='word_1_833' title='bbox 1105 2776 1171 2804; x_wconf 91' lang='lat' dir='ltr'><strong>cditi</strong></span> <span class='ocrx_word' id='word_1_834' title='bbox 1188 2786 1194 2804; x_wconf 88' lang='lat'><strong><em>:</em></strong></span> <span class='ocrx_word' id='word_1_835' title='bbox 1211 2785 1220 2802; x_wconf 77' lang='grc' dir='ltr'>ι</span> <span class='ocrx_word' id='word_1_836' title='bbox 1235 2777 1256 2803; x_wconf 88' lang='lat' dir='ltr'><strong>si</strong></span> <span class='ocrx_word' id='word_1_837' title='bbox 1269 2781 1371 2806; x_wconf 79' lang='lat' dir='ltr'><strong>sancta:</strong></span> <span class='ocrx_word' id='word_1_838' title='bbox 1384 2776 1529 2813; x_wconf 76' lang='lat' dir='ltr'><strong>Scriptura:</strong></span> <span class='ocrx_word' id='word_1_839' title='bbox 1542 2777 1691 2813; x_wconf 65' lang='lat' dir='ltr'><strong>legunturJ</strong></span> 
     </span>
    </p>
   </div>
   <div class='ocr_carea' id='block_1_115' title="bbox 908 2812 1274 2842">
    <p class='ocr_par' dir='ltr' id='par_1_115' title="bbox 908 2812 1274 2842">
     <span class='ocr_line' id='line_1_116' title="bbox 908 2812 1274 2842; baseline 0 -2"><span class='ocrx_word' id='word_1_840' title='bbox 908 2812 972 2842; x_wconf 84' lang='lat' dir='ltr'><strong>Mss.</strong></span> <span class='ocrx_word' id='word_1_841' title='bbox 992 2812 1020 2841; x_wconf 77' lang='lat' dir='ltr'><strong>ut</strong></span> <span class='ocrx_word' id='word_1_842' title='bbox 1036 2813 1062 2840; x_wconf 92' lang='lat' dir='ltr'><strong>in</strong></span> <span class='ocrx_word' id='word_1_843' title='bbox 1082 2816 1175 2841; x_wconf 86' lang='lat' dir='ltr'><strong>nostro</strong></span> <span class='ocrx_word' id='word_1_844' title='bbox 1192 2817 1274 2840; x_wconf 79' lang='lat' dir='ltr'><strong>:cxtu.</strong></span> 
     </span>
    </p>
   </div>
  </div>
