1902 3052
203 100 258 128 9255

935 98 1097 126 ORIGENIS

1794 103 1833 129 035

206 162 268 190 sine
285 161 374 190 fructu
389 162 435 190 sit.
456 163 581 198 Intelligo
595 169 662 197 ergo
676 169 709 189 ex
723 162 786 195 hoc,
808 161 870 196 quia
895 161 925 188 iit
947 163 997 188 διί-
1010 165 1033 193 Α
1049 166 1138 189 tamen
1155 160 1287 189 debemus
1303 160 1368 196 quia
1380 160 1457 188 utilis
1470 164 1523 188 est.
1540 159 1636 188 Solent
1657 160 1757 188 medici
1778 168 1838 194 ρει

209 210 323 243 quando
340 214 433 236 noster
448 209 558 243 quidem
576 216 672 235 sensus
687 208 746 235 sine
763 208 851 235 fructu
866 215 873 234 :
887 208 1000 242 spiritus

209 262 313 286 autent,
337 256 362 282 id
385 260 427 283 est
443 257 558 282 virtutes
581 255 644 287 illm,
663 261 723 289 qua:
741 254 838 281 animas
856 260 956 280 nostrae
971 254 999 280 in

211 301 376 335 adjutorinm
408 301 478 327 datze
504 306 578 332 sttnt,
608 305 759 335 pascuntur
785 303 813 326 et
840 299 1001 326 reliciuntur

211 354 244 373 ex
261 346 355 373 auditu
368 346 520 380 Scriptum
534 351 649 379 sanctae,
665 345 740 372 velut
753 353 786 372 ex
800 344 900 371 divinis
915 350 942 372 et
958 352 1002 371 ra-

213 392 387 419 lionabilibus
411 392 491 419 cibis.
516 391 586 424 Quid
611 391 673 418 diro
688 391 751 425 quia
775 390 873 417 divina:
887 390 1002 418 virtutes

210 443 358 472 pascantur
375 443 402 465 et
423 438 569 473 cpnleutur
591 437 618 465 in
638 437 727 470 nobis,
749 437 772 464 si
798 444 846 464 nos
863 437 945 464 verba
962 437 1004 464 di-

210 483 281 511 vinae
298 484 449 518 Scriptura:
468 484 644 519 proferamus
658 491 692 510 ex
714 481 779 510 ore?
795 482 856 517 Ipse
873 482 1003 510 Dominus

212 535 306 557 noster
319 530 398 557 Jesus
411 530 537 557 Christus
553 530 575 556 si
597 537 646 557 nos
670 529 792 556 inveniat
807 528 849 555 his
862 533 1002 562 vacantes,

211 580 238 602 et
255 576 442 610 lmjnscemodi
459 576 558 603 studiis
570 581 598 603 et
612 575 754 603 exercitus
767 583 879 610 operam
895 576 1003 610 dantes,

212 630 266 648 non
287 622 375 648 solum
390 622 463 655 pasci
479 626 505 648 et
521 621 595 649 refici
612 622 740 656 dignatur
762 623 788 649 in
804 625 894 656 nobis,
909 631 1003 652 verum

212 667 296 693 etiam
315 667 336 694 si
366 667 417 694 bas
444 667 537 701 epulas
555 667 626 702 apud
654 675 703 695 nos
723 668 821 696 viderit
846 676 1002 705 apparatas,

212 711 321 740 Patrem
345 720 438 739 secum
466 712 593 748 dignatur
617 714 763 751 adducere.
787 714 840 741 Sed
864 716 921 742 btet:
941 717 1004 750 quia

213 758 281 784 satis
295 765 390 791 magna
405 763 434 785 et
447 765 529 792 sttpra
546 758 683 785 hominem
700 758 839 791 videntur,
859 767 912 786 non
939 761 1006 788 meis

213 804 272 838 tibi,
288 804 334 830 sed
361 804 447 838 ipsius
476 804 582 831 Domini
607 807 634 830 et
655 804 807 832 Salvatoris
832 805 1005 834 sermonibus

213 851 425 885 comprobentur
446 850 599 878 dicentis”
614 859 621 877 :
637 859 646 876 ι
658 851 744 877 Amen
764 851 826 878 dico
850 851 926 878 vobis
943 852 1006 886 quia

213 905 265 931 ego
279 902 306 923 ct
322 897 403 924 Pater
418 897 571 928 veniemus,
589 901 616 923 et
636 897 804 924 mansionem
822 897 964 930 faciemus,
978 902 1008 925 et

215 942 385 970 ctenabimus
401 942 472 977 apud
496 950 570 969 eum.
586 952 596 968 ο
616 942 722 975 Quem?
738 942 812 969 illum
826 943 947 977 profecto
961 943 1008 978 qui

215 993 263 1013 sua
279 987 405 1013 mandata
425 987 553 1014 custodit.
570 987 635 1020 Sed,
649 988 721 1014 sicut
739 987 868 1019 diximus,
893 988 958 1022 quia
973 995 1006 1015 ex

217 1031 403 1066 hujuscemodi
426 1033 660 1064 meditationibus,
683 1033 837 1060 divinarum
862 1041 928 1068 erga
956 1041 1006 1061 nos

218 1078 348 1104 virtututn
362 1079 497 1104 consortia
507 1083 535 1105 et
546 1078 632 1106 cilicia
647 1086 831 1113 provocamus
843 1087 851 1105 :
865 1079 902 1106 ita
917 1086 932 1105 e
943 1086 1009 1106 con-

217 1124 302 1150 trario
317 1124 494 1158 maliguarum
508 1124 636 1151 virtutttm
650 1124 774 1157 insidias,
784 1130 811 1152 et
827 1125 1007 1158 pessimorum

217 1169 371 1196 dwmonum
388 1170 568 1202 incursiones,
584 1178 617 1197 ex
644 1171 832 1206 hujuscemodi
851 1177 1008 1198 sermonum

216 1220 243 1242 ct
263 1217 403 1243 nominum
424 1217 653 1252 appellationibus
669 1217 832 1251 eﬂ'uganms.
849 1216 928 1244 Verbi
945 1223 1009 1251 gra-

220 1262 269 1291 tia.
282 1266 310 1288 ut
325 1262 348 1289 si
364 1263 426 1297 quis
437 1269 556 1290 vestrum
570 1263 720 1298 aliquando
733 1263 868 1298 perspexit
884 1270 1008 1297 praecan-

219 1308 366 1336 tationibns
386 1309 503 1343 sopitum
527 1314 682 1344 serpentem
700 1311 805 1344 portari
824 1310 851 1337 in
869 1309 1007 1343 manibus,

218 1353 260 1379 vel
275 1354 397 1387 protrahi
416 1354 449 1381 de
461 1355 585 1382 cavernis
608 1355 674 1382 nihil
704 1356 840 1383 valentem
855 1363 953 1382 nocere
965 1363 1011 1383 ve-

222 1399 311 1431 nenis,
326 1404 420 1433 utpote
435 1401 629 1428 incantationis
649 1401 749 1428 virtute
767 1400 938 1435 torpentibus
953 1410 960 1428 :
975 1401 1011 1428 ita

218 1445 302 1472 etiam
318 1445 442 1474 lectionis
462 1446 559 1475 divinas
576 1447 687 1479 virtute,
701 1447 722 1474 si
737 1447 798 1482 quis
817 1447 887 1474 intra
902 1454 952 1474 nos
966 1450 1010 1474 est

219 1492 365 1519 contraria:
390 1493 534 1527 potestatis
557 1501 684 1528 serpens,
709 1493 732 1521 si
751 1493 813 1528 quis
830 1493 863 1521 ad
881 1493 1012 1520 insidian-

220 1537 284 1564 dntu
299 1538 410 1566 coluber
426 1539 503 1572 latet,
520 1539 542 1567 si
565 1539 702 1574 patienter
715 1540 798 1572 feras,
815 1539 838 1566 si
854 1547 907 1566 non
933 1540 1012 1567 taedio

221 1582 349 1617 fatigatus
362 1589 472 1612 avertas
486 1585 620 1617 auditum,
635 1585 786 1619 Scriptura:
803 1584 973 1613 carminibus
984 1589 1013 1612 et

219 1628 305 1655 divini
324 1630 458 1657 sermonis
474 1630 636 1658 assiduitate
651 1630 807 1665 depellitur.

256 1673 285 1701 2.
298 1673 327 1701 Si
345 1682 410 1709 ergo
429 1675 517 1707 vides,
532 1683 548 1703 ο
566 1675 685 1709 auditor,
699 1676 845 1711 aliquando
855 1676 925 1712 legis
939 1676 1014 1704 Scri-

221 1726 330 1753 pturam
345 1721 372 1747 in
389 1721 502 1749 auribus
519 1722 571 1749 tuis
584 1730 665 1757 quatn
682 1730 734 1749 non
748 1722 887 1757 intelligis,
903 1728 931 1750 et
947 1731 1013 1750 sen-

221 1774 270 1794 sus
281 1766 338 1801 ejus
353 1768 400 1794 tibi
412 1769 519 1796 videtur
532 1770 677 1801 obscurus,
690 1769 798 1796 interim
813 1769 883 1796 hanc
897 1769 1013 1804 primam

222 1814 331 1848 suscipe
346 1814 500 1846 utilitatem.
519 1816 592 1850 quod
609 1815 667 1842 solo
683 1815 777 1842 auditu
798 1814 870 1842 velut
889 1823 1013 1850 pra-.can-

223 1858 326 1885 tatione
351 1859 480 1893 quadam,
496 1860 640 1886 noxiarum
657 1859 798 1891 virtutum,
818 1867 879 1893 quae
901 1864 927 1887 te
941 1859 1015 1887 obsi-

223 1904 290 1930 dent
303 1908 329 1930 et
344 1911 404 1938 qua-
417 1905 463 1931 tibi
488 1904 660 1936 insidiantur,
676 1904 751 1931 virus
771 1903 916 1938 depellitur
930 1910 957 1932 et
974 1905 1015 1932 fn-

224 1954 314 1984 gatnr.
331 1949 451 1977 Observa
477 1955 580 1977 tantmn
606 1958 640 1977 ne
664 1950 791 1977 ciliciaris
813 1951 884 1977 sicut
907 1951 1017 1986 aspitles

224 1995 329 2027 uturdm,
347 2001 375 2022 ct
391 1997 552 2023 obturantes
565 1996 621 2032 (59)
637 2004 716 2024 aures
732 2005 796 2024 suas
805 1998 840 2030 ⁷⁷,
859 2005 892 2025 ne
904 1998 1018 2024 audiant

226 2047 321 2067 vocem
336 2040 528 2068 ineantatiouis
541 2047 568 2069 et
582 2042 720 2075 veneﬁcii,
736 2044 807 2077 quod
829 2043 986 2070 incantatur
1002 2050 1018 2070 a

225 2085 361 2120 βψίειιιε.
382 2086 461 2113 Verbi
478 2094 572 2120 causa,
586 2092 628 2114 est
644 2094 755 2114 carmen
779 2088 851 2122 quod
868 2094 1018 2122 prmeanta-

227 2135 274 2160 tur
286 2138 314 2158 et
331 2132 437 2159 ranitur
452 2133 509 2168 (60)
533 2140 547 2159 a
564 2133 688 2168 sapiente
707 2133 793 2166 Mose,
813 2138 840 2161 et
858 2135 930 2168 quod
949 2141 1019 2168 pra“:-

227 2183 354 2205 cantatur
370 2184 397 2206 et
412 2179 520 2206 canitur
538 2187 552 2206 a
571 2179 695 2214 sapiente
709 2178 773 2206 Jesn
789 2179 876 2212 Nave,
899 2185 928 2207 et
945 2181 1018 2215 quod

228 2229 413 2259 pra-cantatur
429 2229 456 2251 et
474 2224 581 2251 canitur
596 2232 610 2250 a
628 2225 799 2259 sapientibus
814 2224 942 2253 omnibus
956 2233 1019 2260 pro-

229 2270 330 2305 phetis.
349 2270 411 2298 Haec
429 2275 518 2297 autem
545 2270 647 2298 idcirco
672 2270 799 2303 diximus,
821 2278 855 2298 ne
880 2271 1018 2299 fastidium

229 2317 370 2350 rapiamus
384 2316 527 2344 audientes
543 2316 715 2352 Scripturas,
732 2318 814 2345 etiam
831 2319 853 2345 si
873 2325 926 2344 non
941 2317 1022 2344 intel-

229 2363 350 2396 ligimus.
375 2361 422 2389 sed
445 2363 491 2389 liat
514 2362 593 2390 nobis
615 2363 764 2390 secundum
787 2363 867 2390 ﬁderit
886 2367 1020 2395 nostram,

229 2409 407 2437 credentibus
419 2409 484 2444 quia
508 2418 517 2435 ι
529 2410 618 2437 omnis
633 2409 776 2445 Scriptura
790 2409 921 2437 divinitus
938 2409 1022 2444 inspi-

230 2461 289 2482 rata
307 2455 382 2482 utilis
395 2461 437 2483 est
446 2457 477 2482 ⁷⁸.
494 2463 503 2480 ›
524 2456 552 2483 Si
566 2464 632 2491 ergo
646 2455 779 2483 divinitus
795 2455 926 2489 inspirata
940 2458 982 2480 est
994 2458 1023 2480 et

231 2502 316 2534 utilis,
337 2502 444 2530 etiamsi
475 2510 528 2530 non
556 2502 707 2529 sentiamus
730 2500 888 2532 utilitatem,
911 2499 1023 2527 credere

1050 208 1116 235 bere
1126 207 1261 235 interdum
1272 208 1360 234 cibum
1371 207 1499 242 aliquem,
1509 207 1646 233 interdum
1658 207 1743 234 etiam
1754 213 1835 243 potum

1052 253 1126 283 dare.
1140 253 1214 280 verbi
1232 254 1317 288 gratia
1331 253 1364 279 ad
1377 252 1577 280 discutiendam
1590 253 1734 287 ealiginem
1752 254 1836 281 visus:

1051 298 1132 334 M5
1160 306 1208 326 nec
1236 303 1326 326 tamen
1350 299 1375 325 in
1392 299 1498 326 edendo
1515 299 1572 333 ipso
1588 299 1670 332 cibo,
1688 299 1729 326 vel
1757 300 1784 327 in
1801 308 1838 334 po-

1053 345 1134 371 tando
1146 343 1280 371 sentimus
1300 345 1363 378 quia
1384 344 1450 371 utile
1473 349 1526 375 est,
1547 349 1574 371 et
1600 345 1713 378 prodest
1734 345 1838 372 oculis:

1053 389 1100 416 sed
1118 396 1180 416 cunt
1195 390 1336 417 transierit
1351 390 1409 417 dies
1431 396 1485 416 una
1500 395 1527 417 et
1540 390 1624 417 altera
1645 394 1672 417 et
1683 391 1765 417 tertia
1780 391 1839 426 (Ui),

1053 443 1102 463 suo
1115 436 1140 462 in
1157 441 1276 470 tempore
1294 444 1343 470 per
1358 436 1480 464 occultos
1490 438 1622 471 quosdam
1644 444 1752 467 meatus
1767 441 1840 467 relata

1053 482 1086 508 ad
1102 482 1188 509 visum
1204 483 1256 510 cibi
1277 483 1348 511 illius
1367 489 1413 510 aut
1424 484 1514 518 poculi
1529 485 1624 517 virtus,
1637 487 1772 520 paulatim
1788 495 1842 522 pur-

1054 533 1098 564 gat
1120 534 1274 564 aspectum,
1290 535 1317 557 et.
1341 534 1405 558 tunc
1424 530 1531 558 demum
1556 532 1661 559 sentire
1689 533 1841 568 incipimus,

1055 575 1118 609 quia
1135 575 1212 602 cibus
1228 575 1272 602 ille
1290 576 1331 603 vel
1356 581 1434 611 potus
1456 575 1557 610 profuit
1582 578 1682 605 oculis.
1699 578 1757 606 Sed
1780 585 1804 607 et
1820 581 1840 608 is

1055 619 1115 647 aliis
1131 621 1255 648 similiter
1275 622 1400 656 corporis
1420 622 1541 656 partibus
1559 623 1653 650 eadem
1676 624 1735 652 fieri
1749 626 1842 654 solent.

1056 663 1112 692 Hoc
1130 672 1195 700 ergo
1214 666 1293 692 modo
1307 667 1469 693 credendum
1489 672 1528 694 est
1551 668 1634 694 etiam
1654 670 1688 697 de
1707 671 1844 706 Scriptura

1055 715 1159 741 sancta,
1183 711 1245 744 quia
1271 711 1346 737 utilis
1360 716 1414 744 est,
1429 718 1456 739 et
1478 713 1574 740 anima:
1598 715 1720 749 prodest,
1737 717 1845 743 etiamsi

1056 761 1151 782 sensus
1169 761 1263 784 noster
1276 757 1308 783 ad
1325 764 1444 791 praesens
1463 759 1671 794 intelligentiam
1692 769 1747 789 non
1769 764 1848 798 capit,

1057 803 1195 836 quoniam,
1208 807 1236 830 ut
1250 803 1377 836 diximus,
1390 809 1416 831 et
1427 804 1503 832 bona:
1511 806 1624 834 virtutes
1638 815 1698 842 qua:
1715 808 1795 835 nobis
1807 809 1849 835 ad-

1022 844 1043 871 B
1057 853 1130 881 sunt,
1146 849 1306 876 reﬁciuntur
1318 851 1344 876 in
1358 850 1400 877 bis
1412 852 1585 879 sermonibus
1597 857 1623 878 et
1639 859 1807 886 pascuntur.
1825 861 1848 880 et

1026 1512 1048 1542 C

1059 895 1205 922 contraria:
1220 899 1380 930 torpescunt
1406 897 1448 925 bis
1471 899 1711 932 meditationibus,
1731 905 1760 927 et
1784 900 1850 927 ellu-

1058 945 1166 975 gantur.
1176 941 1228 968 Sed
1239 941 1354 970 fortasse
1363 943 1463 970 dicitttr
1476 943 1510 971 ab
1523 946 1693 973 auditoribus
1703 947 1777 980 (6‘2):
1793 947 1852 974 Ιιςυε

1059 986 1137 1014 nobis
1154 987 1257 1014 idcirco
1269 987 1348 1020 dicis.
1366 994 1394 1016 ut
1406 993 1431 1016 te
1443 990 1477 1017 ab
1491 990 1579 1018 cilicio
1595 991 1798 1026 disputationis
1808 1001 1853 1019 ex-

1059 1039 1137 1060 cuses
1151 1038 1178 1060 et
1199 1033 1225 1060 in
1239 1034 1276 1061 iis
1295 1032 1384 1066 ﬁnias,
1405 1042 1492 1070 neque
1511 1036 1657 1071 quidquam
1681 1045 1799 1071 prorsus
1816 1038 1854 1063 vel

1058 1086 1093 1106 ex
1109 1079 1143 1106 iis
1159 1079 1258 1113 quibus
1282 1080 1411 1114 possibile
1425 1085 1478 1112 est,
1494 1082 1691 1108 cousolationis
1706 1082 1854 1114 exhibeas,

1060 1131 1148 1158 neque
1177 1129 1205 1152 ut
1230 1125 1374 1152 Dominum
1398 1126 1555 1160 depreceris
1574 1133 1704 1161 praestare
1734 1129 1854 1162 gratiam

1060 1177 1136 1197 Suam
1155 1171 1188 1198 ad
1210 1172 1356 1199 revelanda
1380 1179 1412 1199 ca
1433 1180 1492 1207 qua:
1517 1173 1586 1200 lecta
1602 1178 1675 1205 sunt,
1690 1178 1719 1200 ut
1738 1182 1855 1208 parvum

1060 1216 1158 1244 saltem
1177 1218 1268 1245 cibum
1285 1225 1319 1246 ex
1343 1218 1511 1246 occultorum
1527 1224 1555 1246 et
1569 1225 1739 1247 secretorum
1756 1220 1856 1254 expla-

1061 1263 1174 1291 natione
1197 1270 1352 1291 sumamus.
1375 1264 1433 1292 Non
1458 1265 1508 1292 ista
1523 1265 1557 1292 de
1584 1273 1666 1292 causa
1696 1266 1754 1293 haec
1783 1266 1858 1292 dixi-

1062 1315 1133 1340 mus,
1150 1316 1199 1336 nec
1227 1314 1391 1337 excusantes
1419 1317 1469 1337 nos
1494 1310 1543 1337 ista
1562 1311 1810 1344 protulimus.sed
1834 1316 1860 1338 ut

1063 1355 1273 1382 ostenderemus
1294 1355 1320 1382 in
1336 1355 1487 1390 Scripturis
1503 1356 1604 1382 sanctis
1617 1363 1677 1384 esse
1692 1357 1747 1383 vim
1763 1365 1864 1392 quam-

1063 1399 1136 1433 dam,
1163 1407 1222 1434 quae
1241 1399 1339 1435 legenti
1358 1400 1440 1428 etiam
1473 1401 1532 1429 sine
1556 1401 1751 1436 explanatione
1781 1403 1860 1430 suni-

1063 1446 1128 1473 eiat.

1099 1491 1126 1518 3.
1146 1490 1222 1519 Nunc
1233 1498 1311 1522 vero,
1323 1492 1452 1526 quoniam
1474 1499 1527 1520 non
1544 1493 1622 1520 nobis
1637 1493 1736 1521 suilicit
1752 1499 1862 1529 tempus

1064 1540 1093 1563 ut
1104 1536 1138 1564 de
1150 1537 1276 1564 omnibus
1293 1545 1353 1572 quae
1374 1537 1441 1566 lecta
1464 1542 1527 1565 sunt
1545 1538 1600 1574 (65)
1616 1540 1802 1572 disseramus,
1824 1542 1863 1568 vel

1064 1589 1149 1616 pauca
1163 1582 1271 1615 Saltem,
1286 1583 1503 1617 proutDominus
1510 1585 1666 1617 donaverit,
1685 1587 1863 1623 perstringe-

1064 1635 1135 1656 tnus.
1157 1627 1265 1654 lnititnn
1285 1628 1481 1657 dislribuenda:
1498 1630 1664 1657 hereditatis
1682 1639 1765 1665 quam
1783 1632 1864 1660 Iesus

1065 1673 1209 1705 distribuit,
1221 1673 1313 1708 incipit
1323 1683 1336 1701 a
1346 1675 1437 1702 Calcb.
1447 1676 1512 1703 Data
1529 1681 1569 1703 est
1583 1676 1682 1703 etenim
1698 1678 1762 1703 huic
1779 1678 1864 1706 Calob

1065 1719 1199 1754 portiouis
1217 1727 1272 1747 suae
1287 1728 1347 1748 sors
1369 1720 1527 1755 primquam
1540 1721 1626 1748 tribus
1634 1730 1694 1753 sua,
1706 1730 1769 1756 quae
1781 1730 1823 1750 est
1839 1725 1865 1750 li.

1066 1765 1164 1792 liorum
1176 1765 1253 1796 Juda,
1268 1766 1435 1800 perciperet;
1449 1771 1476 1793 et
1490 1767 1569 1793 datur
1579 1767 1603 1794 ei
1619 1776 1671 1794 non
1689 1768 1716 1794 in
1730 1770 1865 1796 extre-nis

1067 1811 1202 1846 aliquibus
1213 1813 1344 1846 partibus,
1354 1813 1400 1839 Sed
1412 1813 1438 1839 in
1448 1813 1535 1840 tnedio
1546 1813 1660 1841 liliorum
1669 1812 1739 1840 Juda
1751 1816 1864 1842 :etdata

1066 1861 1109 1884 est
1121 1858 1145 1884 ei
1159 1858 1247 1891 portio
1261 1865 1313 1884 non
1323 1866 1369 1893 per
1379 1863 1492 1888 sortem.
1503 1858 1548 1885 sed
1567 1865 1614 1892 per
1626 1864 1799 1894 prteceptnm
1814 1859 1866 1886 Βιν-

1068 1902 1144 1934 Inini,
1153 1908 1180 1930 et
1191 1903 1271 1930 datur
1282 1903 1305 1930 ei
1318 1903 1416 1930 civitas
1430 1902 1638 1937 integra.Quem
1648 1903 1733 1930 alium
1748 1903 1864 1938 digitum

1068 1956 1126 1976 erat
1139 1949 1218 1976 talem
1233 1949 1360 1984 consequi
1378 1950 1576 1983 liaeredilatem,
1587 1955 1614 1977 et
1625 1949 1706 1976 talem
1721 1952 1866 1985 percipere

1069 1995 1233 2030 portionem,
1254 1996 1304 2022 nisi
1318 1995 1409 2027 (Zaleb,
1422 1995 1469 2030 qui
1491 1995 1566 2023 solus
1587 1996 1678 2023 salvus
1690 1995 1809 2023 euectus
1827 2002 1867 2023 est

1069 2048 1129 2068 cum
1141 2040 1203 2068 Jesn
1213 2041 1295 2074 Nave,
1305 2048 1336 2068 ex
1350 2040 1614 2068 sexcentis-millibus
1625 2046 1810 2071 armatorum,
1821 2041 1866 2072 qui

1071 2087 1193 2115 exierant
1205 2086 1237 2113 de
1252 2085 1394 2121 Λεωνιοτ
1410 2085 1499 2120 Ipsum
1514 2087 1656 2120 oportebat
1667 2086 1726 2121 (64)
1742 2088 1867 2122 accipere

1072 2132 1255 2167 metropolim.
1266 2132 1300 2159 Et
1312 2133 1370 2160 ideo
1387 2133 1518 2167 scriptum
1535 2137 1577 2159 est
1588 2132 1622 2159 ’σε
1637 2141 1646 2158 ι
1662 2132 1776 2159 Deditei
1790 2132 1868 2159 Jesus

1072 2177 1210 2205 civitatem
1219 2177 1307 2204 Arboc
1316 2176 1487 2211 metropolim
1497 2176 1599 2208 Enacb.
1608 2184 1668 2211 qua:
1676 2181 1719 2203 est
1727 2176 1868 2207 Chebron,

1072 2223 1099 2250 in
1118 2230 1170 2257 qua
1191 2227 1270 2249 erant
1292 2222 1430 2249 memoriae
1452 2226 1569 2256 patrum.
1583 2230 1593 2248 ι
1610 2221 1660 2248 ilic
1690 2222 1778 2257 igitur
1803 2223 1870 2249 citi-

1073 2274 1127 2297 tate
1140 2268 1242 2301 Arboc,
1260 2276 1320 2303 qua:
1337 2273 1397 2296 erat
1420 2268 1576 2302 metropolis
1600 2267 1712 2300 Enach,
1741 2276 1806 2302 qua:
1828 2274 1870 2295 est

1072 2314 1208 2346 Chebron,
1228 2313 1417 2340 exterminavit
1437 2313 1498 2340 inde
1517 2318 1573 2339 tres
1592 2312 1662 2339 filios
1680 2312 1776 2340 Enach
1797 2313 1866 2347 (65).

1074 2361 1144 2394 Quid
1187 2365 1266 2394 putas
1301 2359 1380 2387 nobis
1416 2359 1508 2386 volens
1542 2358 1685 2393 Scriptura
1721 2359 1868 2385 ostendere

1075 2407 1157 2433 etiam
1172 2406 1222 2433 hoc
1237 2404 1399 2440 designavit,
1416 2403 1487 2439 quod
1507 2403 1589 2431 Caleb
1608 2408 1721 2437 accepta
1739 2405 1867 2437 portione

1077 2451 1314 2484 btereditatissuaz,
1323 2455 1350 2477 et
1364 2455 1419 2477 tres
1435 2449 1503 2476 iilios
1515 2448 1608 2476 Enach
1624 2448 1833 2480 exterminavit,
1844 2452 1871 2473 et

1078 2497 1187 2525 nomina
1203 2505 1295 2525 eorum
1308 2495 1495 2531 descripsit,id
1507 2501 1549 2522 est
1561 2493 1653 2527 Susui,
1668 2494 1831 2524 Aehlmacb,
1843 2498 1871 2519 et

267 2561 290 2577 ⁷⁸
302 2559 382 2588 Joan.
399 2568 454 2594 xrv,
470 2560 517 2588 25.
554 2559 632 2588 '"Ps.
649 2568 726 2592 Lvnt,
744 2560 772 2592 ι,
788 2560 814 2588 5.
853 2560 876 2575 ⁷⁸
891 2559 911 2587 ll
927 2560 997 2588 Tim.

1069 2560 1113 2588 l6.
1150 2559 1240 2587 "los.
1263 2567 1308 2592 xv,
1325 2559 1368 2591 15,
1387 2557 1427 2585 14.

267 2619 324 2654 ιξ›9)
345 2619 434 2645 (Iudex
450 2618 605 2654 Sangerm..
624 2627 633 2645 ι
644 2618 820 2646 obdurantcs.
831 2629 841 2645 ›

269 2653 326 2688 (ϋο,
350 2654 380 2680 Et
401 2654 515 2680 canitur.
533 2655 611 2680 Deest
627 2654 652 2680 in
672 2654 736 2681 libb.
750 2655 841 2687 editis,
857 2655 903 2682 sed
923 2653 1022 2688 legitur

234 2688 261 2715 in
281 2688 408 2714 «omnibus
427 2697 492 2716 mss.

274 2723 332 2758 (6|)
352 2723 412 2749 Dies
425 2732 478 2750 una
490 2729 514 2750 et
531 2724 615 2750 altera
627 2731 650 2751 et
660 2725 737 2751 tertia
748 2733 794 2751 suo
809 2724 835 2750 in
852 2729 967 2758 lcntpore
980 2732 1026 2759 per

236 2759 351 2784 occultus
360 2760 487 2792 quosdam
503 2765 604 2785 meatus
618 2760 699 2786 relata
713 2761 756 2786 nd.
774 2759 836 2786 ilice
851 2760 980 2788 dcsuntin
993 2759 1027 2786 li.

237 2792 293 2820 bris
309 2794 400 2823 editis.
418 2794 464 2819 sed
479 2799 588 2820 exstant
600 2795 624 2820 in
639 2795 765 2821 omnibus
784 2802 850 2821 tuss.

274 2828 331 2863 (62)
353 2827 411 2855 Dno
429 2836 494 2856 mss.
514 2829 712 2857 iibroicenscs:
735 2838 744 2856 ι
761 2830 826 2858 dicit
842 2829 940 2865 aliquis
953 2830 1028 2857 audi-

1077 2623 1137 2646 ΙοΓΙΙ
1143 2626 1166 2644 ιιι
1172 2639 1179 2646 .
1200 2627 1209 2643 ὶ

1114 2653 1170 2687 (65)
1189 2652 1269 2679 Iidem
1279 2659 1301 2678 ιι
1314 2651 1381 2678 lecta
1391 2655 1463 2679 sunt.
1483 2659 1492 2676 ι
1504 2649 1582 2676 Libh.
1597 2648 1679 2687 editi_:
1688 2657 1704 2687 _t_
1716 2648 1787 2687 dicta
1797 2652 1871 2687 sum.

1117 2683 1172 2723 (64)
1192 2688 1293 2715 Omnes
1323 2694 1388 2714 nhs.
1414 2695 1422 2711 ι
1447 2686 1602 2721 oportebat.
1631 2693 1640 2710 ι
1665 2683 1745 2710 Libb.
1775 2684 1841 2709 editi
1862 2690 1870 2708 :

1083 2732 1093 2750 ι
1107 2728 1225 2756 oportet.
1243 2732 1252 2748 ι

1119 2754 1174 2793 ((55)
1195 2757 1273 2784 Lihb.
1291 2756 1356 2783 editi
1369 2764 1404 2793 γεμί
1426 2763 1484 2793 qua:
1504 2760 1561 2793 erat
1574 2754 1721 2793 liihebron.
1736 2758 1763 2793 _ct
1781 2758 1871 2791 cate:-

1083 2789 1194 2820 tninavil
1212 2793 1274 2819 itide
1289 2797 1343 2818 tres
1361 2791 1431 2818 lilios
1448 2789 1673 2822 EnachJSicque
1685 2789 1773 2816 multa
1787 2789 1871 2815 omit-

1084 2833 1152 2856 tunt.
1167 2827 1229 2855 Mss.
1247 2835 1311 2854 vero
1328 2832 1356 2854 ut
1370 2826 1397 2854 in
1415 2831 1508 2854 nostro
1523 2829 1607 2852 textu.
