1902 3052
103 116 157 143 8135

599 114 633 141 ΙΝ
656 114 787 143 LIBRUM
807 114 887 142 JESU
907 114 999 141 NAVE
1019 113 1160 142 llOMiLlA
1178 114 1235 142 .\'.\'.

1668 117 1720 143 936

105 174 237 208 Thahmi,
253 174 440 210 generationes
454 173 566 200 Ettach?
583 174 726 201 Videamus
749 181 814 209 ergo
825 174 888 208 quid
905 177 924 204 ,\
940 175 1204 209 (Iuieb'metropolltn
1223 175 1381 202 humilitatis
1403 175 1502 203 inanis.
1516 176 1589 203 Duas
1608 177 1719 204 humili-

105 227 146 248 est
158 221 229 254 quod
241 227 292 247 nec
316 220 415 247 sufﬁcit
435 220 460 246 ei
483 220 575 246 dicere
594 219 662 246 lilios
686 219 788 250 Euach,
804 220 848 246 scd
861 224 889 246 et

106 267 213 294 nomina
232 267 351 300 ipsorum
368 265 481 296 addidit,
502 269 529 292 et
546 273 626 299 super
636 266 725 293 omnia
745 266 887 300 adjecit”,

107 323 116 338 ε
137 313 192 339 Istat
209 315 288 339 erant
303 311 494 344 generationes
507 310 612 337 Euach.
632 321 640 336 1
661 310 714 337 Sed
732 315 758 338 et
778 311 804 337 in
821 319 887 339 con-

105 356 278 391 sequentibus
296 356 388 388 refert,
405 355 487 389 quod,
502 361 612 388 accepta
629 355 793 382 hmreditatis
805 361 886 387 sorte,

105 403 185 429 Caleh
201 411 211 427 ί
227 401 347 428 ascendit
363 401 395 427 ad
415 408 461 427 eos
475 400 521 434 qui
547 400 705 427 habitabant
733 400 822 428 Dabir.
838 401 889 428 No-

106 455 165 474 men
187 453 277 474 autem
293 446 376 473 Dabir
390 451 450 473 erat
477 445 552 480 prius
575 446 673 472 civitas
699 446 857 472 litterarum.
876 454 885 470 1

107 492 254 519 Videndum
269 499 333 525 ergo
346 495 386 517 est
398 490 464 524 quid
482 495 524 516 est
537 490 608 524 quod
624 490 700 524 prius
718 494 776 517 erat
791 490 888 517 civitas

103 537 266 568 litterarum,
281 540 308 563 et
321 541 412 570 postea
429 535 499 562 facta
517 539 558 562 est
573 535 666 562 Dabir.

139 583 166 609 4.
187 582 320 609 Pneterea
336 580 462 611 refertur,
475 580 537 614 quia
554 584 581 607 et
597 580 677 607 filiam
692 581 795 608 habens
807 580 888 607 Caleb

103 627 274 663 proposuerit
289 627 370 653 talem
384 626 528 660 quamdam
549 626 731 653 conditionem
747 625 887 653 dicens":

106 684 116 699 ‹
139 675 298 707 Quicunque
319 672 476 699 exscindere
494 671 610 706 potuerit
625 671 764 698 civitatem
785 671 888 698 littera-

104 725 176 750 rum,
191 722 218 744 et
232 717 379 744 obtinuerit
393 724 464 747 eam,
481 717 551 744 dabo
562 717 586 743 ei
604 717 688 743 Axam
705 716 786 743 ﬁliam
802 724 887 743 meam

104 770 226 789 uxorem.
250 771 259 788 1
275 762 395 796 Cumque
409 762 453 788 ille
468 762 519 788 hoc
537 762 731 795 proposuisset,
744 762 888 789 Gothoniel

105 809 174 835 ﬁlius
198 808 322 834 Clienner
345 807 431 834 frater
445 807 527 834 Caleb
544 807 637 842 junior
658 808 730 841 cepit
751 808 886 834 civitatem

105 853 266 879 litterarum.
284 852 336 879 Sed
357 856 386 879 et
405 852 490 885 ipsum
518 852 675 885 quaestionis
703 852 791 878 locum
815 852 888 878 Scri-
904 848 924 874 Β

103 904 183 932 plura
210 902 304 925 sancta
322 898 453 932 posuerit,
471 897 492 923 si
511 902 610 929 tamen,
627 902 656 924 ut
680 897 808 929 diximus,
821 898 886 924 nihil

102 943 192 970 otiose
202 943 228 970 iu
248 943 291 969 his
309 942 397 969 verbis
413 943 641 977 praitcrcundum,
658 944 730 977 quod
743 943 888 970 Gothouicl

103 990 189 1016 frater
211 996 270 1016 esse
297 989 396 1016 dicitur
420 988 512 1020 Caleb,
525 993 551 1014 et
572 988 653 1016 Caleb
671 989 743 1016 ﬁlius
759 990 888 1016 scribimr

102 1034 217 1066 Jel‘l‘oue,
234 1041 260 1062 et
271 1035 415 1062 Gothoniel
435 1034 506 1061 ﬁlius
519 1034 655 1062 Chenner.
671 1035 810 1068 Quomodo
824 1043 889 1070 ergo

103 1081 239 1108 videbitur
259 1080 343 1107 frater
358 1087 420 1107 esse
439 1079 534 1111 Caleb,
552 1080 598 1114 qui
619 1088 672 1107 nou
690 1085 732 1107 est
748 1081 818 1107 ﬁlius
832 1081 888 1108 Jef-

103 1126 180 1158 foue,
194 1126 239 1153 sed
252 1126 296 1152 ille
310 1126 409 1152 dicitur
434 1126 505 1153 ﬁlius
521 1124 633 1157 Jeﬁ'one,
645 1126 697 1152 iste
714 1132 802 1152 autem
821 1127 890 1154 ﬁlius

101 1171 240 1202 Chenner,
257 1171 303 1204 qui
316 1170 417 1197 dicitur
431 1171 534 1204 cepisse
549 1170 688 1197 civitatem
714 1169 889 1198 liliel‘at‘uut?

103 1217 141 1244 De
159 1224 214 1251 quo
229 1217 349 1249 additur,
365 1216 429 1250 quia
451 1221 479 1242 et
492 1216 586 1251 junior
610 1221 679 1249 erat,
692 1220 718 1243 et
734 1224 782 1250 per
801 1218 890 1244 condi-

103 1263 206 1289 tionem
219 1261 327 1288 virtutis
352 1261 448 1288 merito
463 1262 597 1296 acceperit
613 1262 698 1288 Axam
710 1262 792 1288 ﬁliam
809 1262 890 1289 Calcb

102 1315 229 1338 uxorem,
243 1307 306 1342 quia
322 1308 440 1334 exscidit
458 1312 486 1334 et
500 1307 616 1342 perdidit
635 1307 772 1334 civitatem
787 1307 891 1334 littera-

100 1361 176 1379 rmu.
197 1351 297 1379 Exiens
325 1358 414 1380 autem
433 1353 468 1380 de
487 1353 565 1379 domo
580 1352 664 1387 patris
681 1351 723 1379 sui
739 1352 807 1383 Axa,
831 1359 891 1386 qua:

104 1397 125 1424 ei
143 1405 177 1423 cx
194 1402 267 1424 certa
289 1397 444 1424 conditione
469 1400 580 1431 nuptum
598 1397 696 1423 tradita
719 1400 778 1429 est,
794 1397 891 1422 sedens

102 1450 186 1477 super
211 1443 316 1470 asinum
335 1442 440 1470 dicebat
463 1442 522 1468 viro
550 1449 598 1468 suo
613 1441 635 1457 "
652 1450 658 1468 :
674 1450 684 1466 t
710 1442 800 1468 Petam
816 1449 829 1467 a
846 1448 892 1475 pa-

103 1494 144 1516 tre
166 1496 225 1516 meo
246 1489 395 1523 portionem
420 1488 489 1522 agri.
510 1487 541 1514 Et
556 1487 719 1514 exclamavit
742 1487 775 1514 de
790 1492 889 1518 tuente,
906 1510 926 1523 ρ

101 1541 130 1562 et
155 1535 225 1562 dixit
247 1535 271 1561 ci
291 1534 471 1568 Caleb,Quid
498 1537 540 1560 est
562 1532 633 1560 tibi?
649 1537 676 1560 et
697 1533 765 1560 dixit
784 1533 808 1559 ei
827 1540 835 1558 :
855 1532 890 1558 Da

103 1580 170 1607 mihi
183 1581 409 1611 benedictionem,
424 1579 485 1613 quia
501 1579 526 1605 in
539 1583 613 1606 terra
627 1578 712 1605 austri
727 1583 837 1612 nuptum
850 1584 893 1604 me

104 1627 252 1657 tradidisti.
270 1626 303 1653 Et
322 1625 426 1660 accepit
442 1626 585 1653 Gonetlam
599 1625 777 1658 superiorem,
793 1630 819 1651 et
839 1624 893 1651 Go-

102 1673 207 1701 netlam
225 1672 392 1699 inferiorem.
409 1681 418 1697 1
431 1671 463 1698 Ει
476 1670 611 1698 conclusit
625 1669 764 1703 Scriptura
781 1669 890 1697 dicens:

107 1727 118 1744 ι
138 1717 203 1744 llrcc
227 1722 269 1745 est
287 1717 432 1744 hmredilas
458 1717 544 1743 tribus
570 1714 649 1742 Juda.
667 1724 677 1740 1
702 1713 804 1741 Videtis
828 1714 890 1748 quia

101 1771 168 1790 vere
183 1763 285 1789 auxilio
300 1762 345 1789 Dei
358 1770 425 1796 opus
443 1767 494 1791 est,
508 1766 537 1787 ut
552 1762 608 1788 haec
620 1760 758 1794 explanari
774 1759 892 1794 queant?

104 1807 277 1844 hnpossibile
295 1815 407 1842 prorsus
422 1811 464 1834 est
484 1807 566 1834 ullum
585 1807 723 1833 hominum
738 1805 770 1832 de
791 1805 823 1831 iis
837 1805 891 1832 dis-

102 1861 214 1883 serere.
237 1853 288 1879 nisi
312 1852 478 1879 illutuinatns
503 1859 551 1886 per
581 1851 627 1878 Dei
653 1849 766 1885 gratiam
797 1848 889 1877 fuerit.

106 1899 170 1925 ldco
192 1905 257 1933 ergo
276 1897 366 1931 juvate
382 1905 424 1924 me
434 1896 615 1926 orationibus,
631 1901 657 1923 et
671 1903 776 1924 mecum
790 1896 892 1931 pariter

104 1944 238 1974 laborata,
249 1947 279 1970 ut
294 1943 422 1970 Dominus
438 1943 464 1969 in
477 1943 518 1969 his
533 1947 587 1968 tam
601 1942 723 1969 obscuris
734 1947 761 1969 et
774 1942 890 1969 abscon-

103 1991 170 2016 ditis
189 1989 256 2016 loeis
267 1989 353 2015 lucem
364 1989 490 2016 veritatis
504 1989 581 2016 nobis
597 1988 724 2023 dignetur
737 1988 889 2020 ostendere,

103 2040 134 2061 ut
149 2039 177 2061 et
193 2041 242 2060 nos
257 2033 332 2060 vobis
345 2033 478 2068 possimus
491 2033 597 2068 aperire
607 2032 741 2067 quomodo
751 2033 810 2060 hate
824 2039 889 2059 vera

103 2085 131 2107 et
149 2079 227 2106 utilia
242 2083 268 2106 et
289 2079 377 2105 divina
391 2082 464 2111 sunt,
477 2078 524 2105 sed
536 2086 584 2113 pro
601 2077 748 2111 fragilitate
763 2078 888 2105 humana:

104 2129 212 2151 naturae
232 2123 339 2150 obtecta
363 2123 541 2150 sacramentis
561 2127 588 2150 et
603 2123 722 2149 involuta
741 2123 887 2157 mysteriis.

939 225 1006 248 tates
1025 228 1085 247 esse
1092 223 1200 248 certum
1214 220 1359 247 est.Uuam
1375 221 1547 254 laudabilem,
1560 222 1593 248 de
1613 230 1665 256 qua
1680 223 1720 248 di-

938 267 976 293 cit
991 266 1114 292 Salvatbr
1127 266 1151 282 ⁸³
1168 274 1175 292 :
1190 275 1200 292 ‹
1222 266 1321 293 Discite
1338 274 1352 293 a
1375 274 1428 298 me,
1442 267 1504 300 quia
1527 267 1599 293 milis
1615 274 1673 293 sum
1693 270 1720 293 et

940 311 1048 339 humilis
1061 311 1152 343 corde,
1169 316 1197 338 et
1219 311 1361 339 invenietis
1381 313 1502 346 requiem
1521 312 1663 339 animabus
1674 319 1720 337 va-

939 357 1012 383 stris.
1036 365 1045 382 1
1065 356 1095 382 Et
1117 357 1151 383 de
1169 357 1218 383 hac
1241 357 1395 384 humilitate
1418 357 1521 384 dictum
1550 363 1592 384 est
1604 357 1637 388 ⁸⁸,
1657 356 1719 390 quia

941 412 951 427 ί
970 402 1059 428 onmis
1073 401 1117 436 qui
1139 409 1168 428 se
1182 402 1315 434 httmiliat,
1334 402 1510 429 cxaltabitur.
1523 412 1535 429 1
1556 403 1586 429 Et
1608 403 1670 429 alibi
1685 403 1718 429 ’5:

941 456 950 472 c
966 447 1150 475 llumiliatuiui
1158 446 1401 482 subpotemissima
1409 455 1490 474 manu
1500 446 1572 474 Dei.»
1581 448 1663 483 446
1675 449 1721 475 Est

939 498 1027 519 autem
1041 497 1068 519 et
1079 492 1133 519 alia
1148 492 1289 519 humilitas
1303 492 1450 527 lculpabilis
1467 499 1650 527 peccatorum,
1665 495 1721 521 sie-

939 543 969 564 ut
985 537 1028 564 illa
1045 545 1125 571 quam
1141 538 1174 565 de
1199 538 1294 564 illicito
1308 538 1384 565 coitu
1409 539 1475 566 dicit
1491 539 1641 572 Scriptura,
1657 541 1719 573 quia

940 584 1092 610 humiliavit
1107 584 1191 615 illam,
1202 584 1272 618 quod
1288 584 1320 610 de
1332 584 1445 611 Ammon
1459 585 1588 619 scriptum
1599 587 1720 619 est,quia

940 628 1090 655 humiliavit
1104 628 1225 655 Thamar
1245 635 1365 656 sororem
1381 636 1456 655 suam
1472 629 1505 655 “.
1523 629 1569 655 Est
1589 637 1652 664 ergo
1670 631 1720 656 hn-

940 674 1038 701 niilitas
1053 674 1141 701 inanis
1155 680 1215 708 quae
1226 674 1366 701 descendit
1381 683 1412 701 ex
1434 680 1553 707 pet-cato.
1568 675 1652 708 llnjus
1670 676 1722 709 igi-

941 725 982 745 tur
1001 719 1162 746 humilitatis
1183 719 1270 746 inanis
1283 721 1452 753 melt'opoliui
1468 721 1539 755 cepit
1553 721 1593 748 vel
1607 721 1723 748 exscidit

940 764 1032 795 Caleb,
1045 769 1073 790 et
1084 763 1222 791 interemit
1243 769 1298 792 tres
1312 765 1380 792 ﬁlios
1395 766 1496 798 Eiiacli,
1513 767 1557 799 qui
1575 771 1652 792 erant
1675 766 1721 792 lilii

940 807 1027 834 inanis
1039 808 1205 841 humilitatis,
1217 812 1245 835 et
1259 808 1311 836 illis
1323 809 1472 836 interfectis
1483 811 1540 844 ipse
1553 811 1655 836 habitat
1666 810 1721 844 (67)

939 852 1086 884 civitatem,
1101 857 1129 878 et
1152 852 1215 878 facit
1238 860 1298 886 qua:
1322 854 1348 879 in
1365 854 1593 888 consequentibus
1621 854 1721 888 scripta

939 900 1013 923 sunt.
1038 896 1088 928 Qui
1106 901 1195 922 autem
1221 902 1283 923 sunt
1309 897 1352 923 isti
1377 897 1422 924 ﬁlii
1448 899 1536 924 inanis
1562 898 1724 924 humilitatis

939 949 1007 975 quos
1025 943 1218 969 exterminavit
1231 942 1310 969 Caleb
1324 943 1335 969 ’ἒ
1351 943 1457 970 Primus
1477 943 1555 970 Susui
1570 944 1614 978 qni
1639 944 1724 970 inter-

940 992 1058 1021 pretatnr
1071 993 1143 1014 cum
1159 995 1197 1013 me
1213 986 1279 1022 (68),
1294 987 1344 1014 hoc
1356 992 1397 1015 est
1417 992 1493 1014 extra
1512 993 1647 1017 sanctum,
1661 988 1721 1021 quia

939 1037 1015 1058 extra
1031 1037 1153 1058 sant-tum
1177 1037 1219 1059 cst
1239 1032 1310 1058 filius
1331 1033 1421 1058 inanis
1439 1032 1612 1064 humilitatis,
1627 1033 1681 1058 into
1697 1036 1724 1058 rt.

939 1082 1015 1103 extra
1034 1077 1128 1104 Deum.
1141 1077 1187 1104 Est.
1203 1083 1229 1104 ct
1249 1077 1319 1104 alius
1333 1078 1476 1108 Achimau,
1493 1078 1538 1111 qui
1561 1079 1725 1111 interpreta-

941 1128 984 1149 tur
995 1123 1074 1157 frater
1084 1131 1154 1149 meus
1168 1127 1240 1149 extra
1252 1122 1388 1149 consilium
1401 1123 1467 1158 (G9),
1477 1123 1551 1149 velut
1562 1123 1584 1148 si
1599 1123 1723 1149 dicamus

941 1169 1024 1195 lratcr
1052 1168 1111 1195 sine
1123 1168 1244 1194 corisilio.
1268 1168 1367 1195 Omnes
1392 1169 1490 1195 etenim
1509 1168 1606 1196 fratres
1622 1169 1667 1203 qui
1691 1169 1725 1196 de

941 1214 1093 1242 humilitate
1109 1213 1184 1239 inani
1208 1219 1365 1245 nascuntur,
1383 1219 1486 1240 certqu
1501 1219 1543 1240 est
1555 1214 1618 1247 quia
1634 1219 1661 1240 et
1676 1221 1722 1240 cx-

942 1266 981 1287 tra
1000 1261 1143 1289 consilium
1163 1266 1236 1288 sunt.
1255 1260 1362 1287 Tertius
1378 1259 1514 1291 Thalami,
1530 1260 1575 1293 qui
1593 1260 1725 1294 interpre-

942 1311 1014 1333 tatur
1027 1306 1202 1340 pra'cipitium
1220 1306 1259 1332 vel
1274 1306 1407 1339 suspensio
1422 1306 1477 1340 (70)
1494 1315 1500 1332 :
1513 1307 1585 1340 quod
1603 1306 1726 1339 designat.

942 1352 1008 1378 nihil
1025 1352 1051 1378 iit
1067 1358 1099 1377 eo
1113 1351 1278 1383 stabilitatis,
1290 1352 1336 1378 sed
1351 1359 1415 1385 vaga
1429 1351 1517 1378 omnia
1527 1357 1554 1378 et
1567 1347 1598 1377 iu.
1608 1359 1726 1386 pra~ceps

944 1398 1057 1424 ruentia.
1076 1397 1143 1424 Istos
1162 1404 1227 1431 ergo
1239 1401 1293 1424 tres
1306 1397 1374 1424 ﬁlios
1391 1397 1479 1423 Enach
1493 1397 1684 1423 exterminavit
1698 1403 1727 1423 et

944 1443 1078 1469 interfecit
1094 1442 1186 1474 Calch,
1204 1448 1232 1470 et
1254 1447 1315 1477 post
1333 1442 1399 1470 istos
1421 1442 1561 1469 descendit
1582 1442 1607 1468 in
1634 1442 1724 1470 Dahir.

945 1487 1046 1516 Nomen
1067 1494 1125 1516 erat
1147 1489 1228 1516 Dubir
1253 1491 1329 1524 prius
1346 1490 1443 1516 civitas
1464 1490 1627 1517 litterarum.
1644 1490 1726 1516 Dahir

945 1535 1138 1569 iatcrprclatuu
1151 1535 1253 1570 loquela
1269 1535 1335 1570 (7t).
1350 1536 1403 1562 Sed
1419 1543 1517 1562 nomen
1539 1535 1631 1566 Daliir,
1650 1535 1726 1569 prius

943 1579 1038 1606 civitas
1067 1579 1232 1607 litterarum.
1253 1580 1337 1615 Igitur
1361 1581 1497 1608 civitatem
1516 1581 1666 1608 litterarum
1685 1581 1727 1607 in-

943 1625 1032 1660 tirllige
1055 1632 1136 1652 omne
1165 1625 1331 1653 Testameuti
1352 1625 1459 1654 Veteris
1493 1626 1724 1653 instrtnneutum:

943 1669 1019 1697 idest
1033 1674 1059 1696 et
1073 1670 1143 1697 hanc
1156 1670 1239 1705 ipsam
1257 1679 1336 1705 quam
1356 1679 1425 1698 rnruc
1446 1672 1580 1699 disserere
1594 1679 1727 1698 conamur

942 1714 1108 1748 Scripturam
1121 1736 1128 1748 ,
1150 1715 1330 1750 intelligamus
1348 1724 1407 1743 esse
1417 1717 1725 1747 civitatemlitterarum,

941 1767 1000 1794 qmc
1015 1761 1183 1795 postmodum
1201 1761 1331 1788 efficiatur
1348 1761 1438 1795 Dabir,
1460 1762 1530 1796 quod
1553 1766 1593 1789 est
1609 1761 1726 1795 loquela.

943 1805 1005 1833 Ilaec
1019 1806 1119 1833 etenim
1133 1815 1193 1842 qua-
1209 1807 1283 1841 prius
1296 1808 1322 1834 in
1339 1807 1434 1834 litteris
1448 1812 1517 1837 erat,
1533 1812 1559 1834 et
1574 1807 1724 1834 secutulqu

941 1851 1093 1878 litterarum
1115 1852 1325 1886 intelligebatur,
1342 1853 1421 1878 tuodo
1435 1852 1460 1878 in
1476 1851 1604 1878 Ecclesiis
1621 1851 1729 1878 Christo

941 1897 1076 1923 revelante
1098 1897 1220 1927 Domino,
1238 1897 1342 1931 loquela
1366 1897 1460 1924 etfocta
1475 1901 1529 1928 est,
1553 1896 1730 1930 loquentibus

941 1948 969 1970 et
993 1943 1190 1970 disserentibus
1211 1943 1298 1976 primo
1317 1943 1418 1970 sanctis
1437 1942 1575 1977 apostolis,
1589 1947 1617 1969 et
1638 1950 1729 1969 remo-

939 1988 1065 2016 ventibus
1086 1988 1256 2022 superﬁciem
1272 1988 1381 2020 littera),
1404 1988 1604 2022 proferentibus
1618 1995 1682 2014 vero
1694 1987 1730 2014 de

940 2041 970 2060 ea
993 2033 1141 2067 spiritalem
1158 2033 1303 2068 loquelam.
1325 2033 1378 2061 Sed
1398 2038 1425 2060 et
1444 2032 1545 2068 singuli
1562 2033 1663 2068 quique
1679 2032 1727 2060 do-

940 2083 1029 2106 ctores
1051 2078 1232 2106 Ecclesiarum
1253 2078 1370 2106 litteram
1381 2078 1448 2112 legis
1467 2078 1612 2112 loquelam,
1628 2082 1655 2105 et
1671 2077 1728 2104 dis-

940 2124 1105 2158 putationem
1133 2123 1315 2158 evaugelicam
1338 2123 1450 2150 faciunt.
1477 2123 1527 2156 Qui
1552 2127 1643 2150 autern
1666 2126 1732 2152 sunt

141 2169 169 2197 5.
191 2169 281 2196 Primo
294 2176 358 2203 ergo
372 2168 551 2195 discutiamus
565 2176 650 2203 qttare
664 2169 831 2202 metropolim
845 2174 890 2194 ac-
905 2180 927 2207 η
943 2174 997 2198 tres
1024 2169 1070 2196 ﬁlii
1091 2169 1193 2199 Enach,
1216 2175 1285 2203 quos
1299 2168 1391 2201 Caleb,
1402 2169 1427 2195 in
1445 2167 1521 2201 cujus
1540 2175 1656 2202 persona
1676 2167 1729 2194 vir.

103 2215 181 2250 cepit
198 2214 290 2246 Caleb,
305 2218 331 2241 et
348 2213 420 2240 illam
438 2221 498 2248 qua:
519 2214 606 2249 prima
623 2214 694 2241 inter
706 2219 817 2242 caeteras
830 2221 887 2240 om-

106 2269 157 2288 nes
173 2261 200 2288 in
215 2265 285 2287 terra
312 2259 530 2294 repromissionis
554 2260 709 2294 metropolis
725 2260 889 2291 nominatur,

105 2312 131 2334 et
152 2305 321 2340 metropolim
346 2305 449 2332 Euach.
473 2305 562 2333 Euach
585 2306 778 2340 interpretatur
803 2305 888 2331 humi—

105 2353 171 2378 litas
185 2351 282 2384 inanis,
302 2351 342 2378 vel
356 2352 488 2385 responsio
508 2352 594 2378 inanis
606 2351 673 2386 (66).
695 2351 806 2386 Accepit
825 2358 890 2385 ergo

139 2403 226 2432 90108.
237 2404 332 2437 ΗΑΒ.
353 2408 375 2424 ⁸¹
389 2408 465 2441 ibid.,
478 2407 522 2435 16.
559 2408 671 2440 ⁸³111111..
709 2408 752 2440 18,
774 2408 814 2441 19,
829 2409 875 2436 20.

104 2443 128 2459 ⁸⁸
145 2442 156 2469 1
173 2442 239 2478 Reg.
259 2450 318 2469 xm.

145 2513 204 2545 (66)
225 2512 318 2539 Επατή
333 2513 521 2547 interpretatur
541 2513 678 2540 humilitas
699 2513 785 2540 inani;
801 2513 840 2539 vel
853 2519 892 2538 re-

108 2550 219 2577 sponsio
242 2549 341 2574 inanis.
360 2548 399 2574 Ab
421 2553 473 2580 my
491 2556 500 2573 t
517 2549 666 2583 respondit,
683 2547 898 2580 btllllllla‘lll,lcl

105 2583 402 2623 prjlfjacuusginauis.
420 2592 430 2608 1

107 2617 270 2678 i’.l(til7)lMs.
285 2617 459 2652 Saugernt.,t
473 2618 587 2645 habitat.
608 2627 617 2643 1
633 2617 710 2645 ΠΜ).
726 2617 808 2644 editi:
826 2627 834 2643 t
849 2617 896 2643 lia—

129 2660 135 2677 I
151 2661 166 2676 a
179 2661 202 2677 ia
219 2673 225 2678 .
246 2661 255 2676 1

129 2657 225 2679 nabat.
246 2661 255 2676 1

147 2685 205 2720 (68)
227 2686 369 2721 Susui,qui
394 2687 582 2726 interpretatur
598 2692 672 2713 extra
694 2695 744 2713 me.
774 2686 814 2712 Ab
842 2689 895 2726 γπη

112 2729 122 2746 ο
143 2726 220 2746 extra
234 2730 242 2745 1
260 2727 286 2747 et
305 2722 462 2755 pronomine
483 2722 560 2748 allixo
576 2726 596 2748 7.

146 2755 204 2789 (69)
226 2756 365 2787 Achiumn,
383 2757 425 2790 qui
444 2758 630 2790 interpretatur
641 2755 723 2790 frater
737 2764 807 2782 nitus
819 2760 894 2781 ea‘tru

109 2791 262 2818 consilium.
275 2791 401 2825 Suspicio
416 2798 455 2818 t'st
468 2791 685 2829 ctymologistutu
702 2791 796 2826 legisse
811 2791 893 2816 Arhi-

920 2408 943 2425 ⁸⁸
957 2408 1051 2437 Matth.
1078 2416 1116 2439 ιι,
1139 2408 1184 2435 29.

945 2221 1028 2243 tutem
1050 2215 1116 2250 legis
1137 2214 1348 2248 aseripseramus
1361 2234 1369 2246 ,
1388 2213 1539 2241 interimit?
1564 2212 1654 2240 [nauis
1680 2213 1731 2239 hu~

944 2260 1044 2287 militas
1058 2259 1215 2294 accipienda
1235 2263 1276 2285 est
1291 2259 1349 2290 illa,
1366 2266 1447 2293 quam
1469 2266 1563 2286 omnes
1583 2257 1661 2291 hujus
1677 2264 1730 2284 ste-

943 2305 994 2332 cttli
1015 2311 1099 2339 pocae
1118 2304 1158 2331 vel
1173 2304 1320 2338 philosophi
1347 2305 1378 2331 de
1406 2303 1544 2331 divinitate
1570 2306 1730 2334 senserunt,

942 2351 1006 2385 quia
1025 2356 1048 2377 et
1069 2350 1178 2376 humilia
1193 2354 1218 2377 et
1235 2349 1289 2377 Deo
1308 2350 1416 2384 indigna
1427 2354 1490 2378 sunt
1507 2356 1566 2383 qum
1577 2351 1729 2375 senserunt.

1222 2408 1245 2424 “
1260 2407 1325 2437 Luc.
1348 2415 1403 2440 xtv,
1423 2408 1466 2435 ll.
1504 2407 1550 2434 "l
1571 2406 1644 2434 Petr.
1657 2413 1685 2438 v,
1701 2405 1728 2431 6.

949 2514 1035 2539 maaz,
1048 2511 1074 2533 et
1087 2506 1272 2541 etymologiam
1293 2513 1368 2532 suam
1389 2505 1497 2532 duxisse
1512 2511 1543 2530 ex
1560 2508 1612 2532 vnn
1626 2513 1634 2528 ι
1651 2503 1733 2541 frater

950 2550 1027 2603 {nens
1045 2551 1053 2566 1
1068 2546 1095 2568 ct
1106 2539 1152 2585 11:},
1167 2539 1226 2572 α]
1244 2545 1351 2575 ρτλειοτ,
1366 2544 1439 2566 extra
1450 2561 1458 2571 ,
1477 2548 1485 2564 ι
1501 2543 1528 2565 et
1540 2543 1596 2568 an
1614 2548 1622 2562 ι
1642 2539 1732 2564 consi-

961 2584 1025 2603 ttun.
1042 2586 1051 2599 1

961 2584 1025 2603 111111.
1042 2586 1051 2599 )

986 2618 1041 2652 (70)
1055 2617 1182 2647 Thalami,
1197 2617 1241 2651 qui
1255 2617 1441 2652 interpretatur
1455 2615 1627 2649 prwcipilium
1641 2615 1680 2641 vel
1691 2623 1733 2640 su-

950 2649 1060 2693 spensio.
1078 2649 1223 2692 Suspensio
1236 2666 1250 2684 a
1264 2649 1319 2687 ἤθη
1334 2667 1342 2682 1
1359 2657 1513 2691 suspendit,
1531 2666 1539 2680 1
1555 2656 1731 2693 pnecipitittut

950 2689 1038 2760 antelm
1057 2689 1176 2726 Thalami
1194 2699 1245 2726 diei
1272 2705 1350 2733 posse
1372 2689 1426 2724 non
1443 2689 1622 2729 videturinisi
1638 2689 1658 2723 7a
1674 2689 1732 2725 D511

954 2744 963 2759 1
980 2741 1080 2760 sucus.
1101 2743 1110 2759 1

954 2744 963 2759 1
980 2741 1080 2760 51110119.
1101 2743 1110 2759 1

984 2775 1009 2809 (7
1016 2776 1036 2810 l)
1045 2775 1315 2809 Dubirintcrprctatur
1321 2774 1432 2810 loquela.
1439 2773 1521 2803 A'u‘r
1530 2783 1538 2799 (
1549 2773 1653 2801 locutus
1662 2776 1710 2798 cst.
1720 2780 1728 2796 1
