1902 3052
191 101 242 130 927

913 103 1074 132 ORIGENIS

1762 106 1816 133 938

194 159 262 192 Quid
283 160 354 187 enim
378 165 432 188 tam
458 160 559 188 humile
581 164 608 188 et
631 160 696 195 quid
721 166 774 189 tam
797 162 914 190 inaniter
930 164 980 191 hn-
995 165 1020 193 Α
1033 170 1095 189 nttnt
1127 163 1218 197 (super
1232 169 1311 197 quem
1332 163 1435 190 asinum
1448 163 1460 190 τ
1473 162 1544 190 illttm
1562 162 1621 190 sine
1638 161 1721 190 dubio
1732 170 1814 196 quem

194 205 258 231 mile
275 213 356 240 qttatu
377 206 450 239 ligna
473 210 501 233 et
527 206 628 240 lapides
650 207 715 235 deos
740 207 780 235 vel
800 213 921 237 astruere
939 210 980 237 vel

194 255 289 284 putare
307 251 472 287 (72)?"ujus
486 259 551 286 ergo
564 252 652 280 inanis
666 253 828 282 humilitatis
840 255 910 282 illius
923 257 978 289 pri-

195 303 255 322 mus
270 301 312 323 est
329 296 419 328 Susui,
435 297 480 331 qui
495 297 594 324 dicitur
606 302 680 324 extra
694 306 749 331 tne,
760 299 811 326 hoc
823 305 865 327 est
877 301 979 333 primus

194 347 289 367 sensus
300 348 392 368 eorum
404 347 431 368 et
442 347 519 368 extra
530 342 685 374 veritatem.
699 348 727 370 et
745 350 823 372 extra
832 344 915 371 Deum
926 350 977 371 est.
989 346 997 348 “

194 385 334 413 Secundus
351 394 415 413 vero
432 388 575 422 Achiman,
589 390 614 416 id
629 394 670 417 est
687 390 771 418 frater
782 391 841 418 sine
855 391 977 418 consilio.

193 430 305 458 Rectum
315 437 356 459 est
365 440 439 466 vero,
451 435 513 469 quia
521 440 547 463 et
554 436 604 463 iste
611 435 696 464 frater
706 437 819 464 sitillitts
826 437 927 464 erroris
933 438 977 471 qni

191 477 251 504 sine
262 478 494 514 consiliogeritur.
502 481 570 514 Quid
582 482 652 509 enim
664 486 718 509 tam
731 483 788 510 sine
799 483 912 510 consilio
925 489 977 516 est,

192 529 271 557 quam
299 523 454 558 relinquere
471 525 554 552 Deunt
584 526 629 561 qui
650 533 698 554 nos
710 527 784 560 fecit,
802 532 830 555 et
842 528 918 562 Sequi
932 536 979 556 eos

192 576 261 603 quos
280 577 330 597 nos
348 570 484 599 fecimus?
500 573 608 601 Tertius
621 574 724 601 erroris
741 582 837 601 sensus
851 579 892 601 est
907 575 977 602 Tha-

192 613 269 646 lami,
282 616 354 648 quod
373 621 415 643 est
431 618 607 652 prmcipitiuut
629 619 671 646 vel
695 620 847 653 suspensio.
863 620 978 648 Novissi-

192 666 234 684 ma
253 667 369 693 namque
382 661 459 694 lmjns
476 663 578 689 erroris
594 664 706 691 tendunt
722 664 747 691 in
760 666 935 700 praecipitium
951 671 978 694 et

191 704 219 730 in
243 706 402 739 profttndttnt
429 708 539 736 inferni.
557 710 629 745 Ergo
646 711 694 738 hos
706 711 865 745 gentilitatis
879 719 977 739 sensus

191 753 319 784 tanquam
347 753 415 780 iilios
440 753 529 781 Enach
551 756 648 782 vetusti
671 757 774 783 erroris
789 757 903 784 abscidit
921 758 974 790 lex,

191 801 250 828 qurc
260 797 342 823 etiam
357 798 504 825 secundum
522 799 639 827 litteram
652 801 734 828 Deuttt
748 809 839 828 verunt
854 807 881 829 et
895 803 975 830 Crea-

190 843 276 866 toreut
290 842 410 868 otttnium
427 844 566 878 przctlicat.

225 884 251 912 6.
273 885 325 912 Sed
346 895 417 914 ttnnc
434 890 558 916 ascendit
581 890 665 918 Caleb
681 891 715 918 ad
739 891 816 919 islatn
837 893 973 920 civitatcnt

189 929 387 964 liltcrarnnt,et
402 933 468 960 dixit
480 934 501 950 ³⁷
518 943 524 960 :
540 944 550 960 ‹
565 935 723 971 Quicunque
742 938 887 965 exsciderit
904 940 970 966 civi-

191 979 274 1001 latcnt
295 976 373 1004 istaut
397 978 557 1012 litterarum,
574 986 601 1007 et
614 981 762 1009 obtinuerit
775 990 850 1016 eam,
866 985 935 1011 dabo
950 985 973 1011 ei

190 1020 274 1047 Axatn
288 1021 368 1048 illi:th
381 1031 468 1050 meatu
490 1033 613 1052 uxorem.
629 1026 662 1053 Et
675 1028 746 1061 cepit
758 1036 817 1054 eam
831 1028 974 1056 Gothouicl

191 1065 262 1093 tilitts
279 1067 414 1096 Cbenner.
435 1079 445 1095 ι
466 1070 609 1098 Gothoniel
623 1077 714 1099 autem
731 1075 775 1106 qui
790 1075 896 1108 accepit
911 1075 975 1102 civi-

193 1115 276 1138 tatem
293 1112 456 1146 litterarum,
476 1115 671 1149 interpretatur
694 1118 827 1153 responsio
845 1118 891 1145 Dei
905 1119 973 1155 (75).

190 1155 341 1190 Responsio
353 1163 442 1186 atttetu
457 1160 501 1186 Dei
518 1161 570 1187 dici
583 1167 670 1196 potest
680 1164 722 1190 cui
736 1166 878 1199 respondet
893 1167 974 1199 Deus,

190 1200 242 1228 hoc
259 1207 301 1228 est
314 1203 356 1229 cui
383 1204 485 1231 revelat
505 1212 621 1240 secreta,
637 1213 662 1235 et
680 1210 773 1242 pandit
793 1218 903 1238 arcana.
922 1211 975 1239 Iste

188 1253 253 1281 ergo
269 1252 312 1274 est
331 1249 375 1282 qui
395 1254 483 1283 potest
507 1252 630 1286 accipere
653 1253 789 1281 civitatem
810 1255 973 1290 litterarum,

188 1296 216 1318 et
230 1293 330 1320 veteris
351 1294 521 1322 instrumenti
540 1298 699 1326 exscindere
716 1299 835 1328 litteram
850 1303 975 1330 occiden-

190 1341 254 1364 tem.
282 1337 378 1365 Frater
393 1339 477 1367 Caleb
489 1340 590 1374 jnnior.
608 1343 666 1378 Ego
694 1349 783 1372 antetn
803 1354 862 1374 sum
877 1348 910 1374 de
924 1349 974 1376 Ec-

189 1382 271 1408 clesia
291 1383 374 1410 frater
387 1383 470 1412 Caleb
483 1385 583 1420 juniOr,
603 1388 648 1422 qui
668 1390 787 1418 exscissa
795 1398 827 1418 ac
851 1392 974 1420 discussa

190 1426 256 1462 legis
270 1427 368 1461 littera,
383 1437 493 1457 sensum
507 1431 533 1458 in
549 1439 579 1459 ea
595 1434 761 1467 spiritualem
781 1437 901 1470 requiro.
922 1438 974 1465 Ex-

1030 208 1167 235 solverant
1193 208 1317 244 discipuli
1347 209 1534 244 Salvatoris),
1554 209 1617 237 dicit
1644 209 1677 237 ad
1707 215 1814 244 patrem

1030 263 1106 282 smtm
1130 254 1152 270 "
1173 262 1180 280 :
1202 263 1212 280 ι
1242 255 1278 281 Da
1309 255 1374 282 mihi
1403 255 1637 288 benedictionem,
1665 262 1754 289 pater.
1784 256 1817 282 lit

1030 301 1130 335 accepit
1144 301 1285 328 Gonetlam
1305 302 1483 335 superiorem,
1497 307 1524 330 ct
1539 302 1682 330 Gonetlam
1701 303 1816 330 inferin-

1030 353 1096 372 rem.
1125 346 1206 381 M7
1222 356 1232 372 ι
1258 346 1333 379 Quod
1349 347 1498 374 evidentius
1514 347 1661 382 Apostolus
1682 348 1749 375 dicit
1767 348 1813 375 ὀε

1032 399 1041 415 ι
1057 390 1280 418 Pollicitationetn
1303 392 1404 418 habens
1418 392 1478 418 vita:
1492 391 1549 425 ejus
1566 400 1626 426 quae
1641 401 1714 420 nunc
1727 397 1770 421 est
1788 398 1813 421 et

1029 435 1136 462 futurae.
1158 445 1166 461 ι
1186 435 1216 463 Et
1244 441 1272 464 ut
1290 436 1417 464 Salvator
1439 438 1603 471 repromittit
1622 439 1656 465 iis
1678 440 1725 474 qui
1750 448 1811 466 ver-

1029 481 1054 508 bi
1071 482 1112 509 sui
1127 481 1321 516 perfectionem
1338 489 1498 517 sequuntur,
1511 484 1574 520 quia
1596 484 1733 519 accipiant
1747 492 1814 511 cen-

1030 525 1131 560 tuplum
1147 526 1201 560 ('76)
1215 527 1240 553 itt
1261 528 1385 561 prtesenti
1405 529 1514 560 szecttlo.
1564 528 1591 555 itt
1612 529 1705 556 futuro
1719 535 1811 557 autent

1028 569 1110 595 vitam
1126 575 1255 596 azleruatn
1279 577 1479 605 consequantur
1492 573 1525 599 9‘.
1538 572 1595 600 Hoc
1603 578 1718 609 estergo
1732 582 1812 601 acce-

1028 615 1100 649 pisse
1116 616 1141 642 in
1157 615 1344 643 benedictione
1359 617 1499 644 Gonetlam
1513 619 1698 653 superiorem,
1715 625 1742 646 et
1759 619 1814 646 Go-

1029 661 1127 687 netlant
1144 661 1309 688 inferiorem.
1324 662 1408 695 Quam
1425 663 1643 691 benedictionem
1658 672 1770 692 oremus
1785 671 1813 692 nt

1027 710 1054 731 et
1079 713 1127 733 nos
1155 708 1286 741 consequi
1307 715 1470 741 mereamur,
1486 716 1533 742 per
1554 709 1693 737 Christum
1718 711 1811 738 Denti-

1026 759 1090 777 ntmt
1109 757 1229 779 nostrum
1239 774 1247 785 ,
1262 754 1306 780 cui
1318 758 1360 780 est
1375 754 1459 789 gloria
1471 759 1498 782 et
1514 756 1656 790 imperium
1673 756 1813 784 iuszecula

1027 798 1196 826 szcculorum.
1208 802 1305 827 Amen.

1302 857 1440 886 liOMlLlA
1461 858 1530 885 XXI.

1026 901 1063 928 De
1079 901 1141 935 [iliis
1161 901 1248 933 Iuda,
1263 904 1308 937 qui
1330 912 1380 930 non
1404 910 1544 938 potuerunt
1562 905 1711 938 disperdere
1726 905 1815 933 Iebu-

1267 946 1333 965 sa’os
1355 942 1386 965 de
1406 939 1562 966 Jerusalem.

1061 993 1085 1020 l.
1099 993 1158 1021 Filii
1172 993 1238 1021 Jnda
1252 993 1377 1022 volebant
1388 995 1543 1029 disperdere
1553 996 1593 1023 vel
1604 997 1760 1024 interimere
1768 996 1816 1024 .le-

1025 1038 1130 1065 buszcos
1154 1039 1188 1065 de
1208 1037 1358 1066 Jerusalem
1377 1047 1387 1064 ι
1406 1044 1500 1066 etnon
1522 1034 1682 1073 potuerunt,
1701 1048 1817 1075 propter

1025 1084 1095 1118 quod
1119 1083 1275 1111 habitarunt
1293 1083 1407 1111 Jebusaei
1427 1092 1487 1111 cum
1509 1085 1572 1112 [iliis
1592 1085 1659 1112 Jutla
1683 1086 1710 1112 in
1731 1085 1816 1112 Jeru-

1026 1129 1109 1156 salem
1134 1137 1219 1164 usque
1241 1130 1266 1156 in
1286 1129 1446 1157 hodiernum
1464 1130 1532 1158 diem
1553 1132 1585 1159 θ’.
1604 1140 1613 1156 ι
1638 1131 1768 1158 Volumus
1798 1140 1814 1158 ιι

1025 1175 1113 1202 littera
1133 1175 1290 1210 incipientes
1310 1176 1445 1210 inquirere
1459 1177 1493 1203 ab
1510 1177 1542 1203 iis
1562 1177 1608 1211 qtti
1634 1182 1729 1212 putant
1753 1178 1816 1204 haec

1024 1221 1171 1248 secuttdutn
1190 1221 1308 1248 litteratn
1319 1227 1393 1249 stare
1410 1230 1499 1257 posse,
1516 1223 1580 1257 quid
1594 1227 1636 1249 est
1652 1223 1724 1257 quod
1740 1223 1817 1249 dici-

1026 1270 1069 1292 tur
1081 1266 1136 1302 (77)
1166 1276 1175 1292 ι
1194 1274 1278 1301 usque
1292 1268 1317 1294 in
1341 1267 1500 1296 hodiernum
1523 1268 1594 1295 diem
1610 1277 1617 1294 :
1635 1278 1644 1294 ι
1662 1268 1735 1304 quod
1748 1277 1815 1296 ver-

1025 1312 1087 1339 bunt
1101 1319 1208 1346 semper
1223 1312 1363 1346 Scriptura
1387 1320 1436 1347 pro
1450 1320 1482 1340 eo
1501 1313 1577 1347 ponit
1597 1313 1636 1345 ³³,
1655 1318 1681 1340 ιιι
1697 1315 1815 1341 aeterni-

1025 1361 1105 1384 tatetn
1117 1355 1207 1383 saeculi
1224 1364 1272 1391 per
1282 1356 1332 1383 ltoc
1343 1356 1486 1391 signiticet,
1501 1356 1574 1383 sicut
1585 1360 1612 1383 et
1624 1356 1689 1383 dicit
1704 1365 1712 1383 :
1727 1365 1737 1382 ι
1755 1356 1817 1384 Νο-

1025 1401 1071 1428 lite
1088 1401 1212 1428 recedere
1226 1409 1240 1427 a
1255 1401 1366 1428 Domino
1381 1402 1406 1428 itt
1417 1401 1547 1429 hodierno
1558 1401 1612 1433 die,
1627 1411 1637 1427 ι
1652 1401 1678 1427 id
1688 1406 1747 1435 est,
1758 1403 1815 1428 do-

1024 1454 1075 1473 nec
1088 1445 1214 1473 saeculum
1226 1450 1289 1473 stat.
1309 1445 1441 1473 Ostendat
1456 1453 1520 1480 ergo
1535 1446 1599 1473 mihi
1613 1446 1747 1480 quomodo
1761 1446 1813 1473 Je-

189 1473 283 1500 ι‹·1ιιιίο
294 1480 384 1501 autem
396 1475 525 1509 litteram,
540 1485 601 1505 cum
614 1478 669 1513 jam
685 1488 737 1507 non
751 1483 898 1509 secundum
914 1491 975 1509 car-
987 1493 1009 1522 ς
1026 1491 1130 1517 ὺυεωιιε
1141 1491 1226 1517 donec
1244 1489 1372 1517 saeculum
1389 1494 1453 1522 stat,
1469 1473 1573 1517 ltabital
1587 1498 1646 1518 cum
1664 1490 1726 1517 liliiS
1738 1491 1813 1518 Jud-‘l

190 1527 250 1546 llClll
269 1521 459 1554 circnmcidor,
479 1530 565 1558 neque
580 1525 727 1552 secundum
749 1534 859 1554 carnem
877 1536 972 1563 azyma

191 1567 340 1598 manduco,
359 1576 445 1603 neque
466 1569 568 1596 Pascha
589 1578 649 1597 cum
669 1570 769 1599 Judmis
785 1572 910 1604 observo,
927 1582 974 1601 ne-

190 1619 243 1644 qne
254 1611 401 1639 Sabbatum
414 1615 561 1642 secundum
581 1616 696 1643 litteram
714 1625 789 1645 curo.
805 1619 971 1647 Promissum

191 1663 309 1689 namque
327 1657 390 1683 tnilti
406 1663 457 1690 est,
470 1659 544 1693 quia,
560 1660 582 1686 si
595 1660 736 1689 exscidero
749 1662 884 1690 civitatem
901 1664 972 1691 litte-

192 1707 294 1733 rarum,
311 1707 471 1737 accepturus
486 1706 536 1731 sim
560 1705 642 1733 filiam
667 1706 759 1734 fratris
777 1709 828 1734 tttei
850 1709 970 1742 majoris.

191 1746 270 1772 liram
281 1750 478 1783 itamqtteprius
492 1751 561 1778 filius
569 1751 704 1783 Chenner,
719 1753 763 1787 qtti
779 1753 973 1788 interpretatur

187 1792 294 1824 apretio.
305 1793 371 1827 Quis
383 1796 455 1821 ettittt
470 1797 639 1831 eratspretio
654 1798 721 1832 (74),
737 1798 806 1825 sicut
817 1807 865 1826 nos
878 1806 971 1835 gentes

188 1838 322 1866 abeuntia
332 1842 535 1869 conversatione
546 1843 638 1875 Israel,
649 1851 723 1878 spent
733 1852 785 1870 non
796 1845 936 1878 habentes,
945 1852 971 1874 et

188 1884 246 1911 sine
262 1884 317 1912 Deo
329 1886 353 1912 itt
364 1886 416 1914 hoc
428 1888 548 1915 mundo?
562 1888 628 1915 Nam
646 1889 720 1923 prior
733 1890 776 1917 ille
789 1890 871 1918 frater
883 1899 969 1925 mens,

187 1931 263 1963 cujus
271 1939 341 1958 nunc
348 1934 452 1967 accipio
462 1935 540 1960 ﬁliam
550 1943 597 1968 pro
604 1943 635 1961 eo
643 1936 712 1969 quod
722 1937 822 1964 cxscidi
832 1938 968 1966 civitatem

188 1976 349 2011 litterarum,
366 1979 409 2006 ille
421 1980 492 2007 lilitts
508 1980 611 2008 Jcil'one
631 1981 691 2013 fuit,
710 1983 754 2016 qui
776 1983 971 2018 interpretatur

187 2024 330 2051 conversio.
342 2024 390 2051 Dat
402 2025 466 2052 mihi
475 2033 541 2060 ergo
551 2027 632 2053 tiliam
642 2035 727 2060 suam,
743 2029 767 2054 id
779 2033 820 2055 est
828 2029 968 2056 scientiam

188 2068 234 2095 Dei
250 2069 304 2100 sui,
317 2070 358 2096 vel
378 2071 583 2106 intelligentiam
605 2073 669 2100 tnilti
688 2074 743 2108 (75)
769 2075 866 2103 minori
894 2075 969 2102 fratri

186 2114 229 2140 dat
245 2114 297 2147 lex,
313 2116 459 2142 secundum
482 2118 552 2151 quod
564 2119 694 2152 scriptttttt
709 2127 751 2147 est
765 2121 787 2136 ⁸⁸
802 2130 809 2147 :
826 2131 835 2146 ι
859 2121 969 2150 Aufere-

187 2163 231 2184 tttr
243 2166 257 2184 a
274 2159 349 2186 vobis
377 2167 486 2194 regnum
513 2161 569 2193 Dei,
591 2167 618 2189 et
636 2163 744 2191 dabitur
765 2171 837 2199 genti
855 2166 966 2194 facienti
983 2164 1004 2190 D

186 2204 290 2232 fructus
303 2205 370 2239 ejus.
391 2216 399 2232 t
422 2207 567 2234 Sciendum
584 2213 673 2236 tamen
694 2214 735 2237 est
756 2211 828 2238 aliud
848 2219 908 2240 esse
929 2213 967 2239 le-

185 2259 256 2285 gem,
280 2253 356 2287 cujus
374 2262 445 2281 nunc
470 2262 613 2289 personam
637 2256 759 2284 dedimus
778 2257 870 2289 Caleb,
895 2258 966 2285 aliud

187 2297 303 2325 litteram
321 2298 424 2327 Veteris
444 2301 709 2337 Testantenti,qnam
733 2303 870 2330 civitatem
899 2303 966 2337 ligu-

185 2343 279 2370 raliter
294 2345 411 2373 diximus
428 2347 589 2376 litterarum.
615 2349 732 2383 Accepta
751 2357 816 2383 ergo
837 2350 889 2376 lilia
908 2351 966 2385 ejus

183 2396 233 2423 ego
252 2389 335 2416 frater
356 2390 414 2424 ejus
431 2392 523 2425 jnnior
538 2393 623 2420 educo
644 2401 702 2420 eam
729 2393 763 2421 de
778 2395 857 2421 donto
880 2395 966 2428 patris

183 2436 234 2463 sui.
261 2436 326 2469 Quae
350 2445 410 2464 cunt
435 2439 542 2466 venerit
560 2447 664 2466 mecunt
683 2440 779 2467 sede'ts
801 2448 881 2475 super
909 2441 964 2468 asi-

215 2491 237 2506 ⁸⁷
327 2501 372 2534 _x_v.
388 2494 430 2525 l0,
568 2495 661 2534 Matth.
677 2504 731 2528 xxi,
858 2497 915 2525 Jos.
932 2506 971 2534 xv1

1028 2502 1042 2526 i.
1081 2500 1125 2527 “l
1141 2499 1210 2527 Tim.
1228 2508 1265 2532 tv,
1281 2500 1309 2527 8.

182 2526 228 2552 65.
265 2527 287 2542 ⁸³
299 2529 306 2553 1
325 2528 391 2563 lieg.
403 2537 438 2556 xtt
448 2550 455 2558 .
465 2530 508 2556 2t).
533 2530 557 2546 ”
566 2530 660 2558 Matth.
671 2526 730 2564 xm,
743 2532 787 2564 '29,
797 2531 840 2558 50.

217 2573 274 2614 (72)
295 2574 372 2614 diss”
397 2577 500 2614 «deos
529 2577 569 2604 vel
602 2583 726 2614 astruere
753 2579 793 2606 vel
819 2581 933 2614 putare?
954 2590 963 2607 ι

184 2607 269 2635 (Λιιιιί
283 2610 358 2640 editi,
382 2620 390 2635 ι
412 2612 476 2637 deos
489 2613 630 2639 astruere?
649 2623 656 2637 ι

219 2643 275 2678 (⁵5)
297 2642 472 2673 Gothuniel...
489 2648 676 2680 interpretatur
692 2649 825 2683 responsio
841 2649 897 2678 Dei.
923 2650 965 2678 Ab

186 2692 263 2724 Tir-{5
283 2692 419 2724 respondit
440 2700 448 2715 ι
459 2695 486 2718 ct
498 2683 534 2721 ΒΝ
545 2703 553 2719 ι
566 2693 664 2721 Deus.)

221 2723 278 2758 (74)
299 2723 471 2763 Clieuncmiui
487 2728 674 2761 interpretatur
687 2731 794 2763 spreiio.
816 2731 881 2763 Qui:
895 2731 964 2758 enim

187 2762 243 2782 rrut
262 2760 368 2792 spretio,
380 2761 444 2786 situt
464 2770 520 2792 nos,
532 2768 582 2789 etc.
602 2764 647 2790 Sit:
659 2760 713 2790 mss
729 2774 734 2792 :
753 2770 779 2791 at
797 2760 860 2792 iliib.
879 2766 961 2792 editi:

189 2800 198 2816 ι
216 2792 350 2827 Chcuner,
360 2802 404 2828 qtn
412 2796 600 2831 intotprctutur
610 2800 709 2833 spretio
725 2800 884 2833 litterarum,
895 2800 961 2828 sicut

1025 1535 1050 1562 in
1063 1535 1226 1566 Jerusalem.
1243 1535 1342 1570 quippe
1359 1543 1418 1562 cuin
1437 1543 1470 1561 ne
1485 1535 1534 1569 ipsi
1551 1536 1659 1570 quidem
1677 1536 1724 1562 filii
1739 1536 1814 1563 Juda

1024 1580 1144 1608 habitent
1158 1581 1183 1607 itt
1202 1580 1361 1610 Jerusalem.
1378 1581 1438 1609 Ideo
1453 1590 1519 1616 ergo
1540 1589 1589 1609 nec
1611 1582 1682 1608 istttd
1696 1583 1814 1609 verbum

1023 1633 1082 1652 esse
1098 1626 1206 1660 poterit,
1223 1625 1293 1659 qttod
1313 1625 1427 1653 Jebusmi
1448 1634 1508 1652 cum
1524 1626 1624 1654 Judaeis
1644 1626 1769 1653 habitent
1786 1628 1814 1654 in

1022 1670 1186 1703 Jerusalem,
1201 1671 1418 1706 quandoquidem
1439 1679 1473 1698 tte
1488 1671 1537 1706 ipsi
1560 1671 1667 1706 quidem
1683 1671 1814 1699 habitant

1024 1717 1048 1743 iit
1064 1724 1104 1744 ea.
1120 1716 1173 1743 Sed
1192 1724 1239 1743 nos
1255 1717 1436 1750 intelligamus
1451 1717 1507 1744 ltzec
1522 1716 1711 1751 spiritualiter,
1730 1725 1814 1743 assu-

1024 1768 1126 1790 tnentes
1139 1762 1272 1796 Evangelii
1293 1762 1447 1796 parabolam
1463 1763 1597 1798 qtmdicit
1609 1763 1641 1789 de
1654 1763 1791 1789 zizanii"
1805 1771 1814 1790 :

1028 1815 1037 1830 ι
1057 1804 1141 1834 Sinite
1160 1812 1275 1843 ultaque.
1306 1815 1439 1841 crescere,
1451 1815 1485 1835 ne
1503 1807 1638 1835 fortecum
1651 1807 1732 1834 vultis
1748 1815 1814 1836 era-

1022 1854 1112 1880 dicare
1136 1854 1256 1884 zizania,
1284 1853 1428 1881 eradicetis
1451 1853 1532 1880 simul
1558 1861 1619 1881 cum
1637 1854 1703 1888 ipsis
1725 1854 1812 1880 etiam

1021 1899 1150 1925 tritictnn.
1171 1908 1180 1924 ι
1200 1898 1275 1925 Sicut
1299 1906 1363 1933 ergo
1390 1899 1416 1925 itt
1441 1899 1587 1934 Evangelia
1614 1899 1814 1934 pertttittuntnr

1022 1945 1123 1970 zizania
1144 1944 1222 1970 simul
1244 1952 1303 1971 ettnt
1327 1944 1418 1971 tritico
1441 1952 1566 1972 crescere
1583 1953 1590 1971 :
1605 1945 1700 1972 eodem
1729 1946 1812 1972 modo

1021 1990 1101 2016 etiam
1127 1990 1170 2016 ltic
1190 1990 1216 2016 itt
1238 1989 1407 2022 Jerusalem,
1434 1990 1460 2017 id
1487 1995 1528 2017 est
1554 1990 1580 2017 itt
1599 1990 1720 2017 Ecclesia
1748 1997 1813 2018 sunt

1021 2035 1130 2069 quidam
1157 2035 1288 2069 Jebusaai,
1311 2036 1353 2063 isti
1368 2036 1414 2069 qtti
1433 2036 1577 2070 ignobilem
1594 2041 1621 2063 et
1645 2037 1811 2071 degenerem

1022 2081 1102 2107 vitam
1119 2081 1232 2114 ducunt,
1245 2081 1290 2116 qui
1313 2087 1340 2108 et
1356 2081 1424 2113 fide,
1438 2087 1464 2109 et
1480 2082 1599 2114 actibus,
1614 2087 1642 2109 et
1656 2083 1730 2109 omni
1746 2091 1811 2110 con-

1023 2126 1173 2153 versatione
1193 2135 1242 2153 sua
1263 2128 1382 2161 perversi
1399 2132 1472 2155 sunt.
1489 2128 1580 2162 Neque
1593 2129 1663 2155 enim
1676 2129 1810 2163 possibile

1020 2175 1059 2198 est
1073 2172 1104 2197 ad
1118 2171 1245 2206 liquidum
1258 2173 1365 2207 purgari
1381 2172 1529 2200 Ecclesium
1540 2174 1603 2200 dum
1620 2173 1646 2200 in
1660 2174 1742 2200 terris
1757 2179 1810 2206 est,

1020 2215 1057 2244 ita
1073 2222 1100 2244 ot
1112 2225 1200 2253 neque
1218 2218 1317 2252 impius
1329 2219 1355 2246 iit
1369 2226 1400 2246 ea
1419 2220 1561 2254 quisquam
1573 2239 1580 2252 ,
1598 2227 1687 2254 neque
1711 2229 1810 2255 pecca-

1021 2268 1063 2291 tor
1079 2264 1196 2291 residere
1218 2264 1351 2297 videatur,
1367 2265 1413 2292 sed
1437 2266 1491 2292 sittt
1510 2265 1537 2292 itt
1555 2273 1586 2293 ea
1602 2273 1698 2293 omnes
1718 2268 1808 2294 sancti

1021 2314 1044 2337 et
1062 2310 1142 2343 beati,
1159 2314 1185 2337 et
1205 2311 1231 2337 in
1246 2310 1345 2345 quibus
1365 2311 1436 2338 nulla
1450 2318 1564 2345 prorsus
1580 2313 1684 2346 peccati
1702 2313 1807 2339 macula

1019 2355 1243 2389 deprehendatur.
1261 2355 1312 2382 Sed
1332 2356 1403 2382 sicut
1419 2356 1517 2382 dicitur
1533 2356 1566 2384 de
1583 2357 1696 2384 zizaniis
1713 2365 1721 2383 :
1744 2367 1753 2383 ε
1769 2357 1808 2384 Ne

1020 2398 1088 2426 forte
1102 2400 1273 2427 cradicantes
1288 2400 1392 2427 zizania
1405 2400 1484 2427 simul
1501 2408 1562 2428 cum
1585 2401 1637 2428 illis
1660 2403 1808 2429 eradicetis

1016 2449 1043 2471 et
1059 2445 1197 2478 triticum;
1214 2454 1223 2470 ι
1242 2445 1278 2472 ita
1290 2446 1372 2472 etiatu
1388 2453 1469 2480 super
1483 2446 1516 2473 iis
1529 2446 1581 2473 dici
1600 2451 1690 2480 potest
1706 2448 1732 2473 in
1747 2447 1809 2482 qui-

1347 2500 1370 2516 "
1386 2500 1480 2528 Matth.
1493 2509 1548 2534 xix,
1562 2501 1607 2529 29.
1647 2502 1670 2518 "
1681 2502 1739 2530 Jos.
1760 2510 1805 2534 xv,

1021 2590 1079 2618 uos,
1100 2592 1108 2608 t
1128 2588 1182 2610 etc.
1201 2582 1276 2611 Unde
1292 2588 1382 2610 autem
1398 2583 1524 2611 Clienner
1534 2584 1584 2610 dici
1601 2584 1687 2618 possit
1704 2594 1713 2609 ι
1726 2593 1806 2618 spre-

1021 2617 1073 2653 tio,
1090 2628 1098 2643 ι
1117 2618 1160 2653 vel
1175 2628 1183 2643 ‹
1206 2619 1308 2652 spretio
1323 2617 1635 2653 litterarttm,iigttorare
1645 2627 1689 2647 me
1706 2617 1802 2647 lateor.

1056 2652 1111 2687 (75)
1134 2652 1211 2680 Mihi.
1228 2653 1356 2680 llestituit
1369 2654 1454 2680 codex
1467 2654 1609 2688 Sangertn.

1055 2688 1110 2723 (7³1)
1125 2688 1195 2723 idem
1212 2696 1274 2720 tns.,
1293 2698 1301 2713 t
1318 2689 1455 2722 centttpla.
1475 2698 1484 2714 ι

1053 2723 1111 2756 (i7)
1128 2722 1209 2755 Mss.,
1233 2732 1240 2748 ι
1258 2723 1320 2757 quid
1338 2728 1378 2751 cst
1387 2725 1456 2758 quod
1471 2723 1580 2752 dicitur;
1598 2733 1607 2750 ι
1624 2723 1703 2752 Libb.
1721 2725 1803 2758 editi,

1020 2767 1029 2783 ‹
1044 2758 1106 2793 quid
1119 2758 1226 2785 dicitur.
1247 2767 1257 2784 ι
