1902 3052
79 107 131 135 929

565 103 598 131 lN
617 102 748 130 LIBRUM
767 102 850 130 JESU
869 102 964 130 NAVE
983 102 1126 132 IIOMILIA
1146 104 1229 133 XXII.

1652 113 1704 140 πο

79 165 128 191 butt
145 163 185 190 vel
197 162 278 190 dubia
291 162 332 190 vel
348 162 452 190 occulta
465 167 574 197 peccata
591 167 664 189 sunt.
678 161 770 196 Neque
792 162 864 188 cnim
880 164 902 192 Α
919 166 1062 195 potuerunt
1075 162 1121 189 ﬁlii
1139 162 1253 197 Ephrem
1266 164 1421 200 di~perdere
1436 166 1601 195 Chananteos
1614 190 1621 201 ,
1639 171 1703 198 illud

79 206 194 238 dicimus
210 211 243 236 de
262 209 295 236 iis
309 209 354 243 qni
369 207 511 235 manifeste
527 212 554 235 et
571 208 711 235 evidenter
725 208 862 235 critninosi

79 259 198 287 sunt,ttt
222 262 274 282 nott
302 254 335 281 de
353 253 471 281 Ecclesia
497 252 679 287 expellantur.
704 252 773 278 Audi
799 259 863 286 ergo

54 292 56 313 δ
79 300 243 336 Scripturatn
258 299 409 331 dicentem,
423 299 485 333 quia
504 306 555 325 non
572 303 718 333 potuerttnt
733 298 778 324 ﬁlii
794 297 861 325 Juda

79 346 232 381 disperdere
243 344 391 376 Jebusazos,
402 344 449 371 sed
465 343 658 370 habitaverunt
672 351 733 370 cutn
751 343 816 377 ipsis
835 342 861 369 itt

78 392 221 420 Jerusalem
238 398 322 425 usque
340 390 367 417 in
392 389 550 416 ltodiernum
572 388 653 415 diem.
671 387 746 416 Unde
767 389 862 422 depre-

53 437 55 442 “
78 445 122 463 cor
138 443 185 463 vos
207 435 252 469 qui
268 433 359 462 ﬁdeles
379 433 464 466 estis,
478 438 508 459 ut
528 433 563 460 ita
588 434 670 460 vitam
695 438 811 460 vestram
834 437 862 459 et

77 481 307 509 conversationem
319 478 449 509 servetis,
464 485 498 505 ne
513 478 538 504 in
561 478 652 511 aliquo
663 478 703 504 vel
718 478 768 512 ipsi
782 486 861 506 scan-

77 528 163 554 dalum
179 526 329 562 patiamini,
350 526 391 553 vel
405 526 464 552 aliis
485 525 641 552 scandalqu
666 524 774 552 faciatis
790 534 797 552 :
813 526 859 552 sed

76 574 109 600 sit
124 573 201 600 vobis
218 572 316 599 summi
335 572 432 603 studii,
448 578 614 604 summmque
628 570 737 597 cautelte
751 579 783 598 tte
798 571 860 605 quis

77 619 102 645 itt
121 619 190 645 hanc
205 621 325 644 sanctam
350 616 585 651 congregationem
606 620 725 642 vestram
742 615 859 649 pollutus

76 663 201 694 introeat,
217 669 251 688 tte
269 661 330 696 quis
342 660 480 688 Jebusaaus
496 660 598 687 habitet
613 659 761 688 vobiscum.
780 660 859 687 Vides

76 717 138 744 ergo
153 709 217 743 quia
234 708 299 735 dicit
321 707 480 741 Scriptura,
496 707 566 741 quod
587 714 639 733 non
652 711 796 740 potuerunt
808 706 859 739 eji-

75 763 137 782 cere
162 754 208 781 ﬁlii
230 753 297 781 Juda
325 751 463 779 Jebusteos
484 752 517 779 de
536 751 695 779 Jerusalem.
719 751 858 779 Jehnszeus

75 807 162 828 autcttt
177 800 371 834 interpretatur
384 798 619 834 conrulcatioUS).
635 799 705 833 Ergo
727 799 788 833 quia
804 806 856 826 non

74 853 214 882 possumus
241 845 341 879 ejicere
367 846 432 871 istos
460 844 506 879 qui
530 852 579 872 nos
605 845 763 872 conculcant
787 853 857 873 :ees

75 892 168 918 saltem
192 890 332 925 cjiciamus
347 897 414 923 qttos
435 897 594 924 possumus,
610 898 724 925 quorum
747 897 856 925 peccata

75 936 215 963 manifesta
227 940 299 961 sunt.
313 934 361 962 Ubi
373 935 445 961 enim
461 938 598 968 peccatum
616 942 669 962 non
680 940 722 962 est
736 936 856 968 evidens,

72 984 171 1017 ejicere
189 984 221 1009 de
245 982 362 1009 Ecclesia
389 981 523 1008 nentinetn
551 988 710 1015 possumus,
733 989 767 1008 ne
788 982 857 1009 forte

73 1028 242 1055 eradicautes
266 1027 389 1060 zizania,
414 1027 582 1054 cradicemus
605 1027 684 1054 simul
704 1034 765 1054 cum
793 1028 857 1063 ipsis

71 1074 151 1102 etiam
174 1074 302 1100 triticum.

104 1120 132 1146 2.
156 1119 244 1146 Movet
264 1127 306 1146 me
323 1123 411 1145 tamen
429 1118 500 1153 quod
517 1118 603 1150 dixit,
616 1118 677 1152 quia
694 1125 744 1144 tton
762 1122 856 1153 potue-

72 1170 133 1192 runt
149 1165 248 1198 ejicere
257 1163 412 1195 Jebusatos,
431 1164 457 1190 id
478 1168 519 1190 est
538 1171 583 1190 eos
599 1163 644 1197 qui
671 1164 854 1197 interpretan-

72 1217 113 1238 tur
126 1210 307 1239 conculcatio.
326 1210 357 1236 Et
370 1210 430 1236 ideo
449 1209 587 1236 videamus
603 1209 648 1243 qtti
674 1213 736 1235 sunt
759 1209 784 1235 in
805 1209 855 1235 Ec-

71 1257 150 1284 clesia
168 1256 368 1283 conculcantes.
394 1255 432 1281 llIi
449 1254 507 1282 sine
525 1253 605 1280 dubio
621 1253 654 1280 de
672 1253 768 1287 quibus
788 1253 854 1280 dicit

72 1302 200 1330 Dominus
215 1303 240 1329 itt
260 1302 411 1335 Evangeliis
424 1301 447 1318 "‘
463 1310 469 1327 :
486 1311 494 1327 ι
511 1300 599 1328 Nolite
611 1301 717 1327 mittere
732 1305 852 1327 sanctum

69 1350 197 1382 canibus,
214 1356 300 1383 neque
319 1348 481 1383 margaritas
498 1352 604 1374 vestras
621 1353 683 1374 ante
698 1353 806 1380 porcos,
820 1353 853 1373 tte

71 1397 136 1422 I‘ortc
158 1395 318 1422 conculcent
337 1401 383 1421 eas
400 1393 513 1428 pedibus
535 1392 609 1423 suis,
625 1397 652 1419 et
664 1391 785 1418 conversi
805 1391 852 1418 eli-

68 1441 132 1468 dant
152 1449 212 1468 vos.
231 1449 241 1466 ι
270 1439 323 1467 Iste
344 1444 385 1466 est
411 1446 476 1473 ergo
496 1437 650 1469 Jebusmus,
667 1436 850 1468 conculcatio,

914 209 1029 234 observa
1039 210 1110 243 quod
1123 211 1264 244 Apostolus
1274 213 1444 241 commendat
1456 214 1550 241 dicens
1563 215 1585 230 “
1595 224 1602 242 :
1613 225 1621 240 ι
1633 215 1702 242 Suh-

915 255 1014 281 trahite
1022 263 1068 282 vos
1089 255 1123 282 ab
1131 255 1204 280 omni
1215 254 1680 295 iratreinquicteautbulanleus.
1690 271 1698 284 ι
1713 262 1717 271 ⁴

914 299 966 325 Sed
984 300 1112 333 quoniam
1123 300 1249 328 Salomon
1267 301 1365 329 suadet
1380 303 1437 330 haec
1453 311 1513 338 quae
1525 304 1638 338 legimus
1652 306 1701 333 de-

913 343 993 370 scribi
1017 344 1045 371 in
1058 345 1138 372 corde
1154 345 1294 379 triplicitcr
1309 347 1344 380 ³⁸,
1360 348 1442 374 etiant
1468 354 1566 383 prteter
1580 350 1624 377 illa
1642 359 1702 385 qure

912 389 1046 422 diximus,
1060 391 1130 424 qttod
1141 391 1215 418 cordi
1229 399 1288 418 meo
1301 393 1422 420 occurrit
1433 413 1440 425 ,
1452 394 1485 421 ad
1505 402 1586 423 aures
1598 403 1702 423 vestras

913 433 1047 468 proferam
1059 440 1102 462 :ct
1110 443 1157 462 vos
1167 435 1247 463 l'acite
1257 439 1328 472 quod
1336 439 1554 473 scriptumcst",
1562 446 1589 466 ιιι
1599 449 1650 467 uno
1658 443 1700 468 di<

911 483 990 506 cente
999 488 1093 507 omnes
1109 481 1165 515 (81)
1184 482 1351 510 examinem.
1371 484 1411 511 Me
1423 492 1487 520 ergo
1506 486 1612 513 dicente
1628 488 1700 521 qttod

912 525 1017 556 sentio,
1036 533 1084 553 vos
1101 527 1248 555 discerttile
1264 532 1290 555 et
1307 530 1461 556 examinate
1475 530 1497 556 si
1518 531 1580 564 quid
1597 538 1699 559 rectum

910 575 951 596 est
977 575 1023 597 attt
1045 572 1133 599 minus
1161 578 1272 599 recttttn.
1300 574 1336 600 De
1359 573 1511 602 Jerusalem
1540 576 1701 612 frequenter

911 615 1028 643 diximus
1049 617 1120 650 qttod
1146 618 1210 644 visio
1227 619 1301 651 pacis
1319 619 1523 653 interpretatur.
1545 621 1573 648 Si
1589 629 1653 657 ergo
1672 625 1698 650 in

911 661 991 688 corde
1010 667 1102 689 nostro
1116 662 1265 690 Jerusalem
1282 665 1413 691 :edilicata
1425 686 1433 697 ,
1454 668 1505 693 hoc
1521 672 1580 699 est,
1594 669 1616 695 si
1632 670 1700 696 visio

910 707 985 740 pacis
999 707 1024 733 in
1041 709 1124 735 corde
1137 714 1230 736 nostro
1247 709 1357 737 fundata
1370 715 1422 743 est,
1435 718 1460 738 et
1474 712 1612 741 Christum
1627 723 1700 742 scut-

909 758 957 785 per
976 753 1076 786 quiest
1096 761 1148 788 pax
1173 759 1282 788 nostra,
1308 755 1445 783 intui-mur
1468 762 1494 783 et
1518 766 1655 787 servat-tus
1672 761 1698 787 in

910 797 990 824 corde
1008 808 1013 824 :
1029 799 1160 832 siquidem
1185 801 1219 826 ita
1241 801 1284 827 ﬁxi
1300 805 1327 828 et
1349 801 1459 829 stabiles
1475 805 1499 830 itt
1521 804 1571 832 hac
1596 807 1698 834 visione

910 843 1000 876 pacis,
1022 849 1051 870 ttt
1070 853 1208 879 nunquam
1228 848 1402 879 prorsusulla
1415 849 1544 884 cogitatio
1559 852 1638 884 mala,
1656 853 1696 881 vel

910 888 1022 922 alicujus
1034 890 1138 924 peccati
1153 891 1294 917 consilium
1308 894 1438 920 ascendat
1452 895 1477 922 in
1496 903 1543 922 cor
1556 902 1696 930 nostrum;

909 934 931 960 si
948 934 996 961 hoc
1010 935 1044 961 ita
1060 935 1116 962 ﬁeri
1140 937 1236 971 possit.
1252 939 1401 970 poterimus
1414 940 1516 972 dicere,
1532 943 1594 975 quia
1611 943 1636 970 in
1652 943 1698 971 Je—

909 980 1023 1006 rusalem
1046 989 1155 1014 sumus,
1172 988 1197 1009 et
1210 981 1303 1009 nullus
1317 984 1385 1011 alitts
1410 986 1513 1013 habitat
1533 987 1674 1015 nobiscum
1687 1010 1695 1022 ,

908 1024 957 1051 nisi
982 1025 1029 1052 soli
1048 1026 1092 1060 qui
1114 1026 1200 1053 saneti
1218 1033 1292 1054 sunt.
1312 1028 1388 1056 Nunc
1408 1037 1473 1056 vero
1488 1038 1549 1058 cum
1567 1033 1647 1059 etiam
1663 1034 1696 1060 ad

907 1071 1033 1103 grandem
1050 1071 1198 1106 prolectant
1223 1074 1378 1106 veniamus,
1394 1079 1421 1101 et
1442 1077 1555 1104 summis
1578 1084 1697 1105 nosmet-

908 1116 980 1150 ipsos
993 1117 1090 1144 studiis
1113 1119 1286 1150 excolamtts,
1302 1124 1390 1146 tamen
1418 1129 1469 1147 tton
1489 1127 1553 1156 puto
1566 1123 1693 1157 cuiquam

908 1166 1012 1188 tatttum
1030 1162 1055 1188 in
1073 1164 1152 1190 corde
1168 1164 1293 1197 puritatis
1311 1166 1435 1197 evenire,
1452 1171 1481 1193 ut
1496 1175 1633 1202 nunquam
1647 1169 1696 1196 ad.

907 1214 992 1233 versa:
1019 1208 1191 1242 cogitationis
1216 1210 1379 1243 contagione
1404 1212 1694 1240 ntaculetur:certutn

906 1258 946 1279 est
962 1253 1042 1279 etiam
1059 1252 1196 1281 Jebuszeos
1219 1255 1342 1283 habitare
1361 1264 1422 1284 cum
1440 1258 1502 1284 ﬁliis
1516 1257 1584 1285 Iuda
1606 1259 1632 1286 itt
1649 1259 1695 1286 Je-

906 1299 1033 1325 rusalem.
1051 1298 1109 1326 Non
1133 1305 1223 1326 tamen
1244 1300 1303 1327 ideo
1320 1301 1376 1328 lucc
1397 1302 1531 1336 diximus,
1558 1305 1630 1338 quod
1646 1313 1694 1333 tte-

904 1344 1036 1379 gligatnus
1051 1350 1182 1380 qttanttttn
1198 1347 1254 1374 lieri
1272 1351 1360 1380 potest
1377 1347 1477 1382 ejicere
1493 1357 1550 1382 eos,
1563 1351 1610 1377 sed
1625 1352 1693 1378 satis

905 1391 1038 1424 agendum
1056 1391 1134 1418 nobis
1146 1397 1206 1424 est,
1221 1398 1248 1419 et
1265 1393 1425 1420 tentandum
1445 1394 1566 1427 quotidie
1583 1403 1630 1423 eos
1645 1398 1696 1430 eji-

905 1442 966 1462 cere
988 1436 1021 1463 de
1043 1436 1193 1464 Jerusalem
1209 1447 1215 1464 :
1233 1438 1278 1464 sed
1292 1458 1300 1470 ,
1325 1439 1393 1465 sicut
1412 1439 1542 1474 scriptum
1563 1445 1621 1471 est,
1640 1449 1693 1468 non

68 1488 111 1521 qui
131 1485 233 1521 indigni
250 1485 361 1512 attdiunt
378 1484 487 1511 vcrbttnt
511 1483 575 1515 Dei,
591 1487 618 1509 et
636 1490 696 1509 cum
715 1482 850 1509 audierint
864 1493 886 1522 α
903 1489 1045 1515 possumus
1070 1483 1149 1509 simul
1176 1491 1271 1511 omnes
1298 1485 1404 1517 ejicere.
1433 1485 1487 1513 lloc
1508 1486 1577 1514 idem
1602 1492 1692 1515 autent

68 1541 153 1567 neque
176 1538 205 1559 ttt
227 1531 351 1558 inﬁdeles
366 1531 523 1562 discedunt,
544 1536 631 1564 neque
646 1533 802 1563 permanent
824 1533 854 1555 ut

67 1579 175 1611 ﬁdeles,
204 1577 250 1604 sed
276 1581 400 1612 percepta
434 1576 620 1612 mysteriorum
650 1575 759 1607 notitia,
791 1575 852 1602 ﬁdei

67 1629 164 1652 nostrae
187 1622 380 1650 secretioribus
409 1621 553 1652 scrutatis,
582 1620 705 1647 conversi
733 1625 853 1654 postmo-

28 1699 33 1707 ν
65 1671 126 1696 dmn
142 1670 300 1704 impugnattt
316 1675 381 1699 nos,
395 1672 422 1693 et
441 1666 700 1693 contradictionibus
717 1666 773 1693 suis
788 1672 851 1692 cor-

64 1716 95 1742 da
113 1720 207 1743 nostra
229 1714 401 1747 dirumpunt,
427 1712 614 1740 conculcatttes
630 1712 703 1739 verbi
719 1711 850 1739 Dotnittici

64 1761 239 1795 margaritas,
266 1764 293 1786 et
323 1763 482 1786 ornamenta
513 1757 574 1784 ﬁdei
608 1757 784 1785 maculantcs.
816 1758 852 1784 De

63 1807 120 1834 istis
136 1813 204 1840 ergo
219 1805 327 1836 dicitur,
343 1803 404 1838 quia
421 1810 473 1830 non
485 1807 631 1837 potuerunt
646 1802 693 1829 ﬁlii
710 1801 786 1829 Juda:
799 1803 850 1836 eji-

62 1860 123 1880 cere
142 1852 297 1879 Jebusazum
315 1850 348 1877 de
360 1849 510 1876 Jerusalem
530 1855 616 1883 usque
638 1847 664 1875 in
688 1848 849 1875 hodiernttnt

62 1900 142 1926 diem.
170 1897 267 1925 Simile
295 1901 385 1924 autem
410 1895 510 1929 aliquid
545 1894 676 1928 scriptum
705 1898 748 1921 est
770 1894 851 1921 etde

62 1946 191 1979 Ephrem;
207 1944 245 1971 ait
259 1943 330 1970 enim
345 1942 486 1976 Scriptura
495 1941 518 1958 ⁸⁸
528 1949 536 1969 :
548 1951 557 1967 ι
569 1941 602 1968 Ει
618 1948 669 1967 non
689 1939 850 1974 disperdidit

60 1990 178 2025 Ephrem
202 1989 384 2017 Cltananaautn
412 1988 458 2022 qui
481 1986 618 2014 ltabitahat
644 1985 670 2012 itt
694 1985 797 2022 Gazer,
823 1989 850 2012 et

60 2036 195 2064 habitavit
213 2035 383 2062 Chananzeus
408 2033 435 2060 itt
456 2032 574 2067 Ephrem
596 2039 681 2066 usque
698 2031 722 2057 itt
741 2031 849 2058 hodier-

61 2090 124 2109 nunt
142 2082 226 2108 diem.
247 2090 256 2105 ι
277 2079 392 2114 Ephrem
412 2082 502 2105 autent
524 2078 717 2112 interpretatur
733 2075 848 2110 fructiﬁ-

58 2129 126 2154 catio
139 2126 208 2164 (79).
223 2126 273 2159 Qui
286 2133 350 2160 ergo
363 2125 508 2151 l'roctiﬁcat
520 2128 548 2151 et
562 2124 662 2151 crescit
685 2124 710 2150 itt
725 2123 785 2155 ﬁde,
795 2131 846 2150 non

57 2161 148 2208 potest
169 2161 352 2200 exterminare
370 2171 552 2198 Chananaautn
573 2177 663 2196 semen
681 2169 824 2203 pessimum
836 2188 844 2201 ,
861 2161 883 2188 Ῑ)

57 2226 150 2246 semen
174 2217 363 2249 maledictum,
390 2223 481 2242 semen
494 2222 601 2249 semper
621 2214 736 2246 tnobile,
754 2221 844 2241 semen

58 2265 202 2291 incertum.
227 2262 283 2290 Hoc
295 2263 366 2289 enim
388 2262 580 2296 interpretatur
596 2260 762 2288 Cltananzens
778 2260 845 2295 (80).

56 2311 89 2338 Et
112 2316 218 2339 certum
242 2314 295 2341 est,
309 2308 373 2343 quia
392 2315 453 2335 cutn
474 2314 506 2334 eo
521 2306 566 2340 qui
584 2305 731 2332 lructiﬁcat
745 2310 772 2332 et
784 2313 844 2332 cre-

55 2358 116 2386 scit.
134 2363 245 2390 semper
269 2354 371 2382 habitat
395 2353 575 2381 Chananteus.
600 2350 743 2385 Nunquam
769 2350 842 2377 enim

55 2404 237 2430 tentationum
259 2405 347 2427 motus
370 2403 479 2426 cessant
494 2399 528 2425 ab
550 2405 593 2424 eo.
614 2396 668 2424 Sed
689 2401 715 2423 tu
737 2397 759 2423 si
781 2403 843 2423 vere

55 2449 206 2477 l‘tuctiticas
227 2447 253 2474 iu
269 2448 340 2478 Deo,
357 2450 384 2473 et
401 2445 476 2472 vides
496 2443 578 2471 talem
598 2443 714 2477 aliquem
737 2442 842 2477 inquie-

55 2501 126 2527 tata.
145 2495 300 2526 turbidttm,
327 2491 470 2524 tnobiletn,
496 2491 565 2518 scito
587 2490 651 2524 quia
675 2489 842 2516 Chananwus

53 2547 102 2568 est.
118 2541 147 2568 Si
168 2548 220 2567 non
237 2545 311 2575 potes
324 2546 385 2566 ettm
402 2538 501 2573 ejicere
513 2536 548 2564 de
564 2535 694 2566 Ecclesia.
711 2534 773 2569 quia
789 2542 842 2561 non

87 2614 110 2631 "
122 2613 220 2640 Matth.
230 2620 278 2644 vn,
289 2611 316 2639 6.
353 2611 376 2627 “
391 2610 447 2639 Jos.
460 2616 504 2637 xvt
514 2629 523 2642 ,
536 2608 580 2636 10.

89 2681 146 2712 (78)
175 2680 312 2707 Jebusa'us
336 2685 422 2706 autem
448 2679 637 2713 interpretatur
671 2675 844 2702 conculcatto.

53 2716 480 2760 μεερθιᾞρξεκυηειιιῳτο.)Ι
538 2752 567 2760 ⁵,
589 2751 631 2760 ,Μ
665 2745 817 2760 “Ml-1””

87 2745 159 2786 (12;)
186 2751 299 2784 Ephrem
331 2754 419 2776 autem
444 2750 631 2781 interpretatur
663 2745 844 2779 frucli/icatio.

54 2789 70 2814 Δ
87 2791 148 2815 ΠἿΞ
168 2796 177 2811 ι
195 2786 375 2812 fructiﬁcavit.
389 2795 398 2810 ι

85 2814 145 2856 uti;
170 2821 226 2848 llos
252 2821 319 2847 enim
344 2820 530 2854 inicrpn‘lalur
554 2817 727 2844 Cltattanu'tts.
745 2814 844 2849 Nempe

619 2608 642 2628 ’ν
659 2606 681 2634 ll
692 2606 787 2634 Thess.
803 2613 844 2640 ttt,
862 2605 888 2634 6.

904 1526 984 1552 etiam
1006 1527 1031 1552 itt
1050 1527 1083 1554 iis
1108 1527 1152 1561 qui
1177 1527 1340 1555 l'rttctiﬁeant
1365 1529 1536 1556 sentiendum
1558 1537 1618 1564 est,
1645 1532 1691 1566 qui

905 1571 1020 1606 Ephrem
1038 1572 1085 1600 ﬁlii
1102 1574 1286 1606 nominantur,
1301 1574 1346 1608 qni
1363 1579 1390 1601 et
1404 1575 1453 1610 ipsi
1469 1575 1648 1609 Chananatos.
1665 1579 1692 1605 id

903 1621 945 1644 est
970 1625 1051 1652 vagas
1068 1623 1095 1645 et
1120 1618 1238 1646 lubricas
1265 1619 1443 1653 cogitationes
1461 1627 1568 1655 semper
1591 1622 1692 1650 debent

902 1663 1000 1697 ejicere
1015 1664 1048 1691 de
1062 1665 1202 1691 :ntimahns
1222 1665 1287 1692 suis.
1304 1665 1402 1693 Potens
1422 1671 1463 1693 est
1491 1672 1582 1694 autem
1601 1669 1690 1702 Deus.

903 1710 948 1744 qui
962 1715 987 1736 et
1002 1708 1141 1737 Jebuswos
1153 1715 1181 1737 et
1198 1710 1366 1738 Chananzeos
1379 1712 1504 1746 subjiciat
1518 1713 1608 1746 nobis,
1619 1714 1689 1741 sicut

903 1755 1032 1788 scriptum
1059 1760 1101 1782 est
1119 1755 1287 1789 'ztSubjecit
1314 1761 1403 1783 autem
1430 1756 1598 1786 Chananteos
1627 1760 1692 1788 ﬁliis

903 1799 1140 1836 Ephrentnlpsum
1151 1808 1214 1835 ergo
1227 1801 1368 1827 Dominum
1384 1802 1571 1836 deprecentur,
1593 1809 1622 1830 ut
1639 1805 1690 1839 eji-

902 1844 976 1871 ciens
990 1852 1005 1871 a
1021 1845 1099 1872 nobis
1109 1845 1193 1872 malas
1205 1846 1397 1880 cogitationes,
1412 1846 1498 1873 bonas
1508 1847 1609 1875 inferat
1619 1849 1690 1882 (8‘2),

901 1888 995 1922 dignas
1014 1887 1162 1915 Jerusalem
1184 1889 1293 1915 civitate
1310 1888 1434 1921 ctelesti,
1460 1889 1486 1916 itt
1504 1890 1603 1924 quibus
1621 1891 1689 1919 nihil

902 1933 1030 1968 pollutum
1057 1934 1212 1961 inveniatur
1228 1939 1254 1961 et
1271 1934 1408 1961 sordidum
1420 1954 1428 1967 ,
1443 1935 1513 1969 quod
1530 1943 1580 1962 ttos
1600 1936 1626 1962 itt
1646 1937 1690 1963 dic

897 1979 991 2014 judicii
1019 1987 1052 2006 cx
1080 1979 1255 2006 conscientiae
1273 1979 1485 2014 cogitationibus
1507 1986 1618 2016 arguat,
1641 1982 1688 2009 sed

900 2023 1055 2052 inveniatur
1072 2024 1098 2051 itt
1121 2024 1198 2051 nobis
1223 2024 1325 2059 pnritas
1342 2024 1432 2051 cordis
1452 2025 1478 2051 in
1501 2025 1610 2052 Christo
1625 2025 1688 2052 Jesu

899 2069 1013 2096 Domino
1028 2074 1136 2101 nostro,
1150 2069 1192 2096 cui
1209 2074 1250 2096 est
1267 2069 1351 2101 gloria
1368 2073 1396 2097 et
1425 2070 1568 2105 imperium
1586 2071 1611 2099 itt
1635 2079 1688 2098 sa:-

898 2114 959 2142 cula
976 2114 1149 2142 szeculorntn.
1167 2115 1264 2141 Amen.

1168 2159 1307 2186 HOMILIA
1338 2158 1420 2187 XX-Il.

1049 2215 1087 2242 De
1104 2216 1173 2242 tribu
1195 2215 1307 2249 Ephrem
1325 2221 1349 2243 et
1366 2216 1533 2244 Chartamct’s.

933 2262 960 2289 l.
970 2262 1113 2289 Chanamei
1125 2263 1204 2290 tertio
1214 2262 1278 2289 dicti
1292 2263 1387 2289 suntin
1399 2263 1460 2290 ﬁliis
1471 2271 1532 2290 esse
1546 2264 1662 2298 Ephrem
1676 2273 1684 2292 :

898 2308 945 2335 scd
957 2308 1133 2334 observemus
1148 2308 1192 2342 qni
1209 2308 1244 2335 sit
1261 2308 1287 2335 itt
1308 2308 1421 2343 singulis
1445 2309 1512 2335 ordo
1532 2309 1664 2337 dictorum
1675 2329 1685 2343 ,

893 2352 919 2379 id
936 2357 987 2385 est,
1001 2353 1065 2387 quid
1088 2353 1209 2380 continet
1234 2353 1339 2387 primus
1352 2360 1444 2380 sermo
1462 2355 1507 2388 qui
1526 2355 1592 2381 dicit
1613 2355 1686 2382 Cita-

893 2406 1001 2425 nanacos
1025 2405 1086 2425 esse
1100 2406 1160 2426 cuttt
1188 2397 1250 2425 tiliis
1270 2398 1403 2433 Ephrem,
1425 2403 1452 2426 et
1470 2400 1533 2434 qttid
1549 2401 1684 2427 secundus

892 2449 919 2471 et
936 2444 1040 2471 tertius.
1053 2443 1080 2470 Si
1095 2444 1167 2471 enim
1182 2444 1337 2479 diligentius
1356 2445 1531 2472 observemus
1548 2446 1684 2478 quomodo

894 2489 972 2515 tertio
984 2488 1110 2516 dicantur
1122 2496 1182 2516 esse
1208 2489 1353 2516 Chanattazi
1377 2497 1437 2516 cttm
1465 2489 1526 2515 ﬁliis
1547 2489 1683 2523 Ephrem.

892 2538 931 2567 et.
948 2534 1060 2561 Domino
1075 2539 1230 2569 praestante,
1247 2535 1395 2569 poterimus
1421 2534 1583 2569 investigare
1608 2535 1683 2562 ordi-

927 2607 949 2626 ⁸⁸
964 2607 1044 2635 Prov.
1059 2615 1125 2640 xxn,
1138 2607 1184 2635 20.
1221 2607 1265 2634 "l
1282 2607 1344 2635 Cor.
1363 2615 1418 2633 xtv.
1457 2607 1465 2621 ‘
1482 2605 1537 2633 Jos.
1553 2606 1682 2638 .vvtt,13.

901 2686 910 2702 ι
928 2676 1026 2704 mobile
1041 2685 1049 2702 t
1071 2676 1299 2704 auttincertunt.»
1319 2683 1333 2702 a
1346 2678 1390 2707 νυ
1406 2683 1415 2701 t
1436 2673 1554 2706 moveri,
1596 2674 1680 2701 insta-

899 2711 951 2738 bile
972 2719 1042 2739 esse.
1063 2720 1073 2737 ι

934 2746 988 2781 (81)
1001 2746 1106 2773 Omnes.
1124 2745 1213 2781 Codex
1226 2744 1366 2777 Sangt‘rm.
1385 2754 1394 2771 ι
1407 2743 1510 2772 caueri.
1526 2751 1538 2770 ι

934 2781 988 2815 (82)
1007 2781 1078 2808 ldcttt
1092 2789 1142 2807 nts.
1160 2789 1168 2805 ι
1187 2780 1318 2807 instituat.
1339 2791 1348 2806 ι
