  <div class='ocr_page' id='page_1' title='image "/cluster/home/n/w/nwhite01/storage/ocr_20150623/12/njp.32101077772422/493.png"; bbox 0 0 1888 3051; ppageno 0'>
   <div class='ocr_carea' id='block_1_1' title="bbox 181 125 233 153">
    <p class='ocr_par' dir='ltr' id='par_1_1' title="bbox 181 125 233 153">
     <span class='ocr_line' id='line_1_1' title="bbox 181 125 233 153; baseline 0 0"><span class='ocrx_word' id='word_1_1' title='bbox 181 125 233 153; x_wconf 62' lang='lat' dir='ltr'><strong>9-H</strong></span> 
     </span>
    </p>
   </div>
   <div class='ocr_carea' id='block_1_2' title="bbox 910 119 1804 151">
    <p class='ocr_par' dir='ltr' id='par_1_2' title="bbox 910 119 1804 151">
     <span class='ocr_line' id='line_1_2' title="bbox 910 119 1804 151; baseline 0.004 -5"><span class='ocrx_word' id='word_1_2' title='bbox 910 119 1070 149; x_wconf 68' lang='lat' dir='ltr'><strong>(iRZGENIS</strong></span> <span class='ocrx_word' id='word_1_3' title='bbox 1759 123 1804 151; x_wconf 67' lang='grc' dir='ltr'><strong>Ξ]Ξὲ</strong></span> 
     </span>
    </p>
   </div>
   <div class='ocr_carea' id='block_1_3' title="bbox 188 178 1802 218">
    <p class='ocr_par' dir='ltr' id='par_1_3' title="bbox 188 178 1802 218">
     <span class='ocr_line' id='line_1_3' title="bbox 188 178 1802 218; baseline -0.001 -8"><span class='ocrx_word' id='word_1_4' title='bbox 188 192 249 210; x_wconf 75' lang='grc' dir='ltr'>ιιι-ιιι</span> <span class='ocrx_word' id='word_1_5' title='bbox 266 183 431 216; x_wconf 88' lang='lat' dir='ltr'><strong>dictionum,</strong></span> <span class='ocrx_word' id='word_1_6' title='bbox 456 183 520 218; x_wconf 87' lang='lat' dir='ltr'><strong>quid</strong></span> <span class='ocrx_word' id='word_1_7' title='bbox 534 182 560 208; x_wconf 89' lang='lat' dir='ltr'><strong>in</strong></span> <span class='ocrx_word' id='word_1_8' title='bbox 585 181 684 215; x_wconf 86' lang='lat' dir='ltr'><strong>primo,</strong></span> <span class='ocrx_word' id='word_1_9' title='bbox 700 180 764 214; x_wconf 90' lang='lat' dir='ltr'><strong>quid</strong></span> <span class='ocrx_word' id='word_1_10' title='bbox 782 179 807 206; x_wconf 87' lang='lat' dir='ltr'><strong>in</strong></span> <span class='ocrx_word' id='word_1_11' title='bbox 836 180 970 209; x_wconf 82' lang='lat' dir='ltr'><strong>secundo,</strong></span> <span class='ocrx_word' id='word_1_12' title='bbox 986 183 1009 209; x_wconf 80' lang='grc' dir='ltr'>Α</span> <span class='ocrx_word' id='word_1_13' title='bbox 1024 179 1154 210; x_wconf 71' lang='lat' dir='ltr'><strong>fet-intus.</strong></span> <span class='ocrx_word' id='word_1_14' title='bbox 1182 178 1355 206; x_wconf 70' lang='lat' dir='ltr'><strong>cucrmlnari</strong></span> <span class='ocrx_word' id='word_1_15' title='bbox 1374 186 1389 206; x_wconf 88' lang='lat' dir='ltr'><strong>a</strong></span> <span class='ocrx_word' id='word_1_16' title='bbox 1411 179 1488 206; x_wconf 88' lang='lat' dir='ltr'><strong>nobis</strong></span> <span class='ocrx_word' id='word_1_17' title='bbox 1514 178 1612 206; x_wconf 90' lang='lat' dir='ltr'><strong>dicitur</strong></span> <span class='ocrx_word' id='word_1_18' title='bbox 1630 179 1802 209; x_wconf 67' lang='lat' dir='ltr'><strong>Cha-nantem.</strong></span> 
     </span>
    </p>
   </div>
   <div class='ocr_carea' id='block_1_4' title="bbox 183 225 971 262">
    <p class='ocr_par' dir='ltr' id='par_1_4' title="bbox 183 225 971 262">
     <span class='ocr_line' id='line_1_4' title="bbox 183 225 971 262; baseline -0.005 -7"><span class='ocrx_word' id='word_1_19' title='bbox 183 229 249 262; x_wconf 87' lang='lat' dir='ltr'><strong>quid</strong></span> <span class='ocrx_word' id='word_1_20' title='bbox 265 229 290 255; x_wconf 88' lang='lat' dir='ltr'><strong>in</strong></span> <span class='ocrx_word' id='word_1_21' title='bbox 313 230 390 255; x_wconf 76' lang='lat' dir='ltr'><strong>tertio</strong></span> <span class='ocrx_word' id='word_1_22' title='bbox 407 229 505 255; x_wconf 80' lang='lat' dir='ltr'><strong>factum</strong></span> <span class='ocrx_word' id='word_1_23' title='bbox 522 227 639 253; x_wconf 89' lang='lat' dir='ltr'><strong>refertur</strong></span> <span class='ocrx_word' id='word_1_24' title='bbox 657 235 664 252; x_wconf 75' lang='grc' dir='ltr'><em>τ</em></span> <span class='ocrx_word' id='word_1_25' title='bbox 681 230 746 260; x_wconf 88' lang='lat' dir='ltr'><strong>pttto</strong></span> <span class='ocrx_word' id='word_1_26' title='bbox 763 226 834 260; x_wconf 88' lang='lat' dir='ltr'><strong>qttod</strong></span> <span class='ocrx_word' id='word_1_27' title='bbox 852 233 905 252; x_wconf 90' lang='lat' dir='ltr'><strong>non</strong></span> <span class='ocrx_word' id='word_1_28' title='bbox 919 225 971 251; x_wconf 88' lang='lat' dir='ltr'><strong>eri-</strong></span> 
     </span>
    </p>
   </div>
   <div class='ocr_carea' id='block_1_5' title="bbox 187 269 973 306">
    <p class='ocr_par' dir='ltr' id='par_1_5' title="bbox 187 269 973 306">
     <span class='ocr_line' id='line_1_5' title="bbox 187 269 973 306; baseline -0.005 -7"><span class='ocrx_word' id='word_1_29' title='bbox 187 281 247 300; x_wconf 89' lang='lat' dir='ltr'><strong>tuus</strong></span> <span class='ocrx_word' id='word_1_30' title='bbox 273 274 419 306; x_wconf 73' lang='lat' dir='ltr'><strong>increduli,</strong></span> <span class='ocrx_word' id='word_1_31' title='bbox 439 273 500 306; x_wconf 89' lang='lat' dir='ltr'><strong>quia</strong></span> <span class='ocrx_word' id='word_1_32' title='bbox 518 279 581 299; x_wconf 81' lang='lat' dir='ltr'><strong>vere</strong></span> <span class='ocrx_word' id='word_1_33' title='bbox 603 271 660 297; x_wconf 64' lang='lat' dir='ltr'><strong>haec</strong></span> <span class='ocrx_word' id='word_1_34' title='bbox 680 278 734 296; x_wconf 90' lang='lat' dir='ltr'><strong>non</strong></span> <span class='ocrx_word' id='word_1_35' title='bbox 754 275 783 296; x_wconf 91' lang='lat' dir='ltr'><strong>ut</strong></span> <span class='ocrx_word' id='word_1_36' title='bbox 809 269 865 296; x_wconf 89' lang='lat' dir='ltr'><strong>sola</strong></span> <span class='ocrx_word' id='word_1_37' title='bbox 894 270 973 296; x_wconf 88' lang='lat' dir='ltr'><strong>ttobis</strong></span> 
     </span>
    </p>
   </div>
   <div class='ocr_carea' id='block_1_6' title="bbox 184 315 970 351">
    <p class='ocr_par' dir='ltr' id='par_1_6' title="bbox 184 315 970 351">
     <span class='ocr_line' id='line_1_6' title="bbox 184 315 970 351; baseline -0.006 -6"><span class='ocrx_word' id='word_1_38' title='bbox 184 325 275 345; x_wconf 86' lang='lat' dir='ltr'><strong>rerum</strong></span> <span class='ocrx_word' id='word_1_39' title='bbox 300 323 436 351; x_wconf 77' lang='lat' dir='ltr'><strong>gestartun</strong></span> <span class='ocrx_word' id='word_1_40' title='bbox 456 315 577 342; x_wconf 86' lang='lat' dir='ltr'><strong>narratio</strong></span> <span class='ocrx_word' id='word_1_41' title='bbox 601 315 764 346; x_wconf 86' lang='lat' dir='ltr'><strong>traderetur,</strong></span> <span class='ocrx_word' id='word_1_42' title='bbox 779 315 880 350; x_wconf 81' lang='lat' dir='ltr'><strong>scripta</strong></span> <span class='ocrx_word' id='word_1_43' title='bbox 895 319 970 347; x_wconf 86' lang='lat' dir='ltr'><strong>sunt,</strong></span> 
     </span>
    </p>
   </div>
   <div class='ocr_carea' id='block_1_7' title="bbox 184 359 973 394">
    <p class='ocr_par' dir='ltr' id='par_1_7' title="bbox 184 359 973 394">
     <span class='ocr_line' id='line_1_7' title="bbox 184 359 973 394; baseline -0.003 -6"><span class='ocrx_word' id='word_1_44' title='bbox 184 363 231 388; x_wconf 87' lang='lat' dir='ltr'><strong>sed</strong></span> <span class='ocrx_word' id='word_1_45' title='bbox 248 362 424 389; x_wconf 81' lang='lat' dir='ltr'><strong>sacramentis</strong></span> <span class='ocrx_word' id='word_1_46' title='bbox 437 361 537 388; x_wconf 85' lang='lat' dir='ltr'><strong>divinis</strong></span> <span class='ocrx_word' id='word_1_47' title='bbox 560 361 669 394; x_wconf 85' lang='lat' dir='ltr'><strong>Deoque</strong></span> <span class='ocrx_word' id='word_1_48' title='bbox 685 360 772 394; x_wconf 82' lang='lat' dir='ltr'><strong>dignis</strong></span> <span class='ocrx_word' id='word_1_49' title='bbox 788 361 900 394; x_wconf 83' lang='lat' dir='ltr'><strong>repleta.</strong></span> <span class='ocrx_word' id='word_1_50' title='bbox 914 359 973 386; x_wconf 77' lang='lat' dir='ltr'><strong>Pri-</strong></span> 
     </span>
    </p>
   </div>
   <div class='ocr_carea' id='block_1_8' title="bbox 186 406 971 441">
    <p class='ocr_par' dir='ltr' id='par_1_8' title="bbox 186 406 971 441">
     <span class='ocr_line' id='line_1_8' title="bbox 186 406 971 441; baseline -0.005 -7"><span class='ocrx_word' id='word_1_51' title='bbox 186 416 229 435; x_wconf 89' lang='lat' dir='ltr'><strong>mo</strong></span> <span class='ocrx_word' id='word_1_52' title='bbox 240 416 304 441; x_wconf 78' lang='lat' dir='ltr'><strong>ergo</strong></span> <span class='ocrx_word' id='word_1_53' title='bbox 320 408 419 434; x_wconf 91' lang='lat' dir='ltr'><strong>dietttm</strong></span> <span class='ocrx_word' id='word_1_54' title='bbox 446 411 486 433; x_wconf 84' lang='lat' dir='ltr'><strong>est</strong></span> <span class='ocrx_word' id='word_1_55' title='bbox 504 407 526 438; x_wconf 80' lang='lat'><strong>&#39;,</strong></span> <span class='ocrx_word' id='word_1_56' title='bbox 544 415 553 431; x_wconf 74' lang='grc' dir='ltr'><strong>ι</strong></span> <span class='ocrx_word' id='word_1_57' title='bbox 574 407 636 440; x_wconf 84' lang='lat' dir='ltr'><strong>quia</strong></span> <span class='ocrx_word' id='word_1_58' title='bbox 653 414 705 432; x_wconf 91' lang='lat' dir='ltr'><strong>non</strong></span> <span class='ocrx_word' id='word_1_59' title='bbox 720 406 835 439; x_wconf 90' lang='lat' dir='ltr'><strong>perdidit</strong></span> <span class='ocrx_word' id='word_1_60' title='bbox 855 406 971 439; x_wconf 80' lang='lat' dir='ltr'><strong>Ephrem</strong></span> 
     </span>
    </p>
   </div>
   <div class='ocr_carea' id='block_1_9' title="bbox 185 450 972 486">
    <p class='ocr_par' dir='ltr' id='par_1_9' title="bbox 185 450 972 486">
     <span class='ocr_line' id='line_1_9' title="bbox 185 450 972 486; baseline -0.004 -7"><span class='ocrx_word' id='word_1_61' title='bbox 185 454 366 479; x_wconf 70' lang='lat' dir='ltr'><strong>Cbauauteum</strong></span> <span class='ocrx_word' id='word_1_62' title='bbox 382 452 426 486; x_wconf 83' lang='lat' dir='ltr'><strong>qui</strong></span> <span class='ocrx_word' id='word_1_63' title='bbox 444 452 547 478; x_wconf 87' lang='lat' dir='ltr'><strong>habitat</strong></span> <span class='ocrx_word' id='word_1_64' title='bbox 563 451 589 477; x_wconf 92' lang='lat' dir='ltr'><strong>itt</strong></span> <span class='ocrx_word' id='word_1_65' title='bbox 607 450 705 482; x_wconf 86' lang='lat' dir='ltr'><strong>Gazer,</strong></span> <span class='ocrx_word' id='word_1_66' title='bbox 732 452 777 479; x_wconf 90' lang='lat' dir='ltr'><strong>sed</strong></span> <span class='ocrx_word' id='word_1_67' title='bbox 799 450 902 476; x_wconf 82' lang='lat' dir='ltr'><strong>habitat</strong></span> <span class='ocrx_word' id='word_1_68' title='bbox 918 450 972 486; x_wconf 80' lang='lat'><strong>(85)</strong></span> 
     </span>
    </p>
   </div>
   <div class='ocr_carea' id='block_1_10' title="bbox 184 496 972 530">
    <p class='ocr_par' dir='ltr' id='par_1_10' title="bbox 184 496 972 530">
     <span class='ocr_line' id='line_1_10' title="bbox 184 496 972 530; baseline -0.001 -6"><span class='ocrx_word' id='word_1_69' title='bbox 184 497 353 524; x_wconf 73' lang='lat' dir='ltr'><strong>Chanatunus</strong></span> <span class='ocrx_word' id='word_1_70' title='bbox 376 497 402 523; x_wconf 91' lang='lat' dir='ltr'><strong>in</strong></span> <span class='ocrx_word' id='word_1_71' title='bbox 419 497 536 530; x_wconf 85' lang='lat' dir='ltr'><strong>Ephrem</strong></span> <span class='ocrx_word' id='word_1_72' title='bbox 558 503 642 530; x_wconf 85' lang='lat' dir='ltr'><strong>usque</strong></span> <span class='ocrx_word' id='word_1_73' title='bbox 663 496 688 522; x_wconf 93' lang='lat' dir='ltr'><strong>in</strong></span> <span class='ocrx_word' id='word_1_74' title='bbox 706 496 866 522; x_wconf 90' lang='lat' dir='ltr'><strong>hodiernum</strong></span> <span class='ocrx_word' id='word_1_75' title='bbox 884 496 972 528; x_wconf 85' lang='lat' dir='ltr'><strong>diem,</strong></span> 
     </span>
    </p>
   </div>
   <div class='ocr_carea' id='block_1_11' title="bbox 184 543 975 577">
    <p class='ocr_par' dir='ltr' id='par_1_11' title="bbox 184 543 975 577">
     <span class='ocr_line' id='line_1_11' title="bbox 184 543 975 577; baseline -0.003 -7"><span class='ocrx_word' id='word_1_76' title='bbox 184 549 211 570; x_wconf 87' lang='lat' dir='ltr'><strong>et</strong></span> <span class='ocrx_word' id='word_1_77' title='bbox 229 543 315 570; x_wconf 87' lang='lat' dir='ltr'><strong>factus</strong></span> <span class='ocrx_word' id='word_1_78' title='bbox 336 547 378 570; x_wconf 88' lang='lat' dir='ltr'><strong>est</strong></span> <span class='ocrx_word' id='word_1_79' title='bbox 402 544 452 571; x_wconf 86' lang='lat' dir='ltr'><strong>sub</strong></span> <span class='ocrx_word' id='word_1_80' title='bbox 468 543 568 569; x_wconf 87' lang='lat' dir='ltr'><strong>tributo</strong></span> <span class='ocrx_word' id='word_1_81' title='bbox 589 550 682 570; x_wconf 86' lang='lat' dir='ltr'><strong>servus</strong></span> <span class='ocrx_word' id='word_1_82' title='bbox 697 550 836 577; x_wconf 67' lang='lat' dir='ltr'><strong>usquequo</strong></span> <span class='ocrx_word' id='word_1_83' title='bbox 854 543 975 575; x_wconf 72' lang='lat' dir='ltr'><strong>ascendit</strong></span> 
     </span>
    </p>
   </div>
   <div class='ocr_carea' id='block_1_12' title="bbox 187 588 975 623">
    <p class='ocr_par' dir='ltr' id='par_1_12' title="bbox 187 588 975 623">
     <span class='ocr_line' id='line_1_12' title="bbox 187 588 975 623; baseline -0.003 -8"><span class='ocrx_word' id='word_1_84' title='bbox 187 588 294 616; x_wconf 75' lang='lat' dir='ltr'><strong>Pharao</strong></span> <span class='ocrx_word' id='word_1_85' title='bbox 311 597 356 615; x_wconf 78' lang='lat' dir='ltr'><strong>rex</strong></span> <span class='ocrx_word' id='word_1_86' title='bbox 375 588 486 623; x_wconf 65' lang='lat' dir='ltr'><strong>Egypti</strong></span> <span class='ocrx_word' id='word_1_87' title='bbox 499 594 525 615; x_wconf 90' lang='lat' dir='ltr'><strong>et</strong></span> <span class='ocrx_word' id='word_1_88' title='bbox 538 589 642 622; x_wconf 80' lang='lat' dir='ltr'><strong>accepit</strong></span> <span class='ocrx_word' id='word_1_89' title='bbox 657 589 790 615; x_wconf 83' lang='lat' dir='ltr'><strong>civitatem</strong></span> <span class='ocrx_word' id='word_1_90' title='bbox 800 608 807 619; x_wconf 92' lang='lat'><strong>,</strong></span> <span class='ocrx_word' id='word_1_91' title='bbox 819 593 844 614; x_wconf 85' lang='lat' dir='ltr'><strong>et</strong></span> <span class='ocrx_word' id='word_1_92' title='bbox 857 588 975 614; x_wconf 64' lang='lat' dir='ltr'><strong>incendit</strong></span> 
     </span>
    </p>
   </div>
   <div class='ocr_carea' id='block_1_13' title="bbox 185 632 975 667">
    <p class='ocr_par' dir='ltr' id='par_1_13' title="bbox 185 632 975 667">
     <span class='ocr_line' id='line_1_13' title="bbox 185 632 975 667; baseline -0.001 -8"><span class='ocrx_word' id='word_1_93' title='bbox 185 640 244 659; x_wconf 91' lang='lat' dir='ltr'><strong>eam</strong></span> <span class='ocrx_word' id='word_1_94' title='bbox 262 633 327 666; x_wconf 77' lang='lat' dir='ltr'><strong>igni,</strong></span> <span class='ocrx_word' id='word_1_95' title='bbox 340 638 367 659; x_wconf 88' lang='lat' dir='ltr'><strong>et</strong></span> <span class='ocrx_word' id='word_1_96' title='bbox 377 633 559 664; x_wconf 70' lang='lat' dir='ltr'><strong>Chananazos,</strong></span> <span class='ocrx_word' id='word_1_97' title='bbox 572 638 599 659; x_wconf 87' lang='lat' dir='ltr'><strong>et</strong></span> <span class='ocrx_word' id='word_1_98' title='bbox 615 632 874 667; x_wconf 47' lang='lat' dir='ltr'><strong>Pherczmosmtqui</strong></span> <span class='ocrx_word' id='word_1_99' title='bbox 900 633 975 659; x_wconf 90' lang='lat' dir='ltr'><strong>habi-</strong></span> 
     </span>
    </p>
   </div>
   <div class='ocr_carea' id='block_1_14' title="bbox 188 677 974 710">
    <p class='ocr_par' dir='ltr' id='par_1_14' title="bbox 188 677 974 710">
     <span class='ocr_line' id='line_1_14' title="bbox 188 677 974 710; baseline -0.001 -5"><span class='ocrx_word' id='word_1_100' title='bbox 188 678 283 705; x_wconf 82' lang='lat' dir='ltr'><strong>tabant</strong></span> <span class='ocrx_word' id='word_1_101' title='bbox 306 678 333 705; x_wconf 89' lang='lat' dir='ltr'><strong>in</strong></span> <span class='ocrx_word' id='word_1_102' title='bbox 347 677 435 705; x_wconf 85' lang='lat' dir='ltr'><strong>Gazer</strong></span> <span class='ocrx_word' id='word_1_103' title='bbox 450 678 602 710; x_wconf 83' lang='lat' dir='ltr'><strong>trucidavit,</strong></span> <span class='ocrx_word' id='word_1_104' title='bbox 617 682 642 705; x_wconf 89' lang='lat' dir='ltr'><strong>et</strong></span> <span class='ocrx_word' id='word_1_105' title='bbox 659 678 728 704; x_wconf 84' lang='lat' dir='ltr'><strong>dedit</strong></span> <span class='ocrx_word' id='word_1_106' title='bbox 742 685 800 704; x_wconf 87' lang='lat' dir='ltr'><strong>eam</strong></span> <span class='ocrx_word' id='word_1_107' title='bbox 817 678 922 704; x_wconf 77' lang='lat' dir='ltr'><strong>Pharao</strong></span> <span class='ocrx_word' id='word_1_108' title='bbox 949 679 974 704; x_wconf 89' lang='lat' dir='ltr'><strong>io</strong></span> 
     </span>
    </p>
   </div>
   <div class='ocr_carea' id='block_1_15' title="bbox 187 724 975 759">
    <p class='ocr_par' dir='ltr' id='par_1_15' title="bbox 187 724 975 759">
     <span class='ocr_line' id='line_1_15' title="bbox 187 724 975 759; baseline 0 -8"><span class='ocrx_word' id='word_1_109' title='bbox 187 725 277 752; x_wconf 87' lang='lat' dir='ltr'><strong>dolent</strong></span> <span class='ocrx_word' id='word_1_110' title='bbox 295 725 354 751; x_wconf 69' lang='lat' dir='ltr'><strong>ﬁliae</strong></span> <span class='ocrx_word' id='word_1_111' title='bbox 366 732 431 751; x_wconf 59' lang='lat' dir='ltr'><strong>sum.</strong></span> <span class='ocrx_word' id='word_1_112' title='bbox 446 734 455 750; x_wconf 72' lang='grc' dir='ltr'><strong>ι</strong></span> <span class='ocrx_word' id='word_1_113' title='bbox 469 724 611 751; x_wconf 84' lang='lat' dir='ltr'><strong>Secundo:</strong></span> <span class='ocrx_word' id='word_1_114' title='bbox 624 733 633 750; x_wconf 80' lang='lat' dir='ltr'><strong>t</strong></span> <span class='ocrx_word' id='word_1_115' title='bbox 646 725 676 751; x_wconf 78' lang='lat' dir='ltr'><strong>Et</strong></span> <span class='ocrx_word' id='word_1_116' title='bbox 686 725 784 751; x_wconf 79' lang='lat' dir='ltr'><strong>factum</strong></span> <span class='ocrx_word' id='word_1_117' title='bbox 795 731 848 758; x_wconf 83' lang='lat' dir='ltr'><strong>est,</strong></span> <span class='ocrx_word' id='word_1_118' title='bbox 860 725 975 759; x_wconf 76' lang='lat' dir='ltr'><strong>inquit’.</strong></span> 
     </span>
    </p>
   </div>
   <div class='ocr_carea' id='block_1_16' title="bbox 186 768 976 803">
    <p class='ocr_par' dir='ltr' id='par_1_16' title="bbox 186 768 976 803">
     <span class='ocr_line' id='line_1_16' title="bbox 186 768 976 803; baseline 0 -7"><span class='ocrx_word' id='word_1_119' title='bbox 186 770 314 803; x_wconf 88' lang='lat' dir='ltr'><strong>quoniatu</strong></span> <span class='ocrx_word' id='word_1_120' title='bbox 331 769 502 796; x_wconf 79' lang='lat' dir='ltr'><strong>ittvaluerunt</strong></span> <span class='ocrx_word' id='word_1_121' title='bbox 519 770 564 796; x_wconf 84' lang='lat' dir='ltr'><strong>ﬁlii</strong></span> <span class='ocrx_word' id='word_1_122' title='bbox 579 768 672 803; x_wconf 84' lang='lat' dir='ltr'><strong>Israel,</strong></span> <span class='ocrx_word' id='word_1_123' title='bbox 684 775 710 796; x_wconf 89' lang='lat' dir='ltr'><strong>et</strong></span> <span class='ocrx_word' id='word_1_124' title='bbox 732 769 856 797; x_wconf 83' lang='lat' dir='ltr'><strong>fecerunt</strong></span> <span class='ocrx_word' id='word_1_125' title='bbox 873 771 976 797; x_wconf 82' lang='lat' dir='ltr'><strong>Chatta-</strong></span> 
     </span>
    </p>
   </div>
   <div class='ocr_carea' id='block_1_17' title="bbox 187 814 976 847">
    <p class='ocr_par' dir='ltr' id='par_1_17' title="bbox 187 814 976 847">
     <span class='ocr_line' id='line_1_17' title="bbox 187 814 976 847; baseline 0.001 -6"><span class='ocrx_word' id='word_1_126' title='bbox 187 823 260 842; x_wconf 61' lang='lat' dir='ltr'><strong>nmos</strong></span> <span class='ocrx_word' id='word_1_127' title='bbox 273 814 419 847; x_wconf 86' lang='lat' dir='ltr'><strong>subjectos,</strong></span> <span class='ocrx_word' id='word_1_128' title='bbox 433 815 659 842; x_wconf 83' lang='lat' dir='ltr'><strong>exterminatione</strong></span> <span class='ocrx_word' id='word_1_129' title='bbox 677 820 766 842; x_wconf 87' lang='lat' dir='ltr'><strong>autem</strong></span> <span class='ocrx_word' id='word_1_130' title='bbox 779 824 831 842; x_wconf 82' lang='lat' dir='ltr'><strong>non</strong></span> <span class='ocrx_word' id='word_1_131' title='bbox 848 817 976 843; x_wconf 85' lang='lat' dir='ltr'><strong>extermi-</strong></span> 
     </span>
    </p>
   </div>
   <div class='ocr_carea' id='block_1_18' title="bbox 1057 223 1804 258">
    <p class='ocr_par' dir='ltr' id='par_1_18' title="bbox 1057 223 1804 258">
     <span class='ocr_line' id='line_1_18' title="bbox 1057 223 1804 258; baseline 0.004 -9"><span class='ocrx_word' id='word_1_132' title='bbox 1057 223 1083 250; x_wconf 80' lang='grc'><em>5.</em></span> <span class='ocrx_word' id='word_1_133' title='bbox 1105 223 1157 249; x_wconf 87' lang='lat' dir='ltr'><strong>Sed</strong></span> <span class='ocrx_word' id='word_1_134' title='bbox 1178 229 1205 254; x_wconf 87' lang='lat' dir='ltr'><strong>et</strong></span> <span class='ocrx_word' id='word_1_135' title='bbox 1232 223 1295 250; x_wconf 88' lang='lat' dir='ltr'><strong>illud</strong></span> <span class='ocrx_word' id='word_1_136' title='bbox 1324 231 1375 250; x_wconf 91' lang='lat' dir='ltr'><strong>non</strong></span> <span class='ocrx_word' id='word_1_137' title='bbox 1405 225 1491 251; x_wconf 86' lang='lat' dir='ltr'><strong>otiose</strong></span> <span class='ocrx_word' id='word_1_138' title='bbox 1511 228 1727 258; x_wconf 62' lang='lat' dir='ltr'><strong>praetereundum</strong></span> <span class='ocrx_word' id='word_1_139' title='bbox 1751 232 1804 258; x_wconf 77' lang='lat' dir='ltr'><strong>est,</strong></span> 
     </span>
    </p>
   </div>
   <div class='ocr_carea' id='block_1_19' title="bbox 1023 269 1804 304">
    <p class='ocr_par' dir='ltr' id='par_1_19' title="bbox 1023 269 1804 304">
     <span class='ocr_line' id='line_1_19' title="bbox 1023 269 1804 304; baseline 0.005 -10"><span class='ocrx_word' id='word_1_140' title='bbox 1023 269 1093 302; x_wconf 87' lang='lat' dir='ltr'><strong>quod</strong></span> <span class='ocrx_word' id='word_1_141' title='bbox 1126 269 1226 295; x_wconf 86' lang='lat' dir='ltr'><strong>dicitur</strong></span> <span class='ocrx_word' id='word_1_142' title='bbox 1252 269 1356 296; x_wconf 80' lang='lat' dir='ltr'><strong>Pharao</strong></span> <span class='ocrx_word' id='word_1_143' title='bbox 1386 270 1495 296; x_wconf 85' lang='lat' dir='ltr'><strong>venisse</strong></span> <span class='ocrx_word' id='word_1_144' title='bbox 1532 275 1558 296; x_wconf 90' lang='lat' dir='ltr'><strong>et</strong></span> <span class='ocrx_word' id='word_1_145' title='bbox 1573 271 1713 304; x_wconf 74' lang='lat' dir='ltr'><strong>accepisse</strong></span> <span class='ocrx_word' id='word_1_146' title='bbox 1742 272 1804 298; x_wconf 84' lang='lat' dir='ltr'><strong>civi-</strong></span> 
     </span>
    </p>
   </div>
   <div class='ocr_carea' id='block_1_20' title="bbox 1025 314 1803 355">
    <p class='ocr_par' dir='ltr' id='par_1_20' title="bbox 1025 314 1803 355">
     <span class='ocr_line' id='line_1_20' title="bbox 1025 314 1803 355; baseline 0.005 -14"><span class='ocrx_word' id='word_1_147' title='bbox 1025 319 1105 341; x_wconf 72' lang='lat' dir='ltr'><strong>tatem</strong></span> <span class='ocrx_word' id='word_1_148' title='bbox 1129 314 1210 355; x_wconf 62' lang='grc'>449</span> <span class='ocrx_word' id='word_1_149' title='bbox 1233 315 1331 347; x_wconf 81' lang='lat' dir='ltr'><strong>Gazer,</strong></span> <span class='ocrx_word' id='word_1_150' title='bbox 1355 315 1381 341; x_wconf 91' lang='lat' dir='ltr'><strong>in</strong></span> <span class='ocrx_word' id='word_1_151' title='bbox 1404 323 1455 350; x_wconf 86' lang='lat' dir='ltr'><strong>qua</strong></span> <span class='ocrx_word' id='word_1_152' title='bbox 1475 315 1645 343; x_wconf 74' lang='lat' dir='ltr'><strong>Chananzeus</strong></span> <span class='ocrx_word' id='word_1_153' title='bbox 1667 316 1803 346; x_wconf 88' lang='lat' dir='ltr'><strong>habitabat</strong></span> 
     </span>
    </p>
   </div>
   <div class='ocr_carea' id='block_1_21' title="bbox 1024 361 1803 395">
    <p class='ocr_par' dir='ltr' id='par_1_21' title="bbox 1024 361 1803 395">
     <span class='ocr_line' id='line_1_21' title="bbox 1024 361 1803 395; baseline 0.006 -9"><span class='ocrx_word' id='word_1_154' title='bbox 1024 368 1084 387; x_wconf 93' lang='lat' dir='ltr'><strong>cum</strong></span> <span class='ocrx_word' id='word_1_155' title='bbox 1100 361 1227 395; x_wconf 83' lang='lat' dir='ltr'><strong>Ephrem,</strong></span> <span class='ocrx_word' id='word_1_156' title='bbox 1249 367 1276 387; x_wconf 87' lang='lat' dir='ltr'><strong>et</strong></span> <span class='ocrx_word' id='word_1_157' title='bbox 1291 361 1398 389; x_wconf 87' lang='lat' dir='ltr'><strong>dedisse</strong></span> <span class='ocrx_word' id='word_1_158' title='bbox 1419 369 1478 388; x_wconf 89' lang='lat' dir='ltr'><strong>eatn</strong></span> <span class='ocrx_word' id='word_1_159' title='bbox 1497 361 1523 387; x_wconf 89' lang='lat' dir='ltr'><strong>itt</strong></span> <span class='ocrx_word' id='word_1_160' title='bbox 1548 361 1639 388; x_wconf 85' lang='lat' dir='ltr'><strong>dotem</strong></span> <span class='ocrx_word' id='word_1_161' title='bbox 1663 362 1726 390; x_wconf 70' lang='lat' dir='ltr'><strong>ﬁliae</strong></span> <span class='ocrx_word' id='word_1_162' title='bbox 1743 370 1803 391; x_wconf 65' lang='lat' dir='ltr'><strong>suae.</strong></span> 
     </span>
    </p>
   </div>
   <div class='ocr_carea' id='block_1_22' title="bbox 1024 404 1804 444">
    <p class='ocr_par' dir='ltr' id='par_1_22' title="bbox 1024 404 1804 444">
     <span class='ocr_line' id='line_1_22' title="bbox 1024 404 1804 444; baseline 0.006 -13"><span class='ocrx_word' id='word_1_163' title='bbox 1024 404 1111 437; x_wconf 80' lang='lat' dir='ltr'><strong>Gazer</strong></span> <span class='ocrx_word' id='word_1_164' title='bbox 1130 410 1220 431; x_wconf 87' lang='lat' dir='ltr'><strong>autem</strong></span> <span class='ocrx_word' id='word_1_165' title='bbox 1235 405 1430 440; x_wconf 79' lang='lat' dir='ltr'><strong>interpretatur</strong></span> <span class='ocrx_word' id='word_1_166' title='bbox 1441 407 1602 433; x_wconf 69' lang='lat' dir='ltr'><strong>constructio</strong></span> <span class='ocrx_word' id='word_1_167' title='bbox 1617 407 1687 442; x_wconf 78' lang='lat'><strong>(85).</strong></span> <span class='ocrx_word' id='word_1_168' title='bbox 1700 408 1727 435; x_wconf 89' lang='lat' dir='ltr'><strong>Si</strong></span> <span class='ocrx_word' id='word_1_169' title='bbox 1745 416 1804 444; x_wconf 77' lang='lat' dir='ltr'><strong>ergo</strong></span> 
     </span>
    </p>
   </div>
   <div class='ocr_carea' id='block_1_23' title="bbox 1025 450 1802 485">
    <p class='ocr_par' dir='ltr' id='par_1_23' title="bbox 1025 450 1802 485">
     <span class='ocr_line' id='line_1_23' title="bbox 1025 450 1802 485; baseline 0.006 -9"><span class='ocrx_word' id='word_1_170' title='bbox 1025 457 1124 483; x_wconf 86' lang='lat' dir='ltr'><strong>corpus</strong></span> <span class='ocrx_word' id='word_1_171' title='bbox 1139 455 1164 478; x_wconf 88' lang='lat' dir='ltr'><strong>et</strong></span> <span class='ocrx_word' id='word_1_172' title='bbox 1176 451 1265 479; x_wconf 87' lang='lat' dir='ltr'><strong>anima</strong></span> <span class='ocrx_word' id='word_1_173' title='bbox 1283 450 1308 476; x_wconf 92' lang='lat' dir='ltr'><strong>in</strong></span> <span class='ocrx_word' id='word_1_174' title='bbox 1324 459 1378 478; x_wconf 90' lang='lat' dir='ltr'><strong>una</strong></span> <span class='ocrx_word' id='word_1_175' title='bbox 1397 455 1478 485; x_wconf 89' lang='lat' dir='ltr'><strong>atque</strong></span> <span class='ocrx_word' id='word_1_176' title='bbox 1490 452 1584 479; x_wconf 87' lang='lat' dir='ltr'><strong>eadem</strong></span> <span class='ocrx_word' id='word_1_177' title='bbox 1603 455 1802 481; x_wconf 71' lang='lat' dir='ltr'><strong>constructione</strong></span> 
     </span>
    </p>
   </div>
   <div class='ocr_carea' id='block_1_24' title="bbox 1025 494 1803 532">
    <p class='ocr_par' dir='ltr' id='par_1_24' title="bbox 1025 494 1803 532">
     <span class='ocr_line' id='line_1_24' title="bbox 1025 494 1803 532; baseline 0.009 -13"><span class='ocrx_word' id='word_1_178' title='bbox 1025 494 1159 526; x_wconf 80' lang='lat' dir='ltr'><strong>habitent,</strong></span> <span class='ocrx_word' id='word_1_179' title='bbox 1180 495 1205 521; x_wconf 87' lang='lat' dir='ltr'><strong>id</strong></span> <span class='ocrx_word' id='word_1_180' title='bbox 1228 500 1269 522; x_wconf 88' lang='lat' dir='ltr'><strong>est</strong></span> <span class='ocrx_word' id='word_1_181' title='bbox 1290 497 1442 530; x_wconf 74' lang='lat' dir='ltr'><strong>conjuncta:</strong></span> <span class='ocrx_word' id='word_1_182' title='bbox 1465 497 1516 524; x_wconf 89' lang='lat' dir='ltr'><strong>sibi</strong></span> <span class='ocrx_word' id='word_1_183' title='bbox 1541 498 1655 524; x_wconf 85' lang='lat' dir='ltr'><strong>invicem</strong></span> <span class='ocrx_word' id='word_1_184' title='bbox 1676 503 1703 526; x_wconf 91' lang='lat' dir='ltr'><strong>et</strong></span> <span class='ocrx_word' id='word_1_185' title='bbox 1718 500 1803 532; x_wconf 72' lang='lat' dir='ltr'><strong>sociae,</strong></span> 
     </span>
    </p>
   </div>
   <div class='ocr_carea' id='block_1_25' title="bbox 1027 539 1803 575">
    <p class='ocr_par' dir='ltr' id='par_1_25' title="bbox 1027 539 1803 575">
     <span class='ocr_line' id='line_1_25' title="bbox 1027 539 1803 575; baseline 0.008 -10"><span class='ocrx_word' id='word_1_186' title='bbox 1027 539 1062 566; x_wconf 90' lang='lat' dir='ltr'><strong>ita</strong></span> <span class='ocrx_word' id='word_1_187' title='bbox 1077 545 1103 565; x_wconf 90' lang='lat' dir='ltr'><strong>ut</strong></span> <span class='ocrx_word' id='word_1_188' title='bbox 1118 547 1217 575; x_wconf 79' lang='lat' dir='ltr'><strong>corpus</strong></span> <span class='ocrx_word' id='word_1_189' title='bbox 1231 541 1377 568; x_wconf 89' lang='lat' dir='ltr'><strong>carnaliter</strong></span> <span class='ocrx_word' id='word_1_190' title='bbox 1391 543 1474 574; x_wconf 79' lang='lat' dir='ltr'><strong>vitat,</strong></span> <span class='ocrx_word' id='word_1_191' title='bbox 1489 548 1515 569; x_wconf 87' lang='lat' dir='ltr'><strong>et</strong></span> <span class='ocrx_word' id='word_1_192' title='bbox 1530 551 1581 570; x_wconf 88' lang='lat' dir='ltr'><strong>non</strong></span> <span class='ocrx_word' id='word_1_193' title='bbox 1596 544 1707 572; x_wconf 84' lang='lat' dir='ltr'><strong>festinet</strong></span> <span class='ocrx_word' id='word_1_194' title='bbox 1720 545 1803 571; x_wconf 84' lang='lat' dir='ltr'><strong>anima</strong></span> 
     </span>
    </p>
   </div>
   <div class='ocr_carea' id='block_1_26' title="bbox 1026 584 1803 618">
    <p class='ocr_par' dir='ltr' id='par_1_26' title="bbox 1026 584 1803 618">
     <span class='ocr_line' id='line_1_26' title="bbox 1026 584 1803 618; baseline 0.012 -9"><span class='ocrx_word' id='word_1_195' title='bbox 1026 584 1147 611; x_wconf 76' lang='lat' dir='ltr'><strong>velocius</strong></span> <span class='ocrx_word' id='word_1_196' title='bbox 1169 585 1219 612; x_wconf 85' lang='lat' dir='ltr'><strong>sibi</strong></span> <span class='ocrx_word' id='word_1_197' title='bbox 1244 587 1415 614; x_wconf 83' lang='lat' dir='ltr'><strong>obedientem</strong></span> <span class='ocrx_word' id='word_1_198' title='bbox 1439 594 1466 615; x_wconf 91' lang='lat' dir='ltr'><strong>et</strong></span> <span class='ocrx_word' id='word_1_199' title='bbox 1488 590 1624 616; x_wconf 78' lang='lat' dir='ltr'><strong>subditam</strong></span> <span class='ocrx_word' id='word_1_200' title='bbox 1642 590 1735 617; x_wconf 82' lang='lat' dir='ltr'><strong>facere</strong></span> <span class='ocrx_word' id='word_1_201' title='bbox 1751 599 1803 618; x_wconf 83' lang='lat' dir='ltr'><strong>car-</strong></span> 
     </span>
    </p>
   </div>
   <div class='ocr_carea' id='block_1_27' title="bbox 1027 632 1800 670">
    <p class='ocr_par' dir='ltr' id='par_1_27' title="bbox 1027 632 1800 670">
     <span class='ocr_line' id='line_1_27' title="bbox 1027 632 1800 670; baseline 0.009 -15"><span class='ocrx_word' id='word_1_202' title='bbox 1027 638 1099 662; x_wconf 82' lang='lat' dir='ltr'><strong>nem,</strong></span> <span class='ocrx_word' id='word_1_203' title='bbox 1123 632 1269 658; x_wconf 86' lang='lat' dir='ltr'><strong>verendum</strong></span> <span class='ocrx_word' id='word_1_204' title='bbox 1289 637 1332 659; x_wconf 66' lang='lat' dir='ltr'><strong>est</strong></span> <span class='ocrx_word' id='word_1_205' title='bbox 1349 640 1382 659; x_wconf 92' lang='lat' dir='ltr'><strong>ne</strong></span> <span class='ocrx_word' id='word_1_206' title='bbox 1398 634 1489 661; x_wconf 86' lang='lat' dir='ltr'><strong>veniat</strong></span> <span class='ocrx_word' id='word_1_207' title='bbox 1501 634 1605 662; x_wconf 80' lang='lat' dir='ltr'><strong>Pharao</strong></span> <span class='ocrx_word' id='word_1_208' title='bbox 1622 642 1655 662; x_wconf 86' lang='lat' dir='ltr'><strong>ex</strong></span> <span class='ocrx_word' id='word_1_209' title='bbox 1674 635 1800 670; x_wconf 67' lang='lat' dir='ltr'><strong>Egypto,</strong></span> 
     </span>
    </p>
   </div>
   <div class='ocr_carea' id='block_1_28' title="bbox 1026 678 1804 712">
    <p class='ocr_par' dir='ltr' id='par_1_28' title="bbox 1026 678 1804 712">
     <span class='ocr_line' id='line_1_28' title="bbox 1026 678 1804 712; baseline 0.005 -9"><span class='ocrx_word' id='word_1_210' title='bbox 1026 682 1053 703; x_wconf 91' lang='lat' dir='ltr'><strong>et</strong></span> <span class='ocrx_word' id='word_1_211' title='bbox 1070 678 1203 710; x_wconf 81' lang='lat' dir='ltr'><strong>captivam</strong></span> <span class='ocrx_word' id='word_1_212' title='bbox 1217 679 1297 705; x_wconf 90' lang='lat' dir='ltr'><strong>ducat</strong></span> <span class='ocrx_word' id='word_1_213' title='bbox 1313 678 1449 706; x_wconf 82' lang='lat' dir='ltr'><strong>infelicem</strong></span> <span class='ocrx_word' id='word_1_214' title='bbox 1471 681 1603 712; x_wconf 84' lang='lat' dir='ltr'><strong>animam.</strong></span> <span class='ocrx_word' id='word_1_215' title='bbox 1622 681 1659 707; x_wconf 87' lang='lat' dir='ltr'><strong>ita</strong></span> <span class='ocrx_word' id='word_1_216' title='bbox 1676 686 1704 707; x_wconf 91' lang='lat' dir='ltr'><strong>ut</strong></span> <span class='ocrx_word' id='word_1_217' title='bbox 1722 682 1747 707; x_wconf 93' lang='lat' dir='ltr'><strong>in</strong></span> <span class='ocrx_word' id='word_1_218' title='bbox 1759 682 1804 707; x_wconf 69' lang='lat' dir='ltr'><strong>do.</strong></span> 
     </span>
    </p>
   </div>
   <div class='ocr_carea' id='block_1_29' title="bbox 1028 724 1803 753">
    <p class='ocr_par' dir='ltr' id='par_1_29' title="bbox 1028 724 1803 753">
     <span class='ocr_line' id='line_1_29' title="bbox 1028 724 1803 753; baseline 0.004 -3"><span class='ocrx_word' id='word_1_219' title='bbox 1028 729 1081 751; x_wconf 86' lang='lat' dir='ltr'><strong>tem</strong></span> <span class='ocrx_word' id='word_1_220' title='bbox 1101 731 1159 753; x_wconf 90' lang='lat' dir='ltr'><strong>eam</strong></span> <span class='ocrx_word' id='word_1_221' title='bbox 1176 724 1262 752; x_wconf 84' lang='lat' dir='ltr'><strong>tradat</strong></span> <span class='ocrx_word' id='word_1_222' title='bbox 1279 724 1340 751; x_wconf 79' lang='lat' dir='ltr'><strong>ﬁlize</strong></span> <span class='ocrx_word' id='word_1_223' title='bbox 1354 732 1419 752; x_wconf 79' lang='lat' dir='ltr'><strong>suae.</strong></span> <span class='ocrx_word' id='word_1_224' title='bbox 1435 725 1463 752; x_wconf 90' lang='lat' dir='ltr'><strong>Si</strong></span> <span class='ocrx_word' id='word_1_225' title='bbox 1486 726 1558 752; x_wconf 88' lang='lat' dir='ltr'><strong>euiut</strong></span> <span class='ocrx_word' id='word_1_226' title='bbox 1573 727 1734 753; x_wconf 82' lang='lat' dir='ltr'><strong>consideres</strong></span> <span class='ocrx_word' id='word_1_227' title='bbox 1746 726 1803 753; x_wconf 88' lang='lat' dir='ltr'><strong>illud</strong></span> 
     </span>
    </p>
   </div>
   <div class='ocr_carea' id='block_1_30' title="bbox 1027 770 1804 809">
    <p class='ocr_par' dir='ltr' id='par_1_30' title="bbox 1027 770 1804 809">
     <span class='ocr_line' id='line_1_30' title="bbox 1027 770 1804 809; baseline 0.001 -12"><span class='ocrx_word' id='word_1_228' title='bbox 1027 771 1097 805; x_wconf 86' lang='lat' dir='ltr'><strong>quod</strong></span> <span class='ocrx_word' id='word_1_229' title='bbox 1112 771 1180 798; x_wconf 82' lang='lat' dir='ltr'><strong>dixit</strong></span> <span class='ocrx_word' id='word_1_230' title='bbox 1200 770 1347 809; x_wconf 77' lang='lat' dir='ltr'><strong>Apostolus</strong></span> <span class='ocrx_word' id='word_1_231' title='bbox 1360 770 1384 803; x_wconf 87' lang='grc'><strong>⁷,</strong></span> <span class='ocrx_word' id='word_1_232' title='bbox 1411 779 1559 806; x_wconf 77' lang='lat' dir='ltr'><strong>exsurgere</strong></span> <span class='ocrx_word' id='word_1_233' title='bbox 1576 772 1656 798; x_wconf 87' lang='lat' dir='ltr'><strong>aliam</strong></span> <span class='ocrx_word' id='word_1_234' title='bbox 1672 771 1758 806; x_wconf 81' lang='lat' dir='ltr'><strong>legent</strong></span> <span class='ocrx_word' id='word_1_235' title='bbox 1781 772 1804 798; x_wconf 92' lang='lat' dir='ltr'><strong>in</strong></span> 
     </span>
    </p>
   </div>
   <div class='ocr_carea' id='block_1_31' title="bbox 1031 817 1806 852">
    <p class='ocr_par' dir='ltr' id='par_1_31' title="bbox 1031 817 1806 852">
     <span class='ocr_line' id='line_1_31' title="bbox 1031 817 1806 852; baseline 0 -8"><span class='ocrx_word' id='word_1_236' title='bbox 1031 817 1159 844; x_wconf 85' lang='lat' dir='ltr'><strong>membris</strong></span> <span class='ocrx_word' id='word_1_237' title='bbox 1184 817 1296 849; x_wconf 89' lang='lat' dir='ltr'><strong>nostris,</strong></span> <span class='ocrx_word' id='word_1_238' title='bbox 1321 821 1348 844; x_wconf 89' lang='lat' dir='ltr'><strong>et</strong></span> <span class='ocrx_word' id='word_1_239' title='bbox 1367 817 1489 850; x_wconf 87' lang='lat' dir='ltr'><strong>captivos</strong></span> <span class='ocrx_word' id='word_1_240' title='bbox 1509 825 1560 844; x_wconf 84' lang='lat' dir='ltr'><strong>nos</strong></span> <span class='ocrx_word' id='word_1_241' title='bbox 1584 818 1682 845; x_wconf 84' lang='lat' dir='ltr'><strong>ducere</strong></span> <span class='ocrx_word' id='word_1_242' title='bbox 1700 819 1727 844; x_wconf 89' lang='lat' dir='ltr'><strong>in</strong></span> <span class='ocrx_word' id='word_1_243' title='bbox 1755 818 1806 852; x_wconf 70' lang='lat' dir='ltr'><strong>lege</strong></span> 
     </span>
    </p>
   </div>
   <div class='ocr_carea' id='block_1_32' title="bbox 187 860 1806 897">
    <p class='ocr_par' dir='ltr' id='par_1_32' title="bbox 187 860 1806 897">
     <span class='ocr_line' id='line_1_32' title="bbox 187 860 1806 897; baseline 0.001 -10"><span class='ocrx_word' id='word_1_244' title='bbox 187 864 320 887; x_wconf 88' lang='lat' dir='ltr'><strong>uaveruttt</strong></span> <span class='ocrx_word' id='word_1_245' title='bbox 330 867 388 887; x_wconf 85' lang='lat' dir='ltr'><strong>eos.</strong></span> <span class='ocrx_word' id='word_1_246' title='bbox 406 870 414 885; x_wconf 77' lang='grc' dir='ltr'><strong>ι</strong></span> <span class='ocrx_word' id='word_1_247' title='bbox 429 860 520 887; x_wconf 85' lang='lat' dir='ltr'><strong>Tertio</strong></span> <span class='ocrx_word' id='word_1_248' title='bbox 535 880 542 891; x_wconf 93' lang='lat'><strong>,</strong></span> <span class='ocrx_word' id='word_1_249' title='bbox 555 862 664 894; x_wconf 89' lang='lat' dir='ltr'><strong>quando</strong></span> <span class='ocrx_word' id='word_1_250' title='bbox 683 861 907 888; x_wconf 80' lang='lat' dir='ltr'><strong>contradixerunt</strong></span> <span class='ocrx_word' id='word_1_251' title='bbox 922 862 971 888; x_wconf 93' lang='lat' dir='ltr'><strong>viri</strong></span> <span class='ocrx_word' id='word_1_252' title='bbox 992 860 1011 886; x_wconf 80' lang='grc' dir='ltr'>Β</span> <span class='ocrx_word' id='word_1_253' title='bbox 1026 863 1138 897; x_wconf 86' lang='lat' dir='ltr'><strong>peccati,</strong></span> <span class='ocrx_word' id='word_1_254' title='bbox 1154 863 1274 889; x_wconf 86' lang='lat' dir='ltr'><strong>invenies</strong></span> <span class='ocrx_word' id='word_1_255' title='bbox 1291 863 1425 896; x_wconf 89' lang='lat' dir='ltr'><strong>quomodo</strong></span> <span class='ocrx_word' id='word_1_256' title='bbox 1443 862 1487 889; x_wconf 88' lang='lat' dir='ltr'><strong>ille</strong></span> <span class='ocrx_word' id='word_1_257' title='bbox 1503 862 1622 894; x_wconf 84' lang='lat' dir='ltr'><strong>Pharao,</strong></span> <span class='ocrx_word' id='word_1_258' title='bbox 1648 863 1693 897; x_wconf 89' lang='lat' dir='ltr'><strong>qui</strong></span> <span class='ocrx_word' id='word_1_259' title='bbox 1710 868 1752 890; x_wconf 87' lang='lat' dir='ltr'><strong>est</strong></span> <span class='ocrx_word' id='word_1_260' title='bbox 1763 872 1806 889; x_wconf 84' lang='lat' dir='ltr'><strong>att-</strong></span> 
     </span>
    </p>
   </div>
   <div class='ocr_carea' id='block_1_33' title="bbox 187 904 974 939">
    <p class='ocr_par' dir='ltr' id='par_1_33' title="bbox 187 904 974 939">
     <span class='ocr_line' id='line_1_33' title="bbox 187 904 974 939; baseline 0.005 -8"><span class='ocrx_word' id='word_1_261' title='bbox 187 907 219 931; x_wconf 88' lang='lat' dir='ltr'><strong>de</strong></span> <span class='ocrx_word' id='word_1_262' title='bbox 234 905 304 931; x_wconf 89' lang='lat' dir='ltr'><strong>tribu</strong></span> <span class='ocrx_word' id='word_1_263' title='bbox 324 905 440 939; x_wconf 89' lang='lat' dir='ltr'><strong>Ephrem</strong></span> <span class='ocrx_word' id='word_1_264' title='bbox 457 904 533 938; x_wconf 84' lang='lat' dir='ltr'><strong>Jesu,</strong></span> <span class='ocrx_word' id='word_1_265' title='bbox 549 906 669 933; x_wconf 84' lang='lat' dir='ltr'><strong>volentes</strong></span> <span class='ocrx_word' id='word_1_266' title='bbox 683 907 830 934; x_wconf 82' lang='lat' dir='ltr'><strong>secundum</strong></span> <span class='ocrx_word' id='word_1_267' title='bbox 847 914 974 935; x_wconf 78' lang='lat' dir='ltr'><strong>numero-</strong></span> 
     </span>
    </p>
   </div>
   <div class='ocr_carea' id='block_1_34' title="bbox 186 949 972 986">
    <p class='ocr_par' dir='ltr' id='par_1_34' title="bbox 186 949 972 986">
     <span class='ocr_line' id='line_1_34' title="bbox 186 949 972 986; baseline 0.004 -11"><span class='ocrx_word' id='word_1_268' title='bbox 186 949 293 975; x_wconf 85' lang='lat' dir='ltr'><strong>sitatem</strong></span> <span class='ocrx_word' id='word_1_269' title='bbox 311 956 387 976; x_wconf 86' lang='lat' dir='ltr'><strong>suam</strong></span> <span class='ocrx_word' id='word_1_270' title='bbox 397 969 404 981; x_wconf 84' lang='lat'><strong>,</strong></span> <span class='ocrx_word' id='word_1_271' title='bbox 420 949 483 983; x_wconf 88' lang='lat' dir='ltr'><strong>quia</strong></span> <span class='ocrx_word' id='word_1_272' title='bbox 501 949 592 983; x_wconf 85' lang='lat' dir='ltr'><strong>plures</strong></span> <span class='ocrx_word' id='word_1_273' title='bbox 605 955 681 976; x_wconf 88' lang='lat' dir='ltr'><strong>erant</strong></span> <span class='ocrx_word' id='word_1_274' title='bbox 695 955 722 977; x_wconf 89' lang='lat' dir='ltr'><strong>et</strong></span> <span class='ocrx_word' id='word_1_275' title='bbox 738 950 831 982; x_wconf 82' lang='lat' dir='ltr'><strong>validi,</strong></span> <span class='ocrx_word' id='word_1_276' title='bbox 844 951 972 986; x_wconf 79' lang='lat' dir='ltr'><strong>majorem</strong></span> 
     </span>
    </p>
   </div>
   <div class='ocr_carea' id='block_1_35' title="bbox 187 994 974 1031">
    <p class='ocr_par' dir='ltr' id='par_1_35' title="bbox 187 994 974 1031">
     <span class='ocr_line' id='line_1_35' title="bbox 187 994 974 1031; baseline 0.005 -11"><span class='ocrx_word' id='word_1_277' title='bbox 187 994 312 1027; x_wconf 84' lang='lat' dir='ltr'><strong>accipere</strong></span> <span class='ocrx_word' id='word_1_278' title='bbox 336 996 417 1021; x_wconf 73' lang='lat' dir='ltr'><strong>etiam</strong></span> <span class='ocrx_word' id='word_1_279' title='bbox 447 995 616 1022; x_wconf 74' lang='lat' dir='ltr'><strong>ltzcreditatis</strong></span> <span class='ocrx_word' id='word_1_280' title='bbox 642 1000 761 1028; x_wconf 87' lang='lat' dir='ltr'><strong>sortem;</strong></span> <span class='ocrx_word' id='word_1_281' title='bbox 796 1001 823 1024; x_wconf 80' lang='lat' dir='ltr'><strong>ct</strong></span> <span class='ocrx_word' id='word_1_282' title='bbox 846 997 974 1031; x_wconf 83' lang='lat' dir='ltr'><strong>jubentut&#39;</strong></span> 
     </span>
    </p>
   </div>
   <div class='ocr_carea' id='block_1_36' title="bbox 186 1040 973 1075">
    <p class='ocr_par' dir='ltr' id='par_1_36' title="bbox 186 1040 973 1075">
     <span class='ocr_line' id='line_1_36' title="bbox 186 1040 973 1075; baseline 0.006 -11"><span class='ocrx_word' id='word_1_283' title='bbox 186 1040 335 1066; x_wconf 83' lang='lat' dir='ltr'><strong>ascendere</strong></span> <span class='ocrx_word' id='word_1_284' title='bbox 352 1041 377 1066; x_wconf 94' lang='lat' dir='ltr'><strong>iu</strong></span> <span class='ocrx_word' id='word_1_285' title='bbox 392 1041 491 1067; x_wconf 88' lang='lat' dir='ltr'><strong>saltum</strong></span> <span class='ocrx_word' id='word_1_286' title='bbox 501 1062 507 1072; x_wconf 97' lang='lat'><strong>,</strong></span> <span class='ocrx_word' id='word_1_287' title='bbox 521 1044 548 1067; x_wconf 88' lang='lat' dir='ltr'><strong>et</strong></span> <span class='ocrx_word' id='word_1_288' title='bbox 562 1040 612 1067; x_wconf 88' lang='lat' dir='ltr'><strong>sibi</strong></span> <span class='ocrx_word' id='word_1_289' title='bbox 628 1040 693 1075; x_wconf 82' lang='lat' dir='ltr'><strong>ipsis</strong></span> <span class='ocrx_word' id='word_1_290' title='bbox 712 1041 869 1075; x_wconf 76' lang='lat' dir='ltr'><strong>ampliorem</strong></span> <span class='ocrx_word' id='word_1_291' title='bbox 886 1042 973 1070; x_wconf 84' lang='lat' dir='ltr'><strong>locum</strong></span> 
     </span>
    </p>
   </div>
   <div class='ocr_carea' id='block_1_37' title="bbox 186 1087 974 1122">
    <p class='ocr_par' dir='ltr' id='par_1_37' title="bbox 186 1087 974 1122">
     <span class='ocr_line' id='line_1_37' title="bbox 186 1087 974 1122; baseline 0.006 -12"><span class='ocrx_word' id='word_1_292' title='bbox 186 1093 299 1120; x_wconf 78' lang='lat' dir='ltr'><strong>capere;</strong></span> <span class='ocrx_word' id='word_1_293' title='bbox 315 1091 342 1112; x_wconf 87' lang='lat' dir='ltr'><strong>et</strong></span> <span class='ocrx_word' id='word_1_294' title='bbox 356 1091 384 1112; x_wconf 93' lang='lat' dir='ltr'><strong>ut</strong></span> <span class='ocrx_word' id='word_1_295' title='bbox 395 1088 501 1119; x_wconf 90' lang='lat' dir='ltr'><strong>possint</strong></span> <span class='ocrx_word' id='word_1_296' title='bbox 513 1087 608 1113; x_wconf 83' lang='lat' dir='ltr'><strong>latiora</strong></span> <span class='ocrx_word' id='word_1_297' title='bbox 627 1087 712 1121; x_wconf 87' lang='lat' dir='ltr'><strong>spatia</strong></span> <span class='ocrx_word' id='word_1_298' title='bbox 723 1088 974 1122; x_wconf 81' lang='lat' dir='ltr'><strong>occupare,jubeu-</strong></span> 
     </span>
    </p>
   </div>
   <div class='ocr_carea' id='block_1_38' title="bbox 188 1131 655 1159">
    <p class='ocr_par' dir='ltr' id='par_1_38' title="bbox 188 1131 655 1159">
     <span class='ocr_line' id='line_1_38' title="bbox 188 1131 655 1159; baseline 0.006 -4"><span class='ocrx_word' id='word_1_299' title='bbox 188 1135 232 1156; x_wconf 90' lang='lat' dir='ltr'><strong>tur</strong></span> <span class='ocrx_word' id='word_1_300' title='bbox 244 1131 426 1157; x_wconf 76' lang='lat' dir='ltr'><strong>exterminare</strong></span> <span class='ocrx_word' id='word_1_301' title='bbox 438 1131 618 1159; x_wconf 65' lang='lat' dir='ltr'><strong>Chananarum</strong></span> <span class='ocrx_word' id='word_1_302' title='bbox 633 1131 655 1158; x_wconf 80' lang='grc'><em>⁸.</em></span> 
     </span>
    </p>
   </div>
   <div class='ocr_carea' id='block_1_39' title="bbox 220 1176 976 1215">
    <p class='ocr_par' dir='ltr' id='par_1_39' title="bbox 220 1176 976 1215">
     <span class='ocr_line' id='line_1_39' title="bbox 220 1176 976 1215; baseline 0.005 -13"><span class='ocrx_word' id='word_1_303' title='bbox 220 1177 248 1202; x_wconf 72' lang='grc' dir='ltr'><em>Ξ.</em></span> <span class='ocrx_word' id='word_1_304' title='bbox 266 1176 409 1205; x_wconf 82' lang='lat' dir='ltr'><strong>Videamus</strong></span> <span class='ocrx_word' id='word_1_305' title='bbox 430 1185 496 1213; x_wconf 77' lang='lat' dir='ltr'><strong>ergo</strong></span> <span class='ocrx_word' id='word_1_306' title='bbox 521 1187 593 1206; x_wconf 90' lang='lat' dir='ltr'><strong>nunc</strong></span> <span class='ocrx_word' id='word_1_307' title='bbox 606 1179 671 1213; x_wconf 86' lang='lat' dir='ltr'><strong>quid</strong></span> <span class='ocrx_word' id='word_1_308' title='bbox 693 1179 743 1205; x_wconf 86' lang='lat' dir='ltr'><strong>sibi</strong></span> <span class='ocrx_word' id='word_1_309' title='bbox 767 1178 893 1215; x_wconf 65' lang='lat' dir='ltr'><strong>vclit(8l)</strong></span> <span class='ocrx_word' id='word_1_310' title='bbox 917 1180 976 1207; x_wconf 69' lang='lat' dir='ltr'><strong>hree</strong></span> 
     </span>
    </p>
   </div>
   <div class='ocr_carea' id='block_1_40' title="bbox 185 1222 975 1258">
    <p class='ocr_par' dir='ltr' id='par_1_40' title="bbox 185 1222 975 1258">
     <span class='ocr_line' id='line_1_40' title="bbox 185 1222 975 1258; baseline 0.005 -10"><span class='ocrx_word' id='word_1_311' title='bbox 185 1222 219 1249; x_wconf 84' lang='lat' dir='ltr'><strong>de</strong></span> <span class='ocrx_word' id='word_1_312' title='bbox 231 1222 391 1250; x_wconf 71' lang='lat' dir='ltr'><strong>Chananmis</strong></span> <span class='ocrx_word' id='word_1_313' title='bbox 406 1224 542 1258; x_wconf 74' lang='lat' dir='ltr'><strong>tripartito</strong></span> <span class='ocrx_word' id='word_1_314' title='bbox 553 1225 686 1257; x_wconf 84' lang='lat' dir='ltr'><strong>narratio.</strong></span> <span class='ocrx_word' id='word_1_315' title='bbox 701 1224 792 1251; x_wconf 86' lang='lat' dir='ltr'><strong>Primo</strong></span> <span class='ocrx_word' id='word_1_316' title='bbox 806 1225 975 1255; x_wconf 66' lang='lat' dir='ltr'><strong>Chanauaeus</strong></span> 
     </span>
    </p>
   </div>
   <div class='ocr_carea' id='block_1_41' title="bbox 188 1268 975 1307">
    <p class='ocr_par' dir='ltr' id='par_1_41' title="bbox 188 1268 975 1307">
     <span class='ocr_line' id='line_1_41' title="bbox 188 1268 975 1307; baseline 0.004 -13"><span class='ocrx_word' id='word_1_317' title='bbox 188 1268 326 1295; x_wconf 88' lang='lat' dir='ltr'><strong>nobiscutu</strong></span> <span class='ocrx_word' id='word_1_318' title='bbox 350 1274 390 1296; x_wconf 88' lang='lat' dir='ltr'><strong>est</strong></span> <span class='ocrx_word' id='word_1_319' title='bbox 406 1270 570 1307; x_wconf 86' lang='lat' dir='ltr'><strong>qttideut,_et</strong></span> <span class='ocrx_word' id='word_1_320' title='bbox 586 1270 636 1297; x_wconf 86' lang='lat' dir='ltr'><strong>sub</strong></span> <span class='ocrx_word' id='word_1_321' title='bbox 658 1270 758 1297; x_wconf 89' lang='lat' dir='ltr'><strong>tributo</strong></span> <span class='ocrx_word' id='word_1_322' title='bbox 778 1275 838 1303; x_wconf 89' lang='lat' dir='ltr'><strong>est,</strong></span> <span class='ocrx_word' id='word_1_323' title='bbox 860 1278 912 1297; x_wconf 89' lang='lat' dir='ltr'><strong>I|0l|</strong></span> <span class='ocrx_word' id='word_1_324' title='bbox 933 1275 975 1298; x_wconf 88' lang='lat' dir='ltr'><strong>est</strong></span> 
     </span>
    </p>
   </div>
   <div class='ocr_carea' id='block_1_42' title="bbox 189 1315 975 1350">
    <p class='ocr_par' dir='ltr' id='par_1_42' title="bbox 189 1315 975 1350">
     <span class='ocr_line' id='line_1_42' title="bbox 189 1315 975 1350; baseline 0.005 -10"><span class='ocrx_word' id='word_1_325' title='bbox 189 1321 277 1342; x_wconf 77' lang='lat' dir='ltr'><strong>latnt-tt</strong></span> <span class='ocrx_word' id='word_1_326' title='bbox 308 1315 438 1343; x_wconf 78' lang='lat' dir='ltr'><strong>obedicus</strong></span> <span class='ocrx_word' id='word_1_327' title='bbox 465 1316 562 1348; x_wconf 86' lang='lat' dir='ltr'><strong>nobis,</strong></span> <span class='ocrx_word' id='word_1_328' title='bbox 594 1323 681 1350; x_wconf 88' lang='lat' dir='ltr'><strong>neque</strong></span> <span class='ocrx_word' id='word_1_329' title='bbox 714 1324 820 1344; x_wconf 88' lang='lat' dir='ltr'><strong>servus.</strong></span> <span class='ocrx_word' id='word_1_330' title='bbox 852 1315 975 1344; x_wconf 87' lang='lat' dir='ltr'><strong>Secundo</strong></span> 
     </span>
    </p>
   </div>
   <div class='ocr_carea' id='block_1_43' title="bbox 186 1360 976 1391">
    <p class='ocr_par' dir='ltr' id='par_1_43' title="bbox 186 1360 976 1391">
     <span class='ocr_line' id='line_1_43' title="bbox 186 1360 976 1391; baseline 0.005 -5"><span class='ocrx_word' id='word_1_331' title='bbox 186 1362 269 1386; x_wconf 88' lang='lat' dir='ltr'><strong>etiam</strong></span> <span class='ocrx_word' id='word_1_332' title='bbox 286 1367 382 1388; x_wconf 62' lang='lat' dir='ltr'><strong>Serius</strong></span> <span class='ocrx_word' id='word_1_333' title='bbox 397 1360 512 1388; x_wconf 77' lang='lat' dir='ltr'><strong>etlicitur</strong></span> <span class='ocrx_word' id='word_1_334' title='bbox 531 1366 556 1388; x_wconf 91' lang='lat' dir='ltr'><strong>et</strong></span> <span class='ocrx_word' id='word_1_335' title='bbox 579 1361 716 1388; x_wconf 88' lang='lat' dir='ltr'><strong>obediens.</strong></span> <span class='ocrx_word' id='word_1_336' title='bbox 733 1362 916 1390; x_wconf 68' lang='lat' dir='ltr'><strong>Chauanaaum</strong></span> <span class='ocrx_word' id='word_1_337' title='bbox 933 1363 976 1391; x_wconf 85' lang='lat' dir='ltr'><strong>hic</strong></span> 
     </span>
    </p>
   </div>
   <div class='ocr_carea' id='block_1_44' title="bbox 188 1407 975 1443">
    <p class='ocr_par' dir='ltr' id='par_1_44' title="bbox 188 1407 975 1443">
     <span class='ocr_line' id='line_1_44' title="bbox 188 1407 975 1443; baseline 0.006 -12"><span class='ocrx_word' id='word_1_338' title='bbox 188 1413 299 1432; x_wconf 71' lang='lat' dir='ltr'><strong>carnem</strong></span> <span class='ocrx_word' id='word_1_339' title='bbox 327 1411 446 1433; x_wconf 89' lang='lat' dir='ltr'><strong>nostram</strong></span> <span class='ocrx_word' id='word_1_340' title='bbox 471 1407 651 1441; x_wconf 86' lang='lat' dir='ltr'><strong>accipiamus,</strong></span> <span class='ocrx_word' id='word_1_341' title='bbox 679 1408 720 1434; x_wconf 88' lang='lat' dir='ltr'><strong>vel</strong></span> <span class='ocrx_word' id='word_1_342' title='bbox 740 1415 770 1435; x_wconf 89' lang='lat' dir='ltr'><strong>ea</strong></span> <span class='ocrx_word' id='word_1_343' title='bbox 797 1416 858 1443; x_wconf 73' lang='lat' dir='ltr'><strong>qua:</strong></span> <span class='ocrx_word' id='word_1_344' title='bbox 884 1410 975 1436; x_wconf 88' lang='lat' dir='ltr'><strong>carnis</strong></span> 
     </span>
    </p>
   </div>
   <div class='ocr_carea' id='block_1_45' title="bbox 189 1450 975 1485">
    <p class='ocr_par' dir='ltr' id='par_1_45' title="bbox 189 1450 975 1485">
     <span class='ocr_line' id='line_1_45' title="bbox 189 1450 975 1485; baseline 0.003 -8"><span class='ocrx_word' id='word_1_345' title='bbox 189 1455 261 1477; x_wconf 82' lang='lat' dir='ltr'><strong>sunt.</strong></span> <span class='ocrx_word' id='word_1_346' title='bbox 291 1450 351 1478; x_wconf 66' lang='lat' dir='ltr'><strong>llaec</strong></span> <span class='ocrx_word' id='word_1_347' title='bbox 369 1452 458 1485; x_wconf 84' lang='lat' dir='ltr'><strong>primo</strong></span> <span class='ocrx_word' id='word_1_348' title='bbox 481 1451 620 1479; x_wconf 90' lang='lat' dir='ltr'><strong>nobiseum</strong></span> <span class='ocrx_word' id='word_1_349' title='bbox 647 1457 699 1485; x_wconf 87' lang='lat' dir='ltr'><strong>est,</strong></span> <span class='ocrx_word' id='word_1_350' title='bbox 732 1453 783 1480; x_wconf 89' lang='lat' dir='ltr'><strong>hoc</strong></span> <span class='ocrx_word' id='word_1_351' title='bbox 812 1459 853 1482; x_wconf 89' lang='lat' dir='ltr'><strong>est</strong></span> <span class='ocrx_word' id='word_1_352' title='bbox 879 1455 975 1481; x_wconf 74' lang='lat' dir='ltr'><strong>anima:</strong></span> 
     </span>
    </p>
   </div>
   <div class='ocr_carea' id='block_1_46' title="bbox 187 1497 973 1534">
    <p class='ocr_par' dir='ltr' id='par_1_46' title="bbox 187 1497 973 1534">
     <span class='ocr_line' id='line_1_46' title="bbox 187 1497 973 1534; baseline 0.004 -11"><span class='ocrx_word' id='word_1_353' title='bbox 187 1497 281 1532; x_wconf 75' lang='lat' dir='ltr'><strong>juncta</strong></span> <span class='ocrx_word' id='word_1_354' title='bbox 295 1501 352 1528; x_wconf 84' lang='lat' dir='ltr'><strong>est,</strong></span> <span class='ocrx_word' id='word_1_355' title='bbox 365 1497 410 1524; x_wconf 87' lang='lat' dir='ltr'><strong>sed</strong></span> <span class='ocrx_word' id='word_1_356' title='bbox 427 1505 479 1524; x_wconf 92' lang='lat' dir='ltr'><strong>non</strong></span> <span class='ocrx_word' id='word_1_357' title='bbox 493 1498 636 1530; x_wconf 85' lang='lat' dir='ltr'><strong>obedieus,</strong></span> <span class='ocrx_word' id='word_1_358' title='bbox 653 1498 702 1525; x_wconf 85' lang='lat' dir='ltr'><strong>nisi</strong></span> <span class='ocrx_word' id='word_1_359' title='bbox 721 1503 823 1526; x_wconf 86' lang='lat' dir='ltr'><strong>tantum</strong></span> <span class='ocrx_word' id='word_1_360' title='bbox 840 1500 910 1534; x_wconf 89' lang='lat' dir='ltr'><strong>quod</strong></span> <span class='ocrx_word' id='word_1_361' title='bbox 928 1500 973 1526; x_wconf 89' lang='lat' dir='ltr'><strong>tri-</strong></span> 
     </span>
    </p>
   </div>
   <div class='ocr_carea' id='block_1_47' title="bbox 189 1542 973 1579">
    <p class='ocr_par' dir='ltr' id='par_1_47' title="bbox 189 1542 973 1579">
     <span class='ocr_line' id='line_1_47' title="bbox 189 1542 973 1579; baseline 0 -10"><span class='ocrx_word' id='word_1_362' title='bbox 189 1542 253 1569; x_wconf 82' lang='lat' dir='ltr'><strong>bula</strong></span> <span class='ocrx_word' id='word_1_363' title='bbox 267 1543 398 1576; x_wconf 82' lang='lat' dir='ltr'><strong>dependet</strong></span> <span class='ocrx_word' id='word_1_364' title='bbox 414 1552 420 1569; x_wconf 93' lang='lat'><em>:</em></span> <span class='ocrx_word' id='word_1_365' title='bbox 438 1543 463 1569; x_wconf 93' lang='lat' dir='ltr'><strong>id</strong></span> <span class='ocrx_word' id='word_1_366' title='bbox 487 1547 528 1570; x_wconf 88' lang='lat' dir='ltr'><strong>est</strong></span> <span class='ocrx_word' id='word_1_367' title='bbox 554 1544 731 1570; x_wconf 77' lang='lat' dir='ltr'><strong>ministerium</strong></span> <span class='ocrx_word' id='word_1_368' title='bbox 749 1545 858 1578; x_wconf 85' lang='lat' dir='ltr'><strong>quidem</strong></span> <span class='ocrx_word' id='word_1_369' title='bbox 878 1545 973 1579; x_wconf 79' lang='lat' dir='ltr'><strong>agendi</strong></span> 
     </span>
    </p>
   </div>
   <div class='ocr_carea' id='block_1_48' title="bbox 190 1588 975 1623">
    <p class='ocr_par' dir='ltr' id='par_1_48' title="bbox 190 1588 975 1623">
     <span class='ocr_line' id='line_1_48' title="bbox 190 1588 975 1623; baseline 0.003 -10"><span class='ocrx_word' id='word_1_370' title='bbox 190 1588 289 1621; x_wconf 68' lang='lat' dir='ltr'><strong>aliquid</strong></span> <span class='ocrx_word' id='word_1_371' title='bbox 314 1588 432 1620; x_wconf 73' lang='lat' dir='ltr'><strong>exhibet,</strong></span> <span class='ocrx_word' id='word_1_372' title='bbox 460 1589 500 1615; x_wconf 93' lang='lat' dir='ltr'><strong>vcl</strong></span> <span class='ocrx_word' id='word_1_373' title='bbox 531 1589 678 1621; x_wconf 89' lang='lat' dir='ltr'><strong>movendi;</strong></span> <span class='ocrx_word' id='word_1_374' title='bbox 703 1590 870 1623; x_wconf 85' lang='lat' dir='ltr'><strong>concupiscit</strong></span> <span class='ocrx_word' id='word_1_375' title='bbox 887 1595 975 1616; x_wconf 89' lang='lat' dir='ltr'><strong>tamen</strong></span> 
     </span>
    </p>
   </div>
   <div class='ocr_carea' id='block_1_49' title="bbox 191 1634 975 1667">
    <p class='ocr_par' dir='ltr' id='par_1_49' title="bbox 191 1634 975 1667">
     <span class='ocr_line' id='line_1_49' title="bbox 191 1634 975 1667; baseline 0.004 -9"><span class='ocrx_word' id='word_1_376' title='bbox 191 1634 322 1659; x_wconf 77' lang='lat' dir='ltr'><strong>advorsus</strong></span> <span class='ocrx_word' id='word_1_377' title='bbox 340 1634 463 1667; x_wconf 88' lang='lat' dir='ltr'><strong>spiritunt</strong></span> <span class='ocrx_word' id='word_1_378' title='bbox 480 1638 506 1660; x_wconf 89' lang='lat' dir='ltr'><strong>et</strong></span> <span class='ocrx_word' id='word_1_379' title='bbox 530 1641 583 1660; x_wconf 90' lang='lat' dir='ltr'><strong>non</strong></span> <span class='ocrx_word' id='word_1_380' title='bbox 597 1640 638 1660; x_wconf 86' lang='lat' dir='ltr'><strong>est</strong></span> <span class='ocrx_word' id='word_1_381' title='bbox 652 1634 781 1661; x_wconf 88' lang='lat' dir='ltr'><strong>obediens</strong></span> <span class='ocrx_word' id='word_1_382' title='bbox 802 1635 913 1665; x_wconf 68' lang='lat' dir='ltr'><strong>anitum,</strong></span> <span class='ocrx_word' id='word_1_383' title='bbox 928 1635 975 1661; x_wconf 81' lang='lat' dir='ltr'><strong>sed</strong></span> 
     </span>
    </p>
   </div>
   <div class='ocr_carea' id='block_1_50' title="bbox 190 1678 975 1715">
    <p class='ocr_par' dir='ltr' id='par_1_50' title="bbox 190 1678 975 1715">
     <span class='ocr_line' id='line_1_50' title="bbox 190 1678 975 1715; baseline 0.006 -12"><span class='ocrx_word' id='word_1_384' title='bbox 190 1679 246 1704; x_wconf 84' lang='lat' dir='ltr'><strong>suis</strong></span> <span class='ocrx_word' id='word_1_385' title='bbox 262 1679 402 1705; x_wconf 82' lang='lat' dir='ltr'><strong>desideriis</strong></span> <span class='ocrx_word' id='word_1_386' title='bbox 419 1679 499 1708; x_wconf 81' lang='lat' dir='ltr'><strong>cedit.</strong></span> <span class='ocrx_word' id='word_1_387' title='bbox 518 1678 545 1705; x_wconf 91' lang='lat' dir='ltr'><strong>Si</strong></span> <span class='ocrx_word' id='word_1_388' title='bbox 564 1686 627 1705; x_wconf 90' lang='lat' dir='ltr'><strong>vero</strong></span> <span class='ocrx_word' id='word_1_389' title='bbox 644 1679 700 1713; x_wconf 87' lang='lat' dir='ltr'><strong>jam</strong></span> <span class='ocrx_word' id='word_1_390' title='bbox 726 1680 894 1714; x_wconf 84' lang='lat' dir='ltr'><strong>aliquantum</strong></span> <span class='ocrx_word' id='word_1_391' title='bbox 911 1689 975 1715; x_wconf 55' lang='lat' dir='ltr'><strong>pro.</strong></span> 
     </span>
    </p>
   </div>
   <div class='ocr_carea' id='block_1_51' title="bbox 192 1723 977 1757">
    <p class='ocr_par' dir='ltr' id='par_1_51' title="bbox 192 1723 977 1757">
     <span class='ocr_line' id='line_1_51' title="bbox 192 1723 977 1757; baseline 0.006 -10"><span class='ocrx_word' id='word_1_392' title='bbox 192 1723 352 1754; x_wconf 71' lang='lat' dir='ltr'><strong>fet-erimus,</strong></span> <span class='ocrx_word' id='word_1_393' title='bbox 369 1723 482 1750; x_wconf 72' lang='lat' dir='ltr'><strong>eﬁicitur</strong></span> <span class='ocrx_word' id='word_1_394' title='bbox 499 1724 575 1750; x_wconf 88' lang='lat' dir='ltr'><strong>nobis</strong></span> <span class='ocrx_word' id='word_1_395' title='bbox 592 1731 656 1749; x_wconf 87' lang='lat' dir='ltr'><strong>caro</strong></span> <span class='ocrx_word' id='word_1_396' title='bbox 679 1732 791 1757; x_wconf 85' lang='lat' dir='ltr'><strong>servus,</strong></span> <span class='ocrx_word' id='word_1_397' title='bbox 807 1730 834 1752; x_wconf 89' lang='lat' dir='ltr'><strong>et</strong></span> <span class='ocrx_word' id='word_1_398' title='bbox 849 1726 977 1752; x_wconf 87' lang='lat' dir='ltr'><strong>obcdieus</strong></span> 
     </span>
    </p>
   </div>
   <div class='ocr_carea' id='block_1_52' title="bbox 191 1767 977 1800">
    <p class='ocr_par' dir='ltr' id='par_1_52' title="bbox 191 1767 977 1800">
     <span class='ocr_line' id='line_1_52' title="bbox 191 1767 977 1800; baseline 0.004 -8"><span class='ocrx_word' id='word_1_399' title='bbox 191 1775 223 1792; x_wconf 86' lang='lat' dir='ltr'><strong>ac</strong></span> <span class='ocrx_word' id='word_1_400' title='bbox 250 1774 347 1800; x_wconf 79' lang='lat' dir='ltr'><strong>parens</strong></span> <span class='ocrx_word' id='word_1_401' title='bbox 371 1767 465 1793; x_wconf 77' lang='lat' dir='ltr'><strong>anian</strong></span> <span class='ocrx_word' id='word_1_402' title='bbox 478 1768 620 1794; x_wconf 84' lang='lat' dir='ltr'><strong>voluntati.</strong></span> <span class='ocrx_word' id='word_1_403' title='bbox 644 1767 676 1794; x_wconf 79' lang='lat' dir='ltr'><strong>Et</strong></span> <span class='ocrx_word' id='word_1_404' title='bbox 706 1769 754 1795; x_wconf 88' lang='lat' dir='ltr'><strong>iste</strong></span> <span class='ocrx_word' id='word_1_405' title='bbox 783 1773 824 1796; x_wconf 86' lang='lat' dir='ltr'><strong>est</strong></span> <span class='ocrx_word' id='word_1_406' title='bbox 844 1770 977 1796; x_wconf 87' lang='lat' dir='ltr'><strong>secundus</strong></span> 
     </span>
    </p>
   </div>
   <div class='ocr_carea' id='block_1_53' title="bbox 191 1811 977 1845">
    <p class='ocr_par' dir='ltr' id='par_1_53' title="bbox 191 1811 977 1845">
     <span class='ocr_line' id='line_1_53' title="bbox 191 1811 977 1845; baseline 0.006 -8"><span class='ocrx_word' id='word_1_407' title='bbox 191 1812 288 1838; x_wconf 78' lang='lat' dir='ltr'><strong>anima:</strong></span> <span class='ocrx_word' id='word_1_408' title='bbox 308 1811 457 1845; x_wconf 69' lang='lat' dir='ltr'><strong>profectus,</strong></span> <span class='ocrx_word' id='word_1_409' title='bbox 475 1820 535 1839; x_wconf 87' lang='lat' dir='ltr'><strong>cum</strong></span> <span class='ocrx_word' id='word_1_410' title='bbox 556 1813 606 1840; x_wconf 85' lang='lat' dir='ltr'><strong>sibi</strong></span> <span class='ocrx_word' id='word_1_411' title='bbox 628 1822 737 1841; x_wconf 86' lang='lat' dir='ltr'><strong>carnem</strong></span> <span class='ocrx_word' id='word_1_412' title='bbox 762 1820 789 1841; x_wconf 87' lang='lat' dir='ltr'><strong>et</strong></span> <span class='ocrx_word' id='word_1_413' title='bbox 809 1816 912 1842; x_wconf 76' lang='lat' dir='ltr'><strong>servire</strong></span> <span class='ocrx_word' id='word_1_414' title='bbox 938 1815 977 1842; x_wconf 85' lang='lat' dir='ltr'><strong>fe-</strong></span> 
     </span>
    </p>
   </div>
   <div class='ocr_carea' id='block_1_54' title="bbox 190 1857 976 1894">
    <p class='ocr_par' dir='ltr' id='par_1_54' title="bbox 190 1857 976 1894">
     <span class='ocr_line' id='line_1_54' title="bbox 190 1857 976 1894; baseline 0.003 -10"><span class='ocrx_word' id='word_1_415' title='bbox 190 1858 258 1884; x_wconf 71' lang='lat' dir='ltr'><strong>cerit</strong></span> <span class='ocrx_word' id='word_1_416' title='bbox 273 1862 300 1884; x_wconf 92' lang='lat' dir='ltr'><strong>et</strong></span> <span class='ocrx_word' id='word_1_417' title='bbox 316 1858 435 1885; x_wconf 85' lang='lat' dir='ltr'><strong>obedire.</strong></span> <span class='ocrx_word' id='word_1_418' title='bbox 453 1857 574 1885; x_wconf 87' lang='lat' dir='ltr'><strong>Tertium</strong></span> <span class='ocrx_word' id='word_1_419' title='bbox 589 1867 653 1885; x_wconf 86' lang='lat' dir='ltr'><strong>vero</strong></span> <span class='ocrx_word' id='word_1_420' title='bbox 666 1864 722 1892; x_wconf 86' lang='lat' dir='ltr'><strong>est,</strong></span> <span class='ocrx_word' id='word_1_421' title='bbox 737 1859 809 1894; x_wconf 88' lang='lat' dir='ltr'><strong>quod</strong></span> <span class='ocrx_word' id='word_1_422' title='bbox 827 1859 976 1894; x_wconf 83' lang='lat' dir='ltr'><strong>perfectum</strong></span> 
     </span>
    </p>
   </div>
   <div class='ocr_carea' id='block_1_55' title="bbox 190 1903 977 1939">
    <p class='ocr_par' dir='ltr' id='par_1_55' title="bbox 190 1903 977 1939">
     <span class='ocr_line' id='line_1_55' title="bbox 190 1903 977 1939; baseline 0.003 -10"><span class='ocrx_word' id='word_1_423' title='bbox 190 1908 242 1929; x_wconf 81' lang='lat' dir='ltr'><strong>est.</strong></span> <span class='ocrx_word' id='word_1_424' title='bbox 259 1903 286 1929; x_wconf 81' lang='lat' dir='ltr'><strong>Si</strong></span> <span class='ocrx_word' id='word_1_425' title='bbox 315 1904 385 1930; x_wconf 87' lang='lat' dir='ltr'><strong>enim</strong></span> <span class='ocrx_word' id='word_1_426' title='bbox 407 1904 463 1938; x_wconf 89' lang='lat' dir='ltr'><strong>jam</strong></span> <span class='ocrx_word' id='word_1_427' title='bbox 487 1905 628 1931; x_wconf 84' lang='lat' dir='ltr'><strong>veniamus</strong></span> <span class='ocrx_word' id='word_1_428' title='bbox 650 1905 683 1931; x_wconf 90' lang='lat' dir='ltr'><strong>ad</strong></span> <span class='ocrx_word' id='word_1_429' title='bbox 707 1905 870 1939; x_wconf 81' lang='lat' dir='ltr'><strong>perfectum.</strong></span> <span class='ocrx_word' id='word_1_430' title='bbox 893 1905 977 1932; x_wconf 87' lang='lat' dir='ltr'><strong>etiam</strong></span> 
     </span>
    </p>
   </div>
   <div class='ocr_carea' id='block_1_56' title="bbox 190 1949 976 1982">
    <p class='ocr_par' dir='ltr' id='par_1_56' title="bbox 190 1949 976 1982">
     <span class='ocr_line' id='line_1_56' title="bbox 190 1949 976 1982; baseline 0.001 -6"><span class='ocrx_word' id='word_1_431' title='bbox 190 1949 412 1976; x_wconf 82' lang='lat' dir='ltr'><strong>extcrtninaudns</strong></span> <span class='ocrx_word' id='word_1_432' title='bbox 436 1950 512 1976; x_wconf 86' lang='lat' dir='ltr'><strong>nobis</strong></span> <span class='ocrx_word' id='word_1_433' title='bbox 528 1950 626 1976; x_wconf 88' lang='lat' dir='ltr'><strong>dicitur</strong></span> <span class='ocrx_word' id='word_1_434' title='bbox 641 1950 824 1982; x_wconf 80' lang='lat' dir='ltr'><strong>Chauameus,</strong></span> <span class='ocrx_word' id='word_1_435' title='bbox 849 1957 876 1978; x_wconf 81' lang='lat' dir='ltr'><strong>et</strong></span> <span class='ocrx_word' id='word_1_436' title='bbox 898 1952 976 1978; x_wconf 89' lang='lat' dir='ltr'><strong>tnorti</strong></span> 
     </span>
    </p>
   </div>
   <div class='ocr_carea' id='block_1_57' title="bbox 193 1995 978 2028">
    <p class='ocr_par' dir='ltr' id='par_1_57' title="bbox 193 1995 978 2028">
     <span class='ocr_line' id='line_1_57' title="bbox 193 1995 978 2028; baseline 0.003 -8"><span class='ocrx_word' id='word_1_437' title='bbox 193 1995 346 2021; x_wconf 83' lang='lat' dir='ltr'><strong>tradendus.</strong></span> <span class='ocrx_word' id='word_1_438' title='bbox 371 1995 510 2028; x_wconf 86' lang='lat' dir='ltr'><strong>Quomodo</strong></span> <span class='ocrx_word' id='word_1_439' title='bbox 533 1999 622 2021; x_wconf 88' lang='lat' dir='ltr'><strong>autem</strong></span> <span class='ocrx_word' id='word_1_440' title='bbox 642 1996 692 2022; x_wconf 92' lang='lat' dir='ltr'><strong>hoc</strong></span> <span class='ocrx_word' id='word_1_441' title='bbox 727 1997 754 2023; x_wconf 91' lang='lat' dir='ltr'><strong>in</strong></span> <span class='ocrx_word' id='word_1_442' title='bbox 779 2001 871 2023; x_wconf 88' lang='lat' dir='ltr'><strong>ttostra</strong></span> <span class='ocrx_word' id='word_1_443' title='bbox 895 2003 978 2023; x_wconf 84' lang='lat' dir='ltr'><strong>carne</strong></span> 
     </span>
    </p>
   </div>
   <div class='ocr_carea' id='block_1_58' title="bbox 191 2039 976 2075">
    <p class='ocr_par' dir='ltr' id='par_1_58' title="bbox 191 2039 976 2075">
     <span class='ocr_line' id='line_1_58' title="bbox 191 2039 976 2075; baseline 0.003 -10"><span class='ocrx_word' id='word_1_444' title='bbox 191 2039 354 2074; x_wconf 78' lang='lat' dir='ltr'><strong>completur,</strong></span> <span class='ocrx_word' id='word_1_445' title='bbox 384 2041 445 2067; x_wconf 86' lang='lat' dir='ltr'><strong>audi</strong></span> <span class='ocrx_word' id='word_1_446' title='bbox 466 2042 614 2075; x_wconf 86' lang='lat' dir='ltr'><strong>apostolum</strong></span> <span class='ocrx_word' id='word_1_447' title='bbox 643 2042 754 2068; x_wconf 84' lang='lat' dir='ltr'><strong>Paulum</strong></span> <span class='ocrx_word' id='word_1_448' title='bbox 784 2042 918 2068; x_wconf 81' lang='lat' dir='ltr'><strong>dicentem</strong></span> <span class='ocrx_word' id='word_1_449' title='bbox 941 2041 976 2068; x_wconf 64' lang='lat'><strong>5:</strong></span> 
     </span>
    </p>
   </div>
   <div class='ocr_carea' id='block_1_59' title="bbox 194 2085 977 2121">
    <p class='ocr_par' dir='ltr' id='par_1_59' title="bbox 194 2085 977 2121">
     <span class='ocr_line' id='line_1_59' title="bbox 194 2085 977 2121; baseline 0.003 -11"><span class='ocrx_word' id='word_1_450' title='bbox 194 2093 204 2110; x_wconf 73' lang='grc' dir='ltr'><strong>ι</strong></span> <span class='ocrx_word' id='word_1_451' title='bbox 223 2085 382 2112; x_wconf 82' lang='lat' dir='ltr'><strong>Mortiﬁcate</strong></span> <span class='ocrx_word' id='word_1_452' title='bbox 394 2086 512 2112; x_wconf 88' lang='lat' dir='ltr'><strong>tnembra</strong></span> <span class='ocrx_word' id='word_1_453' title='bbox 526 2091 614 2113; x_wconf 89' lang='lat' dir='ltr'><strong>vestra</strong></span> <span class='ocrx_word' id='word_1_454' title='bbox 627 2095 685 2121; x_wconf 71' lang='lat' dir='ltr'><strong>qua:</strong></span> <span class='ocrx_word' id='word_1_455' title='bbox 698 2092 760 2114; x_wconf 88' lang='lat' dir='ltr'><strong>sttnt</strong></span> <span class='ocrx_word' id='word_1_456' title='bbox 776 2094 855 2121; x_wconf 87' lang='lat' dir='ltr'><strong>super</strong></span> <span class='ocrx_word' id='word_1_457' title='bbox 868 2091 977 2118; x_wconf 83' lang='lat' dir='ltr'><strong>terram,</strong></span> 
     </span>
    </p>
   </div>
   <div class='ocr_carea' id='block_1_60' title="bbox 193 2129 977 2165">
    <p class='ocr_par' dir='ltr' id='par_1_60' title="bbox 193 2129 977 2165">
     <span class='ocr_line' id='line_1_60' title="bbox 193 2129 977 2165; baseline 0.004 -10"><span class='ocrx_word' id='word_1_458' title='bbox 193 2129 414 2162; x_wconf 71' lang='lat' dir='ltr'><strong>fornicationem,</strong></span> <span class='ocrx_word' id='word_1_459' title='bbox 434 2130 650 2163; x_wconf 76' lang='lat' dir='ltr'><strong>immunditiam,</strong></span> <span class='ocrx_word' id='word_1_460' title='bbox 670 2141 678 2156; x_wconf 74' lang='grc' dir='ltr'><strong>ι</strong></span> <span class='ocrx_word' id='word_1_461' title='bbox 697 2136 726 2158; x_wconf 90' lang='lat' dir='ltr'><strong>et</strong></span> <span class='ocrx_word' id='word_1_462' title='bbox 745 2136 840 2158; x_wconf 73' lang='lat' dir='ltr'><strong>ctelera</strong></span> <span class='ocrx_word' id='word_1_463' title='bbox 852 2138 912 2165; x_wconf 61' lang='lat' dir='ltr'><strong>quae</strong></span> <span class='ocrx_word' id='word_1_464' title='bbox 933 2138 977 2158; x_wconf 88' lang='lat' dir='ltr'><strong>se-</strong></span> 
     </span>
    </p>
   </div>
   <div class='ocr_carea' id='block_1_61' title="bbox 1026 907 1806 943">
    <p class='ocr_par' dir='ltr' id='par_1_61' title="bbox 1026 907 1806 943">
     <span class='ocr_line' id='line_1_61' title="bbox 1026 907 1806 943; baseline 0.001 -9"><span class='ocrx_word' id='word_1_465' title='bbox 1026 914 1085 935; x_wconf 91' lang='lat' dir='ltr'><strong>ctor</strong></span> <span class='ocrx_word' id='word_1_466' title='bbox 1101 912 1128 934; x_wconf 84' lang='lat' dir='ltr'><strong>et</strong></span> <span class='ocrx_word' id='word_1_467' title='bbox 1142 915 1187 934; x_wconf 81' lang='lat' dir='ltr'><strong>rex</strong></span> <span class='ocrx_word' id='word_1_468' title='bbox 1204 908 1321 942; x_wconf 88' lang='lat' dir='ltr'><strong>peccati,</strong></span> <span class='ocrx_word' id='word_1_469' title='bbox 1340 907 1401 934; x_wconf 72' lang='lat' dir='ltr'><strong>ﬁlize</strong></span> <span class='ocrx_word' id='word_1_470' title='bbox 1417 916 1482 941; x_wconf 72' lang='lat' dir='ltr'><strong>sum,</strong></span> <span class='ocrx_word' id='word_1_471' title='bbox 1498 916 1558 943; x_wconf 65' lang='lat' dir='ltr'><strong>qua:</strong></span> <span class='ocrx_word' id='word_1_472' title='bbox 1578 913 1620 936; x_wconf 88' lang='lat' dir='ltr'><strong>est</strong></span> <span class='ocrx_word' id='word_1_473' title='bbox 1637 909 1678 936; x_wconf 83' lang='lat' dir='ltr'><strong>lex</strong></span> <span class='ocrx_word' id='word_1_474' title='bbox 1695 909 1806 943; x_wconf 84' lang='lat' dir='ltr'><strong>peceati,</strong></span> 
     </span>
    </p>
   </div>
   <div class='ocr_carea' id='block_1_62' title="bbox 1026 953 1807 988">
    <p class='ocr_par' dir='ltr' id='par_1_62' title="bbox 1026 953 1807 988">
     <span class='ocr_line' id='line_1_62' title="bbox 1026 953 1807 988; baseline 0.001 -9"><span class='ocrx_word' id='word_1_475' title='bbox 1026 953 1144 980; x_wconf 84' lang='lat' dir='ltr'><strong>animam</strong></span> <span class='ocrx_word' id='word_1_476' title='bbox 1161 960 1220 988; x_wconf 64' lang='lat' dir='ltr'><strong>qua:</strong></span> <span class='ocrx_word' id='word_1_477' title='bbox 1238 953 1384 980; x_wconf 82' lang='lat' dir='ltr'><strong>carnaliter</strong></span> <span class='ocrx_word' id='word_1_478' title='bbox 1403 953 1511 984; x_wconf 82' lang='lat' dir='ltr'><strong>vixerit,</strong></span> <span class='ocrx_word' id='word_1_479' title='bbox 1534 953 1561 979; x_wconf 92' lang='lat' dir='ltr'><strong>in</strong></span> <span class='ocrx_word' id='word_1_480' title='bbox 1579 953 1668 980; x_wconf 89' lang='lat' dir='ltr'><strong>doletn</strong></span> <span class='ocrx_word' id='word_1_481' title='bbox 1685 953 1807 981; x_wconf 80' lang='lat' dir='ltr'><strong>conscri-</strong></span> 
     </span>
    </p>
   </div>
   <div class='ocr_carea' id='block_1_63' title="bbox 1025 1000 1074 1028">
    <p class='ocr_par' dir='ltr' id='par_1_63' title="bbox 1025 1000 1074 1028">
     <span class='ocr_line' id='line_1_63' title="bbox 1025 1000 1074 1028; baseline -0.041 0"><span class='ocrx_word' id='word_1_482' title='bbox 1025 1000 1074 1028; x_wconf 87' lang='lat' dir='ltr'><strong>bit.</strong></span> 
     </span>
    </p>
   </div>
   <div class='ocr_carea' id='block_1_64' title="bbox 1060 1043 1808 1078">
    <p class='ocr_par' dir='ltr' id='par_1_64' title="bbox 1060 1043 1808 1078">
     <span class='ocr_line' id='line_1_64' title="bbox 1060 1043 1808 1078; baseline -0.004 -6"><span class='ocrx_word' id='word_1_483' title='bbox 1060 1045 1087 1072; x_wconf 74' lang='grc'><em>4.</em></span> <span class='ocrx_word' id='word_1_484' title='bbox 1113 1044 1176 1071; x_wconf 78' lang='lat' dir='ltr'><strong>Post</strong></span> <span class='ocrx_word' id='word_1_485' title='bbox 1196 1044 1252 1071; x_wconf 74' lang='lat' dir='ltr'><strong>hazc</strong></span> <span class='ocrx_word' id='word_1_486' title='bbox 1277 1044 1358 1070; x_wconf 87' lang='lat' dir='ltr'><strong>etiam</strong></span> <span class='ocrx_word' id='word_1_487' title='bbox 1381 1044 1433 1071; x_wconf 90' lang='lat' dir='ltr'><strong>hoc</strong></span> <span class='ocrx_word' id='word_1_488' title='bbox 1448 1043 1592 1070; x_wconf 82' lang='lat' dir='ltr'><strong>videndum</strong></span> <span class='ocrx_word' id='word_1_489' title='bbox 1610 1048 1662 1075; x_wconf 87' lang='lat' dir='ltr'><strong>est,</strong></span> <span class='ocrx_word' id='word_1_490' title='bbox 1680 1043 1754 1078; x_wconf 86' lang='lat' dir='ltr'><strong>quod</strong></span> <span class='ocrx_word' id='word_1_491' title='bbox 1766 1043 1808 1069; x_wconf 93' lang='lat' dir='ltr'><strong>ﬁlii</strong></span> 
     </span>
    </p>
   </div>
   <div class='ocr_carea' id='block_1_65' title="bbox 1020 1080 1809 1125">
    <p class='ocr_par' dir='ltr' id='par_1_65' title="bbox 1020 1080 1809 1125">
     <span class='ocr_line' id='line_1_65' title="bbox 1020 1080 1809 1125; baseline -0.005 -8"><span class='ocrx_word' id='word_1_492' title='bbox 1020 1080 1123 1125; x_wconf 18' lang='lat' dir='ltr'><strong>rJoseph</strong></span> <span class='ocrx_word' id='word_1_493' title='bbox 1141 1089 1317 1124; x_wconf 68' lang='lat' dir='ltr'><strong>quaestionem</strong></span> <span class='ocrx_word' id='word_1_494' title='bbox 1343 1088 1500 1116; x_wconf 88' lang='lat' dir='ltr'><strong>moventde</strong></span> <span class='ocrx_word' id='word_1_495' title='bbox 1523 1087 1703 1120; x_wconf 67' lang='lat' dir='ltr'><strong>haereditate,</strong></span> <span class='ocrx_word' id='word_1_496' title='bbox 1730 1088 1809 1121; x_wconf 79' lang='lat' dir='ltr'><strong>majo—</strong></span> 
     </span>
    </p>
   </div>
   <div class='ocr_carea' id='block_1_66' title="bbox 1026 1132 1810 1168">
    <p class='ocr_par' dir='ltr' id='par_1_66' title="bbox 1026 1132 1810 1168">
     <span class='ocr_line' id='line_1_66' title="bbox 1026 1132 1810 1168; baseline -0.004 -5"><span class='ocrx_word' id='word_1_497' title='bbox 1026 1143 1082 1164; x_wconf 83' lang='lat' dir='ltr'><strong>rem</strong></span> <span class='ocrx_word' id='word_1_498' title='bbox 1097 1140 1198 1162; x_wconf 89' lang='lat' dir='ltr'><strong>sortem</strong></span> <span class='ocrx_word' id='word_1_499' title='bbox 1211 1134 1492 1168; x_wconf 85' lang='lat' dir='ltr'><strong>requirnnt,dicentes</strong></span> <span class='ocrx_word' id='word_1_500' title='bbox 1505 1134 1538 1160; x_wconf 87' lang='lat' dir='ltr'><strong>ad</strong></span> <span class='ocrx_word' id='word_1_501' title='bbox 1547 1132 1637 1160; x_wconf 69' lang='lat' dir='ltr'><strong>Iesum</strong></span> <span class='ocrx_word' id='word_1_502' title='bbox 1647 1133 1658 1148; x_wconf 77' lang='grc'>⁸</span> <span class='ocrx_word' id='word_1_503' title='bbox 1674 1141 1682 1160; x_wconf 92' lang='lat'><strong>:</strong></span> <span class='ocrx_word' id='word_1_504' title='bbox 1700 1143 1709 1159; x_wconf 76' lang='grc' dir='ltr'><strong>ι</strong></span> <span class='ocrx_word' id='word_1_505' title='bbox 1723 1134 1810 1166; x_wconf 78' lang='lat' dir='ltr'><strong>Quare</strong></span> 
     </span>
    </p>
   </div>
   <div class='ocr_carea' id='block_1_67' title="bbox 1027 1179 1807 1215">
    <p class='ocr_par' dir='ltr' id='par_1_67' title="bbox 1027 1179 1807 1215">
     <span class='ocr_line' id='line_1_67' title="bbox 1027 1179 1807 1215; baseline -0.005 -6"><span class='ocrx_word' id='word_1_506' title='bbox 1027 1181 1105 1209; x_wconf 89' lang='lat' dir='ltr'><strong>nobis</strong></span> <span class='ocrx_word' id='word_1_507' title='bbox 1122 1180 1219 1208; x_wconf 86' lang='lat' dir='ltr'><strong>dedisti</strong></span> <span class='ocrx_word' id='word_1_508' title='bbox 1245 1180 1411 1206; x_wconf 71' lang='lat' dir='ltr'><strong>hmreditatis</strong></span> <span class='ocrx_word' id='word_1_509' title='bbox 1426 1184 1528 1206; x_wconf 86' lang='lat' dir='ltr'><strong>sortem</strong></span> <span class='ocrx_word' id='word_1_510' title='bbox 1545 1179 1601 1215; x_wconf 85' lang='lat'><strong>(86)</strong></span> <span class='ocrx_word' id='word_1_511' title='bbox 1615 1187 1707 1211; x_wconf 85' lang='lat' dir='ltr'><strong>unam,</strong></span> <span class='ocrx_word' id='word_1_512' title='bbox 1727 1184 1754 1205; x_wconf 89' lang='lat' dir='ltr'><strong>et</strong></span> <span class='ocrx_word' id='word_1_513' title='bbox 1765 1186 1807 1213; x_wconf 85' lang='lat' dir='ltr'><strong>pe-</strong></span> 
     </span>
    </p>
   </div>
   <div class='ocr_carea' id='block_1_68' title="bbox 1027 1224 1809 1259">
    <p class='ocr_par' dir='ltr' id='par_1_68' title="bbox 1027 1224 1809 1259">
     <span class='ocr_line' id='line_1_68' title="bbox 1027 1224 1809 1259; baseline -0.004 -6"><span class='ocrx_word' id='word_1_514' title='bbox 1027 1227 1149 1254; x_wconf 87' lang='lat' dir='ltr'><strong>datttram</strong></span> <span class='ocrx_word' id='word_1_515' title='bbox 1165 1224 1268 1252; x_wconf 81' lang='lat' dir='ltr'><strong>unam?</strong></span> <span class='ocrx_word' id='word_1_516' title='bbox 1286 1224 1342 1258; x_wconf 78' lang='lat' dir='ltr'><strong>Ego</strong></span> <span class='ocrx_word' id='word_1_517' title='bbox 1354 1230 1446 1251; x_wconf 88' lang='lat' dir='ltr'><strong>atttetn</strong></span> <span class='ocrx_word' id='word_1_518' title='bbox 1460 1225 1573 1259; x_wconf 88' lang='lat' dir='ltr'><strong>populus</strong></span> <span class='ocrx_word' id='word_1_519' title='bbox 1585 1225 1685 1251; x_wconf 87' lang='lat' dir='ltr'><strong>multus</strong></span> <span class='ocrx_word' id='word_1_520' title='bbox 1699 1231 1773 1254; x_wconf 90' lang='lat' dir='ltr'><strong>sum,</strong></span> <span class='ocrx_word' id='word_1_521' title='bbox 1786 1228 1809 1250; x_wconf 84' lang='lat' dir='ltr'><strong>et</strong></span> 
     </span>
    </p>
   </div>
   <div class='ocr_carea' id='block_1_69' title="bbox 1027 1269 1809 1304">
    <p class='ocr_par' dir='ltr' id='par_1_69' title="bbox 1027 1269 1809 1304">
     <span class='ocr_line' id='line_1_69' title="bbox 1027 1269 1809 1304; baseline -0.004 -7"><span class='ocrx_word' id='word_1_522' title='bbox 1027 1271 1156 1298; x_wconf 87' lang='lat' dir='ltr'><strong>Dominus</strong></span> <span class='ocrx_word' id='word_1_523' title='bbox 1172 1270 1311 1297; x_wconf 88' lang='lat' dir='ltr'><strong>bettedixit</strong></span> <span class='ocrx_word' id='word_1_524' title='bbox 1329 1276 1382 1296; x_wconf 90' lang='lat' dir='ltr'><strong>me.</strong></span> <span class='ocrx_word' id='word_1_525' title='bbox 1410 1278 1419 1295; x_wconf 84' lang='grc'><strong>›</strong></span> <span class='ocrx_word' id='word_1_526' title='bbox 1445 1269 1473 1296; x_wconf 89' lang='lat' dir='ltr'><strong>Si</strong></span> <span class='ocrx_word' id='word_1_527' title='bbox 1501 1276 1566 1304; x_wconf 78' lang='lat' dir='ltr'><strong>ergo</strong></span> <span class='ocrx_word' id='word_1_528' title='bbox 1587 1274 1614 1296; x_wconf 89' lang='lat' dir='ltr'><strong>et</strong></span> <span class='ocrx_word' id='word_1_529' title='bbox 1629 1276 1678 1296; x_wconf 88' lang='lat' dir='ltr'><strong>nos</strong></span> <span class='ocrx_word' id='word_1_530' title='bbox 1694 1269 1809 1303; x_wconf 75' lang='lat' dir='ltr'><strong>populus</strong></span> 
     </span>
    </p>
   </div>
   <div class='ocr_carea' id='block_1_70' title="bbox 1027 1315 1805 1348">
    <p class='ocr_par' dir='ltr' id='par_1_70' title="bbox 1027 1315 1805 1348">
     <span class='ocr_line' id='line_1_70' title="bbox 1027 1315 1805 1348; baseline -0.006 -3"><span class='ocrx_word' id='word_1_531' title='bbox 1027 1318 1112 1345; x_wconf 86' lang='lat' dir='ltr'><strong>simus</strong></span> <span class='ocrx_word' id='word_1_532' title='bbox 1136 1316 1249 1348; x_wconf 85' lang='lat' dir='ltr'><strong>utullus,</strong></span> <span class='ocrx_word' id='word_1_533' title='bbox 1265 1319 1292 1343; x_wconf 87' lang='lat' dir='ltr'><strong>et</strong></span> <span class='ocrx_word' id='word_1_534' title='bbox 1311 1315 1455 1342; x_wconf 84' lang='lat' dir='ltr'><strong>hencdieat</strong></span> <span class='ocrx_word' id='word_1_535' title='bbox 1479 1323 1528 1342; x_wconf 88' lang='lat' dir='ltr'><strong>nos</strong></span> <span class='ocrx_word' id='word_1_536' title='bbox 1547 1315 1688 1347; x_wconf 86' lang='lat' dir='ltr'><strong>Dominus,</strong></span> <span class='ocrx_word' id='word_1_537' title='bbox 1716 1315 1805 1341; x_wconf 61' lang='lat' dir='ltr'><strong>audie-</strong></span> 
     </span>
    </p>
   </div>
   <div class='ocr_carea' id='block_1_71' title="bbox 1028 1359 1810 1395">
    <p class='ocr_par' dir='ltr' id='par_1_71' title="bbox 1028 1359 1810 1395">
     <span class='ocr_line' id='line_1_71' title="bbox 1028 1359 1810 1395; baseline -0.005 -5"><span class='ocrx_word' id='word_1_538' title='bbox 1028 1371 1088 1390; x_wconf 88' lang='lat' dir='ltr'><strong>mus</strong></span> <span class='ocrx_word' id='word_1_539' title='bbox 1111 1363 1145 1389; x_wconf 88' lang='lat' dir='ltr'><strong>ab</strong></span> <span class='ocrx_word' id='word_1_540' title='bbox 1164 1362 1226 1388; x_wconf 80' lang='lat' dir='ltr'><strong>Jesu</strong></span> <span class='ocrx_word' id='word_1_541' title='bbox 1241 1361 1251 1377; x_wconf 83' lang='grc'>⁹</span> <span class='ocrx_word' id='word_1_542' title='bbox 1268 1371 1273 1388; x_wconf 95' lang='lat'>:</span> <span class='ocrx_word' id='word_1_543' title='bbox 1292 1370 1301 1387; x_wconf 77' lang='grc' dir='ltr'><strong>ι</strong></span> <span class='ocrx_word' id='word_1_544' title='bbox 1321 1360 1439 1395; x_wconf 81' lang='lat' dir='ltr'><strong>Populus</strong></span> <span class='ocrx_word' id='word_1_545' title='bbox 1463 1360 1563 1387; x_wconf 90' lang='lat' dir='ltr'><strong>tttultus</strong></span> <span class='ocrx_word' id='word_1_546' title='bbox 1577 1367 1618 1392; x_wconf 85' lang='lat' dir='ltr'><strong>es,</strong></span> <span class='ocrx_word' id='word_1_547' title='bbox 1639 1360 1762 1386; x_wconf 80' lang='lat' dir='ltr'><strong>ascende</strong></span> <span class='ocrx_word' id='word_1_548' title='bbox 1784 1359 1810 1386; x_wconf 85' lang='lat' dir='ltr'><strong>in</strong></span> 
     </span>
    </p>
   </div>
   <div class='ocr_carea' id='block_1_72' title="bbox 1027 1404 1808 1440">
    <p class='ocr_par' dir='ltr' id='par_1_72' title="bbox 1027 1404 1808 1440">
     <span class='ocr_line' id='line_1_72' title="bbox 1027 1404 1808 1440; baseline -0.006 -6"><span class='ocrx_word' id='word_1_549' title='bbox 1027 1408 1137 1440; x_wconf 86' lang='lat' dir='ltr'><strong>saltum,</strong></span> <span class='ocrx_word' id='word_1_550' title='bbox 1153 1411 1181 1433; x_wconf 91' lang='lat' dir='ltr'><strong>et</strong></span> <span class='ocrx_word' id='word_1_551' title='bbox 1200 1406 1298 1433; x_wconf 88' lang='lat' dir='ltr'><strong>munda</strong></span> <span class='ocrx_word' id='word_1_552' title='bbox 1311 1405 1358 1433; x_wconf 89' lang='lat' dir='ltr'><strong>tibi</strong></span> <span class='ocrx_word' id='word_1_553' title='bbox 1375 1406 1436 1440; x_wconf 88' lang='lat' dir='ltr'><strong>ipsi,</strong></span> <span class='ocrx_word' id='word_1_554' title='bbox 1451 1410 1478 1431; x_wconf 90' lang='lat' dir='ltr'><strong>et</strong></span> <span class='ocrx_word' id='word_1_555' title='bbox 1493 1412 1557 1439; x_wconf 83' lang='lat' dir='ltr'><strong>para</strong></span> <span class='ocrx_word' id='word_1_556' title='bbox 1575 1404 1663 1431; x_wconf 91' lang='lat' dir='ltr'><strong>locum</strong></span> <span class='ocrx_word' id='word_1_557' title='bbox 1686 1404 1714 1430; x_wconf 87' lang='lat' dir='ltr'><strong>in</strong></span> <span class='ocrx_word' id='word_1_558' title='bbox 1729 1409 1808 1430; x_wconf 86' lang='lat' dir='ltr'><strong>terra.</strong></span> 
     </span>
    </p>
   </div>
   <div class='ocr_carea' id='block_1_73' title="bbox 1028 1449 1809 1488">
    <p class='ocr_par' dir='ltr' id='par_1_73' title="bbox 1028 1449 1809 1488">
     <span class='ocr_line' id='line_1_73' title="bbox 1028 1449 1809 1488; baseline -0.005 -9"><span class='ocrx_word' id='word_1_559' title='bbox 1028 1453 1155 1488; x_wconf 75' lang='lat' dir='ltr'><strong>Expurga</strong></span> <span class='ocrx_word' id='word_1_560' title='bbox 1180 1452 1338 1479; x_wconf 67' lang='lat' dir='ltr'><strong>Phereza‘os</strong></span> <span class='ocrx_word' id='word_1_561' title='bbox 1368 1455 1395 1478; x_wconf 89' lang='lat' dir='ltr'><strong>et</strong></span> <span class='ocrx_word' id='word_1_562' title='bbox 1421 1451 1565 1485; x_wconf 81' lang='lat' dir='ltr'><strong>Raphaim.</strong></span> <span class='ocrx_word' id='word_1_563' title='bbox 1596 1460 1605 1475; x_wconf 73' lang='grc' dir='ltr'><strong>ι</strong></span> <span class='ocrx_word' id='word_1_564' title='bbox 1633 1449 1754 1476; x_wconf 84' lang='lat' dir='ltr'><strong>Necesse</strong></span> <span class='ocrx_word' id='word_1_565' title='bbox 1771 1454 1809 1476; x_wconf 87' lang='lat' dir='ltr'><strong>est</strong></span> 
     </span>
    </p>
   </div>
   <div class='ocr_carea' id='block_1_74' title="bbox 1028 1494 1811 1533">
    <p class='ocr_par' dir='ltr' id='par_1_74' title="bbox 1028 1494 1811 1533">
     <span class='ocr_line' id='line_1_74' title="bbox 1028 1494 1811 1533; baseline -0.006 -8"><span class='ocrx_word' id='word_1_566' title='bbox 1028 1506 1092 1533; x_wconf 75' lang='lat' dir='ltr'><strong>ergo</strong></span> <span class='ocrx_word' id='word_1_567' title='bbox 1106 1505 1154 1524; x_wconf 92' lang='lat' dir='ltr'><strong>nos</strong></span> <span class='ocrx_word' id='word_1_568' title='bbox 1169 1497 1269 1531; x_wconf 80' lang='lat' dir='ltr'><strong>ejicere</strong></span> <span class='ocrx_word' id='word_1_569' title='bbox 1288 1497 1456 1524; x_wconf 72' lang='lat' dir='ltr'><strong>Pltereztros.</strong></span> <span class='ocrx_word' id='word_1_570' title='bbox 1477 1495 1629 1522; x_wconf 72' lang='lat' dir='ltr'><strong>Invenimus</strong></span> <span class='ocrx_word' id='word_1_571' title='bbox 1640 1500 1734 1521; x_wconf 84' lang='lat' dir='ltr'><strong>autem</strong></span> <span class='ocrx_word' id='word_1_572' title='bbox 1747 1494 1811 1521; x_wconf 78' lang='lat' dir='ltr'><strong>Phe-</strong></span> 
     </span>
    </p>
   </div>
   <div class='ocr_carea' id='block_1_75' title="bbox 1029 1540 1812 1576">
    <p class='ocr_par' dir='ltr' id='par_1_75' title="bbox 1029 1540 1812 1576">
     <span class='ocr_line' id='line_1_75' title="bbox 1029 1540 1812 1576; baseline -0.005 -6"><span class='ocrx_word' id='word_1_573' title='bbox 1029 1551 1130 1570; x_wconf 69' lang='grc' dir='ltr'>τοιωοε</span> <span class='ocrx_word' id='word_1_574' title='bbox 1145 1542 1316 1576; x_wconf 79' lang='lat' dir='ltr'><strong>interpretari</strong></span> <span class='ocrx_word' id='word_1_575' title='bbox 1334 1542 1568 1576; x_wconf 79' lang='lat' dir='ltr'><strong>[ructiﬁcationem</strong></span> <span class='ocrx_word' id='word_1_576' title='bbox 1583 1540 1651 1575; x_wconf 84' lang='lat'><strong>(87).</strong></span> <span class='ocrx_word' id='word_1_577' title='bbox 1671 1541 1740 1572; x_wconf 88' lang='lat' dir='ltr'><strong>Sed,</strong></span> <span class='ocrx_word' id='word_1_578' title='bbox 1760 1540 1812 1567; x_wconf 86' lang='lat' dir='ltr'><strong>sie-</strong></span> 
     </span>
    </p>
   </div>
   <div class='ocr_carea' id='block_1_76' title="bbox 1028 1586 1812 1622">
    <p class='ocr_par' dir='ltr' id='par_1_76' title="bbox 1028 1586 1812 1622">
     <span class='ocr_line' id='line_1_76' title="bbox 1028 1586 1812 1622; baseline -0.005 -7"><span class='ocrx_word' id='word_1_579' title='bbox 1028 1594 1057 1616; x_wconf 90' lang='lat' dir='ltr'><strong>ut</strong></span> <span class='ocrx_word' id='word_1_580' title='bbox 1083 1596 1153 1622; x_wconf 78' lang='lat' dir='ltr'><strong>sa-pe</strong></span> <span class='ocrx_word' id='word_1_581' title='bbox 1179 1589 1234 1622; x_wconf 82' lang='lat' dir='ltr'><strong>jam</strong></span> <span class='ocrx_word' id='word_1_582' title='bbox 1252 1588 1369 1614; x_wconf 86' lang='lat' dir='ltr'><strong>diximus</strong></span> <span class='ocrx_word' id='word_1_583' title='bbox 1381 1588 1414 1614; x_wconf 90' lang='lat' dir='ltr'><strong>de</strong></span> <span class='ocrx_word' id='word_1_584' title='bbox 1437 1586 1499 1613; x_wconf 85' lang='lat' dir='ltr'><strong>aliis</strong></span> <span class='ocrx_word' id='word_1_585' title='bbox 1524 1586 1690 1617; x_wconf 86' lang='lat' dir='ltr'><strong>nominibus,</strong></span> <span class='ocrx_word' id='word_1_586' title='bbox 1713 1586 1740 1612; x_wconf 90' lang='lat' dir='ltr'><strong>in</strong></span> <span class='ocrx_word' id='word_1_587' title='bbox 1766 1586 1812 1612; x_wconf 86' lang='lat' dir='ltr'><strong>hoc</strong></span> 
     </span>
    </p>
   </div>
   <div class='ocr_carea' id='block_1_77' title="bbox 1027 1630 1812 1668">
    <p class='ocr_par' dir='ltr' id='par_1_77' title="bbox 1027 1630 1812 1668">
     <span class='ocr_line' id='line_1_77' title="bbox 1027 1630 1812 1668; baseline -0.006 -7"><span class='ocrx_word' id='word_1_588' title='bbox 1027 1635 1126 1668; x_wconf 88' lang='lat' dir='ltr'><strong>duplex</strong></span> <span class='ocrx_word' id='word_1_589' title='bbox 1153 1638 1195 1660; x_wconf 79' lang='lat' dir='ltr'><strong>est</strong></span> <span class='ocrx_word' id='word_1_590' title='bbox 1218 1633 1418 1667; x_wconf 87' lang='lat' dir='ltr'><strong>interpretatio.</strong></span> <span class='ocrx_word' id='word_1_591' title='bbox 1446 1631 1493 1658; x_wconf 86' lang='lat' dir='ltr'><strong>Est</strong></span> <span class='ocrx_word' id='word_1_592' title='bbox 1511 1631 1612 1658; x_wconf 85' lang='lat' dir='ltr'><strong>etenim</strong></span> <span class='ocrx_word' id='word_1_593' title='bbox 1639 1630 1812 1658; x_wconf 75' lang='lat' dir='ltr'><strong>fructiﬁcatio</strong></span> 
     </span>
    </p>
   </div>
   <div class='ocr_carea' id='block_1_78' title="bbox 1028 1675 1812 1711">
    <p class='ocr_par' dir='ltr' id='par_1_78' title="bbox 1028 1675 1812 1711">
     <span class='ocr_line' id='line_1_78' title="bbox 1028 1675 1812 1711; baseline -0.008 -4"><span class='ocrx_word' id='word_1_594' title='bbox 1028 1680 1097 1707; x_wconf 88' lang='lat' dir='ltr'><strong>bona</strong></span> <span class='ocrx_word' id='word_1_595' title='bbox 1115 1683 1141 1706; x_wconf 86' lang='lat' dir='ltr'><strong>et</strong></span> <span class='ocrx_word' id='word_1_596' title='bbox 1156 1679 1332 1706; x_wconf 87' lang='lat' dir='ltr'><strong>fructiﬁcatio</strong></span> <span class='ocrx_word' id='word_1_597' title='bbox 1358 1677 1439 1709; x_wconf 88' lang='lat' dir='ltr'><strong>mala,</strong></span> <span class='ocrx_word' id='word_1_598' title='bbox 1454 1677 1525 1704; x_wconf 89' lang='lat' dir='ltr'><strong>sicut</strong></span> <span class='ocrx_word' id='word_1_599' title='bbox 1544 1677 1570 1703; x_wconf 89' lang='lat' dir='ltr'><strong>in</strong></span> <span class='ocrx_word' id='word_1_600' title='bbox 1587 1676 1745 1711; x_wconf 78' lang='lat' dir='ltr'><strong>Evnngeliis</strong></span> <span class='ocrx_word' id='word_1_601' title='bbox 1770 1675 1812 1702; x_wconf 84' lang='lat' dir='ltr'><strong>de-</strong></span> 
     </span>
    </p>
   </div>
   <div class='ocr_carea' id='block_1_79' title="bbox 1028 1721 1810 1760">
    <p class='ocr_par' dir='ltr' id='par_1_79' title="bbox 1028 1721 1810 1760">
     <span class='ocr_line' id='line_1_79' title="bbox 1028 1721 1810 1760; baseline -0.006 -8"><span class='ocrx_word' id='word_1_602' title='bbox 1028 1725 1151 1760; x_wconf 76' lang='lat' dir='ltr'><strong>signatur</strong></span> <span class='ocrx_word' id='word_1_603' title='bbox 1166 1724 1198 1756; x_wconf 79' lang='grc' dir='ltr'><strong>ιο,</strong></span> <span class='ocrx_word' id='word_1_604' title='bbox 1211 1723 1273 1758; x_wconf 89' lang='lat' dir='ltr'><strong>quia</strong></span> <span class='ocrx_word' id='word_1_605' title='bbox 1289 1732 1298 1748; x_wconf 80' lang='grc' dir='ltr'><strong>ι</strong></span> <span class='ocrx_word' id='word_1_606' title='bbox 1318 1724 1400 1750; x_wconf 83' lang='lat' dir='ltr'><strong>arbor</strong></span> <span class='ocrx_word' id='word_1_607' title='bbox 1414 1723 1483 1749; x_wconf 87' lang='lat' dir='ltr'><strong>bona</strong></span> <span class='ocrx_word' id='word_1_608' title='bbox 1502 1722 1586 1748; x_wconf 86' lang='lat' dir='ltr'><strong>bonos</strong></span> <span class='ocrx_word' id='word_1_609' title='bbox 1601 1721 1711 1748; x_wconf 85' lang='lat' dir='ltr'><strong>fructus</strong></span> <span class='ocrx_word' id='word_1_610' title='bbox 1739 1721 1810 1752; x_wconf 79' lang='lat' dir='ltr'><strong>facit,</strong></span> 
     </span>
    </p>
   </div>
   <div class='ocr_carea' id='block_1_80' title="bbox 1028 1765 1811 1800">
    <p class='ocr_par' dir='ltr' id='par_1_80' title="bbox 1028 1765 1811 1800">
     <span class='ocr_line' id='line_1_80' title="bbox 1028 1765 1811 1800; baseline -0.004 -6"><span class='ocrx_word' id='word_1_611' title='bbox 1028 1774 1055 1795; x_wconf 88' lang='lat' dir='ltr'><strong>et</strong></span> <span class='ocrx_word' id='word_1_612' title='bbox 1077 1768 1157 1794; x_wconf 87' lang='lat' dir='ltr'><strong>arbor</strong></span> <span class='ocrx_word' id='word_1_613' title='bbox 1172 1767 1242 1794; x_wconf 89' lang='lat' dir='ltr'><strong>mala</strong></span> <span class='ocrx_word' id='word_1_614' title='bbox 1261 1766 1346 1794; x_wconf 89' lang='lat' dir='ltr'><strong>utalos</strong></span> <span class='ocrx_word' id='word_1_615' title='bbox 1371 1766 1475 1794; x_wconf 88' lang='lat' dir='ltr'><strong>fructus</strong></span> <span class='ocrx_word' id='word_1_616' title='bbox 1493 1765 1567 1792; x_wconf 86' lang='lat' dir='ltr'><strong>facit.</strong></span> <span class='ocrx_word' id='word_1_617' title='bbox 1594 1775 1603 1791; x_wconf 71' lang='grc' dir='ltr'><strong>ι</strong></span> <span class='ocrx_word' id='word_1_618' title='bbox 1620 1765 1739 1797; x_wconf 80' lang='lat' dir='ltr'><strong>Oportet</strong></span> <span class='ocrx_word' id='word_1_619' title='bbox 1751 1772 1811 1800; x_wconf 62' lang='lat' dir='ltr'><strong>ergo</strong></span> 
     </span>
    </p>
   </div>
   <div class='ocr_carea' id='block_1_81' title="bbox 1029 1810 1810 1846">
    <p class='ocr_par' dir='ltr' id='par_1_81' title="bbox 1029 1810 1810 1846">
     <span class='ocr_line' id='line_1_81' title="bbox 1029 1810 1810 1846; baseline -0.004 -6"><span class='ocrx_word' id='word_1_620' title='bbox 1029 1820 1080 1840; x_wconf 89' lang='lat' dir='ltr'><strong>nos</strong></span> <span class='ocrx_word' id='word_1_621' title='bbox 1094 1812 1230 1846; x_wconf 85' lang='lat' dir='ltr'><strong>expellere</strong></span> <span class='ocrx_word' id='word_1_622' title='bbox 1246 1819 1328 1839; x_wconf 91' lang='lat' dir='ltr'><strong>omne</strong></span> <span class='ocrx_word' id='word_1_623' title='bbox 1344 1812 1475 1846; x_wconf 90' lang='lat' dir='ltr'><strong>quidquid</strong></span> <span class='ocrx_word' id='word_1_624' title='bbox 1502 1818 1555 1837; x_wconf 89' lang='lat' dir='ltr'><strong>non</strong></span> <span class='ocrx_word' id='word_1_625' title='bbox 1571 1811 1638 1838; x_wconf 79' lang='lat' dir='ltr'><strong>bene</strong></span> <span class='ocrx_word' id='word_1_626' title='bbox 1655 1810 1810 1841; x_wconf 76' lang='lat' dir='ltr'><strong>fructiﬁcat.</strong></span> 
     </span>
    </p>
   </div>
   <div class='ocr_carea' id='block_1_82' title="bbox 1028 1856 1811 1890">
    <p class='ocr_par' dir='ltr' id='par_1_82' title="bbox 1028 1856 1811 1890">
     <span class='ocr_line' id='line_1_82' title="bbox 1028 1856 1811 1890; baseline -0.004 -6"><span class='ocrx_word' id='word_1_627' title='bbox 1028 1862 1056 1884; x_wconf 87' lang='lat' dir='ltr'><strong>et</strong></span> <span class='ocrx_word' id='word_1_628' title='bbox 1071 1857 1231 1884; x_wconf 87' lang='lat' dir='ltr'><strong>abscindere</strong></span> <span class='ocrx_word' id='word_1_629' title='bbox 1245 1857 1362 1883; x_wconf 87' lang='lat' dir='ltr'><strong>fructum</strong></span> <span class='ocrx_word' id='word_1_630' title='bbox 1384 1856 1516 1890; x_wconf 82' lang='lat' dir='ltr'><strong>pecccati,</strong></span> <span class='ocrx_word' id='word_1_631' title='bbox 1533 1860 1561 1883; x_wconf 90' lang='lat' dir='ltr'><strong>et</strong></span> <span class='ocrx_word' id='word_1_632' title='bbox 1576 1863 1733 1890; x_wconf 73' lang='lat' dir='ltr'><strong>expurgare</strong></span> <span class='ocrx_word' id='word_1_633' title='bbox 1759 1856 1811 1882; x_wconf 87' lang='lat' dir='ltr'><strong>fru-</strong></span> 
     </span>
    </p>
   </div>
   <div class='ocr_carea' id='block_1_83' title="bbox 1028 1899 1812 1936">
    <p class='ocr_par' dir='ltr' id='par_1_83' title="bbox 1028 1899 1812 1936">
     <span class='ocr_line' id='line_1_83' title="bbox 1028 1899 1812 1936; baseline -0.004 -7"><span class='ocrx_word' id='word_1_634' title='bbox 1028 1907 1087 1929; x_wconf 85' lang='lat' dir='ltr'><strong>etus</strong></span> <span class='ocrx_word' id='word_1_635' title='bbox 1100 1902 1249 1936; x_wconf 73' lang='lat' dir='ltr'><strong>injustitize.</strong></span> <span class='ocrx_word' id='word_1_636' title='bbox 1263 1902 1316 1929; x_wconf 83' lang='lat' dir='ltr'><strong>Sed</strong></span> <span class='ocrx_word' id='word_1_637' title='bbox 1333 1906 1360 1929; x_wconf 86' lang='lat' dir='ltr'><strong>et</strong></span> <span class='ocrx_word' id='word_1_638' title='bbox 1379 1901 1522 1933; x_wconf 82' lang='lat' dir='ltr'><strong>Raphaim,</strong></span> <span class='ocrx_word' id='word_1_639' title='bbox 1533 1901 1628 1935; x_wconf 85' lang='lat' dir='ltr'><strong>inquit,</strong></span> <span class='ocrx_word' id='word_1_640' title='bbox 1643 1901 1761 1936; x_wconf 81' lang='lat' dir='ltr'><strong>expelle,</strong></span> <span class='ocrx_word' id='word_1_641' title='bbox 1775 1899 1812 1926; x_wconf 65' lang='lat' dir='ltr'><strong>vc!</strong></span> 
     </span>
    </p>
   </div>
   <div class='ocr_carea' id='block_1_84' title="bbox 1030 1947 1811 1983">
    <p class='ocr_par' dir='ltr' id='par_1_84' title="bbox 1030 1947 1811 1983">
     <span class='ocr_line' id='line_1_84' title="bbox 1030 1947 1811 1983; baseline -0.003 -8"><span class='ocrx_word' id='word_1_642' title='bbox 1030 1949 1121 1983; x_wconf 90' lang='lat' dir='ltr'><strong>potius</strong></span> <span class='ocrx_word' id='word_1_643' title='bbox 1134 1955 1254 1982; x_wconf 74' lang='lat' dir='ltr'><strong>expurga</strong></span> <span class='ocrx_word' id='word_1_644' title='bbox 1278 1949 1311 1975; x_wconf 88' lang='lat' dir='ltr'><strong>de</strong></span> <span class='ocrx_word' id='word_1_645' title='bbox 1331 1952 1367 1974; x_wconf 87' lang='lat' dir='ltr'><strong>te.</strong></span> <span class='ocrx_word' id='word_1_646' title='bbox 1396 1948 1529 1982; x_wconf 78' lang='lat' dir='ltr'><strong>Haphaim</strong></span> <span class='ocrx_word' id='word_1_647' title='bbox 1558 1947 1715 1974; x_wconf 82' lang='lat' dir='ltr'><strong>invenimus</strong></span> <span class='ocrx_word' id='word_1_648' title='bbox 1731 1948 1811 1973; x_wconf 85' lang='lat' dir='ltr'><strong>inter-</strong></span> 
     </span>
    </p>
   </div>
   <div class='ocr_carea' id='block_1_85' title="bbox 1029 1993 1811 2029">
    <p class='ocr_par' dir='ltr' id='par_1_85' title="bbox 1029 1993 1811 2029">
     <span class='ocr_line' id='line_1_85' title="bbox 1029 1993 1811 2029; baseline -0.003 -10"><span class='ocrx_word' id='word_1_649' title='bbox 1029 1998 1164 2029; x_wconf 87' lang='lat' dir='ltr'><strong>pretatutn</strong></span> <span class='ocrx_word' id='word_1_650' title='bbox 1184 1993 1298 2020; x_wconf 72' lang='lat' dir='ltr'><strong>resoluta</strong></span> <span class='ocrx_word' id='word_1_651' title='bbox 1312 1998 1397 2020; x_wconf 80' lang='lat' dir='ltr'><strong>ntater</strong></span> <span class='ocrx_word' id='word_1_652' title='bbox 1413 1993 1480 2028; x_wconf 88' lang='lat'><strong>(88).</strong></span> <span class='ocrx_word' id='word_1_653' title='bbox 1496 1993 1545 2019; x_wconf 87' lang='lat' dir='ltr'><strong>Est</strong></span> <span class='ocrx_word' id='word_1_654' title='bbox 1565 1993 1592 2019; x_wconf 84' lang='lat' dir='ltr'><strong>in</strong></span> <span class='ocrx_word' id='word_1_655' title='bbox 1614 1993 1705 2019; x_wconf 84' lang='lat' dir='ltr'><strong>anima</strong></span> <span class='ocrx_word' id='word_1_656' title='bbox 1725 1996 1811 2019; x_wconf 78' lang='lat' dir='ltr'><strong>nostra</strong></span> 
     </span>
    </p>
   </div>
   <div class='ocr_carea' id='block_1_86' title="bbox 1029 2039 1813 2076">
    <p class='ocr_par' dir='ltr' id='par_1_86' title="bbox 1029 2039 1813 2076">
     <span class='ocr_line' id='line_1_86' title="bbox 1029 2039 1813 2076; baseline -0.003 -9"><span class='ocrx_word' id='word_1_657' title='bbox 1029 2041 1117 2068; x_wconf 91' lang='lat' dir='ltr'><strong>virtus</strong></span> <span class='ocrx_word' id='word_1_658' title='bbox 1141 2041 1276 2076; x_wconf 66' lang='lat' dir='ltr'><strong>quaedam,</strong></span> <span class='ocrx_word' id='word_1_659' title='bbox 1292 2048 1353 2075; x_wconf 76' lang='lat' dir='ltr'><strong>quae</strong></span> <span class='ocrx_word' id='word_1_660' title='bbox 1368 2041 1438 2075; x_wconf 89' lang='lat' dir='ltr'><strong>parit</strong></span> <span class='ocrx_word' id='word_1_661' title='bbox 1461 2047 1569 2072; x_wconf 81' lang='lat' dir='ltr'><strong>sensus,</strong></span> <span class='ocrx_word' id='word_1_662' title='bbox 1585 2045 1611 2066; x_wconf 83' lang='lat' dir='ltr'><strong>et</strong></span> <span class='ocrx_word' id='word_1_663' title='bbox 1634 2039 1710 2066; x_wconf 88' lang='lat' dir='ltr'><strong>velut</strong></span> <span class='ocrx_word' id='word_1_664' title='bbox 1732 2044 1813 2066; x_wconf 82' lang='lat' dir='ltr'><strong>mater</strong></span> 
     </span>
    </p>
   </div>
   <div class='ocr_carea' id='block_1_87' title="bbox 1029 2085 1812 2119">
    <p class='ocr_par' dir='ltr' id='par_1_87' title="bbox 1029 2085 1812 2119">
     <span class='ocr_line' id='line_1_87' title="bbox 1029 2085 1812 2119; baseline -0.005 -6"><span class='ocrx_word' id='word_1_665' title='bbox 1029 2092 1068 2114; x_wconf 85' lang='lat' dir='ltr'><strong>est</strong></span> <span class='ocrx_word' id='word_1_666' title='bbox 1082 2094 1177 2113; x_wconf 79' lang='lat' dir='ltr'><strong>eorum</strong></span> <span class='ocrx_word' id='word_1_667' title='bbox 1188 2093 1316 2113; x_wconf 88' lang='lat' dir='ltr'><strong>sensuum</strong></span> <span class='ocrx_word' id='word_1_668' title='bbox 1330 2087 1371 2112; x_wconf 87' lang='lat' dir='ltr'><strong>vel</strong></span> <span class='ocrx_word' id='word_1_669' title='bbox 1387 2086 1585 2116; x_wconf 75' lang='lat' dir='ltr'><strong>intellectum&quot;,</strong></span> <span class='ocrx_word' id='word_1_670' title='bbox 1601 2085 1648 2118; x_wconf 86' lang='lat' dir='ltr'><strong>qui</strong></span> <span class='ocrx_word' id='word_1_671' title='bbox 1663 2085 1812 2119; x_wconf 75' lang='lat' dir='ltr'><strong>procedunt</strong></span> 
     </span>
    </p>
   </div>
   <div class='ocr_carea' id='block_1_88' title="bbox 1029 2130 1812 2166">
    <p class='ocr_par' dir='ltr' id='par_1_88' title="bbox 1029 2130 1812 2166">
     <span class='ocr_line' id='line_1_88' title="bbox 1029 2130 1812 2166; baseline -0.003 -8"><span class='ocrx_word' id='word_1_672' title='bbox 1029 2140 1044 2159; x_wconf 87' lang='lat' dir='ltr'><strong>e</strong></span> <span class='ocrx_word' id='word_1_673' title='bbox 1060 2132 1149 2163; x_wconf 89' lang='lat' dir='ltr'><strong>nobis,</strong></span> <span class='ocrx_word' id='word_1_674' title='bbox 1161 2133 1311 2159; x_wconf 84' lang='lat' dir='ltr'><strong>secundum</strong></span> <span class='ocrx_word' id='word_1_675' title='bbox 1325 2132 1396 2166; x_wconf 80' lang='lat' dir='ltr'><strong>quod</strong></span> <span class='ocrx_word' id='word_1_676' title='bbox 1411 2132 1513 2158; x_wconf 88' lang='lat' dir='ltr'><strong>dicitur</strong></span> <span class='ocrx_word' id='word_1_677' title='bbox 1527 2132 1553 2158; x_wconf 87' lang='lat' dir='ltr'><strong>itt</strong></span> <span class='ocrx_word' id='word_1_678' title='bbox 1570 2137 1749 2159; x_wconf 83' lang='lat' dir='ltr'><strong>sacramento</strong></span> <span class='ocrx_word' id='word_1_679' title='bbox 1761 2130 1812 2164; x_wconf 78' lang='lat'><strong>(89)</strong></span> 
     </span>
    </p>
   </div>
   <div class='ocr_carea' id='block_1_89' title="bbox 192 2175 1813 2217">
    <p class='ocr_par' dir='ltr' id='par_1_89' title="bbox 192 2175 1813 2217">
     <span class='ocr_line' id='line_1_89' title="bbox 192 2175 1813 2217; baseline 0.002 -18"><span class='ocrx_word' id='word_1_680' title='bbox 192 2179 322 2209; x_wconf 82' lang='lat' dir='ltr'><strong>quuntur.</strong></span> <span class='ocrx_word' id='word_1_681' title='bbox 336 2175 367 2200; x_wconf 88' lang='lat' dir='ltr'><strong>Et</strong></span> <span class='ocrx_word' id='word_1_682' title='bbox 380 2175 475 2202; x_wconf 89' lang='lat' dir='ltr'><strong>iterum</strong></span> <span class='ocrx_word' id='word_1_683' title='bbox 494 2176 559 2202; x_wconf 89' lang='lat' dir='ltr'><strong>dicit</strong></span> <span class='ocrx_word' id='word_1_684' title='bbox 571 2177 582 2192; x_wconf 82' lang='grc'>⁶</span> <span class='ocrx_word' id='word_1_685' title='bbox 599 2186 604 2203; x_wconf 89' lang='lat'>:</span> <span class='ocrx_word' id='word_1_686' title='bbox 625 2185 633 2202; x_wconf 84' lang='lat' dir='ltr'><strong>t</strong></span> <span class='ocrx_word' id='word_1_687' title='bbox 655 2177 705 2209; x_wconf 87' lang='lat' dir='ltr'><strong>Qui</strong></span> <span class='ocrx_word' id='word_1_688' title='bbox 720 2181 809 2203; x_wconf 90' lang='lat' dir='ltr'><strong>autetn</strong></span> <span class='ocrx_word' id='word_1_689' title='bbox 825 2183 887 2203; x_wconf 84' lang='lat' dir='ltr'><strong>sunt</strong></span> <span class='ocrx_word' id='word_1_690' title='bbox 900 2176 976 2203; x_wconf 84' lang='lat' dir='ltr'><strong>Chri-</strong></span> <span class='ocrx_word' id='word_1_691' title='bbox 994 2190 1015 2217; x_wconf 73' lang='grc' dir='ltr'>ο</span> <span class='ocrx_word' id='word_1_692' title='bbox 1032 2179 1064 2204; x_wconf 93' lang='lat' dir='ltr'><strong>de</strong></span> <span class='ocrx_word' id='word_1_693' title='bbox 1076 2178 1163 2204; x_wconf 90' lang='lat' dir='ltr'><strong>anima</strong></span> <span class='ocrx_word' id='word_1_694' title='bbox 1174 2177 1251 2212; x_wconf 88' lang='lat' dir='ltr'><strong>qttasi</strong></span> <span class='ocrx_word' id='word_1_695' title='bbox 1266 2179 1300 2204; x_wconf 88' lang='lat' dir='ltr'><strong>de</strong></span> <span class='ocrx_word' id='word_1_696' title='bbox 1310 2178 1423 2204; x_wconf 83' lang='lat' dir='ltr'><strong>muliere</strong></span> <span class='ocrx_word' id='word_1_697' title='bbox 1435 2177 1456 2193; x_wconf 82' lang='grc'><strong>¹¹</strong></span> <span class='ocrx_word' id='word_1_698' title='bbox 1473 2186 1501 2204; x_wconf 75' lang='grc' dir='ltr'>ει</span> <span class='ocrx_word' id='word_1_699' title='bbox 1515 2177 1593 2204; x_wconf 84' lang='lat' dir='ltr'><strong>Salva</strong></span> <span class='ocrx_word' id='word_1_700' title='bbox 1607 2177 1813 2209; x_wconf 81' lang='lat' dir='ltr'><strong>atttemeritper</strong></span> 
     </span>
    </p>
   </div>
   <div class='ocr_carea' id='block_1_90' title="bbox 192 2220 974 2251">
    <p class='ocr_par' dir='ltr' id='par_1_90' title="bbox 192 2220 974 2251">
     <span class='ocr_line' id='line_1_90' title="bbox 192 2220 974 2251; baseline 0.004 -5"><span class='ocrx_word' id='word_1_701' title='bbox 192 2220 358 2251; x_wconf 71' lang='lat' dir='ltr'><strong>sti,carnem</strong></span> <span class='ocrx_word' id='word_1_702' title='bbox 384 2229 459 2248; x_wconf 69' lang='lat' dir='ltr'><strong>suam</strong></span> <span class='ocrx_word' id='word_1_703' title='bbox 484 2222 677 2250; x_wconf 82' lang='lat' dir='ltr'><strong>crneiﬁxcrunt</strong></span> <span class='ocrx_word' id='word_1_704' title='bbox 693 2231 754 2250; x_wconf 90' lang='lat' dir='ltr'><strong>entu</strong></span> <span class='ocrx_word' id='word_1_705' title='bbox 775 2223 847 2250; x_wconf 89' lang='lat' dir='ltr'><strong>vitiis</strong></span> <span class='ocrx_word' id='word_1_706' title='bbox 864 2228 891 2249; x_wconf 88' lang='lat' dir='ltr'><strong>et</strong></span> <span class='ocrx_word' id='word_1_707' title='bbox 911 2230 974 2249; x_wconf 85' lang='lat' dir='ltr'><strong>cott-</strong></span> 
     </span>
    </p>
   </div>
   <div class='ocr_carea' id='block_1_91' title="bbox 192 2266 975 2303">
    <p class='ocr_par' dir='ltr' id='par_1_91' title="bbox 192 2266 975 2303">
     <span class='ocr_line' id='line_1_91' title="bbox 192 2266 975 2303; baseline 0.004 -12"><span class='ocrx_word' id='word_1_708' title='bbox 192 2266 373 2299; x_wconf 70' lang='lat' dir='ltr'><strong>ttupisceutiis.</strong></span> <span class='ocrx_word' id='word_1_709' title='bbox 387 2276 396 2292; x_wconf 74' lang='grc' dir='ltr'><strong>ι</strong></span> <span class='ocrx_word' id='word_1_710' title='bbox 407 2266 452 2295; x_wconf 88' lang='lat' dir='ltr'><strong>Sic</strong></span> <span class='ocrx_word' id='word_1_711' title='bbox 460 2275 524 2303; x_wconf 79' lang='lat' dir='ltr'><strong>ergo</strong></span> <span class='ocrx_word' id='word_1_712' title='bbox 547 2269 627 2295; x_wconf 88' lang='lat' dir='ltr'><strong>tertio</strong></span> <span class='ocrx_word' id='word_1_713' title='bbox 638 2289 645 2300; x_wconf 92' lang='lat'><strong>,</strong></span> <span class='ocrx_word' id='word_1_714' title='bbox 661 2269 711 2295; x_wconf 92' lang='lat' dir='ltr'><strong>hoc</strong></span> <span class='ocrx_word' id='word_1_715' title='bbox 734 2273 774 2295; x_wconf 84' lang='lat' dir='ltr'><strong>est</strong></span> <span class='ocrx_word' id='word_1_716' title='bbox 788 2276 849 2295; x_wconf 89' lang='lat' dir='ltr'><strong>cum</strong></span> <span class='ocrx_word' id='word_1_717' title='bbox 864 2269 897 2295; x_wconf 88' lang='lat' dir='ltr'><strong>ad</strong></span> <span class='ocrx_word' id='word_1_718' title='bbox 913 2276 975 2302; x_wconf 86' lang='lat' dir='ltr'><strong>per-</strong></span> 
     </span>
    </p>
   </div>
   <div class='ocr_carea' id='block_1_92' title="bbox 193 2312 976 2346">
    <p class='ocr_par' dir='ltr' id='par_1_92' title="bbox 193 2312 976 2346">
     <span class='ocr_line' id='line_1_92' title="bbox 193 2312 976 2346; baseline 0.004 -9"><span class='ocrx_word' id='word_1_719' title='bbox 193 2312 335 2339; x_wconf 89' lang='lat' dir='ltr'><strong>fectionem</strong></span> <span class='ocrx_word' id='word_1_720' title='bbox 357 2313 496 2346; x_wconf 87' lang='lat' dir='ltr'><strong>venimus,</strong></span> <span class='ocrx_word' id='word_1_721' title='bbox 520 2319 548 2341; x_wconf 85' lang='lat' dir='ltr'><strong>et</strong></span> <span class='ocrx_word' id='word_1_722' title='bbox 575 2315 694 2342; x_wconf 86' lang='lat' dir='ltr'><strong>membra</strong></span> <span class='ocrx_word' id='word_1_723' title='bbox 712 2319 802 2340; x_wconf 81' lang='lat' dir='ltr'><strong>nostra</strong></span> <span class='ocrx_word' id='word_1_724' title='bbox 829 2314 976 2340; x_wconf 84' lang='lat' dir='ltr'><strong>mortiﬁca-</strong></span> 
     </span>
    </p>
   </div>
   <div class='ocr_carea' id='block_1_93' title="bbox 193 2360 978 2394">
    <p class='ocr_par' dir='ltr' id='par_1_93' title="bbox 193 2360 978 2394">
     <span class='ocr_line' id='line_1_93' title="bbox 193 2360 978 2394; baseline 0.004 -11"><span class='ocrx_word' id='word_1_725' title='bbox 193 2366 251 2384; x_wconf 79' lang='lat' dir='ltr'><strong>ntus</strong></span> <span class='ocrx_word' id='word_1_726' title='bbox 263 2378 270 2390; x_wconf 92' lang='lat'><strong>,</strong></span> <span class='ocrx_word' id='word_1_727' title='bbox 286 2367 316 2385; x_wconf 85' lang='lat' dir='ltr'><strong>ac</strong></span> <span class='ocrx_word' id='word_1_728' title='bbox 333 2365 444 2386; x_wconf 85' lang='lat' dir='ltr'><strong>mortem</strong></span> <span class='ocrx_word' id='word_1_729' title='bbox 466 2360 567 2387; x_wconf 87' lang='lat' dir='ltr'><strong>Christi</strong></span> <span class='ocrx_word' id='word_1_730' title='bbox 583 2361 608 2387; x_wconf 89' lang='lat' dir='ltr'><strong>in</strong></span> <span class='ocrx_word' id='word_1_731' title='bbox 630 2368 744 2394; x_wconf 84' lang='lat' dir='ltr'><strong>corpore</strong></span> <span class='ocrx_word' id='word_1_732' title='bbox 758 2365 850 2386; x_wconf 76' lang='lat' dir='ltr'><strong>nostro</strong></span> <span class='ocrx_word' id='word_1_733' title='bbox 863 2361 978 2386; x_wconf 88' lang='lat' dir='ltr'><strong>circum-</strong></span> 
     </span>
    </p>
   </div>
   <div class='ocr_carea' id='block_1_94' title="bbox 228 2426 978 2460">
    <p class='ocr_par' dir='ltr' id='par_1_94' title="bbox 228 2426 978 2460">
     <span class='ocr_line' id='line_1_94' title="bbox 228 2426 978 2460; baseline 0.001 -6"><span class='ocrx_word' id='word_1_734' title='bbox 228 2428 238 2442; x_wconf 82' lang='lat'><strong>’</strong></span> <span class='ocrx_word' id='word_1_735' title='bbox 256 2426 312 2454; x_wconf 81' lang='lat' dir='ltr'><strong>Jos.</strong></span> <span class='ocrx_word' id='word_1_736' title='bbox 351 2436 406 2460; x_wconf 87' lang='lat' dir='ltr'><strong>xvt,</strong></span> <span class='ocrx_word' id='word_1_737' title='bbox 422 2428 465 2454; x_wconf 77' lang='grc'><strong>10.</strong></span> <span class='ocrx_word' id='word_1_738' title='bbox 511 2427 594 2456; x_wconf 78' lang='lat' dir='ltr'><strong>&#39;Jos.</strong></span> <span class='ocrx_word' id='word_1_739' title='bbox 617 2436 684 2458; x_wconf 80' lang='lat' dir='ltr'><strong>xvtt.</strong></span> <span class='ocrx_word' id='word_1_740' title='bbox 711 2427 753 2454; x_wconf 77' lang='grc'><strong>15.</strong></span> <span class='ocrx_word' id='word_1_741' title='bbox 791 2427 802 2443; x_wconf 77' lang='grc'><strong>⁸</strong></span> <span class='ocrx_word' id='word_1_742' title='bbox 832 2428 909 2458; x_wconf 84' lang='lat' dir='ltr'><strong>lbid.,</strong></span> <span class='ocrx_word' id='word_1_743' title='bbox 936 2428 978 2455; x_wconf 86' lang='lat' dir='ltr'><strong>l8.</strong></span> 
     </span>
    </p>
   </div>
   <div class='ocr_carea' id='block_1_95' title="bbox 191 2460 922 2495">
    <p class='ocr_par' dir='ltr' id='par_1_95' title="bbox 191 2460 922 2495">
     <span class='ocr_line' id='line_1_95' title="bbox 191 2460 922 2495; baseline -0.001 -6"><span class='ocrx_word' id='word_1_744' title='bbox 191 2461 202 2476; x_wconf 78' lang='grc'>⁸</span> <span class='ocrx_word' id='word_1_745' title='bbox 222 2460 278 2489; x_wconf 79' lang='lat' dir='ltr'><strong>Jos.</strong></span> <span class='ocrx_word' id='word_1_746' title='bbox 305 2471 372 2495; x_wconf 73' lang='grc' dir='ltr'>χιιι,</span> <span class='ocrx_word' id='word_1_747' title='bbox 389 2465 431 2490; x_wconf 79' lang='grc' dir='ltr'><em>Η.</em></span> <span class='ocrx_word' id='word_1_748' title='bbox 469 2463 568 2495; x_wconf 87' lang='lat' dir='ltr'><strong>&#39;ibid.,</strong></span> <span class='ocrx_word' id='word_1_749' title='bbox 587 2463 627 2490; x_wconf 83' lang='lat' dir='ltr'><strong>l5.</strong></span> <span class='ocrx_word' id='word_1_750' title='bbox 667 2464 687 2478; x_wconf 81' lang='grc'>¹⁰</span> <span class='ocrx_word' id='word_1_751' title='bbox 705 2462 796 2489; x_wconf 77' lang='lat' dir='ltr'><strong>Matth.</strong></span> <span class='ocrx_word' id='word_1_752' title='bbox 815 2471 862 2495; x_wconf 85' lang='lat' dir='ltr'><strong>vtt,</strong></span> <span class='ocrx_word' id='word_1_753' title='bbox 881 2464 922 2489; x_wconf 86' lang='lat' dir='ltr'><strong>l7.</strong></span> 
     </span>
    </p>
   </div>
   <div class='ocr_carea' id='block_1_96' title="bbox 511 2427 753 2458">
    <p class='ocr_par' dir='ltr' id='par_1_96' title="bbox 511 2427 753 2458">
     <span class='ocr_line' id='line_1_96' title="bbox 511 2427 753 2458; baseline 0 -4"><span class='ocrx_word' id='word_1_754' title='bbox 511 2429 521 2444; x_wconf 84' lang='grc'>³</span> <span class='ocrx_word' id='word_1_755' title='bbox 537 2427 594 2456; x_wconf 75' lang='lat' dir='ltr'><strong>los.</strong></span> <span class='ocrx_word' id='word_1_756' title='bbox 617 2436 684 2458; x_wconf 81' lang='lat' dir='ltr'><strong>xvtt.</strong></span> <span class='ocrx_word' id='word_1_757' title='bbox 711 2427 753 2454; x_wconf 77' lang='grc'><strong>15.</strong></span> 
     </span>
    </p>
   </div>
   <div class='ocr_carea' id='block_1_97' title="bbox 469 2463 627 2496">
    <p class='ocr_par' dir='ltr' id='par_1_97' title="bbox 469 2463 627 2496">
     <span class='ocr_line' id='line_1_97' title="bbox 469 2463 627 2496; baseline 0 -6"><span class='ocrx_word' id='word_1_758' title='bbox 469 2464 479 2478; x_wconf 83' lang='grc'><em>³</em></span> <span class='ocrx_word' id='word_1_759' title='bbox 491 2463 568 2496; x_wconf 89' lang='lat' dir='ltr'><strong>ibid.,</strong></span> <span class='ocrx_word' id='word_1_760' title='bbox 587 2463 627 2490; x_wconf 83' lang='lat' dir='ltr'><strong>l5.</strong></span> 
     </span>
    </p>
   </div>
   <div class='ocr_carea' id='block_1_98' title="bbox 226 2533 977 2569">
    <p class='ocr_par' dir='ltr' id='par_1_98' title="bbox 226 2533 977 2569">
     <span class='ocr_line' id='line_1_98' title="bbox 226 2533 977 2569; baseline -0.003 -7"><span class='ocrx_word' id='word_1_761' title='bbox 226 2534 283 2569; x_wconf 83' lang='lat'><strong>(85)</strong></span> <span class='ocrx_word' id='word_1_762' title='bbox 297 2534 371 2561; x_wconf 87' lang='lat' dir='ltr'><strong>Libb.</strong></span> <span class='ocrx_word' id='word_1_763' title='bbox 388 2534 471 2568; x_wconf 89' lang='lat' dir='ltr'><strong>editi,</strong></span> <span class='ocrx_word' id='word_1_764' title='bbox 489 2544 499 2560; x_wconf 85' lang='grc'><em>‹</em></span> <span class='ocrx_word' id='word_1_765' title='bbox 516 2535 619 2562; x_wconf 86' lang='lat' dir='ltr'><strong>habitat</strong></span> <span class='ocrx_word' id='word_1_766' title='bbox 631 2534 656 2561; x_wconf 90' lang='lat' dir='ltr'><strong>in</strong></span> <span class='ocrx_word' id='word_1_767' title='bbox 669 2534 766 2566; x_wconf 86' lang='lat' dir='ltr'><strong>Gazer,</strong></span> <span class='ocrx_word' id='word_1_768' title='bbox 778 2534 825 2561; x_wconf 83' lang='lat' dir='ltr'><strong>sed</strong></span> <span class='ocrx_word' id='word_1_769' title='bbox 839 2533 950 2561; x_wconf 83' lang='lat' dir='ltr'><strong>habitat.</strong></span> <span class='ocrx_word' id='word_1_770' title='bbox 968 2543 977 2560; x_wconf 79' lang='grc' dir='ltr'><strong>ι</strong></span> 
     </span>
    </p>
   </div>
   <div class='ocr_carea' id='block_1_99' title="bbox 193 2569 802 2604">
    <p class='ocr_par' dir='ltr' id='par_1_99' title="bbox 193 2569 802 2604">
     <span class='ocr_line' id='line_1_99' title="bbox 193 2569 802 2604; baseline -0.002 -8"><span class='ocrx_word' id='word_1_771' title='bbox 193 2569 241 2596; x_wconf 81' lang='lat' dir='ltr'><strong>Ms.</strong></span> <span class='ocrx_word' id='word_1_772' title='bbox 260 2570 401 2603; x_wconf 72' lang='lat' dir='ltr'><strong>Saugerm.</strong></span> <span class='ocrx_word' id='word_1_773' title='bbox 419 2570 578 2604; x_wconf 84' lang='lat' dir='ltr'><strong>utrobique,</strong></span> <span class='ocrx_word' id='word_1_774' title='bbox 599 2579 607 2594; x_wconf 81' lang='grc' dir='ltr'><strong>ι</strong></span> <span class='ocrx_word' id='word_1_775' title='bbox 624 2570 771 2596; x_wconf 85' lang='lat' dir='ltr'><strong>habitabat.</strong></span> <span class='ocrx_word' id='word_1_776' title='bbox 791 2579 802 2595; x_wconf 67' lang='grc' dir='ltr'><strong><em>ο</em></strong></span> 
     </span>
    </p>
   </div>
   <div class='ocr_carea' id='block_1_100' title="bbox 228 2605 626 2638">
    <p class='ocr_par' dir='ltr' id='par_1_100' title="bbox 228 2605 626 2638">
     <span class='ocr_line' id='line_1_100' title="bbox 228 2605 626 2638; baseline -0.003 -7"><span class='ocrx_word' id='word_1_777' title='bbox 228 2605 283 2638; x_wconf 65' lang='lat'><strong>(85)</strong></span> <span class='ocrx_word' id='word_1_778' title='bbox 303 2605 372 2631; x_wconf 88' lang='lat' dir='ltr'><strong>Idem</strong></span> <span class='ocrx_word' id='word_1_779' title='bbox 389 2613 438 2631; x_wconf 86' lang='lat' dir='ltr'><strong>ms.</strong></span> <span class='ocrx_word' id='word_1_780' title='bbox 454 2614 463 2629; x_wconf 74' lang='grc' dir='ltr'><strong>ε</strong></span> <span class='ocrx_word' id='word_1_781' title='bbox 479 2605 595 2632; x_wconf 81' lang='lat' dir='ltr'><strong>videtur.</strong></span> <span class='ocrx_word' id='word_1_782' title='bbox 617 2614 626 2630; x_wconf 71' lang='grc' dir='ltr'><strong>ι</strong></span> 
     </span>
    </p>
   </div>
   <div class='ocr_carea' id='block_1_101' title="bbox 229 2638 980 2673">
    <p class='ocr_par' dir='ltr' id='par_1_101' title="bbox 229 2638 980 2673">
     <span class='ocr_line' id='line_1_101' title="bbox 229 2638 980 2673; baseline -0.001 -7"><span class='ocrx_word' id='word_1_783' title='bbox 229 2640 284 2673; x_wconf 75' lang='lat'><strong>(85)</strong></span> <span class='ocrx_word' id='word_1_784' title='bbox 302 2638 388 2665; x_wconf 72' lang='lat' dir='ltr'><strong>Gazer</strong></span> <span class='ocrx_word' id='word_1_785' title='bbox 402 2646 489 2666; x_wconf 77' lang='lat' dir='ltr'><strong>autem</strong></span> <span class='ocrx_word' id='word_1_786' title='bbox 505 2641 694 2673; x_wconf 80' lang='lat' dir='ltr'><strong>interpretatur</strong></span> <span class='ocrx_word' id='word_1_787' title='bbox 706 2640 876 2665; x_wconf 72' lang='lat' dir='ltr'><strong>constructio.</strong></span> <span class='ocrx_word' id='word_1_788' title='bbox 893 2639 914 2665; x_wconf 81' lang='grc' dir='ltr'><strong>Λ</strong></span> <span class='ocrx_word' id='word_1_789' title='bbox 932 2646 980 2672; x_wconf 48' lang='lat' dir='ltr'><strong>au</strong></span> 
     </span>
    </p>
   </div>
   <div class='ocr_carea' id='block_1_102' title="bbox 194 2674 979 2708">
    <p class='ocr_par' dir='ltr' id='par_1_102' title="bbox 194 2674 979 2708">
     <span class='ocr_line' id='line_1_102' title="bbox 194 2674 979 2708; baseline 0.001 -9"><span class='ocrx_word' id='word_1_790' title='bbox 194 2681 240 2700; x_wconf 84' lang='lat' dir='ltr'><strong>seu</strong></span> <span class='ocrx_word' id='word_1_791' title='bbox 257 2679 324 2703; x_wconf 62' lang='grc' dir='ltr'><strong>ππ]</strong></span> <span class='ocrx_word' id='word_1_792' title='bbox 341 2683 349 2698; x_wconf 82' lang='grc' dir='ltr'><strong>ι</strong></span> <span class='ocrx_word' id='word_1_793' title='bbox 368 2680 547 2708; x_wconf 72' lang='lat' dir='ltr'><strong>segmentum,</strong></span> <span class='ocrx_word' id='word_1_794' title='bbox 562 2675 673 2705; x_wconf 78' lang='lat' dir='ltr'><strong>excisio,</strong></span> <span class='ocrx_word' id='word_1_795' title='bbox 688 2679 804 2708; x_wconf 82' lang='lat' dir='ltr'><strong>septum,</strong></span> <span class='ocrx_word' id='word_1_796' title='bbox 820 2674 979 2707; x_wconf 79' lang='lat' dir='ltr'><strong>tabulatum,</strong></span> 
     </span>
    </p>
   </div>
   <div class='ocr_carea' id='block_1_103' title="bbox 193 2709 980 2743">
    <p class='ocr_par' dir='ltr' id='par_1_103' title="bbox 193 2709 980 2743">
     <span class='ocr_line' id='line_1_103' title="bbox 193 2709 980 2743; baseline 0.001 -9"><span class='ocrx_word' id='word_1_797' title='bbox 193 2713 344 2741; x_wconf 76' lang='lat' dir='ltr'><strong>separatum</strong></span> <span class='ocrx_word' id='word_1_798' title='bbox 362 2716 371 2738; x_wconf 75' lang='lat'><strong>&#39;,</strong></span> <span class='ocrx_word' id='word_1_799' title='bbox 389 2718 397 2733; x_wconf 70' lang='grc' dir='ltr'><strong>ι</strong></span> <span class='ocrx_word' id='word_1_800' title='bbox 415 2711 485 2736; x_wconf 87' lang='lat' dir='ltr'><strong>unde</strong></span> <span class='ocrx_word' id='word_1_801' title='bbox 497 2710 583 2736; x_wconf 81' lang='lat' dir='ltr'><strong>Gazer</strong></span> <span class='ocrx_word' id='word_1_802' title='bbox 599 2710 800 2743; x_wconf 82' lang='lat' dir='ltr'><strong>quodammodo</strong></span> <span class='ocrx_word' id='word_1_803' title='bbox 821 2710 873 2736; x_wconf 74' lang='lat' dir='ltr'><strong>dici</strong></span> <span class='ocrx_word' id='word_1_804' title='bbox 894 2709 980 2743; x_wconf 86' lang='lat' dir='ltr'><strong>possit</strong></span> 
     </span>
    </p>
   </div>
   <div class='ocr_carea' id='block_1_104' title="bbox 197 2744 433 2769">
    <p class='ocr_par' dir='ltr' id='par_1_104' title="bbox 197 2744 433 2769">
     <span class='ocr_line' id='line_1_104' title="bbox 197 2744 433 2769; baseline 0 -1"><span class='ocrx_word' id='word_1_805' title='bbox 197 2752 206 2766; x_wconf 79' lang='grc' dir='ltr'><strong>ι</strong></span> <span class='ocrx_word' id='word_1_806' title='bbox 225 2744 402 2769; x_wconf 78' lang='lat' dir='ltr'><strong>constructio.</strong></span> <span class='ocrx_word' id='word_1_807' title='bbox 424 2752 433 2768; x_wconf 71' lang='grc' dir='ltr'><strong>ι</strong></span> 
     </span>
    </p>
   </div>
   <div class='ocr_carea' id='block_1_105' title="bbox 230 2777 976 2812">
    <p class='ocr_par' dir='ltr' id='par_1_105' title="bbox 230 2777 976 2812">
     <span class='ocr_line' id='line_1_105' title="bbox 230 2777 976 2812; baseline 0.004 -10"><span class='ocrx_word' id='word_1_808' title='bbox 230 2777 299 2811; x_wconf 77' lang='lat'><strong>(86)</strong></span> <span class='ocrx_word' id='word_1_809' title='bbox 330 2777 416 2805; x_wconf 72' lang='lat' dir='ltr'><strong>Codex</strong></span> <span class='ocrx_word' id='word_1_810' title='bbox 444 2779 588 2812; x_wconf 74' lang='lat' dir='ltr'><strong>Saugerm.</strong></span> <span class='ocrx_word' id='word_1_811' title='bbox 614 2788 623 2804; x_wconf 78' lang='grc' dir='ltr'><strong>ι</strong></span> <span class='ocrx_word' id='word_1_812' title='bbox 655 2779 681 2805; x_wconf 89' lang='lat' dir='ltr'><strong>itt</strong></span> <span class='ocrx_word' id='word_1_813' title='bbox 706 2779 890 2806; x_wconf 62' lang='lat' dir='ltr'><strong>hereditatem</strong></span> <span class='ocrx_word' id='word_1_814' title='bbox 916 2786 976 2805; x_wconf 85' lang='lat' dir='ltr'><strong>sor-</strong></span> 
     </span>
    </p>
   </div>
   <div class='ocr_carea' id='block_1_106' title="bbox 197 2816 303 2838">
    <p class='ocr_par' dir='ltr' id='par_1_106' title="bbox 197 2816 303 2838">
     <span class='ocr_line' id='line_1_106' title="bbox 197 2816 303 2838; baseline 0 -2"><span class='ocrx_word' id='word_1_815' title='bbox 197 2816 260 2838; x_wconf 72' lang='lat' dir='ltr'><strong>lettt.</strong></span> <span class='ocrx_word' id='word_1_816' title='bbox 294 2821 303 2836; x_wconf 73' lang='grc' dir='ltr'><strong>ι</strong></span> 
     </span>
    </p>
   </div>
   <div class='ocr_carea' id='block_1_107' title="bbox 1022 2428 1266 2460">
    <p class='ocr_par' dir='ltr' id='par_1_107' title="bbox 1022 2428 1266 2460">
     <span class='ocr_line' id='line_1_107' title="bbox 1022 2428 1266 2460; baseline -0.004 -4"><span class='ocrx_word' id='word_1_817' title='bbox 1022 2428 1033 2444; x_wconf 75' lang='grc'><strong><em>⁸</em></strong></span> <span class='ocrx_word' id='word_1_818' title='bbox 1055 2428 1156 2456; x_wconf 84' lang='lat' dir='ltr'><strong>Cnloss.</strong></span> <span class='ocrx_word' id='word_1_819' title='bbox 1181 2437 1223 2460; x_wconf 85' lang='lat' dir='ltr'><strong>ut.</strong></span> <span class='ocrx_word' id='word_1_820' title='bbox 1240 2429 1266 2455; x_wconf 79' lang='grc'><em>5.</em></span> 
     </span>
    </p>
   </div>
   <div class='ocr_carea' id='block_1_108' title="bbox 961 2462 1190 2496">
    <p class='ocr_par' dir='ltr' id='par_1_108' title="bbox 961 2462 1190 2496">
     <span class='ocr_line' id='line_1_108' title="bbox 961 2462 1190 2496; baseline 0 -6"><span class='ocrx_word' id='word_1_821' title='bbox 961 2464 981 2478; x_wconf 86' lang='grc'>¹¹</span> <span class='ocrx_word' id='word_1_822' title='bbox 997 2463 1087 2490; x_wconf 88' lang='lat' dir='ltr'><strong>lTim.</strong></span> <span class='ocrx_word' id='word_1_823' title='bbox 1104 2472 1133 2496; x_wconf 87' lang='lat' dir='ltr'><strong>tt,</strong></span> <span class='ocrx_word' id='word_1_824' title='bbox 1150 2462 1190 2490; x_wconf 80' lang='lat' dir='ltr'><strong>l5.</strong></span> 
     </span>
    </p>
   </div>
   <div class='ocr_carea' id='block_1_109' title="bbox 1034 2223 1812 2258">
    <p class='ocr_par' dir='ltr' id='par_1_109' title="bbox 1034 2223 1812 2258">
     <span class='ocr_line' id='line_1_109' title="bbox 1034 2223 1812 2258; baseline -0.004 -8"><span class='ocrx_word' id='word_1_825' title='bbox 1034 2224 1152 2250; x_wconf 81' lang='lat' dir='ltr'><strong>filiorum</strong></span> <span class='ocrx_word' id='word_1_826' title='bbox 1168 2225 1382 2258; x_wconf 77' lang='lat' dir='ltr'><strong>generationem,</strong></span> <span class='ocrx_word' id='word_1_827' title='bbox 1395 2225 1416 2251; x_wconf 87' lang='lat' dir='ltr'><strong>si</strong></span> <span class='ocrx_word' id='word_1_828' title='bbox 1430 2223 1608 2258; x_wconf 85' lang='lat' dir='ltr'><strong>permanserit</strong></span> <span class='ocrx_word' id='word_1_829' title='bbox 1623 2223 1649 2249; x_wconf 89' lang='lat' dir='ltr'><strong>in</strong></span> <span class='ocrx_word' id='word_1_830' title='bbox 1662 2223 1717 2249; x_wconf 86' lang='lat' dir='ltr'><strong>ﬁde</strong></span> <span class='ocrx_word' id='word_1_831' title='bbox 1731 2228 1759 2249; x_wconf 91' lang='lat' dir='ltr'><strong>et</strong></span> <span class='ocrx_word' id='word_1_832' title='bbox 1770 2229 1812 2247; x_wconf 58' lang='lat' dir='ltr'><strong>vi.~</strong></span> 
     </span>
    </p>
   </div>
   <div class='ocr_carea' id='block_1_110' title="bbox 1032 2266 1813 2304">
    <p class='ocr_par' dir='ltr' id='par_1_110' title="bbox 1032 2266 1813 2304">
     <span class='ocr_line' id='line_1_110' title="bbox 1032 2266 1813 2304; baseline -0.005 -8"><span class='ocrx_word' id='word_1_833' title='bbox 1032 2270 1118 2297; x_wconf 88' lang='lat' dir='ltr'><strong>ritate.</strong></span> <span class='ocrx_word' id='word_1_834' title='bbox 1141 2279 1149 2295; x_wconf 81' lang='grc' dir='ltr'><strong>ι</strong></span> <span class='ocrx_word' id='word_1_835' title='bbox 1166 2269 1226 2296; x_wconf 70' lang='lat' dir='ltr'><strong>[sua</strong></span> <span class='ocrx_word' id='word_1_836' title='bbox 1239 2277 1305 2304; x_wconf 77' lang='lat' dir='ltr'><strong>ergo</strong></span> <span class='ocrx_word' id='word_1_837' title='bbox 1324 2274 1435 2300; x_wconf 84' lang='lat' dir='ltr'><strong>matres,</strong></span> <span class='ocrx_word' id='word_1_838' title='bbox 1449 2271 1499 2296; x_wconf 90' lang='lat' dir='ltr'><strong>hoc</strong></span> <span class='ocrx_word' id='word_1_839' title='bbox 1521 2273 1564 2296; x_wconf 88' lang='lat' dir='ltr'><strong>est</strong></span> <span class='ocrx_word' id='word_1_840' title='bbox 1586 2269 1636 2295; x_wconf 84' lang='lat' dir='ltr'><strong>ista</strong></span> <span class='ocrx_word' id='word_1_841' title='bbox 1652 2269 1744 2295; x_wconf 83' lang='lat' dir='ltr'><strong>virtus</strong></span> <span class='ocrx_word' id='word_1_842' title='bbox 1759 2266 1813 2293; x_wconf 84' lang='lat' dir='ltr'><strong>ani-</strong></span> 
     </span>
    </p>
   </div>
   <div class='ocr_carea' id='block_1_111' title="bbox 1031 2315 1812 2349">
    <p class='ocr_par' dir='ltr' id='par_1_111' title="bbox 1031 2315 1812 2349">
     <span class='ocr_line' id='line_1_111' title="bbox 1031 2315 1812 2349; baseline -0.006 -7"><span class='ocrx_word' id='word_1_843' title='bbox 1031 2324 1092 2348; x_wconf 68' lang='lat' dir='ltr'><strong>tnze,</strong></span> <span class='ocrx_word' id='word_1_844' title='bbox 1105 2315 1158 2342; x_wconf 86' lang='lat' dir='ltr'><strong>illis</strong></span> <span class='ocrx_word' id='word_1_845' title='bbox 1193 2317 1219 2342; x_wconf 88' lang='lat' dir='ltr'><strong>in</strong></span> <span class='ocrx_word' id='word_1_846' title='bbox 1235 2317 1333 2349; x_wconf 84' lang='lat' dir='ltr'><strong>quibus</strong></span> <span class='ocrx_word' id='word_1_847' title='bbox 1356 2315 1433 2342; x_wconf 80' lang='lat' dir='ltr'><strong>fortis</strong></span> <span class='ocrx_word' id='word_1_848' title='bbox 1449 2320 1490 2342; x_wconf 81' lang='lat' dir='ltr'><strong>est</strong></span> <span class='ocrx_word' id='word_1_849' title='bbox 1506 2320 1533 2341; x_wconf 91' lang='lat' dir='ltr'><strong>et</strong></span> <span class='ocrx_word' id='word_1_850' title='bbox 1545 2315 1632 2341; x_wconf 86' lang='lat' dir='ltr'><strong>valida</strong></span> <span class='ocrx_word' id='word_1_851' title='bbox 1644 2321 1678 2340; x_wconf 84' lang='lat' dir='ltr'><strong>ac</strong></span> <span class='ocrx_word' id='word_1_852' title='bbox 1693 2315 1812 2342; x_wconf 80' lang='lat' dir='ltr'><strong>robusta,</strong></span> 
     </span>
    </p>
   </div>
   <div class='ocr_carea' id='block_1_112' title="bbox 1031 2356 1812 2394">
    <p class='ocr_par' dir='ltr' id='par_1_112' title="bbox 1031 2356 1812 2394">
     <span class='ocr_line' id='line_1_112' title="bbox 1031 2356 1812 2394; baseline -0.005 -8"><span class='ocrx_word' id='word_1_853' title='bbox 1031 2366 1147 2394; x_wconf 82' lang='lat' dir='ltr'><strong>generat</strong></span> <span class='ocrx_word' id='word_1_854' title='bbox 1163 2368 1258 2387; x_wconf 84' lang='lat' dir='ltr'><strong>sensus</strong></span> <span class='ocrx_word' id='word_1_855' title='bbox 1277 2360 1377 2387; x_wconf 81' lang='lat' dir='ltr'><strong>validos</strong></span> <span class='ocrx_word' id='word_1_856' title='bbox 1395 2366 1422 2386; x_wconf 88' lang='lat' dir='ltr'><strong>et</strong></span> <span class='ocrx_word' id='word_1_857' title='bbox 1437 2365 1569 2393; x_wconf 79' lang='lat' dir='ltr'><strong>potentes,</strong></span> <span class='ocrx_word' id='word_1_858' title='bbox 1588 2364 1615 2386; x_wconf 91' lang='lat' dir='ltr'><strong>et</strong></span> <span class='ocrx_word' id='word_1_859' title='bbox 1628 2360 1674 2392; x_wconf 90' lang='lat' dir='ltr'><strong>qui</strong></span> <span class='ocrx_word' id='word_1_860' title='bbox 1694 2356 1812 2392; x_wconf 60' lang='lat' dir='ltr'><strong>superari</strong></span> 
     </span>
    </p>
   </div>
   <div class='ocr_carea' id='block_1_113' title="bbox 1304 2427 1811 2465">
    <p class='ocr_par' dir='ltr' id='par_1_113' title="bbox 1304 2427 1811 2465">
     <span class='ocr_line' id='line_1_113' title="bbox 1304 2427 1811 2465; baseline -0.006 -9"><span class='ocrx_word' id='word_1_861' title='bbox 1304 2429 1387 2465; x_wconf 69' lang='lat' dir='ltr'><strong>“Gal.</strong></span> <span class='ocrx_word' id='word_1_862' title='bbox 1406 2436 1436 2461; x_wconf 90' lang='lat' dir='ltr'><strong>v,</strong></span> <span class='ocrx_word' id='word_1_863' title='bbox 1467 2428 1513 2456; x_wconf 70' lang='grc'><strong>24.</strong></span> <span class='ocrx_word' id='word_1_864' title='bbox 1561 2427 1663 2454; x_wconf 76' lang='lat' dir='ltr'><strong>&#39;ﬂotn.</strong></span> <span class='ocrx_word' id='word_1_865' title='bbox 1686 2436 1741 2459; x_wconf 86' lang='lat' dir='ltr'><strong>vn,</strong></span> <span class='ocrx_word' id='word_1_866' title='bbox 1770 2427 1811 2453; x_wconf 65' lang='grc' dir='ltr'><strong>ΕΞ.</strong></span> 
     </span>
    </p>
   </div>
   <div class='ocr_carea' id='block_1_114' title="bbox 1070 2535 1812 2569">
    <p class='ocr_par' dir='ltr' id='par_1_114' title="bbox 1070 2535 1812 2569">
     <span class='ocr_line' id='line_1_114' title="bbox 1070 2535 1812 2569; baseline -0.001 -8"><span class='ocrx_word' id='word_1_867' title='bbox 1070 2535 1125 2568; x_wconf 87' lang='grc'><strong>(87)</strong></span> <span class='ocrx_word' id='word_1_868' title='bbox 1139 2535 1287 2563; x_wconf 70' lang='lat' dir='ltr'><strong>Inpenimtu</strong></span> <span class='ocrx_word' id='word_1_869' title='bbox 1298 2540 1384 2561; x_wconf 76' lang='lat' dir='ltr'><strong>autem</strong></span> <span class='ocrx_word' id='word_1_870' title='bbox 1400 2535 1551 2562; x_wconf 63' lang='lat' dir='ltr'><strong>Mammeos</strong></span> <span class='ocrx_word' id='word_1_871' title='bbox 1562 2535 1734 2569; x_wconf 73' lang='lat' dir='ltr'><strong>interpretari</strong></span> <span class='ocrx_word' id='word_1_872' title='bbox 1747 2535 1812 2568; x_wconf 81' lang='lat' dir='ltr'><strong>[rur-</strong></span> 
     </span>
    </p>
   </div>
   <div class='ocr_carea' id='block_1_115' title="bbox 1035 2569 1593 2603">
    <p class='ocr_par' dir='ltr' id='par_1_115' title="bbox 1035 2569 1593 2603">
     <span class='ocr_line' id='line_1_115' title="bbox 1035 2569 1593 2603; baseline 0.002 -8"><span class='ocrx_word' id='word_1_873' title='bbox 1035 2570 1216 2603; x_wconf 77' lang='lat' dir='ltr'><strong>ti/icutionem.</strong></span> <span class='ocrx_word' id='word_1_874' title='bbox 1235 2570 1255 2596; x_wconf 78' lang='grc' dir='ltr'>Α</span> <span class='ocrx_word' id='word_1_875' title='bbox 1271 2574 1329 2600; x_wconf 69' lang='lat' dir='ltr'><strong>m9</strong></span> <span class='ocrx_word' id='word_1_876' title='bbox 1352 2579 1361 2594; x_wconf 75' lang='grc' dir='ltr'><strong>ι</strong></span> <span class='ocrx_word' id='word_1_877' title='bbox 1382 2569 1565 2596; x_wconf 75' lang='lat' dir='ltr'><strong>fructificavit.</strong></span> <span class='ocrx_word' id='word_1_878' title='bbox 1585 2580 1593 2595; x_wconf 77' lang='grc' dir='ltr'><strong>ι</strong></span> 
     </span>
    </p>
   </div>
   <div class='ocr_carea' id='block_1_116' title="bbox 1071 2604 1811 2639">
    <p class='ocr_par' dir='ltr' id='par_1_116' title="bbox 1071 2604 1811 2639">
     <span class='ocr_line' id='line_1_116' title="bbox 1071 2604 1811 2639; baseline 0 -9"><span class='ocrx_word' id='word_1_879' title='bbox 1071 2604 1127 2639; x_wconf 73' lang='lat'><strong>(88)</strong></span> <span class='ocrx_word' id='word_1_880' title='bbox 1146 2604 1278 2639; x_wconf 20' lang='lat' dir='ltr'><strong>rliaplmim</strong></span> <span class='ocrx_word' id='word_1_881' title='bbox 1305 2605 1452 2634; x_wconf 54' lang='lat' dir='ltr'><strong>invenimus,</strong></span> <span class='ocrx_word' id='word_1_882' title='bbox 1474 2606 1672 2638; x_wconf 62' lang='lat' dir='ltr'><strong>interpretatum</strong></span> <span class='ocrx_word' id='word_1_883' title='bbox 1700 2606 1811 2631; x_wconf 70' lang='lat' dir='ltr'><strong>resoluta</strong></span> 
     </span>
    </p>
   </div>
   <div class='ocr_carea' id='block_1_117' title="bbox 1032 2638 1810 2671">
    <p class='ocr_par' dir='ltr' id='par_1_117' title="bbox 1032 2638 1810 2671">
     <span class='ocr_line' id='line_1_117' title="bbox 1032 2638 1810 2671; baseline -0.003 -5"><span class='ocrx_word' id='word_1_884' title='bbox 1032 2638 1126 2666; x_wconf 76' lang='lat' dir='ltr'><strong>mater.</strong></span> <span class='ocrx_word' id='word_1_885' title='bbox 1141 2638 1185 2665; x_wconf 89' lang='lat' dir='ltr'><strong>Sic</strong></span> <span class='ocrx_word' id='word_1_886' title='bbox 1197 2640 1265 2665; x_wconf 84' lang='lat' dir='ltr'><strong>alter</strong></span> <span class='ocrx_word' id='word_1_887' title='bbox 1276 2647 1307 2666; x_wconf 76' lang='lat' dir='ltr'><strong>ex</strong></span> <span class='ocrx_word' id='word_1_888' title='bbox 1325 2639 1544 2671; x_wconf 75' lang='lat' dir='ltr'><strong>Ebroireusibus,</strong></span> <span class='ocrx_word' id='word_1_889' title='bbox 1568 2639 1629 2665; x_wconf 76' lang='lat' dir='ltr'><strong>libri</strong></span> <span class='ocrx_word' id='word_1_890' title='bbox 1645 2645 1738 2666; x_wconf 73' lang='lat' dir='ltr'><strong>autem</strong></span> <span class='ocrx_word' id='word_1_891' title='bbox 1750 2639 1810 2666; x_wconf 83' lang='lat' dir='ltr'><strong>editi</strong></span> 
     </span>
    </p>
   </div>
   <div class='ocr_carea' id='block_1_118' title="bbox 1031 2674 1811 2707">
    <p class='ocr_par' dir='ltr' id='par_1_118' title="bbox 1031 2674 1811 2707">
     <span class='ocr_line' id='line_1_118' title="bbox 1031 2674 1811 2707; baseline 0 -8"><span class='ocrx_word' id='word_1_892' title='bbox 1031 2682 1081 2707; x_wconf 85' lang='lat' dir='ltr'><strong>pro</strong></span> <span class='ocrx_word' id='word_1_893' title='bbox 1100 2683 1109 2698; x_wconf 74' lang='grc' dir='ltr'><strong>ι</strong></span> <span class='ocrx_word' id='word_1_894' title='bbox 1136 2675 1252 2700; x_wconf 86' lang='lat' dir='ltr'><strong>resoluta</strong></span> <span class='ocrx_word' id='word_1_895' title='bbox 1272 2679 1369 2706; x_wconf 81' lang='lat' dir='ltr'><strong>mater,</strong></span> <span class='ocrx_word' id='word_1_896' title='bbox 1397 2683 1406 2699; x_wconf 77' lang='grc' dir='ltr'><strong>ι</strong></span> <span class='ocrx_word' id='word_1_897' title='bbox 1431 2674 1555 2700; x_wconf 76' lang='lat' dir='ltr'><strong>habent:</strong></span> <span class='ocrx_word' id='word_1_898' title='bbox 1575 2683 1584 2699; x_wconf 85' lang='grc' dir='ltr'><strong>ι</strong></span> <span class='ocrx_word' id='word_1_899' title='bbox 1614 2675 1742 2701; x_wconf 68' lang='lat' dir='ltr'><strong>resoluta:</strong></span> <span class='ocrx_word' id='word_1_900' title='bbox 1758 2682 1811 2700; x_wconf 83' lang='lat' dir='ltr'><strong>tua—</strong></span> 
     </span>
    </p>
   </div>
   <div class='ocr_carea' id='block_1_119' title="bbox 1033 2708 1812 2743">
    <p class='ocr_par' dir='ltr' id='par_1_119' title="bbox 1033 2708 1812 2743">
     <span class='ocr_line' id='line_1_119' title="bbox 1033 2708 1812 2743; baseline 0 -9"><span class='ocrx_word' id='word_1_901' title='bbox 1033 2715 1096 2735; x_wconf 80' lang='lat' dir='ltr'><strong>trcs.</strong></span> <span class='ocrx_word' id='word_1_902' title='bbox 1117 2718 1125 2733; x_wconf 76' lang='grc' dir='ltr'><strong>ι</strong></span> <span class='ocrx_word' id='word_1_903' title='bbox 1144 2708 1308 2743; x_wconf 62' lang='lat' dir='ltr'><strong>Etymologia</strong></span> <span class='ocrx_word' id='word_1_904' title='bbox 1325 2709 1432 2734; x_wconf 85' lang='lat' dir='ltr'><strong>ducitur</strong></span> <span class='ocrx_word' id='word_1_905' title='bbox 1452 2715 1483 2739; x_wconf 83' lang='lat' dir='ltr'><strong>ex</strong></span> <span class='ocrx_word' id='word_1_906' title='bbox 1503 2713 1562 2739; x_wconf 59' lang='grc' dir='ltr'><strong>ζωή</strong></span> <span class='ocrx_word' id='word_1_907' title='bbox 1583 2718 1591 2734; x_wconf 85' lang='grc' dir='ltr'><strong>ι</strong></span> <span class='ocrx_word' id='word_1_908' title='bbox 1614 2709 1812 2741; x_wconf 60' lang='lat' dir='ltr'><strong>t&#39;etuissuuue</strong></span> 
     </span>
    </p>
   </div>
   <div class='ocr_carea' id='block_1_120' title="bbox 1030 2745 1460 2772">
    <p class='ocr_par' dir='ltr' id='par_1_120' title="bbox 1030 2745 1460 2772">
     <span class='ocr_line' id='line_1_120' title="bbox 1030 2745 1460 2772; baseline -0.005 -3"><span class='ocrx_word' id='word_1_909' title='bbox 1030 2745 1147 2770; x_wconf 75' lang='lat' dir='ltr'><strong>sulatum</strong></span> <span class='ocrx_word' id='word_1_910' title='bbox 1160 2751 1265 2771; x_wconf 70' lang='grc' dir='ltr'><strong>(ιςεριει</strong></span> <span class='ocrx_word' id='word_1_911' title='bbox 1276 2749 1318 2772; x_wconf 69' lang='grc' dir='ltr'><strong>εκ</strong></span> <span class='ocrx_word' id='word_1_912' title='bbox 1333 2745 1460 2769; x_wconf 63' lang='lat' dir='ltr'><strong>amater.»</strong></span> 
     </span>
    </p>
   </div>
   <div class='ocr_carea' id='block_1_121' title="bbox 1066 2777 1810 2810">
    <p class='ocr_par' dir='ltr' id='par_1_121' title="bbox 1066 2777 1810 2810">
     <span class='ocr_line' id='line_1_121' title="bbox 1066 2777 1810 2810; baseline 0.001 -7"><span class='ocrx_word' id='word_1_913' title='bbox 1066 2780 1120 2810; x_wconf 69' lang='grc' dir='ltr'><strong>(δυ)</strong></span> <span class='ocrx_word' id='word_1_914' title='bbox 1142 2778 1174 2804; x_wconf 84' lang='lat' dir='ltr'><strong>In</strong></span> <span class='ocrx_word' id='word_1_915' title='bbox 1190 2784 1363 2804; x_wconf 73' lang='lat' dir='ltr'><strong>sacrarunt/0.</strong></span> <span class='ocrx_word' id='word_1_916' title='bbox 1393 2778 1471 2805; x_wconf 75' lang='lat' dir='ltr'><strong>Deest</strong></span> <span class='ocrx_word' id='word_1_917' title='bbox 1496 2779 1521 2804; x_wconf 84' lang='lat' dir='ltr'><strong>tu</strong></span> <span class='ocrx_word' id='word_1_918' title='bbox 1542 2778 1608 2806; x_wconf 88' lang='lat' dir='ltr'><strong>libb.</strong></span> <span class='ocrx_word' id='word_1_919' title='bbox 1625 2783 1706 2804; x_wconf 75' lang='lat' dir='ltr'><strong>antea</strong></span> <span class='ocrx_word' id='word_1_920' title='bbox 1723 2777 1810 2810; x_wconf 68' lang='lat' dir='ltr'><strong>editis,</strong></span> 
     </span>
    </p>
   </div>
   <div class='ocr_carea' id='block_1_122' title="bbox 1030 2813 1448 2840">
    <p class='ocr_par' dir='ltr' id='par_1_122' title="bbox 1030 2813 1448 2840">
     <span class='ocr_line' id='line_1_122' title="bbox 1030 2813 1448 2840; baseline -0.002 -1"><span class='ocrx_word' id='word_1_921' title='bbox 1030 2815 1075 2840; x_wconf 87' lang='lat' dir='ltr'><strong>sed</strong></span> <span class='ocrx_word' id='word_1_922' title='bbox 1094 2818 1182 2839; x_wconf 75' lang='lat' dir='ltr'><strong>exstat</strong></span> <span class='ocrx_word' id='word_1_923' title='bbox 1198 2814 1223 2839; x_wconf 92' lang='lat' dir='ltr'><strong>in</strong></span> <span class='ocrx_word' id='word_1_924' title='bbox 1241 2813 1367 2839; x_wconf 87' lang='lat' dir='ltr'><strong>omnibus</strong></span> <span class='ocrx_word' id='word_1_925' title='bbox 1383 2820 1448 2840; x_wconf 88' lang='lat' dir='ltr'><strong>mss.</strong></span> 
     </span>
    </p>
   </div>
  </div>
