1896 3052
35 109 91 138 953

514 108 546 135 IN
567 108 697 136 LIBRUM
717 108 798 136 JESU
813 108 907 136 NAVE
924 109 1066 137 lIOMILIA
1081 109 1174 137 XXIII.

1615 115 1669 144 954v

35 177 51 197 a
67 170 277 197 contradicente
292 177 345 197 non
359 170 473 204 possint.
490 170 517 197 In
542 171 601 198 aliis
622 171 731 205 quidem
744 172 829 198 virtus
844 175 866 201 Α
880 178 940 199 cum
953 176 1005 204 est,
1021 172 1102 199 citius
1125 171 1260 206 subjicere
1279 172 1368 205 nobis,
1383 176 1410 200 et
1426 173 1598 202 obedientem
1624 176 1664 202 fa-

36 217 90 243 ista
107 216 227 243 resoluta
243 220 285 243 est
307 220 333 242 et
349 217 473 247 remissa,
484 217 555 251 quod
574 217 707 243 indicatur
720 225 752 244 ex
767 224 828 243 sen-

36 261 117 288 sibus
133 269 196 287 cum
219 261 339 295 languidi
359 261 468 295 quidam
498 261 675 296 proferuntur
688 266 716 289 et
733 262 828 296 inepti,

35 313 63 334 et
81 307 150 333 nihil
169 308 193 333 in
207 315 238 334 se
252 307 421 334 fortitudinis
438 308 622 334 continentes.
639 307 695 333 Hoc
708 314 773 340 ergo
789 308 828 334 si-

37 352 190 385 gniﬁcatur
206 353 257 379 sub
273 352 382 379 nomine
399 352 534 386 Raphailn
554 357 583 378 ιιι
598 351 782 385 hujuscemodi
796 353 830 380 de

35 397 119 424 nobis
143 402 245 425 matres
265 398 411 429 remissas,
430 405 491 432 quae
511 404 608 425 sensus
629 397 781 424 ineruditos
802 402 829 425 et

35 443 152 469 inutiles
165 443 284 476 pariunt,
300 450 495 477 expurgemus.
511 442 543 469 Et
554 443 624 470 bene
641 443 760 470 servavit
774 443 828 477 spi-

34 488 129 515 ritalis
148 488 334 524 intelligentia:
357 490 563 525 proprietatem.
588 488 646 515 Non
667 488 739 515 enim
761 487 830 515 dixit

34 533 258 562 interminandos
288 535 442 569 Raphaim.
471 535 518 562 sed
541 534 740 569 expurgandus.
769 533 829 561 Non

33 580 114 606 enim
131 580 206 614 ipsos
230 581 370 608 naturales
393 581 450 616 (90)
479 581 577 608 animae
600 585 690 607 motus
705 584 830 608 evertere

33 630 124 658 atque
141 627 324 653 exterminare
350 626 518 661 praecipitur.
543 626 590 654 sed
610 633 772 661 expurgare,
802 626 829 653 id

33 674 78 696 est
105 670 202 698 sordes
225 676 252 698 et
266 671 458 704 immunditias,
482 680 543 707 quae
560 672 602 700 eis
616 680 650 702 ex
675 676 765 699 nostra
781 679 829 700 ne—

32 715 171 750 gligentia
192 717 372 750 advenerunt,
396 725 514 753 purgare
535 723 617 752 atque
640 718 782 753 depellere,
799 722 829 744 ut

33 761 173 788 naturalis
187 762 246 796 ejus
255 763 330 797 vigor
347 764 463 798 propria:
483 767 565 798 atque
583 763 709 799 ingenitae
738 763 828 790 virtu-

34 807 73 834 tis
90 807 229 842 eﬁulgeat.

71 853 103 880 5.
126 853 194 880 Post
212 854 269 881 haac
291 854 394 882 addunt
419 855 507 882 adhuc
530 855 576 882 lilii
592 855 720 890 Ephrem.
737 861 765 882 et
787 856 828 883 di-

33 901 106 924 cunt
124 898 146 913 "
165 907 171 925 :
188 907 197 924 t
216 898 377 926 Non‘suﬂicit
387 900 464 926 nobis
475 908 563 933 mons,
579 904 605 927 et
620 908 706 935 equus
714 901 826 934 electus,

31 946 61 969 et
78 942 185 969 ferrum
209 943 363 971 Chananmo
379 949 420 972 est
442 945 488 979 qui
508 945 616 972 habitat
629 946 655 972 in
674 954 717 973 me
730 946 796 981 (91).
815 957 825 973 ι

31 986 187 1020 Nunquam
212 988 333 1016 invenies
353 991 399 1024 qui
424 998 522 1024 equum
550 991 647 1018 habeat
667 991 826 1025 Israelitam,

31 1034 85 1059 sed
101 1033 274 1060 Chananteus
291 1035 373 1061 habet
393 1035 467 1062 illum
491 1043 601 1070 equum,
622 1037 668 1070 qui
688 1036 772 1064 falsus
785 1042 829 1065 est

30 1079 67 1105 ad
86 1078 218 1106 salutem.
234 1079 320 1107 Habet
337 1085 364 1107 et
387 1081 490 1108 ferrum
509 1082 634 1109 bellicnnt
647 1082 827 1112 Chananaaus.

32 1123 91 1150 Sed
107 1123 174 1157 quid
193 1125 333 1159 respondit
348 1125 400 1152 illis
412 1126 514 1154 .Iesus?
533 1136 541 1153 ι
560 1127 587 1154 Si
601 1129 713 1162 populus
727 1129 828 1158 multus

32 1176 64 1195 es
81 1173 124 1200 tu,
146 1175 175 1196 et
190 1169 317 1197 virtutem
335 1171 448 1205 habens,
469 1180 522 1199 non
538 1174 591 1200 erit
604 1173 653 1201 tibi
675 1181 737 1202 sors
761 1183 826 1209 una,

32 1215 104 1249 quia
116 1215 205 1243 saltus
216 1221 259 1244 est
275 1218 333 1250 tibi,
351 1223 379 1246 et
404 1219 566 1247 emuudabis
583 1227 644 1247 eum
668 1221 702 1246 ".
719 1231 729 1248 ι
747 1222 829 1250 Vides

32 1261 104 1295 quid
121 1262 157 1288 ad
174 1269 224 1289 nos
240 1270 290 1296 per
306 1264 457 1298 spiritalem
468 1265 672 1301 intelligentiam
681 1267 788 1303 dicitur,
801 1272 830 1296 ut

33 1307 224 1334 cumndemus
251 1307 346 1335 silvam
360 1317 420 1343 quae
447 1310 474 1337 in
491 1311 569 1339 nobis
585 1317 637 1343 est,
654 1318 681 1340 et
699 1313 829 1341 exciden-

33 1357 78 1379 tes
96 1352 214 1380 inutiles
225 1357 252 1380 et
266 1353 449 1383 infructuosus
470 1363 503 1382 ex
522 1356 725 1391 nobismetipsis
748 1359 829 1387 arbo-

32 1405 92 1428 res,
111 1397 248 1427 facismus
268 1399 302 1426 ibi
321 1401 426 1427 novalia
446 1409 506 1435 qua:
523 1408 632 1435 semper
657 1403 828 1438 innaventus,

31 1447 61 1468 et
81 1450 118 1470 ex
133 1443 235 1477 quibus
250 1443 368 1473 fructum
394 1447 535 1480 capiamus
555 1447 722 1475 tricesimum
742 1453 770 1476 et
785 1457 829 1476 se—

30 1490 212 1523 xagesimum
229 1495 256 1517 et
281 1492 485 1520 centesimum?
509 1493 605 1520 Annon
631 1494 724 1521 eadem
753 1495 829 1523 nobis

33 1535 187 1570 Evangelii
206 1543 296 1563 sermo
310 1537 463 1571 denuntiat,
485 1539 579 1566 dicens
595 1539 616 1555 ιδ
633 1548 639 1566 :
661 1548 671 1565 ι
693 1540 762 1567 Ecce
771 1540 828 1574 jam

30 1580 148 1606 securis
163 1581 249 1613 posita
265 1587 306 1608 cst
323 1582 356 1610 ad
370 1582 488 1613 radicem
504 1582 610 1610 arboris
624 1583 635 1610 ?
654 1583 749 1611 Omnis
759 1592 825 1619 ergo

29 1627 122 1652 arbor
132 1633 257 1660 qumnon
269 1626 347 1654 all’ert
358 1627 488 1662 fructum,
500 1629 650 1661 excidetur,
663 1633 691 1656 et
702 1630 728 1656 in
739 1630 828 1664 ignem

29 1672 179 1698 tttittt'tttr.
195 1681 205 1697 ι
223 1671 287 1700 Ilaec
301 1673 440 1707 prioribus
466 1674 566 1701 nosm‘s
587 1673 660 1700 Nave
676 1674 744 1702 ﬁlius
760 1682 829 1710 pra:-

29 1718 108 1750 cepit
125 1716 210 1744 .Iesus
229 1717 262 1744 de
278 1718 455 1745 infructuosis
478 1718 621 1746 arboribus
659 1719 828 1752 excidendis,

28 1763 94 1789 haec
111 1763 198 1790 nobis
222 1762 353 1791 Dominus
379 1763 457 1791 .Icsus
482 1764 508 1791 in
527 1764 679 1798 Evangeliis
703 1765 828 1792 mandata

28 1808 175 1835 describit
191 1816 198 1834 :
217 1812 245 1835 et
261 1809 396 1842 quomodo
418 1817 471 1836 non
488 1817 581 1836 verum
597 1811 721 1844 estquod
736 1810 830 1838 umbra

25 1853 182 1887 praecessit
201 1857 228 1879 et
245 1854 348 1880 veritas
365 1858 458 1881 secuta
470 1854 534 1881 est?

66 1899 97 1925 ti.
132 1898 205 1931 Quid
232 1904 322 1926 autent
346 1903 387 1926 est
413 1899 485 1933 quod
509 1899 611 1927 addidit
633 1899 711 1927 Jesns
732 1909 739 1927 :
768 1909 777 1926 ι
800 1900 828 1927 Si

26 1943 251 1975 emundaveris,
287 1945 374 1979 inquit
401 1945 443 1978 ιθ,
477 1945 594 1977 silvam,
614 1945 665 1972 erit
695 1945 743 1973 tibi
768 1954 828 1974 cum

26 1989 270 2017 exterminaveris
283 1989 486 2017 Chananmum?
503 1999 512 2016 ›
537 1990 662 2018 Diximus
680 1990 734 2025 jam
754 1998 830 2026 supc-

29 2035 92 2060 rius
106 2034 248 2068 quomodo
265 2036 402 2062 nobiscqu
420 2036 524 2069 positus
541 2035 722 2068 Chananaaus,
741 2038 828 2070 primo

26 2086 145 2107 tantum
160 2080 262 2107 tributa
285 2080 430 2114 dependet,
454 2081 572 2113 secundo
597 2081 729 2108 obediens
747 2081 828 2108 cilici-

23 2130 75 2153 tur
105 2129 135 2152 et
161 2124 306 2158 subjectus,
337 2126 417 2152 tertio
453 2132 517 2152 vero
532 2126 557 2152 in
584 2126 766 2157 membrorum
784 2133 832 2156 no-.

880 225 953 248 cere,
966 222 1027 252 post
1045 217 1102 244 haec
1116 218 1197 244 etiam
1214 218 1407 251 cxterminare;
1426 220 1501 254 quia,
1521 220 1542 247 si
1557 221 1670 248 dimitti-

881 271 941 290 mus
957 271 1020 290 eum
1032 268 1058 290 et
1075 264 1248 299 negligimus,
1263 264 1351 291 veniet
1363 264 1470 294 Pharao
1487 273 1519 292 ex
1537 266 1668 301 Egypto,

880 308 1032 343 etincipiet
1044 309 1130 337 locum
1147 314 1270 336 nostrum
1289 310 1315 336 in
1331 309 1422 338 dotem
1441 312 1506 338 dare
1527 312 1588 338 tilia:
1600 320 1668 346 suae,

879 359 908 380 et
922 354 1045 385 captivos
1057 362 1106 381 nos
1129 355 1234 383 tradere
1249 355 1300 390 legi
1326 357 1441 390 peccati.
1461 357 1513 384 Sed
1530 357 1601 384 absit
1617 358 1669 389 hoc

880 399 914 426 ab
925 397 1075 426 Israelitica
1094 399 1245 433 nobilitate,
1273 405 1302 428 ut
1316 401 1418 428 serviat
1443 401 1505 428 ﬁliae
1518 402 1670 430 Pharaonis

879 443 1013 476 Israelita,
1035 444 1118 480 550
1142 453 1223 480 quem
1245 446 1300 481 jam
1320 446 1390 474 Deus
1413 448 1506 474 eduxit
1532 449 1566 475 de
1594 453 1668 476 terra

879 490 998 525 Egypti.
1008 491 1113 518 iterum
1128 492 1230 518 serviat
1245 492 1294 524 illi,
1308 493 1354 527 qui
1376 493 1402 519 in
1415 494 1482 520 mari
1497 493 1589 521 Rubro
1601 495 1668 521 sub-

880 543 985 563 mersus
997 541 1048 568 est,
1063 536 1198 564 Pharaoni
1211 539 1216 565 ι
1235 538 1415 565 Observetnus
1429 546 1497 573 ergo
1505 539 1574 565 sicut
1587 544 1613 566 et
1625 540 1668 567 hic

879 580 946 607 dicit
971 579 1065 613 Iesus.
1091 586 1120 608 ιιι
1146 582 1339 617 prtevalealnus
1368 591 1416 610 nos
1438 588 1535 610 contra
1561 583 1669 610 Chana-

880 632 953 655 naeos
972 634 978 652 :
996 633 1030 653 ne
1042 625 1065 653 si
1080 620 1150 654 forte
1167 627 1225 661 (92)
1250 627 1287 654 illi
1303 627 1468 654 invaluerint
1484 635 1567 661 super
1581 635 1629 655 nos
1641 631 1669 654 et

878 670 1046 700 obtinuerint
1059 679 1118 704 nos,
1136 672 1170 700 de
1191 672 1349 700 Israeliticis
1373 672 1543 701 Chananaros
1562 679 1612 699 nos
1624 672 1667 698 fa-

879 716 964 750 ciant,
980 717 1053 745 sicut
1068 723 1095 745 et
1117 718 1163 746 ille
1188 717 1303 746 cll‘ectus
1326 723 1377 750 est.
1393 725 1473 752 quem
1491 722 1669 753 superaverat

879 762 970 790 carnis
988 762 1128 795 illecebra,
1141 763 1183 790 cui
1196 763 1298 790 dicitur
1308 771 1322 791 a
1335 764 1466 798 propheta
1480 764 1501 779 "
1515 773 1522 790 :
1538 773 1548 789 Ι
1567 763 1666 791 Semen

880 805 1024 839 Chanaan,
1045 812 1072 834 et
1087 815 1140 834 non
1160 807 1240 840 .Iuda,
1268 808 1373 842 species
1390 809 1499 835 seduxit
1516 813 1551 835 te.
1578 818 1588 834 ι
1607 809 1665 836 Non

877 853 988 880 eveniat
1011 860 1076 887 ergo
1103 852 1182 880 nobis
1206 854 1303 881 audire
1328 861 1420 881 semen
1437 855 1582 887 Chanaan,
1602 855 1666 889 quia

880 905 890 923 ι
921 897 1077 925 maledictus
1098 898 1226 925 Chanaan
1248 906 1315 933 puer
1338 907 1432 927 servus
1454 901 1508 927 erit
1531 899 1664 928 fratribus

877 943 935 969 suis
961 943 992 971 ⁸⁷.
1026 953 1036 968 ι
1069 943 1152 970 Nobis
1181 948 1269 971 autent
1305 949 1413 978 praestet
1444 945 1596 978 Dominus,
1635 950 1666 972 ut

878 986 926 1013 lilii
941 987 1025 1015 simus
1047 988 1196 1020 Abraham,
1209 994 1234 1016 et
1249 988 1338 1022 Isaac,
1360 995 1387 1017 et
1402 989 1497 1023 Jacoh,
1519 990 1668 1017 secundant

877 1033 1086 1067 promissionem
1106 1033 1239 1065 hmredes,
1255 1039 1282 1061 et
1293 1034 1328 1061 ob
1344 1035 1395 1061 hoc
1408 1043 1441 1062 ex
1461 1035 1596 1069 lapidibus
1605 1042 1668 1062 sus-

879 1079 966 1110 citati.
988 1084 1017 1105 ut
1039 1079 1126 1111 simus
1150 1079 1197 1106 ﬁlii
1216 1080 1354 1108 Abraham
1375 1088 1389 1107 a
1407 1081 1516 1108 Christo
1537 1080 1600 1108 Jesu
1615 1081 1668 1108 Do-

880 1124 953 1152 mino
965 1129 1070 1158 nostro,
1094 1125 1137 1152 cui
1160 1129 1201 1152 est
1214 1125 1299 1160 gloria
1312 1130 1340 1153 et
1362 1126 1506 1160 imperium
1522 1126 1548 1154 in
1564 1126 1663 1154 saecula

879 1169 1052 1198 liaculorum.
1065 1169 1160 1197 Amen.

1142 1215 1284 1243 HOMILIA
1306 1216 1401 1243 XXIII.

932 1259 970 1287 De
993 1262 1095 1289 ratione
1111 1262 1223 1290 sortium
1245 1262 1289 1288 ubi
1302 1267 1397 1296 septem
1412 1262 1495 1291 tribus
1508 1262 1614 1296 capiunt

1174 1297 1366 1324 Itarredilatem.

915 1351 941 1378 1.
966 1350 995 1378 In
1012 1351 1208 1379 consuetudine
1233 1351 1371 1378 hominum
1388 1359 1448 1379 cum
1472 1352 1572 1386 aliquid
1593 1357 1667 1380 sorte

880 1396 1021 1429 dividitur,
1048 1397 1159 1424 fortuitu
1181 1397 1289 1424 videtur
1305 1405 1366 1424 sors
1391 1397 1434 1424 illa
1457 1399 1490 1424 ad
1516 1398 1603 1431 illum,
1625 1399 1668 1425 vel

880 1441 931 1469 alia
958 1443 991 1469 ad
1012 1443 1096 1470 alium
1125 1442 1181 1478 (95)
1206 1443 1304 1470 cadere
1328 1454 1334 1470 :
1356 1444 1383 1470 in
1408 1443 1549 1478 Scriptura
1575 1448 1666 1473 autem

881 1492 975 1515 sancta
990 1495 1042 1514 non
1057 1488 1092 1514 ita
1109 1493 1162 1515 est.
1183 1487 1336 1522 Aliquoties
1351 1488 1506 1522 quazrebam
1523 1490 1593 1524 apud
1611 1497 1667 1516 me-

880 1533 1034 1567 metipsum,
1048 1533 1069 1559 si
1090 1533 1123 1559 de
1139 1540 1167 1559 re
1185 1537 1258 1559 tanta
1284 1540 1316 1560 ac
1335 1533 1380 1560 tali
1401 1533 1459 1568 (94)
1474 1539 1564 1568 patres
1578 1535 1666 1560 sancti

879 1577 999 1606 sortibus
1022 1577 1155 1611 judicium
1178 1578 1389 1609 commisissent,
1406 1579 1476 1612 quod
1488 1578 1511 1604 si
1523 1583 1593 1605 esset
1618 1579 1669 1606 hoc

879 1622 950 1656 apud
971 1627 1080 1656 sanctos
1100 1623 1135 1649 ita
1160 1628 1276 1657 gestmn,
1298 1623 1356 1658 jam
1381 1623 1414 1650 de
1436 1624 1496 1650 aliis
1514 1623 1669 1651 hominibus

877 1670 918 1696 vel
943 1667 1088 1703 gentilibus
1105 1668 1160 1704 (95)
1178 1668 1244 1695 nihil
1264 1668 1362 1695 mirum
1378 1669 1525 1700 videretur,
1551 1669 1574 1696 si
1599 1668 1666 1696 nihil

879 1713 1026 1741 haberetur
1038 1714 1168 1741 eximium
1192 1714 1221 1740 in
1245 1714 1289 1744 iis,
1305 1721 1365 1748 quae
1389 1721 1403 1739 a
1417 1714 1520 1740 sanctis
1535 1718 1608 1741 sorte
1625 1714 1668 1741 di-

878 1762 977 1786 cuntur
999 1759 1096 1786 divisa.
1119 1759 1170 1785 Sed
1190 1759 1331 1791 videamus
1342 1759 1364 1786 si
1384 1758 1454 1785 forte
1476 1759 1501 1785 in
1517 1758 1668 1793 Scripturis

879 1801 1034 1829 invenimus
1047 1803 1147 1836 aliquid
1167 1803 1297 1837 positum,
1309 1803 1381 1837 quod
1404 1803 1481 1830 nobis
1494 1802 1558 1836 quid
1576 1803 1663 1829 virtu-

880 1848 913 1875 tis
933 1849 1103 1875 coatineatur
1126 1848 1151 1874 in
1174 1848 1295 1875 sortibus
1316 1847 1481 1874 manifestet.
1506 1847 1669 1881 Incipiamus

879 1901 945 1928 ergo
961 1902 975 1920 a
997 1892 1130 1926 Levitico,
1152 1893 1197 1920 ubi
1222 1893 1354 1927 scriptum
1378 1898 1420 1920 est
1435 1892 1456 1908 ¹⁹
1476 1899 1484 1919 :
1508 1901 1518 1917 ί
1539 1892 1572 1918 Et
1595 1892 1668 1926 acci-

879 1940 972 1973 pient,
1010 1939 1117 1974 inquit,
1153 1940 1221 1966 duas
1244 1943 1341 1966 sortes.
1374 1938 1440 1966 Sors
1469 1946 1520 1965 una
1542 1938 1669 1971 Domino,

879 1989 905 2012 et
929 1992 988 2012 sors
1005 1992 1058 2012 una
1081 1992 1265 2019 apopompno,
1289 1993 1298 2010 ι
1317 1985 1367 2011 hoc
1385 1989 1437 2017 est,
1467 1984 1669 2013 transmissori.

881 2039 891 2056 ε
918 2031 952 2065 Et
966 2038 1046 2065 super
1063 2025 1250 2066 quemcunque
1281 2030 1390 2057 venerit
1415 2037 1477 2057 sors
1500 2030 1669 2064 apopomptei

879 2076 993 2112 accipiet
1008 2078 1113 2105 hircum
1136 2077 1224 2108 illum,
1244 2082 1272 2103 et
1286 2076 1401 2103 adducet
1416 2076 1489 2103 illum
1503 2076 1529 2102 in
1543 2083 1667 2102 erentutn

879 2125 984 2155 vivum.
999 2129 1026 2152 et
1041 2124 1159 2152 dimittet
1179 2124 1252 2151 illum
1279 2124 1316 2151 ibi
1341 2123 1367 2150 in
1394 2123 1553 2151 ditnissione
1575 2131 1634 2151 sua.
1653 2132 1665 2148 ι

23 2175 160 2197 strorum
177 2170 387 2196 tuortiticatione
415 2169 499 2203 etiam
521 2170 697 2205 exterminari
716 2171 825 2199 dicitur.
844 2181 865 2209 ο
880 2170 969 2197 Alium
986 2177 1050 2197 vero
1059 2170 1163 2196 hircqu
1177 2168 1357 2196 immolabunt
1371 2168 1495 2201 Domino,
1511 2173 1537 2195 et
1552 2168 1671 2203 reliqua,

23 2216 99 2249 ρυλε
119 2215 142 2242 si
159 2219 234 2242 recte
255 2215 441 2250 intelligimus,
461 2219 489 2242 et
513 2215 626 2242 donavit
642 2215 718 2242 nobis
740 2216 828 2242 Domi-

24 2270 83 2288 nus
101 2269 155 2295 per
166 2261 282 2295 gratiam
301 2268 376 2288 suam
395 2262 431 2294 ita
457 2261 513 2288 hruc
539 2261 702 2297 intelligere,
724 2262 760 2288 sit
783 2262 830 2288 ali-

22 2309 97 2343 quid
116 2315 211 2341 operte
225 2307 306 2341 pretii
324 2307 380 2334 ha'c
394 2308 427 2335 de
441 2308 554 2335 secretis
569 2312 597 2335 et
623 2308 788 2334 absconditis
800 2308 827 2334 in

21 2353 178 2388 publicum
192 2352 361 2385 produxisse,
380 2357 406 2379 et
421 2353 526 2379 venisse
539 2352 571 2379 ad
587 2353 752 2388 agnitionem
780 2360 828 2379 nu-

21 2406 137 2430 stram,
156 2405 218 2432 quae
243 2398 425 2425 servabantur
443 2399 568 2430 oblecta;
592 2404 619 2425 et
630 2405 759 2425 conemur
782 2406 827 2425 sc-

18 2446 156 2473 cuudum
172 2444 231 2471 haec
242 2452 302 2478 qutt-
322 2445 451 2475 diximus.
466 2444 651 2471 Chananwum
667 2444 711 2478 qui
738 2444 826 2470 nobis-

60 2539 87 2555 "
111 2537 172 2565 .Ios.
186 2545 253 2566 xvu.
272 2537 315 2564 16.
355 2537 375 2552 ¹³
388 2535 454 2563 ibid.
475 2537 520 2569 17,
537 2539 580 2564 18.

18 2575 44 2591 ¹²
71 2574 168 2601 Levit.
195 2580 249 2604 va,
263 2572 292 2605 8,
309 2572 352 2599 l0.

57 2630 126 2670 (99)
136 2629 239 2657 Omnes
251 2636 317 2657 mss.
334 2638 344 2655 ι
361 2629 509 2656 naturales.
526 2637 536 2654 ι
550 2627 631 2655 Libb.
647 2627 711 2654 editi
726 2635 732 2654 :
749 2635 759 2652 ί
777 2635 825 2653 na-

18 2667 232 2736 mi‘jltifhiadex
249 2698 394 2736 Sangertn.
410 2706 472 2726 cum
491 2706 544 2726 uno
555 2697 662 2725 Ebroic.
675 2706 683 2722 ι
704 2697 730 2723 in
746 2703 797 2722 me.
813 2706 821 2721 ι

14 2734 107 2763 Libh.
133 2735 212 2765 editi.
230 2743 238 2759 ι
258 2734 283 2760 in
298 2734 420 2760 meridie.
443 2743 452 2758 ι

64 2769 145 2803 (9‘2)
176 2769 239 2796 MSS.
269 2778 278 2793 ι
305 2776 338 2796 ne
358 2769 380 2795 si
402 2769 483 2795 forte.
515 2777 524 2792 ι
549 2767 628 2794 Libh.
648 2766 712 2793 editi
733 2774 765 2792 ιι
793 2773 824 2791 nc

16 2807 57 2832 [ιιι
72 2813 111 2831 te.
139 2815 147 2829 ι

620 2536 641 2552 “
653 2535 747 2562 Matth.
763 2544 802 2567 Ill,
823 2535 867 2562 10.

881 2221 940 2249 quae
969 2214 1004 2241 ibi
1026 2218 1099 2241 sunt.
1125 2213 1189 2246 Quae
1213 2213 1305 2247 utique
1327 2213 1418 2239 sciunt
1440 2213 1486 2246 qui
1512 2213 1613 2246 legunt.
1636 2212 1669 2238 Et

881 2259 979 2287 iterum
996 2259 1039 2285 ubi
1052 2258 1156 2293 Muyses
1171 2262 1245 2285 sorte
1263 2258 1355 2285 divisit
1370 2258 1450 2285 tribui
1463 2257 1570 2289 Ruben.
1587 2263 1612 2284 et
1622 2258 1671 2284 tri-

879 2304 924 2332 hui
937 2305 1005 2337 Gad,
1015 2309 1041 2332 et
1054 2305 1171 2331 dilllitlli'e
1184 2305 1264 2331 tribui
1274 2304 1408 2336 Manasse,
1422 2311 1482 2338 qua:
1492 2307 1668 2338 poposcerant

882 2350 1111 2378 transJordanem
1131 2351 1254 2385 accipere
1276 2355 1376 2376 terram
1393 2349 1477 2381 illam,
1492 2356 1572 2383 quam
1588 2355 1667 2375 acce—

880 2401 979 2431 perunt
1000 2396 1046 2423 lilii
1065 2396 1158 2423 Israel.
1173 2395 1256 2422 Dedit.
1275 2401 1364 2422 autem
1380 2395 1462 2421 etiam
1477 2394 1554 2420 Jesus
1571 2401 1666 2420 secum-

881 2444 944 2470 tIum
977 2448 1140 2477 pra-ceptum
1172 2442 1217 2468 Dci
1248 2441 1331 2468 Calcb
1362 2441 1415 2467 lilio
1443 2438 1547 2467 Jcllonc
1581 2438 1669 2464 tribus

1443 2531 1463 2546 ¹⁷
1478 2529 1547 2556 Gen.
1568 2536 1604 2559 tv,
1618 2528 1667 2554 9.5-

905 2536 926 2551 ”
937 2535 992 2562 Jos.
1006 2543 1065 2564 xvn,
1078 2535 1122 2561 ‘28.
1162 2534 1183 2549 ¹⁶
1198 2533 1264 2559 Dnll.
1282 2539 1342 2559 χιιι.
1358 2532 1402 2558 56.

912 2625 968 2660 (93)
991 2623 1038 2649 Vel
1052 2624 1106 2650 alia
1119 2623 1154 2660 {ul
1173 2623 1266 2660 alium.
1357 2620 1458 2660 desunt
1472 2617 1498 2644 in
1518 2616 1595 2643 libris
1606 2616 1665 2642 edi-

877 2654 920 2692 lis;
936 2654 982 2685 sed
1000 2663 1107 2685 exstant
1121 2658 1146 2683 in
1161 2658 1266 2684 duobus
1283 2654 1526 2692 Ehroicensibus.__
1584 2684 1612 2692 ,-

911 2684 1083 2730 (θιγοημίιςε
1099 2699 1163 2730 mss.
1183 2701 1192 2716 ι
1214 2691 1235 2718 si
1255 2692 1329 2730 dere
1345 2695 1418 2716 tanta
1433 2696 1465 2715 ac
1482 2687 1538 2714 tali.
1559 2694 1569 2712 ι
1583 2684 1665 2712 Libb.

875 2726 961 2756 editi:
981 2737 989 2753 ι
1009 2728 1029 2754 si
1047 2727 1081 2754 de
1095 2727 1176 2753 tantis
1192 2733 1224 2752 ac
1240 2726 1349 2752 talibus.
1371 2734 1380 2749 ›
1583 2754 1612 2760 ,,

911 2754 968 2799 (95)
989 2763 1078 2799 Codex
1100 2761 1240 2799 Su‘ngerm.
1268 2769 1278 2785 ι
1300 2760 1340 2787 vel
1366 2758 1524 2794 gentilibus.
1550 2765 1559 2782 ι
1583 2754 1663 2784 Libb.

876 2795 939 2826 editi
959 2795 963 2823 Ξ
983 2807 992 2823 ι
1013 2797 1052 2823 ι’ρι
1066 2795 1203 2829 gentibus.
1229 2805 1237 2820 ι
