1888 3051
221 75 275 104 9ἲί

949 76 1112 105 ORIGEle
1794 81 1831 109 933

221 140 299 167 Juda:
308 139 366 175 (96)
382 144 494 168 sortem.
508 139 586 166 Dedit
598 142 688 165 autem
701 142 728 165 et
741 137 823 166 tribui
840 137 969 173 Ephrem,
985 143 1013 166 et
1027 141 1050 169 Α
1065 142 1167 171 mento,
1181 137 1268 166 sicubi
1291 144 1352 166 sors
1370 137 1396 165 in
1416 138 1526 167 Christo
1545 139 1588 167 vel
1612 139 1639 167 in
1667 140 1780 168 Ecclesia
1796 150 1832 169 ποι

223 186 261 213 iiii
285 193 346 221 quae
370 188 534 220 supererat,
563 183 682 210 dimidia:
711 183 793 210 tribui
817 183 949 211 Manasse.
980 184 1013 211 Et

223 236 286 265 post
302 231 359 258 hmo
384 229 571 264 congregavit,
595 228 706 262 inquit,
726 228 869 255 ecclesiam
896 229 1012 256 filiorum

222 276 319 308 Israel.
334 281 361 303 et
379 275 447 302 dixit
458 275 479 294 "
493 283 501 301 τ
520 283 529 300 ‹
549 273 652 300 Mittam
666 279 781 306 sortem,
793 279 821 301 et
836 275 973 308 proferatur
985 275 1011 302 in

221 327 369 358 conspectu
395 321 502 349 Domini
526 326 648 352 sortem.
676 321 698 348 si
724 321 800 356 prius
825 322 1013 349 describentes

221 373 340 401 terram,
365 367 511 395 attuleritis
536 367 748 400 descriptionem
778 368 848 401 ejus.
874 376 884 393 ι
911 367 945 394 Et
974 368 1012 394 ita

220 420 283 450 post
299 414 358 441 haec
374 413 495 441 sortibus
512 413 604 440 missis
622 413 769 440 ltwreditas
781 412 881 448 populo
897 413 944 441 Dei
955 414 1011 441 dis-

221 460 360 492 tribuitur,
373 464 401 487 et
412 460 534 496 agitatur
545 467 606 487 sors
621 459 672 486 ista
686 466 738 485 non
759 459 886 491 fortuitu.
903 460 950 487 sed
970 466 1013 487 se-

219 507 339 532 cundum
363 505 424 536 hoc,
440 505 511 540 quod
531 505 755 540 praedestinatum
774 510 816 532 est
828 513 843 532 a
856 506 920 532 Deo.
935 505 1012 532 Deni-

220 557 272 583 que
287 550 374 577 tribus
396 550 536 584 Benjamin
559 551 646 586 prima
666 551 702 578 ibi
728 551 833 585 accepit
847 555 948 578 sortem
965 551 1010 578 ubi

219 602 279 624 erat
292 596 460 629 Jerusalem,
478 601 540 632 post
561 597 632 624 hanc
651 597 738 624 tribus
753 596 864 623 Simeon
879 597 1009 630 secunda,

220 648 282 676 post
299 642 516 675 hauelssaehar,
539 643 636 670 deinde
658 641 903 673 Zabulon,deinde
929 642 1009 674 Aser,

220 693 282 721 post
297 689 380 716 etiam
398 688 584 723 Nephthalim,
597 688 661 716 inde
679 689 747 715 Dan.
761 689 789 716 ln
807 689 905 723 quibus
918 689 1011 715 novis-

219 734 288 760 sime
308 734 420 761 veniunt
446 738 502 761 tres
525 734 577 760 illa:
600 734 698 767 tribus,
715 742 775 769 qua:
798 742 832 762 ex
849 735 1010 762 concubinis

219 778 417 805 descenderant
431 777 527 805 Jacob.

1064 183 1195 215 minatur,
1216 183 1257 210 vel
1276 183 1302 210 in
1322 183 1404 210 rebus
1418 184 1552 218 mysticis,
1568 189 1595 211 et
1611 193 1671 219 qua:
1686 186 1718 212 ad
1733 187 1830 214 animam

1063 229 1204 263 pertinere
1220 229 1378 256 videantur.
1399 229 1512 257 Invenio
1528 229 1645 257 Paulum
1660 231 1693 257 ad
1719 231 1828 266 Ephesios

1064 275 1230 302 scribentem
1247 275 1339 302 dicere
1352 275 1386 302 de
1400 275 1511 304 Christo
1531 285 1538 303 :
1563 285 1574 302 r
1595 276 1622 304 In
1638 284 1702 310 qua,
1723 278 1831 312 inquit“,

1064 325 1138 349 sorte
1168 322 1256 348 vocati
1275 328 1379 360 sumus,
1413 322 1599 356 przedéstinati
1624 323 1767 350 secundum
1786 333 1832 359 pro—

1063 367 1183 402 positum
1201 367 1270 402 ejus,
1287 367 1334 402 qui
1351 368 1441 395 omnia
1467 374 1597 403 operatur
1624 370 1769 397 secttndum
1783 378 1832 398 con-

1064 413 1155 440 silium
1186 413 1334 440 voluntatis
1362 413 1442 449 55.1
1471 421 1543 445 suae,
1569 419 1598 441 ut
1627 415 1713 442 simus
1737 416 1760 442 in
1787 416 1832 443 lau-

1064 459 1124 486 dent
1140 459 1234 492 gloria:
1255 458 1313 492 ejus
1330 460 1375 494 qui
1391 465 1453 486 ante
1473 460 1645 494 speravimus
1662 461 1689 487 in
1705 461 1810 490 Christo.
1824 471 1831 488 ι

1065 502 1118 531 Sed
1143 509 1170 530 et
1189 504 1222 531 ad
1240 503 1416 531 Colossenses
1437 505 1493 532 ha‘c
1519 505 1685 533 scribentem
1697 506 1738 533 ’δε
1755 516 1764 532 t
1779 506 1832 534 Gra-

1065 550 1116 577 tias
1141 555 1254 584 agentes
1280 549 1335 577 Deo
1361 550 1435 577 Patri
1457 552 1504 585 qui
1532 552 1644 578 idoneos
1666 560 1716 579 nos
1739 552 1794 579 fecit
1813 553 1831 579 iu

1063 599 1140 629 parte
1160 595 1242 622 sortis
1274 600 1433 623 sanctorum
1454 596 1479 623 in
1503 597 1616 624 lumine.
1629 606 1640 623 ι
1661 597 1727 624 Tant
1758 598 1832 625 multis

1063 640 1145 675 igitur
1171 648 1204 668 ex
1228 641 1380 675 Scripturis
1407 643 1510 670 sanctis
1543 643 1576 670 de
1595 645 1833 671 commemoratione

1062 687 1176 714 sortium
1214 687 1377 714 testimoniis
1407 691 1597 724 congregatis,
1631 697 1685 723 quo
1719 697 1750 716 ex
1777 690 1833 716 mul‘

1063 737 1155 760 torum
1185 732 1307 760 locorum
1336 734 1556 762 consideratione
1575 735 1703 762 virtutem
1729 737 1764 762 rei
1784 743 1834 770 pos-

1062 777 1148 805 simus
1158 778 1314 813 diligentius
1328 780 1537 813 apprchendere
1547 799 1554 811 ,
1573 781 1637 806 mihi
1654 781 1761 814 quidem
1772 788 1800 807 ex
1810 782 1835 806 iis

255 823 284 851 2,
300 824 365 857 Qua:
385 832 449 859 ergo
470 825 506 851 sit
518 825 589 851 ratio
601 826 717 852 sortium
731 825 801 860 apud
818 826 1008 860 memetipsum
1025 817 1047 844 Β
1063 823 1189 850 omnibus
1203 823 1245 851 vel
1260 824 1372 851 evidens
1388 825 1476 852 adhuc
1491 833 1587 852 sensus
1601 826 1635 853 ad
1655 827 1785 860 liquidum
1799 833 1834 859 par

221 870 405 904 requirebant,
432 874 461 896 ut
486 878 519 897 ex
551 871 644 898 multis
669 871 834 898 testimoniis
861 871 1010 906 Scriptura;

219 915 291 949 quod
306 915 405 942 latebat
421 923 608 951 agnoscerem.
624 917 798 944 luveniebam
811 926 877 946 sane
891 919 916 945 in
935 918 1012 946 Scri—

219 961 307 994 pturis
323 961 405 987 etiam
421 961 537 995 gentiles
562 962 686 989 homines
702 970 767 990 usos
791 971 853 990 esse
877 966 1008 999 sortibus,

220 1011 284 1033 tunc
299 1014 360 1034 cum
383 1007 527 1041 navigaret
552 1006 644 1040 Jonas,
669 1013 695 1035 et
718 1014 866 1044 tempestas
889 1016 1008 1045 urgeret.

219 1052 301 1078 Aiunt
322 1060 438 1087 nainque
464 1053 482 1080 ii
507 1053 553 1087 qui
575 1054 743 1089 navigabant
768 1055 790 1071 '°
807 1062 814 1082 :
834 1064 843 1081 t
870 1055 1010 1083 Mittamus

218 1103 331 1128 sortem,
349 1102 377 1125 et
400 1098 542 1125 videamus
560 1098 639 1133 cujus
662 1107 743 1127 causa
760 1101 817 1127 luce
832 1105 908 1128 tanta
931 1101 1010 1128 inali-

218 1143 254 1169 tia
267 1146 318 1176 est,
336 1151 345 1168 ι
359 1143 436 1178 quasi
451 1151 511 1171 sors
529 1148 633 1171 tantum
647 1145 759 1178 valeret,
774 1150 802 1172 ut
817 1147 933 1180 prodere
945 1154 1007 1174 eum

219 1194 319 1222 posset,
331 1189 410 1223 cujus
421 1197 506 1217 causa
530 1190 684 1224 periculum
708 1191 903 1226 navigantibus
919 1193 1010 1220 immi-

219 1240 308 1262 neret.
321 1234 353 1261 Et
371 1235 498 1268 quamvis
515 1235 632 1270 gentiles
641 1241 745 1268 essent,
757 1241 785 1263 et
796 1237 878 1264 alieni
891 1245 905 1264 a
916 1239 1009 1274 cogni-

219 1280 292 1307 tione
308 1280 365 1314 Dei,
391 1288 444 1308 non
472 1286 563 1308 tamen
590 1281 617 1309 in
638 1285 688 1309 hac
713 1283 843 1317 opinione
866 1284 1008 1317 falluntur,

217 1326 264 1352 sed
277 1326 350 1361 quod
368 1335 461 1353 verum
476 1332 546 1359 erat,
559 1318 678 1361 prodidit
694 1328 750 1364 (97)
774 1329 814 1357 eis
839 1337 911 1359 sors.
925 1331 1009 1359 Deni-

218 1379 271 1405 que
294 1381 303 1397 ‹
330 1373 401 1399 venit
418 1392 427 1405 ,
456 1373 544 1406 inquit
560 1393 568 1406 ,
599 1381 658 1400 sors
678 1381 761 1408 super
775 1374 881 1403 Jonam.
902 1385 911 1402 ›
930 1377 1009 1410 ρυε-

219 1425 283 1444 rens
302 1425 367 1452 ergo
384 1419 417 1444 de
429 1418 474 1450 iis,
490 1418 598 1445 invenio
613 1422 640 1445 et
653 1418 828 1446 Salomonctu
845 1421 870 1447 in
892 1420 1009 1449 Prover-

219 1463 269 1490 biis
281 1464 415 1490 «licentem
427 1463 449 1479 ’ί
463 1473 470 1490 :
485 1473 495 1489 ι
513 1463 749 1491 Contradictiones
766 1465 875 1493 cohibet
891 1474 962 1499 sors,
980 1471 1008 1494 et

218 1510 290 1536 inter
316 1514 442 1544 potentes
463 1510 568 1543 deliuit,
587 1519 596 1535 ι
618 1510 699 1537 veluti
725 1518 835 1539 cessare
860 1513 1008 1540 ostendens

218 1555 458 1588 contradictiones,
473 1555 517 1582 ubi
538 1556 656 1583 mittitur
674 1563 743 1584 sors.
762 1556 815 1584 Sed
830 1565 892 1585 cum
905 1559 963 1585 luce
980 1559 1007 1586 in

218 1600 394 1628 Testamento
420 1600 510 1628 Veteri
527 1609 580 1628 non
608 1609 692 1636 pauca
720 1602 817 1630 referri
832 1604 866 1631 de
890 1604 1009 1632 sortibus

219 1646 378 1678 invenirent,
406 1648 530 1674 canverti
557 1655 600 1674 me
623 1648 707 1674 etiam
732 1649 766 1675 ad
786 1648 892 1676 Novum
911 1649 1007 1677 Testa-

218 1698 381 1731 mentungut
395 1695 513 1721 viderem
531 1694 552 1721 si
578 1694 648 1722 forte
677 1695 718 1722 vel
744 1695 780 1722 ibi
797 1701 1009 1724 contemnuntur

221 1747 319 1768 sortes.
338 1742 371 1768 At
385 1748 418 1768 ne
437 1742 473 1769 ibi
493 1742 602 1776 quidem
621 1749 715 1769 earum
735 1749 800 1769 usus
817 1742 954 1775 abjicitur,
982 1748 1009 1770 et

218 1788 327 1815 invenio
344 1788 416 1822 quod
433 1788 579 1822 aliquando
598 1795 658 1814 cum
681 1788 786 1815 deesset
807 1795 920 1815 tnunero
947 1796 1009 1824 apo

217 1834 348 1861 stolorunt
367 1842 436 1861 unus
451 1833 604 1868 apostolus,
628 1839 655 1861 et
677 1838 750 1860 esset
776 1835 960 1861 necessarium
979 1835 1006 1862 in

217 1881 276 1908 loco
297 1880 372 1908 Inda:
387 1881 469 1907 alium
484 1881 638 1915 subrogari,
658 1881 852 1908 convenientes
876 1882 1004 1915 apostoli,

216 1927 263 1960 qui
290 1927 385 1961 utique
411 1927 495 1954 multo
509 1927 692 1961 sapientiores
718 1931 799 1954 erant
816 1934 896 1962 quam
924 1927 942 1954 ii
960 1928 1005 1963 qui

217 1980 289 1999 nunc
310 1974 454 2006 episcopos
476 1972 519 1999 vel
538 1973 716 2007 presbyteros
735 1973 776 2000 vel
790 1973 920 2001 diaconos
933 1974 1007 2002 ordi-

217 2022 294 2050 naut,
316 2018 457 2051 elegerunt
476 2018 544 2044 duos
561 2023 588 2045 et
605 2022 760 2046 statuerunt
781 2019 808 2046 in
825 2020 914 2047 medio
933 2029 939 2047 :
956 2028 1008 2048 nec

219 2068 307 2089 tmneu
332 2063 366 2089 de
392 2063 432 2090 eis
458 2063 637 2098 sibimetipsis
657 2064 789 2098 judicium
811 2066 1005 2099 permiserunt,

218 2112 247 2134 ut
264 2107 337 2134 illum
365 2108 489 2135 iacerent
514 2117 594 2144 quem
620 2109 670 2144 ipsi
699 2110 849 2137 voluissent
870 2110 941 2147 (98),
958 2111 1006 2138 sed

1066 873 1123 895 tere
1135 876 1188 894 non
1210 869 1316 903 potuit,
1333 869 1376 896 vel
1401 870 1483 896 etiam
1498 871 1531 896 de
1547 878 1575 897 re
1596 875 1670 896 tattta
1693 870 1836 897 enuntiamli

1064 918 1091 940 et
1103 913 1259 948 proferendi
1280 914 1371 940 arcani
1395 920 1482 941 mettts
1496 915 1606 942 insedit.
1622 914 1690 943 lllud
1708 921 1793 942 tamen
1815 916 1837 943 in

1063 964 1194 993 quantum
1216 967 1259 986 res
1275 960 1376 993 patitur
1398 960 1545 995 contigisse
1567 960 1699 995 suﬂieiat,
1718 963 1786 996 quod
1800 971 1838 988 tto-

1064 1004 1106 1031 bis
1119 1005 1153 1031 ab
1174 1004 1303 1039 apostolis
1322 1012 1382 1032 sors
1400 1005 1480 1032 ducta
1505 1006 1644 1040 designat,
1667 1009 1734 1041 quia
1753 1008 1794 1035 ubi
1812 1015 1838 1035 et

1064 1050 1116 1078 [ide
1131 1050 1232 1085 integra
1248 1055 1274 1078 et
1289 1051 1413 1078 oratione
1426 1052 1565 1086 prauuissa
1591 1060 1651 1080 sors
1675 1054 1792 1085 ducitur,
1815 1062 1838 1080 ea

1061 1103 1121 1130 quae
1137 1095 1182 1123 Dei
1202 1096 1326 1124 voluntas
1341 1099 1462 1125 cotttiuet
1476 1099 1501 1125 in
1516 1099 1640 1133 occulto,
1657 1107 1721 1127 sors
1742 1101 1840 1128 homini-

1061 1143 1112 1170 bus
1126 1142 1245 1170 declarat
1263 1143 1288 1170 itt
1303 1143 1456 1171 manifesto.

1097 1191 1125 1219 5.
1138 1191 1293 1219 Secundum
1311 1191 1468 1218 interierem
1492 1197 1557 1218 vero
1574 1191 1745 1219 intellectunt
1756 1212 1763 1224 ,
1781 1192 1840 1219 sicut

1061 1238 1165 1266 Paulus
1177 1238 1284 1266 videtur
1301 1238 1424 1265 indicare
1437 1245 1498 1264 eum
1514 1237 1599 1265 dicit:
1618 1247 1628 1263 t
1650 1238 1680 1265 In
1698 1243 1774 1273 parte
1790 1246 1839 1265 sor-

1063 1284 1097 1312 tis
1112 1289 1285 1316 sanctorunt;
1303 1291 1312 1308 I
1330 1287 1371 1311 et:
1383 1283 1478 1310 «Sorte
1495 1283 1582 1310 voeati
1598 1283 1624 1310 in
1638 1282 1769 1316 Christo,
1787 1292 1795 1308 ι
1810 1282 1840 1307 ri-

1062 1330 1180 1357 dendum
1200 1334 1244 1357 est
1262 1336 1295 1356 ne
1311 1329 1382 1356 forte
1397 1336 1451 1356 non
1464 1328 1551 1356 solum
1569 1328 1596 1356 in
1613 1328 1786 1362 hominibus,
1803 1329 1840 1355 sed

1060 1381 1089 1404 et
1107 1376 1132 1403 in
1151 1375 1277 1410 supernis
1293 1374 1441 1402 virtutibus
1458 1381 1518 1402 sors
1533 1379 1642 1408 agatur.
1658 1381 1687 1402 et
1711 1375 1842 1409 praesideat

1061 1422 1153 1456 aliqua
1172 1422 1261 1448 virtus
1273 1421 1336 1448 huic
1352 1419 1440 1447 ofﬁcio
1453 1440 1461 1453 ,
1473 1427 1550 1454 quae,
1571 1420 1645 1447 verbi
1663 1428 1750 1448 causa
1761 1441 1769 1453 ,
1789 1420 1841 1447 Jcsn

1061 1468 1117 1495 ﬁlio
1134 1466 1209 1494 Nave
1222 1474 1294 1494 nunc
1305 1471 1380 1494 sorte
1393 1467 1579 1494 ltmreditatem
1596 1466 1775 1494 distribuenti
1799 1473 1840 1493 non

1061 1514 1095 1541 ad
1111 1514 1228 1548 aliquam
1244 1513 1378 1548 gratiam,
1391 1512 1438 1539 sed
1455 1512 1604 1540 secundum
1624 1514 1698 1546 quod
1724 1515 1777 1540 scit
1801 1512 1843 1538 Deo

1061 1561 1185 1596 placere,
1201 1561 1327 1586 ducatum
1345 1559 1482 1594 praebeat:
1498 1563 1526 1586 et
1540 1559 1577 1586 illi
1591 1558 1629 1594 (l)
1646 1560 1760 1594 quidem
1776 1559 1843 1586 faciat

1060 1606 1169 1634 evenire
1181 1613 1241 1640 qum
1253 1605 1340 1640 prima
1353 1609 1428 1637 sunt,
1441 1612 1521 1639 quem
1539 1605 1593 1633 scit
1607 1605 1680 1639 apud
1698 1605 1784 1632 Deum
1797 1605 1843 1639 pri-

1061 1661 1135 1680 mum
1157 1652 1246 1678 locutu
1263 1657 1372 1678 tenere:
1391 1658 1445 1685 quo
1469 1651 1520 1679 hoc
1536 1652 1607 1685 quod
1628 1651 1655 1678 in
1672 1651 1790 1678 occultis
1807 1651 1844 1677 lia-

1061 1697 1142 1725 betur
1162 1697 1233 1731 apud
1253 1697 1338 1724 Dcutn
1353 1697 1434 1723 sortis
1450 1697 1648 1731 gubernatione
1667 1697 1756 1724 etiam
1771 1696 1845 1724 homi-

1060 1743 1140 1770 nibus
1164 1740 1416 1774 demonstraretur;
1433 1742 1516 1769 alium
1536 1750 1600 1769 vero
1622 1741 1720 1769 facere
1745 1741 1843 1769 secundi

1060 1788 1127 1819 loci,
1142 1792 1170 1815 et
1183 1788 1265 1814 alium
1281 1788 1364 1815 tertii.
1381 1788 1457 1821 Quod
1468 1788 1503 1814 ita
1520 1792 1625 1823 gestum
1644 1795 1709 1815 esse
1729 1796 1782 1814 non
1808 1794 1843 1813 so-

1060 1834 1116 1861 lum
1129 1834 1155 1860 itt
1170 1833 1250 1860 terris
1261 1833 1395 1865 arbitror,
1411 1840 1504 1860 verum
1521 1833 1603 1860 etiam
1620 1833 1646 1859 in
1673 1832 1844 1862 ewlestibus,

1059 1884 1087 1906 et
1103 1878 1257 1912 hujusmodi
1282 1883 1385 1906 sortem
1407 1885 1469 1913 quce
1494 1877 1565 1913 apud
1587 1877 1670 1904 Deum
1694 1879 1844 1905 tneritorum

1059 1924 1289 1958 contemplatione
1301 1924 1487 1958 distinguitur,
1502 1923 1584 1950 etiam
1602 1923 1649 1950 illo
1667 1928 1795 1958 tempore
1807 1923 1845 1949 lm-

1059 1970 1143 1998 bitatn
1154 1979 1176 2002 ,r
1190 1977 1252 1997 cum
1268 1970 1401 1997 divideret
1415 1975 1441 1995 et
1454 1969 1634 1996 constitueret
1643 1969 1781 1995 Excelsus
1791 1975 1844 2003 gen-

1061 2021 1119 2047 tes,
1136 2020 1164 2043 ει
1180 2016 1372 2043 disseminaret
1385 2014 1455 2042 lilics
1465 2014 1562 2045 Adam,
1585 2018 1612 2041 et
1623 2015 1806 2041 constitueret
1821 2014 1846 2037 ﬁ-

1058 2069 1107 2090 nes
1124 2062 1245 2097 gentium
1263 2060 1413 2088 secundum
1439 2067 1582 2087 numerum
1605 2059 1770 2094 angelorum
1793 2057 1844 2086 Dei:

1058 2112 1086 2136 et
1110 2107 1181 2135 facta
1196 2111 1237 2134 est
1254 2106 1342 2141 portio
1358 2106 1403 2133 Dei
1418 2105 1504 2133 Jacob
1516 2126 1523 2136 .
1548 2105 1686 2132 funiculus
1711 2104 1846 2132 lucretiu-

217 2158 337 2184 orautcs,
363 2154 460 2188 inquit,
479 2155 611 2182 miserunt
628 2159 729 2182 sortem
755 2163 789 2183 ex
815 2155 869 2182 illis
896 2157 1003 2183 duolms
1021 2160 1044 2187 ι)
1060 2153 1094 2180 lis
1110 2151 1168 2186 ejus
1190 2151 1272 2179 lsrael
1287 2151 1320 2177 “.
1337 2160 1346 2176 ι
1364 2151 1442 2178 Vides
1466 2151 1537 2178 enim
1558 2151 1621 2185 quia
1637 2155 1664 2177 et
1686 2151 1733 2177 hic
1752 2155 1845 2184 partem

217 2206 286 2234 quos
300 2205 452 2226 statuerant
464 2200 491 2227 in
507 2207 654 2236 conspectu
672 2201 729 2233 ltei,
743 2202 768 2228 id
781 2207 822 2228 est
835 2201 945 2236 Joseplt,
958 2202 1004 2237 qui

218 2246 367 2273 vocabatur
383 2246 439 2281 (99)
453 2246 603 2281 Barnabas,
620 2248 665 2282 qui
678 2248 885 2283 cognominatus
895 2253 938 2275 est
957 2248 1006 2276 Ju-

217 2296 286 2322 stus,
316 2295 344 2318 et
364 2291 516 2319 Mattliiam.
538 2301 548 2318 ε
573 2293 606 2320 Et
630 2293 740 2325 cecidit,
770 2293 857 2327 inquit
875 2294 910 2326 ",
945 2302 1006 2322 sors

217 2343 299 2370 super
322 2336 473 2371 Matthiam,
491 2342 519 2364 et
544 2343 741 2364 aunumeratus
761 2343 803 2365 est
834 2346 895 2365 cum
922 2339 1004 2366 unde-

217 2382 270 2409 cim
290 2384 432 2418 apostolis.
455 2394 465 2411 ›
478 2385 654 2412 l’raecedente
668 2393 786 2420 namque
802 2386 936 2419 oratione,
950 2394 1002 2414 non

213 2428 269 2462 jam
291 2437 367 2462 casu,
391 2429 438 2457 sed
458 2430 639 2464 providentia,
656 2437 715 2457 sors
731 2431 852 2457 divinum
871 2429 1004 2464 judicium

217 2473 365 2502 deferebat.
391 2476 446 2503 Sed
471 2476 559 2503 adhuc
582 2475 736 2510 quaerebam
755 2476 782 2502 in
806 2475 881 2503 Novo
907 2475 1005 2503 Testa-

252 2523 274 2539 "
288 2523 344 2551 Jos.
360 2532 437 2551 xvnt.
475 2524 499 2540 ¹⁰
512 2523 573 2552 Jon.
587 2532 605 2557 t,
615 2524 642 2551 9.
680 2524 702 2540 “
716 2523 796 2551 Prov.
814 2524 938 2557 xvut,18.

216 2565 303 2590 :xxtt,
319 2562 345 2589 ὃ,
364 2561 390 2587 9.

253 2605 309 2637 (96)
326 2606 381 2632 Duo
398 2606 575 2633 Ebroicemes
593 2615 599 2632 ε
620 2616 628 2631 ι
646 2611 673 2633 et
689 2605 768 2632 tribui
785 2604 871 2632 Iudae.
888 2615 898 2631 ι

252 2641 399 2680 (‘l'litlmh
418 2642 564 2676 Saugcrtn.
589 2652 597 2666 ι
621 2641 750 2676 prodidit.
775 2650 783 2666 I
811 2640 889 2667 Libb.
906 2640 971 2668 editi
995 2649 1002 2667 :

273 2684 299 2697 ’1³η
338 2695 345 2701 .

219 2681 229 2698 ί
247 2681 400 2743 Ἦθδζηδῐξς.
428 2721 437 2736 t
464 2712 625 2739 voluissent.
647 2721 656 2737 ι
680 2711 757 2738 ΗΜ).
778 2709 843 2738 editi
863 2722 868 2739 ;
890 2720 899 2736 ι
926 2710 1002 2738 volc-

238 2755 268 2768 ,ΙΙ
288 2764 292 2769 .

219 2744 309 2812 [1ιὲἱῆ
328 2755 423 2807 .l‘nlcm
449 2789 512 2808 tnss.
543 2791 551 2807 ι
581 2782 739 2809 vocabatur.
766 2791 774 2807 ›
804 2780 882 2808 Lilib.
909 2781 973 2807 editi
995 2787 1002 2807 :

978 2524 1001 2540 "
1012 2524 1073 2552 Act.
1088 2532 1107 2557 t,
1124 2524 1168 2552 26.

1060 2205 1088 2228 et
1100 2199 1247 2226 funiculum
1265 2198 1347 2226 Israel
1361 2198 1474 2225 Domino
1489 2198 1554 2225 dicit
1571 2206 1632 2225 esse
1643 2199 1777 2225 sortium.
1797 2197 1845 2223 Non

1060 2253 1126 2280 ergo
1142 2245 1253 2272 fortuitu
1272 2245 1462 2272 arbitrandum
1482 2250 1523 2272 est
1541 2251 1589 2279 per
1613 2249 1723 2272 sortem
1750 2244 1848 2271 venisse

1061 2292 1100 2328 (2)
1116 2292 1153 2319 illi
1172 2292 1280 2326 quidem
1293 2291 1390 2326 angelo
1402 2291 1475 2318 illam
1488 2296 1596 2326 gentem
1610 2293 1769 2326 suscipere,
1783 2289 1847 2317 verbi

1062 2346 1143 2366 causa
1154 2359 1161 2372 ,
1177 2337 1382 2374 ngyptiorum,
1397 2338 1441 2364 alii
1457 2343 1547 2365 autern
1559 2337 1760 2368 Idumaeorum,
1775 2342 1800 2363 et
1810 2335 1846 2361 alii

1061 2383 1255 2416 Moabitarum,
1274 2389 1301 2411 et
1316 2385 1361 2410 alii
1381 2384 1497 2416 Indiam,
1514 2383 1556 2410 vel
1568 2390 1797 2417 unamquamque
1810 2389 1850 2408 na-

1061 2432 1165 2458 tionum
1181 2439 1275 2458 earunt
1291 2437 1351 2465 qua:
1374 2435 1435 2457 Slllll
1452 2436 1533 2464 super
1550 2434 1670 2455 terram:
1697 2430 1749 2455 sed
1769 2433 1797 2455 et
1818 2423 1848 2452 ibi

1058 2476 1164 2504 etiamsi
1179 2475 1326 2503 secundum
1353 2482 1494 2501 numerum
1519 2473 1676 2507 angelorurlt
1694 2473 1744 2500 Dei
1765 2472 1850 2499 dican-

1207 2524 1230 2539 ’⁵
1240 2523 1338 2558 Ephes.
1351 2531 1370 2554 I,
1387 2522 1429 2553 ll,
1449 2521 1491 2548 l2.
1520 2521 1608 2548 "Col.
1625 2528 1644 2552 ι,
1659 2521 1704 2547 ΙΞ.
1737 2521 1762 2536 ³³
1779 2521 1847 2547 Deut.

1063 2613 1072 2630 ε
1093 2606 1215 2628 vocatur.
1235 2610 1244 2625 ι

1096 2637 1216 2673 (1)]λιι1ἶ
1232 2636 1362 2669 Sangcrin
1375 2655 1386 2673 _,
1403 2644 1411 2655 ι
1432 2632 1709 2673 (luctunrpra‘ltpat}:
1727 2637 1757 2658 et
1771 2631 1846 2673 illi._‘t

1066 2665 1472 2698 liii..'El.:t'oieeiisEs:«ductum
1487 2668 1604 2702 pra-beat
1631 2667 1714 2694 tortis
1733 2674 1741 2692 :
1774 2671 1800 2694 et
1823 2665 1849 2690 i1-

1059 2707 1132 2777 κά)
1151 2739 1324 2766 Ι)ιιοιί1›ι“υἱυ.
1339 2748 1348 2765 t
1371 2739 1406 2765 Illi
1424 2737 1543 2773 quidem.
1565 2747 1573 2762 ι
1595 2736 1674 2764 Lilvli.
1697 2737 1770 2764 editi
1787 2744 1794 2764 :
1809 2733 1849 2760 ul

1058 2777 1199 2812 liquidum.
1220 2785 1228 2800 ο
