1896 3052
37 92 102 120 937

534 93 567 121 ΙΝ
586 93 715 122 LIBRUM
728 95 809 124 JESU
827 95 921 124 NAVE
937 97 1079 126 IIOMIIJA
1096 97 1190 126 XXIII.

1624 104 1675 133 938

41 154 91 176 tnr
112 152 190 177 sorte
201 153 295 184 gentes
306 155 365 176 esse
382 149 486 182 diviste,
499 152 589 178 tamen
607 151 650 178 illa
671 159 742 185 sors,
766 153 839 180 sicut
853 155 877 185 Α
891 155 1024 189 cernitur,
1036 155 1077 183 vel
1090 155 1199 184 Ilcbron
1215 154 1257 183 vel
1272 155 1332 184 alia:
1346 156 1459 192 singulm
1478 158 1603 188 civitates
1618 165 1677 188 sin-

39 196 71 222 in
92 195 253 222 hominibus
268 195 386 222 diximus
398 215 406 228 ,
427 195 490 230 quia
506 195 553 223 Dci
565 196 698 230 judicium
716 199 787 232 quod
810 199 837 226 in

38 240 159 268 occulto
170 245 227 272 est,
240 248 300 268 sors
312 241 407 275 pandit
423 241 450 268 in
466 242 573 276 publico
584 261 591 274 ,
611 242 673 270 talis
698 243 783 270 ctiam
801 243 837 271 ibi

41 285 134 313 fuisse
152 286 285 313 credenda
298 290 359 313 est:
374 287 437 320 quia
453 292 480 314 et
493 287 589 315 merito
612 292 640 315 et
663 288 764 316 virtute
789 295 838 316 sua

42 330 243 365 unusquisque
262 330 373 365 angelus
388 331 459 358 illam
470 332 513 359 vel
527 331 599 358 illam
619 338 726 367 gentem
751 332 776 360 in
798 332 839 360 di-

40 375 157 403 visione
169 376 329 410 susciperet.
346 376 380 403 Et
399 376 462 412 quid
489 377 549 404 dico
573 377 605 404 de
624 378 731 413 magnis
755 382 782 406 et
806 380 839 406 de

40 421 227 456 generalibus
250 421 355 449 rebus?
380 430 441 450 cutn
460 430 493 450 ne
518 431 568 459 per
589 423 710 459 singulos
728 424 836 459 quidem

37 471 175 494 nostrum
191 467 294 502 absque
309 468 464 503 hujusmodi
490 473 566 496 sorte
580 477 640 503 quae
663 469 710 497 Dei
733 469 837 504 judicio

38 513 235 547 dispensatur,
256 514 367 541 evenire
382 513 524 541 dicendum
539 518 581 541 est
593 534 600 546 .
616 515 689 543 verbi
704 523 795 549 causa,
807 520 837 543 ut

37 557 117 585 alius
135 563 258 586 nostrum
280 559 361 586 talem
380 559 421 586 vel
441 559 524 586 talem
547 560 629 587 vitam
652 561 745 588 statim
763 570 837 588 ana-

40 604 160 631 tivitate
180 604 329 631 sortiatur:
345 603 385 630 vel
398 610 471 632 certe
487 605 550 632 illud
568 605 639 640 quod
667 613 729 640 erga
750 607 835 633 homi-

39 657 95 676 nes
110 650 169 684 geri
183 657 214 677 ex
230 649 378 684 Scripturis
403 651 505 678 sanctis
522 659 592 686 saepe
610 651 835 685 docnimns,quod

37 701 68 722 et
82 696 151 723 boni
170 696 259 731 angeli
274 695 373 722 adsunt
385 696 540 724 hominibus
554 703 580 724 et
600 698 729 724 contrarii
743 704 750 724 :
764 697 835 732 quod

37 749 101 769 non
121 742 219 776 utique
234 741 347 769 fortuitu
373 746 398 769 et
418 742 520 776 absque
536 741 638 776 judicio
660 743 704 770 ille
726 743 837 777 angi-ins

38 787 122 814 illius
141 786 257 819 animae,
273 787 349 814 verbi
370 794 452 814 causa
466 806 474 819 ,
492 787 563 815 I’ctvi
582 793 674 816 custos
688 795 748 815 esse
759 789 836 815 sorti-

37 839 88 860 tus
99 834 137 860 sit
149 852 158 864 ,
171 838 198 860 et
212 833 280 860 alius
292 833 367 860 Pauli
383 853 390 866 ,
408 833 450 860 vel
470 833 540 861 alius
563 834 643 861 IIIIIIIS
666 834 778 861 infantis
797 835 830 862 de
852 830 872 857 Β

35 879 192 912 Ecclesia,
215 880 248 906 de
266 887 382 914 quorum
409 881 512 915 angelis
535 879 600 906 dicit
625 880 753 907 Dominus
772 881 833 915 quia

34 933 158 960 semper
170 925 279 952 videant
295 924 390 952 faciem
404 925 494 953 Patris
505 926 545 952 sui
560 925 605 960 qui
620 925 646 952 in
656 926 731 952 caelis
744 931 785 955 est
802 926 834 953 “.

36 971 80 998 De
99 971 203 1005 quibus
214 971 308 1006 utique
320 971 496 998 dubltandutn
511 978 564 998 non
580 976 639 1004 est,
652 971 836 1006 quodjndicio

36 1017 92 1043 Dei
108 1017 158 1051 qui
184 1016 292 1043 illorum
305 1016 482 1051 dignitatem,
497 1015 538 1042 vel
564 1020 663 1043 nostra:
686 1016 782 1043 animae
803 1017 836 1043 ad

35 1063 182 1097 liquidum
208 1063 337 1097 perspicit
363 1062 541 1097 qualitatem,
561 1061 770 1096 uniuscujusque
791 1070 837 1089 no-

39 1114 139 1137 strum
158 1109 311 1136 custodiam
328 1109 480 1135 sortiantur
499 1112 574 1135 sorte
593 1107 709 1142 quadam
725 1107 835 1142 mystica

35 1154 149 1182 Christi
167 1154 369 1188 dispensatione
392 1154 504 1181 directa.
523 1153 577 1188 Ego
601 1157 690 1180 autem
706 1157 835 1188 quantum

37 1201 75 1227 ad
94 1199 256 1234 opinionem
272 1207 358 1227 meam
375 1204 498 1234 spectat,
516 1205 582 1235 puto
598 1200 730 1227 audenter
745 1199 836 1227 dicen-

37 1245 110 1272 dum
126 1245 211 1272 etiam
221 1245 255 1273 de
268 1245 300 1272 iis
311 1246 458 1273 virtutibus
472 1253 531 1280 quae
554 1245 645 1273 mundi
659 1245 738 1280 hujus
759 1246 837 1273 mini-

39 1291 134 1319 steria
152 1296 344 1326 susceperunt,
362 1291 434 1327 quod
450 1299 503 1319 non
521 1291 633 1319 fortuitu
646 1292 687 1318 vel
703 1299 767 1319 casu
791 1291 836 1320 illa

35 1337 136 1364 virtus
147 1341 227 1364 terra:
234 1336 274 1364 vel
285 1337 410 1364 arborum
419 1337 661 1372 germinationibus
670 1337 772 1372 praesit,
789 1337 836 1365 illa

39 1383 170 1411 fontium
186 1390 218 1410 ac
230 1382 370 1410 fluminum
390 1382 507 1410 suliiciat
532 1390 564 1409 ac
579 1379 743 1422 sulIicientci'
758 1383 836 1410 exhi-

39 1431 127 1462 beat,
141 1429 196 1456 alia
211 1428 340 1456 imbrium
353 1449 361 1461 ,
376 1428 428 1455 alia
443 1433 585 1456 ventorum
597 1449 605 1461 ,
629 1428 681 1454 alia
706 1427 834 1460 marinis,

38 1476 100 1502 alia
111 1480 206 1502 autem
226 1475 400 1502 terrestribus
411 1473 588 1506 animalibus,
603 1473 643 1500 vel
652 1472 765 1507 singulis
776 1473 836 1507 qui-

36 1522 155 1555 busque
176 1527 190 1546 e
205 1524 277 1546 terra
292 1518 466 1554 gignentibus
484 1518 575 1552 prazsit
591 1527 597 1544 :
623 1523 651 1545 et
665 1525 725 1545 esse
741 1518 768 1544 in
791 1517 834 1545 his

34 1564 162 1600 singulis
177 1569 345 1591 sacramenta
368 1562 514 1590 inell‘abilia
529 1562 626 1589 divinae
650 1561 833 1596 dispensatio-

36 1613 103 1641 nis.
119 1614 151 1637 ut
167 1610 263 1637 ordine
275 1616 323 1636 suo
336 1613 433 1637 cuncta
453 1612 480 1636 et
498 1607 662 1641 competenti
679 1614 727 1642 per
740 1614 833 1634 unam-

36 1662 185 1690 quamque
198 1655 325 1681 virtutem
346 1654 509 1680 dirimantur
521 1652 619 1680 oﬂicio.
641 1652 688 1680 Sic
710 1652 782 1679 enim
805 1657 833 1680 et

37 1699 189 1735 apostolus
211 1699 310 1726 Paulus
324 1699 388 1726 dicit
400 1699 422 1715 "
436 1707 443 1725 :
463 1707 472 1724 ι
488 1697 582 1725 Nonne
594 1704 689 1725 omnes
702 1701 764 1724 sunt
780 1697 832 1724 mi-

37 1745 123 1772 nistri
139 1744 252 1779 spiritus
266 1744 293 1770 in
320 1743 500 1770 ministerium
529 1742 620 1775 missi,
653 1746 764 1776 propter
786 1748 833 1769 eos

35 1791 87 1825 qui
105 1789 293 1816 hmreditatem
311 1788 419 1824 capiunt
433 1787 566 1815 salutis!)

76 1836 106 1862 4.
124 1835 167 1862 Ad
180 1835 275 1862 horum
299 1834 382 1868 igitur
400 1833 581 1860 imitationem
600 1831 767 1859 credendum
790 1836 834 1859 est

35 1882 126 1910 etiam
140 1881 184 1908 hic
201 1879 368 1914 Scripturam
380 1878 484 1906 referre
498 1883 586 1906 sortes
595 1877 656 1905 duci
672 1875 831 1912 perJesum,

34 1934 66 1956 et
93 1927 280 1955 haereditalem
307 1933 354 1960 per
377 1931 596 1959 unamquamque
618 1923 718 1950 tribum
740 1921 831 1949 divina

35 1973 250 2009 dispensatione
261 1972 300 2007 (ὅ)
313 1971 423 1999 decerni
435 1991 442 2002 ,
460 1975 488 1998 et
501 1978 549 2005 per
568 1968 728 1996 ineﬂ'abilem
742 1967 832 2002 provi-

34 2021 165 2048 dentiam
182 2019 246 2050 Dei,
263 2025 295 2044 ac
308 2015 481 2051 praesentiam
495 2016 521 2043 in
533 2016 576 2042 his
591 2015 713 2042 sortibus
733 2013 830 2039 adum-

33 2066 117 2094 brari
130 2064 229 2092 futura:
253 2064 280 2090 in
296 2062 373 2090 ct‘elis
399 2061 568 2089 haereditatis
591 2058 740 2094 exemplar.
757 2059 830 2091 Quo-

34 2116 116 2143 niam
126 2112 238 2147 quidem
250 2120 258 2137 ι
271 2111 312 2138 lex
321 2109 444 2136 umbram
457 2116 466 2133 ι
476 2108 574 2136 dicitur
588 2107 690 2134 habere
699 2114 709 2131 ι
723 2105 830 2132 futuro-

34 2168 100 2188 rum
113 2161 248 2186 bonorum
259 2158 293 2189 ",
305 2166 315 2183 ι
329 2162 355 2183 et
365 2155 444 2183 sicuti
457 2154 522 2182 dicit
534 2151 680 2187 Apostolus
692 2151 725 2178 de
740 2150 773 2177 iis
784 2149 829 2184 qui

34 2207 72 2233 ad
89 2203 332 2232 Dominumlesum
345 2202 482 2230 Christum
498 2202 645 2227 venerunt:
658 2198 703 2232 qui
716 2207 725 2223 ι
737 2205 829 2225 acces-

34 2252 117 2279 sistis
133 2251 168 2277 ad
181 2249 246 2276 Sion
269 2253 405 2280 montem,
417 2251 446 2274 et
462 2247 495 2273 ad
510 2244 648 2272 civitatem
665 2243 714 2270 Dei
733 2243 829 2270 viven-

33 2299 74 2324 tis
90 2295 245 2323 Jerusalem
262 2294 398 2321 cazlestem
415 2294 437 2309 “
452 2300 460 2319 :
478 2304 485 2317 ι
500 2296 543 2318 est
560 2290 648 2324 aliqua
662 2289 688 2316 in
701 2289 777 2316 melis
790 2289 828 2316 ci-

34 2345 112 2370 vitas
125 2348 188 2375 qna:
199 2340 300 2367 dicitur
316 2338 465 2367 Jerusalem
477 2341 504 2364 et
516 2343 594 2363 mons
608 2335 674 2362 Sion
693 2342 699 2360 :
719 2341 772 2362 non
786 2339 827 2361 est

35 2389 139 2422 utique
149 2388 207 2413 sine
214 2392 294 2413 causa
303 2384 374 2419 quod
386 2382 525 2417 Beniamin
534 2381 560 2408 in
577 2385 650 2408 sorte
665 2387 712 2406 sua
723 2378 830 2412 accepit

33 2431 194 2460 Jerusalem
208 2435 234 2456 et
254 2434 370 2455 montem
386 2427 473 2454 Sion:
492 2425 543 2453 nisi
564 2424 627 2459 quia
653 2422 773 2450 ctnlestis
794 2422 827 2448 il-

34 2479 93 2505 lius
109 2474 262 2502 Jerusalem
281 2473 351 2500 ratio
376 2472 436 2499 sine
449 2470 530 2497 dubio
555 2469 607 2496 hoc
624 2468 770 2502 exigebat,
799 2469 829 2492 ut

35 2524 131 2557 aliqua
148 2519 288 2554 Benjamin
303 2518 361 2545 dari
378 2517 487 2544 deberet
503 2513 653 2542 Jerusalem
672 2512 828 2557 terrestris,

35 2555 102 2604 qui
120 2567 193 2594 illius
210 2565 330 2593 emlestis
344 2564 458 2598 ligarant
482 2564 573 2588 servat
597 2567 628 2604 ac
643 2558 767 2585 formam.
786 2555 830 2604 Si:

36 2601 145 2642 utiliter
170 2615 260 2637 autem
285 2609 318 2635 de
342 2606 499 2634 Dethlebem
522 2603 664 2631 dicendum
683 2606 738 2632 est.
759 2601 829 2634 quod

38 2666 95 2686 non
115 2657 176 2685 sine
190 2661 264 2682 certa
278 2653 394 2688 quadam
412 2651 517 2677 ratione
541 2649 567 2676 in
586 2647 663 2675 Judaa
683 2651 757 2673 sorte
782 2647 830 2672 de-

73 2714 97 2730 “
114 2712 214 2740 Matth.
229 2718 304 2742 lVlll,
317 2709 358 2736 I0.
406 2709 426 2724 ³⁷
443 2707 510 2735 Ileb.
522 2714 541 2740 ι,
555 2706 597 2733 14.
649 2704 672 2720 ’⁸
685 2703 751 2731 Heb.
770 2711 797 2736 ι,
812 2703 836 2729 l.

34 2750 59 2767 ³ι
77 2749 145 2778 an.
166 2754 224 2774 xu.

71 2805 111 2839 (5)
126 2802 220 2831 Codex
238 2800 398 2839 Sangerm...
413 2807 421 2823 ι
432 2798 482 2839 sub
496 2795 706 2839 dispensatione.
714 2792 824 2839 attinuit)

38 2833 184 2877 po'sridem
200 2846 207 2863 :
222 2844 231 2861 ι
251 2833 445 2870 providentiam
462 2833 507 2859 Dei
524 2840 554 2859 ac
582 2833 790 2864 prtescienttam.
811 2837 820 2853 ι

174 2886 324 2925 ⁸ΡΑτιιοι..
347 2882 406 2913 Gtt.
433 2881 501 2911 XII.

847 1547 868 1576 C

890 199 960 234 gulis
970 200 1123 235 quibusque
1138 199 1262 227 tribubus
1282 202 1501 234 conscribtnnur,
1529 203 1579 230 nisi
1599 206 1674 238 quia,

893 249 922 271 ut
932 244 1051 273 diximus
1063 265 1070 278 ,
1084 246 1127 273 illa
1140 246 1260 274 coalestia
1278 246 1334 273 loca
1345 268 1352 279 ,
1368 246 1393 274 In
1407 247 1506 281 quibus
1521 253 1549 276 et
1564 248 1673 277 Jerusa—

888 290 941 318 lem
954 294 980 317 et
992 290 1057 318 Sion
1070 298 1131 318 esse
1146 291 1312 325 nominatur,
1339 292 1399 319 sine
1422 293 1505 320 dubio
1523 298 1551 321 et
1573 301 1672 323 cetera
1711 294 1720 300 ⁵

889 343 949 370 quae
969 336 1004 364 iis
1025 336 1114 363 vicina
1129 336 1169 363 vel
1186 336 1330 372 conjuncta
1350 337 1430 373 452
1446 343 1508 366 sunt
1521 339 1580 368 loca
1592 361 1600 375 ,
1623 342 1674 370 hoc

889 380 915 408 in
932 388 961 409 se
978 388 1068 408 causa:
1079 386 1105 408 et
1122 381 1234 410 rationis
1248 382 1423 410 continebant
1440 384 1467 411 in
1481 385 1557 413 cmlis
1572 406 1580 419 ,
1600 388 1672 422 quod

888 431 962 454 sorte
980 427 1124 454 distributa
1140 427 1362 462 gubernabanlur
1379 429 1405 456 in
1425 431 1514 458 terris.
1525 431 1594 460 IIinc
1607 441 1674 469 ergo

888 477 930 500 est
943 472 1014 506 quod
1033 472 1200 508 dispensavit
1221 473 1312 502 divina
1331 475 1462 510 sapientia
1477 479 1583 506 nomina
1600 487 1673 514 qna:-

889 518 950 545 dam
970 518 1089 546 locorum
1106 519 1188 547 scribi
1210 519 1236 547 in
1254 520 1416 556 Scripturis,
1437 530 1498 557 quae
1530 526 1672 559 mysticam

888 563 1034 596 quamdam
1058 563 1310 599 interpretationem
1341 567 1510 600 contineant,
1539 576 1589 603 per
1613 578 1674 605 quas

889 608 1023 635 indicetur
1039 610 1126 641 nobis,
1144 611 1206 644 quia
1223 610 1280 638 haec
1295 613 1376 640 certis
1404 613 1557 649 quibusque
1586 617 1672 643 ratio-

889 654 969 681 nibus
986 674 993 686 ,
1012 659 1039 682 et
1056 663 1109 682 non
1129 663 1193 683 casn
1210 657 1250 683 vel
1264 656 1377 685 fortuitu
1394 658 1451 686 fieri
1467 659 1669 694 dispensentur.

891 700 969 728 Sicut
985 701 1057 728 enim
1073 710 1125 729 non
1143 707 1184 730 est
1199 703 1350 736 putandum
1364 705 1434 738 quod
1463 705 1576 734 fortuitu
1599 709 1673 736 acci-

887 745 968 779 derit,
985 747 1060 774 verbi
1076 755 1170 780 causa,
1187 753 1214 775 nt
1233 748 1275 776 ille
1292 749 1406 784 angelus
1422 750 1537 778 Michael
1566 761 1674 782 voeare-

889 797 942 824 tur,
959 792 1029 820 alius
1057 797 1147 821 autem
1171 793 1291 827 Gabriel,
1314 795 1385 823 alius
1401 804 1466 823 vero
1479 798 1600 831 Raphael
1619 807 1625 826 :
1643 804 1672 827 et

890 842 918 864 ut
931 838 963 864 ad
977 839 1094 865 lmmana
1111 840 1284 872 descendam,
1300 841 1372 868 sicut
1386 850 1438 870 non
1455 842 1503 870 fuit
1515 843 1628 872 fortuitu
1642 850 1672 873 ut

889 882 934 909 ille
947 883 1101 918 patriarcha
1120 884 1255 912 Abraham
1270 892 1422 919 vocaretur,
1439 894 1466 915 et
1484 889 1528 916 ille
1541 889 1626 924 Isaae,
1643 896 1672 919 et

888 928 957 955 alius
971 927 1053 956 Israel
1068 937 1076 955 :
1089 928 1135 956 sed
1152 937 1186 957 ne
1202 930 1228 956 in
1254 930 1363 959 feminis
1379 933 1487 967 quidem
1512 942 1577 962 casu
1597 936 1672 963 acci-

888 984 936 1016 dit,
957 983 1004 1010 sed
1017 988 1091 1011 certa
1105 988 1132 1012 et
1153 984 1243 1012 divina
1262 986 1376 1018 ratione,
1398 992 1428 1014 ut
1443 987 1487 1014 illa
1506 987 1572 1016 Sara
1589 997 1672 1017 voca-

888 1034 964 1056 retur
979 1036 1013 1056 ex
1041 1029 1131 1062 Sarai,
1150 1029 1192 1057 vel
1215 1030 1259 1058 ille
1275 1030 1356 1059 Israel
1374 1040 1408 1059 ex
1435 1031 1530 1066 Iacob,
1556 1034 1595 1062 vel
1626 1035 1670 1063 ille

886 1074 1023 1100 Abraham
1037 1082 1068 1102 ex
1088 1075 1189 1102 Abram
1207 1084 1214 1102 :
1228 1080 1256 1103 et
1283 1082 1311 1103 ut
1323 1081 1426 1104 certum
1439 1083 1481 1105 est
1500 1080 1572 1114 quod
1586 1088 1670 1108 unus-

887 1120 1001 1154 quisque
1015 1121 1057 1148 vcl
1084 1121 1259 1156 angelorum,
1280 1123 1321 1150 vel
1342 1123 1483 1151 hominum
1501 1131 1534 1152 ex
1555 1125 1587 1153 iis
1607 1134 1670 1161 quas

887 1165 937 1192 sibi
953 1166 1130 1201 injunguntur
1145 1166 1240 1194 olliciis
1262 1172 1290 1195 et
1315 1168 1420 1196 actibus
1446 1168 1529 1197 etiam
1560 1172 1669 1199 nomina

887 1212 1046 1244 sortiantur,
1063 1213 1099 1239 ita
1111 1219 1281 1247 consequens
1299 1218 1342 1241 est
1354 1214 1436 1241 etiam
1460 1215 1519 1243 loca
1545 1217 1669 1251 quaedam

886 1263 948 1284 esse
961 1257 1083 1284 cmlestia
1097 1262 1125 1284 et
1138 1257 1274 1289 civitates,
1290 1258 1362 1285 sicut
1384 1258 1535 1288 Jerusalem
1549 1262 1670 1290 ctelestis

887 1302 987 1330 dicitur
999 1308 1027 1330 et
1041 1302 1106 1330 Sion
1124 1312 1131 1330 :
1148 1310 1208 1330 esse
1222 1302 1304 1330 etiam
1324 1303 1390 1331 alias
1403 1312 1517 1339 quarum
1533 1312 1626 1341 typum
1642 1313 1671 1335 et

887 1349 1031 1384 imaginem
1044 1350 1102 1377 istae
1116 1357 1176 1384 qua:
1190 1349 1216 1376 in
1237 1351 1317 1378 terris
1342 1355 1405 1377 sunt
1434 1353 1593 1385 continent,
1609 1361 1670 1387 quae

886 1402 959 1422 nunc
977 1395 1003 1422 in
1024 1395 1077 1422 bac
1096 1395 1236 1430 Scriptura
1256 1395 1369 1431 mystice
1399 1397 1477 1424 nobis
1503 1406 1552 1432 per
1576 1398 1669 1426 Jesum

887 1439 973 1467 ﬁliuni
989 1440 1060 1468 Nave
1079 1441 1268 1477 designantur.
1286 1441 1320 1470 Et
1336 1443 1370 1471 de
1383 1444 1448 1478 ipsis
1462 1450 1528 1479 puto
1551 1445 1670 1473 civitati-

885 1485 937 1513 bus
950 1486 1052 1513 dictum
1069 1486 1092 1502 ¹⁰
1106 1506 1113 1513 .
1129 1495 1138 1512 ι
1153 1486 1373 1516 Edilicabuntur
1399 1490 1523 1517 civitates
1538 1489 1616 1523 Juda,
1641 1496 1670 1519 et

887 1530 1079 1558 inhabitabunt
1093 1531 1140 1565 ibi,
1159 1537 1185 1559 et
1205 1533 1404 1562 htereditabnnt
1418 1542 1488 1563 eam.
1507 1545 1517 1561 ›
1547 1536 1584 1564 De
1605 1537 1669 1572 ipsis

885 1577 967 1604 etiam
984 1577 1115 1604 Dominus
1126 1582 1153 1605 et
1166 1577 1291 1606 Salvator
1310 1579 1387 1612 dicit,
1404 1581 1465 1615 quia
1488 1582 1578 1609 multa:
1592 1591 1669 1610 man-

884 1622 974 1649 siones
983 1627 1046 1650 sunt
1063 1623 1132 1658 apud
1146 1623 1256 1651 Patrem
1270 1625 1304 1651 ³¹.
1322 1626 1355 1653 Ει
1371 1626 1404 1653 de
1427 1626 1493 1661 ipsis
1503 1628 1668 1655 credendum

884 1668 1042 1696 civitatibus
1056 1676 1136 1696 servo
1149 1668 1185 1696 illi
1205 1670 1249 1702 qui
1266 1671 1333 1699 bene
1348 1672 1500 1707 negotiatus
1509 1672 1597 1700 fuerat
1616 1674 1669 1700 Du—

885 1715 986 1742 minum
998 1716 1099 1748 dicere,
1115 1716 1177 1750 quia
1189 1722 1349 1751 potestatem
1360 1718 1472 1745 habebis
1479 1726 1560 1753 super
1573 1723 1666 1747 decem

883 1761 1018 1793 civitates,
1034 1766 1062 1788 et
1076 1762 1122 1789 alii
1135 1770 1217 1797 super
1228 1762 1347 1797 quinque
1363 1763 1486 1792 civitates
1499 1764 1532 1791 ".
1550 1764 1613 1792 “330
1634 1766 1668 1793 de

883 1805 1016 1834 divisione
1030 1808 1143 1834 sortium
1155 1812 1235 1835 terra:
1252 1807 1328 1835 Juda:
1353 1808 1474 1843 proferre
1503 1809 1537 1836 ad
1554 1817 1600 1837 vos
1626 1811 1669 1837 in-

883 1866 1013 1896 qnantum
1027 1861 1067 1889 fas
1082 1862 1142 1894 luit,
1157 1864 1214 1890 ausi
1228 1870 1321 1890 sumus
1344 1863 1484 1898 Scriptura
1502 1869 1668 1898 provocante

883 1915 943 1941 qua:
956 1906 1109 1934 Jerusalem
1128 1907 1194 1934 dicit
1207 1907 1365 1936 cmlcstem:
1384 1912 1413 1936 et
1442 1914 1561 1936 montem
1587 1909 1666 1944 Sion,

882 1959 910 1981 et
923 1959 1021 1981 caztera
1034 1961 1094 1989 qua:
1117 1953 1243 1981 similiter
1259 1955 1361 1988 scripta
1388 1959 1462 1988 sunt,
1475 1962 1537 1982 esse
1555 1955 1622 1983 dicit
1639 1956 1666 1983 in

882 1999 959 2026 caelis
973 2007 981 2025 :
1007 2006 1068 2032 quae
1084 1998 1161 2026 nobis
1176 1998 1345 2026 Occasionem
1368 1999 1499 2027 dederunt
1513 2001 1616 2028 sentire
1631 2001 1666 2028 de

882 2044 925 2072 his
945 2044 1082 2076 omnibus,
1103 2045 1173 2078 quod
1197 2045 1324 2080 mysteria
1351 2045 1377 2072 in
1406 2045 1440 2072 iis
1470 2045 1589 2073 emleslia
1621 2047 1668 2074 de-

883 2091 1049 2118 scribantur.
1067 2090 1099 2117 Et
1112 2090 1173 2117 ideo
1189 2089 1320 2123 dicimus,
1340 2098 1375 2118 ne
1400 2099 1461 2118 eum
1487 2091 1596 2119 fastidio
1609 2093 1668 2120 lucc

882 2137 991 2171 legatis,
1002 2142 1029 2164 et
1043 2138 1141 2172 putetis
1165 2138 1243 2165 vilem
1263 2136 1380 2171 aliquam
1404 2144 1465 2164 esse
1481 2136 1666 2172 Scripturam,

881 2190 930 2218 pro
951 2190 983 2211 eo
1003 2183 1075 2219 quod
1100 2188 1141 2211 est
1165 2183 1256 2211 multis
1275 2182 1413 2210 nominum
1441 2183 1666 2218 appellationibus

882 2229 986 2257 consita
1007 2237 1014 2256 :
1035 2229 1099 2264 quin
1122 2230 1212 2264 potius
1243 2229 1339 2256 scitote
1365 2227 1510 2255 inell'abilia
1537 2235 1584 2262 per
1608 2229 1666 2257 hac

882 2274 1013 2309 mysteria
1029 2274 1175 2308 contineri,
1190 2278 1217 2302 ct
1231 2273 1333 2308 majora
1348 2280 1428 2307 quam
1443 2278 1529 2308 potest
1545 2274 1586 2301 vel
1612 2275 1665 2301 ltu-

883 2328 979 2347 ntanus
995 2327 1086 2347 sermo
1097 2319 1230 2355 proferre,
1247 2320 1289 2346 vel
1301 2318 1410 2346 auditus
1424 2318 1546 2346 mortalis
1558 2319 1663 2351 audire;

881 2373 953 2399 quae,
977 2370 1006 2392 ut
1029 2372 1080 2400 ego
1103 2365 1234 2398 arbitror,
1250 2365 1331 2400 digne
1351 2368 1378 2391 et
1401 2364 1505 2398 integre
1525 2365 1663 2395 explanari

877 2421 932 2440 non
955 2413 1042 2440 solum
1056 2420 1070 2438 a
1089 2419 1132 2439 me
1145 2413 1259 2439 minimo
1271 2419 1324 2438 non
1340 2415 1464 2446 possunt,
1483 2413 1530 2438 sed
1556 2418 1606 2438 nec
1630 2411 1665 2437 ab

879 2459 942 2494 ipsis
953 2458 1060 2493 quidem
1077 2458 1122 2492 qui
1143 2465 1185 2484 me
1205 2457 1292 2484 multo
1315 2458 1442 2485 meliores
1468 2461 1541 2483 sunt.
1566 2455 1663 2483 Nescio

878 2509 968 2531 autent
984 2505 1006 2530 si
1022 2503 1063 2531 vel
1080 2504 1114 2530 ab
1126 2503 1191 2538 ipsis
1202 2503 1305 2530 sanctis
1319 2503 1449 2536 apostolis
1462 2502 1542 2535 plene
1552 2506 1580 2528 et
1590 2501 1664 2528 inte-

878 2557 925 2584 gre
938 2549 1125 2584 proferuntur.
1141 2548 1200 2577 Non
1213 2548 1269 2575 dixi
1284 2549 1355 2582 quod
1370 2556 1423 2575 non
1441 2547 1519 2581 plene
1530 2545 1663 2579 sciantur,

878 2596 924 2623 sed
940 2603 992 2622 non
1012 2595 1090 2630 plene
1109 2594 1295 2629 proferantur.
1322 2593 1432 2620 Certum
1459 2595 1500 2619 est
1524 2591 1596 2619 enim
1617 2599 1663 2618 co—

879 2643 953 2676 gnita
980 2649 1041 2669 esse
1064 2642 1141 2674 haec,
1169 2647 1197 2669 ct
1222 2641 1327 2676 integre
1357 2639 1525 2674 apprehensa
1550 2637 1589 2664 illi
1616 2638 1662 2673 qui

875 2701 896 2717 ’³
918 2700 984 2728 Ileb.
1002 2707 1050 2733 xu,
1063 2699 1108 2725 ‘22.
1139 2699 1160 2714 ³⁰
1178 2698 1248 2726 Psal.
1261 2706 1336 2731 thx,
1349 2697 1395 2726 55.
1433 2695 1454 2711 ³¹
1466 2694 1544 2722 Joan.
1560 2702 1616 2728 ειν,
1632 2695 1663 2722 2.

879 2791 954 2830 Unus
966 2787 1153 2817 Ebroicensis:
1173 2796 1182 2812 ι
1207 2786 1440 2822 Dispensationem
1454 2784 1501 2811 Dei
1533 2791 1565 2811 ac
1594 2791 1658 2819 prs;-

878 2830 1004 2854 senttatn.
1020 2834 1030 2850 ι

1439 2867 1478 2897 30
