1896 3052
229 86 280 116 939

957 87 1118 117 ORIGENIS

1811 93 1855 122 940

230 154 324 184 raptus
339 153 380 176 est
395 155 479 183 ttsque
499 149 532 174 ad
555 148 662 175 tertium
678 147 795 181 cmlum,
817 149 862 184 qui
879 150 970 185 utique
988 150 1014 176 in
1030 154 1052 182 Α
1067 149 1148 185 453
1161 157 1193 177 ex
1213 149 1405 177 amaritudinis
1431 155 1519 177 turma
1534 150 1651 178 veniens
1675 151 1800 180 obsideat
1818 154 1851 179 ali-

230 194 300 221 cutio
314 195 417 228 positus
432 194 497 220 vidit
514 193 649 225 cwlestia,
663 194 727 221 vidit
753 193 905 222 Jerusalem
925 203 1017 222 veram

229 240 366 267 civitatem
379 240 436 271 Dei,
458 239 523 266 vidit
539 239 574 266 ibi
587 244 615 266 et
635 239 702 266 Sion
725 245 844 268 montem
859 248 1018 276 quocunque

229 286 281 314 loci
295 290 348 317 est,
363 286 428 313 vidit
451 291 478 313 et
502 285 623 317 Hebron,
640 286 707 313 vidit
723 291 750 314 et
768 287 858 314 omnia
881 288 932 315 ista
955 295 1018 323 quae

230 332 387 359 scribuntur
399 336 474 358 sorte
495 332 579 358 divisa
595 341 603 359 ς
618 336 645 359 et
661 339 713 359 non
727 332 814 360 solum
830 333 911 366 vidit,
926 335 973 361 sed
990 338 1017 361 et

228 377 348 404 rationes
358 384 455 404 eorum
469 377 496 404 in
520 377 617 411 spiritu
636 378 856 412 comprehendit,
879 379 943 414 quia
960 379 1017 413 ipse

225 423 369 450 conﬁtetur
384 430 412 450 se
427 423 538 450 audisse
551 423 634 450 verba
656 429 684 450 et
708 424 868 452 traditiones
880 424 930 460 (ι).
962 425 1016 452 Sed

226 476 285 503 qua:
301 467 403 496 verba?
420 478 429 494 ι
448 467 607 500 Ineﬂ‘abilia,
623 469 711 504 inquit
723 469 756 503 ⁸³,
769 475 796 497 et
812 477 873 505 quae
886 478 939 498 non
953 471 1016 498 licet

227 516 329 543 homini
346 515 446 550 loqui.»
467 513 547 542 Vides
560 522 626 550 ergo
652 515 715 549 quia
742 515 783 542 sic
797 517 889 544 omnia
916 516 1016 545 Paulus

225 561 431 597 comprehendit
445 561 482 596 (5)
499 561 525 587 in
544 561 652 596 spiritu,
669 561 716 588 sed
732 569 785 588 non
808 562 909 590 licebat
922 564 946 590 ei
965 564 1014 591 lto-

227 608 346 635 minibus
359 608 409 635 ista
427 609 558 642 proferre.
573 607 677 640 Quibus
690 607 844 635 hominibus
856 609 868 635 ?
879 609 931 636 illis
956 610 1015 637 sine

224 656 308 682 dubio
326 655 360 683 de
381 655 479 689 quibus
504 654 678 689 eulpabiliter
702 655 809 682 dicebat
827 656 849 671 "
866 667 872 683 ;
893 665 902 682 ‹
920 656 1015 684 Nonne

226 705 350 732 homines
367 704 441 737 estis,
461 708 489 731 et
502 705 651 732 secundum
668 705 804 732 hominem
819 705 985 732 ambulatis?
1001 714 1010 731 ι

225 750 280 778 Sed
293 750 402 778 dicebat
417 750 543 778 fortassis
565 751 620 778 illis
633 752 679 786 qui
703 751 759 786 jam
785 759 839 778 non
863 751 1012 779 secundum

224 795 363 823 hominem
381 795 567 823 ambulabant.
584 795 696 823 Dicebat
726 796 785 824 haec
800 795 955 829 Timotheo,
970 797 1011 823 di-

1068 195 1147 228 cujus
1161 201 1270 229 corpus,
1289 195 1430 229 perturbet
1447 202 1478 222 ac
1493 195 1615 230 decipiat
1633 200 1766 230 tuentem,
1779 198 1852 225 adhi-

1068 241 1186 266 beantur
1222 244 1312 266 autem
1340 240 1432 268 multa:
1455 241 1604 274 orationes,
1635 241 1720 268 multa
1747 242 1854 276 jejunis,

1068 285 1159 312 multra
1172 284 1374 312 exorcistarum
1390 286 1589 318 invocationes,
1604 291 1634 314 et
1651 287 1686 314 ad
1699 287 1760 314 haec
1770 288 1855 315 omnia

1067 332 1165 358 surdus
1176 331 1281 358 daemon
1294 331 1321 358 in
1334 331 1448 359 obsesso
1460 339 1577 367 corpore
1591 338 1755 368 permaneat
1767 339 1796 361 et
1806 341 1856 368 per-

1067 377 1155 409 sistat,
1176 377 1345 404 tolerabilius
1376 377 1469 405 ferens
1491 378 1691 405 exorcistarum
1712 384 1857 414 pcenas,et

1067 422 1188 449 adhibita
1199 422 1249 450 sibi
1263 430 1297 449 ex
1313 422 1360 449 Dei
1375 423 1493 450 nominis
1512 422 1689 451 invocatione
1712 429 1857 456 tormenta,

1067 475 1149 501 quam
1167 467 1306 495 discedere
1319 468 1353 495 ab
1367 467 1480 496 homine
1494 476 1574 503 quem
1591 469 1773 504 impudenter
1789 471 1857 497 obsi-

1066 512 1111 540 det
1125 518 1152 540 et
1175 513 1300 547 nequiter
1315 523 1321 540 :
1338 513 1374 540 ita
1390 514 1472 541 etiam
1488 514 1532 541 hic
1548 515 1761 550 intelligendum
1778 521 1821 542 est
1835 516 1857 541 in

1065 559 1126 586 istis
1140 559 1185 594 qui
1199 560 1328 587 dicuntur
1339 560 1505 594 Amorrhtei,
1517 561 1563 595 qui
1579 566 1749 596 permanent
1762 566 1790 588 et
1804 569 1858 596 per-

1065 606 1166 633 sistunt
1189 606 1313 633 habitare
1328 606 1353 633 in
1368 606 1444 633 Elom
1466 611 1494 634 ct
1512 607 1538 634 in
1555 607 1692 634 Salamin.
1708 607 1744 634 Et
1760 613 1790 634 ut
1801 615 1858 634 vcre

1065 652 1222 678 ostenderet
1252 650 1406 686 Scriptura,
1427 652 1492 687 quia
1517 652 1690 687 perferentes
1717 659 1816 687 poenas
1836 659 1858 679 et

1064 698 1168 733 ﬂagella
1181 699 1343 733 persistunt,
1365 699 1431 725 dicit
1444 707 1452 725 :
1470 707 1479 724 ‹
1494 698 1525 726 Ει
1539 700 1632 734 gravis
1648 698 1749 726 eﬁ‘ecta
1765 703 1809 727 est
1820 708 1859 726 su-

1063 751 1112 778 per
1125 750 1173 770 eos
1189 750 1285 770 manus
1314 743 1442 776 Ephrem.
1457 753 1466 768 ι
1483 742 1624 776 Quomodo
1649 748 1746 769 autem
1772 743 1859 777 gravis

1064 789 1178 816 etﬁcitur
1203 796 1300 816 tuanus
1324 788 1442 823 Ephrem
1474 796 1557 823 super
1581 789 1787 816 Amorrbaeos?
1814 787 1858 815 Vel

225 842 305 869 εεδαι
316 841 396 868 Luca;
413 846 440 868 οι
457 842 563 869 misi-i3
578 841 720 876 discipulis
730 849 799 876 quos
813 841 916 869 scicbm
929 827 1011 876 milia-
1027 827 1048 855 Β
1062 835 1271 867 exorcistarum,
1292 839 1321 861 ut
1343 834 1476 867 diximus,
1494 842 1590 861 manus
1613 834 1799 869 impOsitione
1815 841 1858 861 ve—

225 895 273 914 ces
287 894 347 914 esse
370 886 548 914 ineﬁabilium
565 891 810 915 sacramentorum.
840 888 962 923 Denique
985 893 1013 916 et

227 932 254 959 in
270 932 398 967 mysterio
414 932 467 960 tale
481 932 519 968 (6)
542 932 643 967 aliquid
667 931 840 960 Timotheum
856 940 1012 961 commone-

225 979 272 1006 bat
285 979 379 1005 dicens
390 977 413 994 "
429 987 437 1006 :
458 986 467 1003 ι
489 978 591 1006 Mentor
608 983 668 1006 esto
683 979 829 1007 verborum
847 986 908 1013 quae
931 987 946 1006 a
970 986 1012 1007 me

224 1024 335 1055 audisti,
348 1031 408 1059 qme
421 1024 580 1052 commenda
600 1024 725 1052 ﬁdelibus
745 1024 902 1053 hominibus
926 1029 954 1052 et
978 1025 1012 1053 iis

224 1071 269 1105 qui
287 1071 374 1098 idonei
395 1074 458 1099 sunt
476 1070 544 1098 alios
562 1070 670 1098 docere.
686 1080 695 1096 ι
714 1070 760 1098 Sic
772 1078 836 1105 ergo
848 1071 938 1098 divina
954 1071 1012 1098 haec

223 1117 438 1145 essecredentes
451 1121 478 1145 ct
490 1117 603 1152 mystica
616 1136 625 1149 ,
642 1116 738 1151 dignos
761 1124 810 1144 nos
827 1120 854 1144 et
877 1120 954 1151 aptos
976 1116 1010 1144 ad

222 1170 317 1190 eorum
335 1162 515 1197 capacitatem
529 1163 591 1190 vitae
612 1163 719 1190 actibus
737 1170 769 1190 ac
785 1163 891 1191 meritis
904 1170 1011 1198 praepa-

222 1216 323 1241 remus,
336 1213 365 1235 ut
390 1215 452 1236 cum
481 1208 562 1243 digne
586 1216 601 1235 a
626 1208 704 1236 nobis
732 1208 837 1236 fuerint
862 1209 1010 1243 intellecta,

220 1255 305 1282 etiam
321 1254 480 1281 hereditate
497 1261 528 1281 ea
545 1254 571 1281 in
591 1253 670 1281 cmlis
687 1255 819 1289 consequi
846 1262 1009 1288 mereamur,

221 1300 249 1327 in
262 1299 372 1327 Christo
383 1298 447 1327 Iesu
464 1299 578 1327 Domino
594 1305 698 1332 nostro,
714 1299 758 1327 cui
770 1305 812 1328 est
822 1300 908 1336 gloria
925 1301 1012 1328 etim-

221 1346 326 1381 perium
339 1345 366 1373 in
381 1346 478 1374 smeula
492 1346 663 1374 sarculorum.
677 1347 775 1374 Amen.

488 1401 628 1431 HOMILIA
651 1403 745 1432 XXIV.

225 1447 265 1475 De
278 1447 442 1486 Antonium}
456 1448 587 1486 quomodo
599 1448 782 1478 habitaverunt
798 1459 858 1478 cum
883 1451 1008 1486 Ephrem,

1063 881 1217 908 hementius
1234 881 1359 915 imposita
1382 881 1493 916 gravari
1518 881 1620 907 dicitur
1641 887 1728 914 super
1743 881 1859 907 immun-

1062 927 1110 954 dos
1134 927 1246 961 spiritus
1269 934 1364 954 manus
1387 927 1518 962 Ephrem,
1533 926 1576 954 vel
1600 926 1668 961 quia
1700 926 1769 954 boni
1787 932 1860 954 artus

1061 973 1103 1000 vel
1123 972 1193 1000 bona
1217 979 1298 1007 opera
1319 977 1436 1008 gravant
1457 979 1484 1000 et
1506 972 1629 1008 atlligunt
1641 972 1803 1000 daemonum
1819 980 1862 1007 ge-

1062 1026 1124 1051 nus,
1142 1019 1350 1053 contrariasque
1367 1019 1494 1046 virtutes.
1510 1018 1619 1051 Quanto
1636 1018 1714 1046 enim
1734 1026 1786 1046 nos
1805 1026 1860 1046 me-

1061 1065 1129 1092 liora
1143 1065 1291 1100 egerimus,
1307 1069 1335 1093 et
1357 1069 1461 1099 quanto
1475 1064 1501 1091 in
1517 1064 1632 1097 optimis
1647 1071 1860 1095 conversamur,

1062 1114 1138 1138 tanto
1164 1110 1218 1138 illis
1242 1111 1355 1138 molesta
1370 1111 1427 1138 hate
1447 1110 1603 1138 eiiiciuntur
1617 1115 1645 1138 et
1660 1111 1776 1145 gravia.
1793 1110 1860 1138 Gra-

1061 1160 1118 1183 tum
1134 1163 1198 1183 vero
1223 1156 1277 1183 illis
1293 1160 1336 1184 est
1359 1161 1386 1183 et
1409 1162 1565 1192 acceptum,
1587 1161 1615 1184 et
1638 1157 1805 1192 voluptates
1824 1157 1861 1184 eis

1059 1201 1263 1236 quodammodo
1273 1203 1396 1235 exhibet,
1413 1203 1458 1237 qui
1481 1203 1508 1229 in
1524 1203 1699 1238 turpitudine
1707 1208 1737 1230 et
1751 1202 1862 1237 ﬂagitiis

1060 1247 1136 1273 vivit.
1153 1246 1203 1280 Qui
1218 1254 1284 1275 vero
1301 1246 1328 1274 in
1347 1247 1426 1274 bouis
1439 1247 1548 1275 actibus
1566 1255 1680 1274 manum
1698 1255 1781 1275 suam
1802 1255 1863 1282 gra-

1061 1293 1165 1321 vaverit
1187 1300 1271 1328 super
1286 1301 1344 1325 eos,
1363 1294 1445 1322 etiam
1473 1294 1494 1321 si
1517 1294 1628 1329 penitus
1645 1301 1695 1321 eos
1719 1294 1862 1328 expellere

1061 1346 1114 1366 non
1122 1340 1249 1374 potuerit,
1258 1345 1332 1368 certe
1344 1341 1444 1368 tributa
1450 1341 1504 1367 rios
1517 1347 1566 1368 eos
1578 1340 1662 1368 faciet
1672 1345 1700 1368 et
1708 1341 1861 1375 subjectos.

1095 1395 1122 1423 2.
1146 1405 1156 1422 ι
1170 1396 1203 1423 Et
1218 1396 1365 1424 abierunt»
1390 1395 1436 1424 ﬁlii
1460 1397 1578 1432 Ephrem
1603 1406 1613 1423 ι
1628 1405 1787 1432 peragrare
1810 1403 1861 1425 ter-

1063 1449 1119 1468 ram
1135 1441 1285 1469 secundum
1310 1442 1376 1470 ﬁnes
1402 1449 1465 1469 suos
1475 1442 1530 1468 ³⁷.»
1552 1442 1586 1469 Et
1610 1450 1674 1469 cum
1700 1448 1861 1470 enarrasset

259 1488 284 1527 εί
369 1482 435 1510 Iesu
462 1482 594 1517 quomodo
621 1487 719 1519 accepit
747 1486 878 1514 civitatem
902 1482 918 1514 ὰ
944 1482 1008 1522 Ιίιίίὲ
1022 1498 1043 1527 c
1061 1487 1134 1514 illam
1154 1487 1306 1520 historiam,
1324 1487 1349 1514 in
1367 1487 1544 1522 sequentibus
1565 1491 1702 1521 quantam
1726 1496 1857 1515 mansue-

263 1517 361 1546 Israel.

258 1577 285 1604 I.
302 1575 340 1602 De
352 1574 483 1603 Iebusais
500 1575 546 1610 qui
562 1576 721 1604 habitabant
733 1576 893 1611 Jerusalem,
908 1579 1008 1606 dudum

220 1621 324 1649 dictum
339 1626 391 1654 est,
406 1623 543 1656 quomodo
563 1629 610 1649 eos
625 1623 809 1651 exterminare
833 1631 886 1651 non
912 1628 1008 1659 potue-

221 1674 287 1697 runt
303 1669 351 1696 ﬁlii
362 1668 444 1701 Iuda,
457 1669 505 1697 sed
521 1673 549 1697 et
562 1670 596 1697 de
609 1669 770 1698 Chanameis
782 1678 850 1706 quos
877 1679 930 1699 non
959 1679 1009 1706 po-

221 1719 334 1742 tuerunt
346 1715 531 1742 exterminare
543 1715 589 1742 Itlii
603 1715 731 1750 Ephrem,
745 1717 899 1745 habitantes
912 1718 938 1745 in
955 1725 1009 1746 me-

219 1761 266 1789 dio
281 1760 333 1788 sui.
345 1760 448 1793 Quibus
461 1760 560 1788 similia
577 1761 661 1788 etiam
684 1769 805 1796 praesens
819 1762 901 1790 lectio
925 1763 1008 1791 refert

215 1807 254 1835 de
269 1806 433 1835 Amorrhteis
449 1806 545 1834 dicens
563 1806 599 1840 ³⁸,
616 1807 681 1842 quia
703 1816 712 1833 ι
735 1809 883 1841 permansit
907 1808 1007 1836 Amor-

219 1853 313 1881 rhaaus
329 1853 456 1881 habitare
470 1852 496 1880 in
512 1852 587 1880 Elom
602 1858 629 1880 ct
658 1853 684 1880 in
706 1852 835 1886 Salamis,
865 1859 891 1881 et
918 1855 1008 1889 gravis

216 1899 315 1928 etl‘ecta
331 1903 372 1927 est
388 1906 489 1926 manus
508 1898 624 1933 Ephrem
637 1906 719 1932 super
732 1906 790 1926 eos.
810 1909 818 1925 ι
834 1899 1008 1927 Amorrhazus

216 1946 415 1980 interpretatur
427 1953 536 1972 amarus
554 1944 595 1972 vel
618 1944 769 1972 amaritudo
784 1944 832 1981 (7).
852 1945 1008 1973 Ilabitantes

220 2000 286 2027 ergo
306 1992 333 2019 in
348 1992 436 2024 Elom,
447 1999 507 2026 quae
525 1992 724 2026 interpretatur
749 1992 890 2018 arietantes
905 1991 952 2027 (8),
966 1993 1007 2019 vel

221 2039 249 2065 in
265 2037 393 2069 Salamis,
405 2037 475 2072 quod
491 2037 687 2072 interpretatur
702 2037 809 2071 paciﬁci
827 2037 877 2072 (9),
899 2045 1007 2072 perma-

221 2086 288 2109 nent
302 2086 329 2108 et
345 2081 470 2108 habitant
491 2081 687 2109 amaritutlines
703 2082 729 2108 itt
745 2082 925 2109 arietautibus
939 2087 965 2109 et
981 2083 1006 2110 in

223 2126 355 2163 paciﬁcis.
371 2126 526 2153 Arietantes
540 2126 690 2161 suntiiqui
703 2126 729 2153 in
753 2127 886 2160 agonibus
912 2127 1004 2162 positi,

1061 1533 1183 1561 tudinem
1198 1538 1226 1560 et
1244 1533 1424 1560 humilitatem
1446 1533 1545 1560 habeat
1558 1532 1650 1565 Iesus,
1667 1534 1714 1567 qui
1732 1541 1801 1561 vere
1822 1534 1860 1560 di-

1059 1587 1126 1615 gnus
1142 1585 1201 1606 erat
1224 1578 1297 1606 ferre
1313 1586 1412 1606 nomen
1433 1578 1542 1605 Domini
1561 1577 1627 1606 Iesu
1648 1585 1680 1606 et
1703 1579 1860 1606 Salvatoris

1060 1625 1159 1658 nostri,
1187 1625 1317 1652 declarat.
1342 1624 1388 1651 Ait
1413 1624 1485 1651 enirn
1499 1624 1521 1639 "
1535 1632 1542 1650 ι
1561 1633 1571 1650 ι
1588 1625 1742 1658 Dederunt,
1759 1625 1860 1661 inquit,

1059 1672 1106 1698 ﬁlii
1120 1670 1202 1698 Israel
1217 1675 1318 1698 sortem
1332 1669 1396 1697 Iesu
1410 1669 1464 1697 ﬁlio
1477 1669 1552 1696 Nave
1573 1670 1600 1696 in
1619 1671 1786 1705 semetipsis
1805 1672 1860 1705 (I0)

1059 1723 1108 1751 per
1133 1720 1296 1750 praeceptum
1323 1714 1444 1748 Domini,
1463 1719 1490 1742 et
1502 1714 1637 1742 dederunt
1660 1715 1687 1741 ei
1715 1716 1858 1743 civitatem

1059 1769 1138 1797 quant
1150 1761 1246 1796 petivit
1255 1760 1415 1788 'I‘hannasac
1429 1765 1490 1792 quae
1497 1765 1538 1790 est
1545 1760 1573 1788 in
1582 1763 1678 1787 monte
1686 1756 1824 1793 Ephrem,
1836 1766 1860 1788 et

1059 1807 1201 1835 aediﬁcavit
1213 1807 1248 1834 ibi
1260 1807 1409 1838 civitatem,
1421 1811 1448 1833 et
1463 1806 1597 1833 habitavit
1615 1806 1641 1832 in
1652 1813 1698 1833 ea.
1717 1815 1728 1832 ι
1745 1806 1809 1842 Ipse
1819 1813 1861 1834 est

1059 1853 1104 1888 qui
1117 1853 1191 1880 dedit
1206 1852 1392 1880 hmreditatem
1406 1852 1533 1879 omnibus
1551 1851 1615 1879 ﬁliis
1627 1851 1710 1884 Iuda,
1721 1853 1771 1887 qui
1785 1853 1861 1880 dedit

1059 1897 1222 1932 Ephrem,et
1231 1896 1572 1924 dimidiaatribuihlanasse
1583 1906 1589 1923 :
1601 1897 1661 1931 ipse
1674 1897 1755 1925 dedit
1767 1903 1797 1925 et
1806 1906 1862 1925 ma-

1058 1942 1156 1978 gniﬁco
1168 1942 1205 1968 illi
1220 1941 1302 1969 Caleb
1313 1941 1478 1968 ﬁlioIeI‘Ioue
1489 1941 1682 1968 haereditatem
1693 1950 1701 1970 :
1711 1943 1774 1977 ipse
1783 1943 1861 1970 misit

1059 1993 1151 2015 ternos
1163 1995 1211 2022 per
1219 1987 1498 2022 singulastribus,qui
1507 1988 1666 2014 universam
1680 1993 1787 2016 terram
1799 1997 1862 2023 per-

1059 2037 1197 2068 agrarent,
1209 2038 1292 2067 atque
1302 2033 1492 2060 describerent
1505 2033 1532 2059 in
1547 2032 1628 2064 libro,
1642 2033 1821 2074 ctredirent,
1835 2040 1862 2061 et

1058 2079 1253 2106 ostenderent:
1272 2079 1328 2113 ipse
1344 2079 1418 2106 misit
1432 2078 1559 2106 omnibus
1576 2083 1679 2110 sortes,
1688 2084 1716 2105 et
1724 2086 1757 2106 se
1767 2080 1795 2107 in
1812 2088 1861 2106 no-

1061 2124 1183 2151 vissimis
1196 2124 1447 2157 reservavit.Quare
1462 2128 1543 2158 putas
1555 2124 1641 2151 voluit
1655 2132 1721 2152 esse
1731 2126 1859 2153 omnium

219 2179 379 2208 expugnare
390 2172 539 2200 diabolicas
554 2172 624 2199 aedes
636 2177 844 2207 structurasqnc
861 2178 1005 2209 conantur;
1023 2180 1046 2207 ι)
1061 2169 1246 2197 nevissimus?
1262 2170 1323 2197 sine
1331 2170 1413 2197 dubio
1424 2173 1453 2196 ut
1464 2174 1538 2197 esset
1551 2171 1675 2196 onmium
1692 2171 1815 2205 primus.
1830 2171 1861 2198 Et

218 2217 324 2252 paciﬁci
348 2224 414 2245 vero
428 2217 474 2252 qui
487 2217 643 2245 carnalibus
654 2218 883 2252 concupiscentiis
896 2226 1008 2253 supera-

223 2266 257 2290 tis
271 2271 363 2298 pacem
379 2263 476 2289 animae
488 2267 596 2298 gerunt.
611 2263 639 2289 In
656 2263 778 2297 utrisque
797 2268 886 2290 tamen
912 2271 1006 2298 perse-

222 2313 298 2336 verat
313 2314 339 2335 et
351 2309 491 2336 contendit
506 2308 645 2336 contraria
665 2308 749 2335 virtus
770 2309 921 2336 amaritudo
944 2316 1005 2343 per-

220 2355 326 2382 sistere.
344 2354 371 2380 ln
400 2361 452 2389 quo
477 2353 529 2380 tale
553 2353 652 2387 aliquid
682 2353 829 2389 intelligere
853 2361 1005 2388 possumus,

219 2401 284 2435 quia
316 2400 407 2432 dicit,
438 2399 588 2434 permansit
616 2399 742 2427 habitare
776 2400 951 2426 Atnorrhmus
979 2399 1004 2426 in

226 2447 303 2482 ipsis.
332 2445 413 2474 Verbi
441 2445 525 2481 gratia
545 2466 553 2479 ,
581 2445 603 2473 si
628 2445 738 2473 initnica
762 2446 848 2473 virtus
875 2446 1004 2473 daemonis

251 2511 273 2526 "
287 2511 307 2539 II
323 2511 386 2539 Cor.
406 2519 453 2544 xtl,
474 2511 501 2538 4.
540 2510 580 2538 ³⁵1
597 2512 659 2540 Cor.
676 2519 716 2543 ut,
732 2511 775 2539 54.

268 2590 294 2623 4)
314 2590 387 2618 Unus
407 2590 590 2623 Ebroicensis,
611 2599 620 2615 ί
639 2594 664 2617 et
677 2590 806 2616 rationes.
825 2600 834 2615 ι

268 2590 284 2616 ιι
314 2590 387 2618 Unus
407 2590 590 2623 Ebroicensis,
611 2599 620 2615 ί
639 2594 664 2617 et
677 2590 806 2616 rationes.
825 2600 834 2615 ι

254 2590 296 2660 (ὅ)
311 2625 367 2661 Duo
381 2625 570 2658 Ebroicenses,
589 2636 598 2651 Ι
617 2626 676 2661 quia
696 2625 746 2652 scit
761 2626 851 2652 omnia
869 2625 968 2652 Paulus
979 2629 1006 2652 et

224 2660 435 2686 comprehendit.
451 2670 460 2685 ι

261 2668 282 2686 m
305 2667 435 2686 renenutt.
451 2670 460 2685 ι

261 2667 301 2729 (ὃς
309 2694 399 2721 Codex
412 2694 553 2729 Sangerm.
566 2703 626 2722 cum
643 2703 696 2721 uno
717 2696 882 2727 Ebroiccnsi,
902 2704 911 2720 ‹
928 2695 1005 2721 deni-

224 2735 277 2762 que
290 2733 317 2755 et
333 2729 506 2765 iu_tnysterio
528 2730 588 2757 tale.
610 2739 618 2754 ι
636 2729 712 2757 Libb.
732 2732 808 2763 editi,
827 2740 835 2756 ‹
853 2732 886 2757 de
905 2731 1004 2765 quibus

225 2769 252 2788 ct
264 2771 288 2788 ut
306 2763 455 2790 ministerio
473 2765 532 2790 tale.
552 2774 560 2789 ι

259 2797 297 2831 (7)
311 2797 477 2824 Amorrlurus
502 2800 688 2832 interpretatur
709 2808 815 2827 amarus
840 2801 878 2827 vel
901 2800 1002 2827 antari-

825 2511 847 2528 ³⁵
866 2511 886 2538 ΙΙ
901 2512 971 2539 Tim.
986 2520 1018 2545 tt,
1041 2513 1068 2539 2.

1061 2216 1177 2250 necipse
1186 2215 1238 2243 sibi
1247 2216 1429 2243 hereditatem
1439 2220 1514 2243 sorte
1525 2216 1712 2250 praesumpsit,
1722 2217 1772 2244 sed
1783 2226 1799 2244 a
1814 2226 1863 2253 po-

1059 2262 1124 2298 pulo
1139 2263 1256 2297 accepit,
1269 2266 1297 2289 et
1313 2262 1351 2289 illi
1367 2262 1413 2289 dat
1424 2262 1541 2297 populus
1556 2262 1750 2290 btereditatem
1769 2272 1784 2290 a
1808 2273 1863 2298 quo

1061 2308 1119 2342 ipse
1134 2311 1286 2341 acceperat.
1297 2306 1342 2334 Sic
1353 2307 1426 2334 enim
1434 2308 1567 2342 scriptum
1583 2312 1640 2334 est:
1657 2307 1706 2334 «Et
1721 2309 1863 2336 dederunt

1061 2353 1106 2380 lilii
1121 2352 1202 2380 Israel
1216 2358 1315 2380 sortem
1329 2351 1392 2380 Iesu
1409 2353 1464 2380 ﬁlio
1475 2353 1577 2380 Nave.»
1590 2353 1645 2381 Sed
1667 2359 1694 2382 et
1709 2354 1772 2382 hrec
1792 2356 1863 2390 ﬁgu-

1060 2400 1154 2426 raliter
1171 2399 1364 2434 contingebant
1380 2399 1444 2431 ilh's,
1457 2406 1518 2433 qua:
1531 2399 1610 2427 nobis
1632 2407 1863 2434 proponerentur

1059 2445 1092 2471 ad
1111 2446 1238 2478 formam,
1256 2450 1284 2472 ut
1302 2449 1329 2472 et
1354 2452 1402 2472 nos
1423 2452 1566 2472 servemus
1591 2451 1768 2481 praeceptum
1792 2448 1861 2474 illud

1118 2512 1140 2528 ³⁸
1157 2511 1212 2539 Ius.
1237 2519 1292 2543 xtx,
1308 2511 1352 2539 47.
1401 2511 1423 2526 ³⁷
1438 2511 1504 2539 ibid.
1522 2511 1568 2538 49.
1620 2512 1644 2528 ³⁸
1661 2513 1730 2541 ibi-1.
1750 2513 1798 2545 49.
1813 2514 1860 2542 50.

1061 2591 1134 2615 tudo.
1152 2588 1173 2614 Α
1188 2594 1253 2619 -ι-ηε
1270 2598 1278 2614 ι
1294 2597 1413 2616 amarum
1430 2597 1499 2617 esse.
1524 2599 1533 2615 ι

1095 2623 1132 2664 (8)
1147 2623 1233 2655 Elam,
1254 2632 1311 2658 qua:
1340 2625 1525 2658 interpretatur
1552 2626 1710 2653 arietantes.
1751 2628 1793 2653 Ab
1811 2619 1861 2657 ’τκ

1061 2668 1070 2684 Ι
1091 2666 1171 2684 artes.
1190 2668 1199 2684 ι

1094 2693 1132 2728 (9)
1150 2692 1279 2729 Salamis,
1301 2693 1371 2727 quod
1394 2693 1585 2726 interpretatur
1602 2695 1726 2729 pariﬁci.
1745 2697 1768 2723 Δ
1794 2689 1860 2726 ειη

1060 2737 1070 2754 ρ
1088 2727 1231 2761 paciﬁcum
1246 2736 1315 2755 esse.
1333 2737 1342 2753 ι

1093 2762 1148 2800 (I0)
1166 2762 1267 2790 Omnes
1282 2763 1458 2800 Iltallllﬁel'ipli
1476 2772 1485 2788 ι
1500 2763 1529 2791 in
1552 2765 1728 2800 semetipsis.
1747 2775 1758 2792 ι
1778 2766 1857 2794 Libb.

1055 2798 1131 2829 editi,
1151 2806 1160 2823 ι
1173 2803 1199 2825 et
1215 2797 1382 2831 semctipsos.
1396 2807 1405 2823 ι
