1888 3051
67 100 110 130 ιιι

66 160 132 198 quod
149 161 200 188 istc
211 167 293 194 opere
308 158 441 194 implevit,
458 159 530 193 quod
546 158 646 186 dicitur
657 158 680 174 "
694 166 701 185 :
717 166 727 183 ι
738 157 846 190 Quanto
861 156 885 185 Α

67 215 174 242 magnus
194 214 234 239 es,
264 210 340 234 tanto
363 206 447 239 magis
466 205 576 232 humilia
591 210 627 237 te,
639 209 666 232 et
679 207 742 231 ante
755 203 847 230 Domi-

22 277 24 280 .
67 262 126 280 num
142 253 263 280 invenies
283 252 410 287 gratiam.
424 262 434 278 ι
453 251 485 278 Ει
503 251 599 278 iterum
625 250 696 285 quod
715 249 847 284 scriptum

65 303 103 326 est
114 298 155 325 '°:
173 307 182 324 (
197 297 225 326 Si
241 303 266 325 te
289 298 384 325 ducent
409 297 607 328 ordinaverint,
635 303 668 323 tte
695 293 845 326 cxtollaris,

65 345 110 372 sed
126 349 185 371 esto
199 344 273 370 inter
287 350 333 370 eos
348 342 428 377 quasi
443 349 513 369 uttus
534 349 567 369 ex
583 341 660 375 ipsis.
675 350 684 367 ι
701 340 768 368 Vide
781 347 847 374 ergo

64 389 195 425 quomodo
211 390 264 416 dux
281 393 341 415 erat
357 387 459 423 populi.
477 387 534 422 ipse
551 387 597 421 qui
622 394 670 414 eos
691 385 847 413 introduxe-

65 442 104 464 rat
117 437 142 464 in
161 442 262 463 terram
286 441 421 467 sanctam,
440 434 467 461 in
483 439 584 461 terram
603 433 845 468 repromissionis:

64 484 119 518 ipse
129 488 190 510 erat
201 489 347 510 successor
363 480 460 516 Moysi,
473 485 500 507 et
513 487 567 507 non
581 480 638 514 ipse
653 479 703 506 sibi
714 478 848 514 permittit

62 535 167 556 sumere
192 533 292 555 sortem
326 532 418 558 terras,
444 526 490 554 sed
521 530 662 558 exspectat
687 530 716 552 ut
731 524 847 560 accipiat

62 575 259 610 portiunculam
272 582 287 601 ε
307 573 414 608 populo.
428 573 517 608 populi
533 573 601 604 dux;
617 576 644 598 et
659 576 770 606 accepta
785 578 847 605 por-

63 620 181 647 tiuncula
207 626 255 647 sua
281 617 371 650 Iesus,
398 618 496 652 dignus
521 617 572 644 hoc
599 617 709 643 nomine
731 615 848 643 aediﬁcat

62 666 148 694 locum
174 666 262 700 ipsum
289 671 370 699 quem
390 664 503 697 accepit,
520 668 548 690 et
567 662 719 694 constituit,
739 666 768 688 ut
784 669 845 688 entn

62 720 125 741 vero
163 713 245 740 faciat
275 712 386 748 dignum
420 718 532 738 munere
565 709 610 737 Dei
637 714 664 736 et
689 708 847 735 haereditate

59 760 160 787 divina.

93 807 120 834 5.
142 807 195 834 Sed
225 805 352 841 quoniam
383 803 417 831 ad
445 802 589 830 Dominum
615 806 643 830 ct
674 801 844 829 Salvatorem

59 858 183 880 nostrum
206 860 236 880 ea
256 858 315 887 qua:
338 851 371 878 de
386 850 450 878 .Iesu
467 849 634 880 scribuntur,
654 847 756 875 referre
777 855 845 874 cou-

59 900 208 932 suevimus,
224 899 349 927 fortassis
368 897 450 924 etiam
466 901 560 924 noster
573 895 662 923 omnis
675 894 719 922 hic
734 893 848 929 populus

59 947 106 974 dat
122 951 228 981 partem
243 945 362 980 aliquam
377 950 437 971 meo
454 942 569 970 Domino
581 939 658 972 Iesu,
673 944 700 967 et
714 939 789 967 velut
807 939 847 966 lo-

57 999 118 1020 cum
132 992 278 1027 quemdam
294 988 455 1018 habitationi
470 987 530 1021 ejus
544 986 650 1014 tribuit.
667 985 721 1013 Sed
747 993 781 1013 ne
805 985 846 1012 itt-

52 1039 188 1073 juriosum
213 1045 274 1065 esse
296 1037 419 1064 videatur
437 1035 510 1070 quod
535 1034 648 1066 dicitur,
673 1033 847 1067 requiramus

54 1086 193 1122 quomodo
216 1085 241 1112 ei
269 1085 364 1112 damus
383 1091 433 1112 nos
455 1083 528 1111 servi
544 1082 603 1116 ejus
617 1081 846 1109 habitationislo-

55 1139 128 1160 cum.
146 1131 203 1166 Ego
216 1131 238 1158 si
255 1137 363 1165 possem
381 1130 467 1157 bonus
479 1129 549 1161 ﬁeri,
569 1129 662 1156 darem
674 1127 763 1156 locum
776 1127 846 1155 Filio

57 1178 104 1205 Dei
119 1177 148 1204 in
170 1184 223 1209 me,
240 1181 267 1204 et
285 1180 425 1210 acceptum
444 1175 533 1202 locum
548 1181 563 1201 a
581 1181 623 1202 me
640 1175 666 1201 itt
682 1174 772 1201 anima
787 1180 846 1201 mea

55 1225 188 1252 Dominus
220 1223 301 1251 Iesus
330 1222 481 1250 aediﬁcaret
505 1229 578 1253 eum,
604 1226 632 1248 et
648 1221 806 1252 adornaret,
820 1224 847 1246 ct

55 1271 161 1298 faceret
190 1270 216 1297 in
231 1277 264 1297 co
290 1276 383 1296 nturos
401 1267 635 1302 inexpugnabiles,
648 1271 675 1293 et
688 1271 779 1293 turres
793 1273 844 1293 ex—

53 1316 155 1348 culsas,
173 1321 202 1344 et
214 1315 361 1343 aediﬁcaret
376 1315 402 1341 in
419 1321 461 1342 tne
477 1314 657 1346 mansionem,
673 1313 695 1339 si
713 1319 844 1345 mererer,

52 1360 163 1395 dignam
183 1369 213 1389 se
225 1365 252 1389 et
265 1361 352 1394 Patre,
367 1366 394 1389 et
406 1361 442 1389 ita
455 1362 599 1390 adornaret
611 1362 728 1389 animam
744 1369 845 1396 meam,

49 1413 78 1436 et
98 1416 229 1444 capacem
248 1417 308 1437 eam
327 1416 383 1436 suae
402 1409 542 1444 sapientiae
560 1413 587 1436 et
606 1409 740 1440 scientiae,
762 1409 845 1436 totius

49 1455 207 1483 sanctitatis
230 1455 366 1487 ediceret,
387 1455 414 1482 in
442 1459 546 1482 tantum
572 1459 602 1482 ut
624 1459 652 1482 et
670 1454 751 1482 etiam
771 1454 845 1482 face-

48 1506 90 1527 ret
112 1501 202 1528 Deum
222 1501 327 1529 Patrem
348 1509 440 1529 secum
465 1501 583 1533 intrare,
604 1505 632 1528 et
657 1501 684 1528 in
703 1508 735 1528 ea
755 1500 845 1529 facere

48 1547 239 1580 mansionem,
253 1551 281 1575 et
295 1553 406 1574 coenare
431 1545 514 1573 etiam
535 1544 605 1578 apud
624 1543 706 1571 talem
726 1543 844 1570 animam

47 1596 128 1624 cibos
144 1603 218 1630 quos
235 1595 295 1630 ipse
317 1594 440 1621 donaret.
454 1591 530 1625 Quod
545 1595 574 1617 ut
589 1589 720 1625 consequi
738 1596 845 1617 merea-

46 1649 122 1675 ntur,
141 1647 331 1676 praeparemus
346 1638 373 1665 in
390 1637 469 1665 nobis
483 1644 531 1664 cor
544 1636 674 1663 mundum
687 1643 741 1670 quo
758 1635 846 1662 IIIJetl-

47 1693 90 1715 ter
117 1694 147 1715 et
174 1691 253 1722 grate
280 1686 410 1713 Dominus
434 1683 515 1711 .Iesus
530 1681 588 1717 (ll)
606 1681 736 1708 mundum
754 1682 844 1709 cordis

44 1735 137 1762 nostri
179 1732 294 1760 introire
308 1732 435 1766 dignetur
447 1729 594 1765 hospitium
609 1735 616 1755 :
632 1728 679 1756 cui
694 1732 738 1755 est
756 1728 843 1763 gloria

43 1790 71 1812 et
91 1782 281 1820 imperiumin
293 1780 394 1809 saecula
405 1780 578 1807 stcculorum.
594 1778 691 1805 Amen.

331 1835 470 1865 IIOMILIA
491 1834 574 1863 XXV.

40 1889 81 1918 De
103 1887 264 1916 civitatibus
278 1893 336 1920 quo:
351 1887 421 1911 data:
439 1888 498 1910 sunt
518 1882 626 1915 Levitis,
637 1887 662 1910 et
673 1881 787 1909 sortibus
799 1888 843 1908 co-

420 1928 489 1946 rum.

77 1971 105 1997 1.
128 1969 241 1997 Omnes
258 1967 305 1994 ﬁlii
330 1966 411 1993 Israel
437 1967 604 1999 acceperunt
629 1967 717 1990 sortes
738 1969 802 1989 suas
817 1969 842 1988 tn

35 2021 129 2048 terra,
157 2013 265 2042 Levitis
293 2016 383 2039 autent
407 2010 434 2037 iu
466 2009 626 2036 haereditate
648 2009 722 2036 solus
745 2007 844 2036 snlIicit

37 2063 125 2090 Deus.
143 2061 249 2088 Verum
262 2059 391 2094 quoniam
402 2057 547 2091 'accipiuut
558 2055 661 2083 Levita:
676 2055 796 2082 decimas
812 2062 844 2082 ac

34 2109 188 2145 primitias
204 2107 238 2134 de
255 2105 390 2132 fructibus
402 2110 418 2129 ει
435 2102 497 2129 ﬁliis
511 2102 594 2130 Israel
615 2109 661 2136 per
678 2107 842 2136 praeceptum

34 2155 169 2186 Domini,
185 2153 329 2188 oportebat
341 2158 388 2178 eos
402 2151 484 2178 etiam
498 2149 531 2176 de
544 2154 627 2181 terra,
644 2153 673 2174 nt
689 2148 725 2175 ita
741 2148 840 2179 dicant,

32 2208 62 2230 et
75 2203 112 2229 de
132 2187 305 2228 habitaculis
321 2197 441 2225 decimas
454 2196 589 2230 accipere,
605 2195 656 2221 hoc
669 2199 709 2221 est
721 2193 793 2220 enim
806 2193 840 2220 ab
858 2187 880 2214 Ι)

33 2247 177 2275 omnibus
191 2244 314 2272 decimas
328 2241 479 2277 accepisse.
492 2240 527 2267 Et
541 2240 601 2266 ideo
616 2239 776 2266 accedentes
787 2239 842 2274 pri-

31 2294 119 2322 atarii
151 2292 210 2320 viri
236 2290 282 2326 qui
306 2293 384 2317 erant
410 2289 437 2316 in
462 2288 525 2316 ﬁliis
541 2287 617 2319 Levi,
630 2287 663 2314 ad
679 2286 841 2314 Eleazarum

28 2339 235 2370 sacerdotem,
249 2341 276 2364 et
289 2336 321 2363 ad
335 2337 428 2363 Jesunt
443 2335 529 2362 liliunt
546 2334 629 2366 Nave,
644 2337 672 2360 et
690 2333 722 2360 ad
737 2333 840 2368 princi-

27 2394 81 2420 pes
99 2385 234 2412 tribuutn
250 2382 367 2410 ﬁliorum
383 2381 481 2414 Israel,
499 2381 524 2408 in
540 2380 621 2407 Selou
638 2380 665 2407 itt
681 2384 752 2406 terra
769 2379 842 2406 Cha-

26 2439 121 2464 naan,
150 2430 286 2457 dixerunt
297 2428 336 2454 u:
360 2436 369 2453 ι
387 2427 517 2454 Dominus
541 2426 671 2462 praecepit
700 2426 726 2454 itt
758 2433 839 2452 tttanu

25 2477 120 2513 Moysi
161 2475 227 2503 dari
260 2474 339 2501 nobis
358 2473 485 2501 civitates
510 2472 543 2500 ad
583 2471 782 2503 habitandum,
812 2475 840 2498 et

25 2523 207 2551 suburbana
234 2528 328 2548 earutn
355 2520 519 2547 animalibus
541 2519 672 2546 nostris.»
692 2517 843 2553 Oportebat

24 2571 119 2599 etiam
142 2569 184 2597 de
209 2567 375 2595 suburbanis
387 2567 464 2594 etde
480 2566 636 2594 civitatibus
652 2570 754 2592 sortem
770 2564 839 2596 ﬁeri,

24 2628 60 2647 ne
78 2616 181 2655 454
196 2614 268 2642 forte
283 2614 431 2642 indiscrete
456 2618 485 2641 et
510 2613 623 2640 fortuitu
644 2613 715 2639 inter
732 2611 841 2639 Levitas

22 2665 187 2695 celebrata
217 2661 313 2688 divisio
340 2661 491 2687 videretur.
509 2659 587 2687 Sicut
603 2666 668 2693 ergo
682 2658 840 2685 distributio

22 2714 117 2742 sortis
137 2716 211 2745 quae
226 2708 297 2736 facta
314 2713 357 2735 est
373 2707 398 2735 in
413 2707 475 2734 ﬁliis
490 2705 585 2739 Israel,
597 2706 692 2734 habuit
704 2705 838 2733 rationem

81 2767 107 2783 ³⁹
126 2766 224 2796 Eccli.
240 2773 280 2800 ιιι,
297 2765 343 2793 20.
390 2765 413 2781 “
425 2765 509 2793 Eccli.
525 2773 610 2798 xxxu,
623 2766 649 2792 1.

525 98 560 125 ΙΝ
579 95 708 124 LIBRUM
726 94 806 123 JESU
825 93 919 121 NAVE
935 93 1076 122 IIOMILIA
1099 94 1183 122 XXV.

1637 98 1689 126 912

899 162 952 189 qua
971 155 1033 190 quis
1060 156 1146 190 prima
1173 161 1246 183 sorte
1275 156 1371 191 dignus
1392 156 1548 189 haberetur,
1567 162 1593 183 ct
1618 158 1689 185 alius

899 202 1031 233 secunda,
1049 203 1082 229 de
1096 209 1161 236 qua,
1177 208 1258 237 prout
1269 203 1416 237 potuimus,
1430 202 1486 236 jaut
1502 208 1566 230 ante
1584 209 1685 230 tracta-

899 248 987 275 vimus
1005 256 1012 274 :
1028 247 1075 275 sed
1096 253 1123 275 et
1143 249 1178 276 de
1198 249 1231 275 iis
1248 248 1293 283 qui
1317 256 1365 284 pcr
1381 249 1489 284 Moysen
1505 250 1573 276 ultra
1589 249 1687 278 Jorda-

900 301 961 321 nem
979 298 1006 321 et
1022 293 1057 321 ab
1071 292 1135 321 Jcsu
1154 294 1180 321 in
1209 299 1280 321 terra
1296 294 1434 329 accipiunt
1456 295 1688 330 repromissionis,

900 339 945 369 ubi
962 340 1050 375 prima
1063 348 1123 368 sors
1137 341 1238 368 cecidit
1253 341 1285 368 ad
1301 340 1453 377 Benjautiu,
1469 346 1496 369 et
1515 343 1687 376 postmodum

899 386 933 413 ad
945 390 1058 414 caeteros
1084 386 1110 413 in
1129 387 1229 420 quibus
1242 386 1293 414 l'uit
1308 387 1418 415 ultimus
1434 388 1489 415 Dan
1505 388 1563 415 :ita
1577 396 1690 416 necesse

899 437 939 460 est
953 440 1014 461 esse
1026 438 1054 460 et
1069 432 1189 468 aliquam
1203 433 1337 460 rationem
1351 434 1433 461 etiam
1446 434 1473 461 in
1489 435 1584 463 ordine
1598 443 1690 463 sacer-

899 479 998 506 dotalis
1012 484 1038 506 et
1057 479 1188 506 Leviticac
1199 480 1296 511 sortis,
1308 485 1338 506 ut
1353 479 1400 506 alii
1415 480 1512 515 prima,
1531 481 1576 508 alii
1589 489 1688 509 secun-

899 525 945 557 da,
961 525 1007 552 alii
1033 525 1111 553 tertia
1137 533 1197 553 sors
1225 526 1351 558 ducatur,
1366 533 1414 561 per
1432 533 1500 561 quas
1515 527 1570 560 illa,
1585 528 1625 555 vel
1644 528 1688 555 illa

899 571 957 599 loc'a
981 572 1130 607 unicuique
1151 572 1345 600 deccrnantnr.
1365 571 1501 601 Dicuntttr
1524 579 1614 601 autem
1639 574 1688 603 ﬁlii

899 624 960 645 esse
976 617 1052 650 Levi,
1070 617 1176 646 Gerson
1192 625 1220 646 et
1237 619 1321 647 Chaat
1337 625 1365 647 et
1380 620 1478 647 Merari
1490 629 1496 647 :
1509 625 1538 648 et
1562 622 1684 649 ostendi-

900 669 943 691 tur
968 665 1071 699 primas
1089 671 1179 700 partes
1199 666 1319 693 tenuisse
1337 666 1364 694 itt
1385 667 1487 694 honore
1509 666 1608 700 Cltaat,
1622 667 1688 702 quia

899 710 947 738 lilii
971 712 1057 738 Chsat
1075 711 1308 745 l'ueruntAmran,
1330 712 1445 749 Moyses,
1471 713 1561 741 Aaron
1586 718 1613 741 et
1629 713 1687 740 Ma-

900 759 949 785 ria.
969 758 1053 793 Igitur
1069 758 1101 786 de
1117 758 1204 786 Chaat
1226 767 1290 794 pars
1305 759 1414 794 quidem
1439 760 1525 794 plebis
1535 760 1630 788 ell'ccta
1645 765 1690 788 est

899 805 1089 837 sacerdotalis,
1117 813 1176 840 quae
1200 811 1241 833 est
1260 806 1351 833 Aaron
1378 811 1405 834 et
1429 806 1474 834 ﬁlii
1494 806 1563 841 ejus.
1582 806 1691 842 Moyses

900 856 991 878 autem
1018 856 1065 878 aut
1087 852 1113 878 in
1139 852 1303 880 sacerdotali
1328 852 1434 885 ordine,
1448 859 1497 880 aut
1510 854 1532 881 si
1546 854 1591 888 qui
1605 854 1689 881 etiam

900 898 958 932 plus
975 906 988 924 a
1005 898 1171 926 sacerdotali
1197 906 1258 926 esse
1277 905 1376 933 potest,
1393 899 1535 927 habendus
1556 904 1608 927 est.
1628 900 1688 926 Alia

900 951 964 971 vero
978 949 1019 972 est.
1035 945 1106 971 ratio
1122 945 1154 972 de
1177 944 1239 971 ﬁliis
1261 944 1329 978 ejus.
1344 946 1441 974 Cteteri
1460 950 1551 973 autem
1573 953 1606 973 ex
1627 946 1690 973 ﬁliis

898 990 985 1017 Chaat
1000 991 1148 1018 secundum
1169 992 1294 1018 ordiuettt
1313 996 1459 1019 tenuerttut
1476 992 1503 1019 III
1524 992 1594 1020 tribu
1612 992 1689 1024 Levi,

898 1037 943 1071 qtti
959 1042 1022 1064 sunt
1035 1045 1068 1063 cx
1082 1037 1156 1065 lsaar
1172 1038 1334 1065 etCltebron
1350 1043 1377 1066 et
1393 1038 1480 1066 0diel.
1496 1038 1574 1066 Tunc
1587 1039 1689 1066 deinde

900 1089 958 1118 post
972 1084 1020 1112 ltos
1032 1085 1170 1119 accipiuttt
1184 1090 1290 1120 partem
1306 1089 1367 1119 post
1379 1085 1483 1117 .Chaat,
1497 1093 1530 1113 ex
1547 1085 1609 1113 ﬁliis
1622 1085 1688 1113 Levi

898 1130 1002 1158 Gerson
1028 1131 1108 1158 tertio
1127 1131 1195 1163 loco,
1216 1131 1382 1159 novissiutus
1409 1139 1474 1159 vero
1490 1131 1612 1159 omnium
1633 1131 1689 1158 Mc-

899 1177 964 1204 rari.
986 1176 1048 1204 ΙΙεὲᾱ
1073 1182 1117 1204 est
1137 1182 1226 1205 autem
1242 1177 1396 1206 diﬂ‘erentia
1417 1178 1497 1212 primi
1519 1178 1636 1212 ordinis,
1659 1184 1688 1206 ct

900 1222 1011 1250 secundi
1034 1229 1062 1250 et
1079 1223 1150 1250 tertii
1169 1224 1208 1250 vel
1228 1223 1321 1258 quarti
1345 1231 1426 1258 quam
1455 1224 1544 1259 prittto
1562 1225 1685 1252 omnium

898 1269 1105 1297 observavimus
1119 1270 1145 1296 in
1162 1269 1299 1298 Numeris.
1314 1271 1408 1298 Postea
1429 1271 1501 1297 ettittt
1515 1278 1596 1305 quatn
1613 1271 1689 1298 ordi.

899 1320 970 1343 nata:
995 1315 1105 1344 fuerant
1127 1317 1268 1344 duodecim
1295 1318 1382 1345 tribus
1409 1325 1456 1352 per
1474 1323 1591 1352 quatuor
1610 1319 1688 1346 orbis

899 1366 980 1388 terra:
995 1366 1088 1396 partes
1102 1362 1176 1390 circa
1193 1369 1286 1390 arcam
1304 1363 1459 1390 testamenti
1481 1363 1587 1390 Domini
1606 1372 1688 1391 excu-

898 1406 956 1434 bias
975 1414 1067 1441 agere,
1084 1413 1112 1436 et
1127 1412 1235 1435 statuta
1247 1413 1312 1436 sunt
1334 1414 1391 1437 tres
1412 1410 1521 1444 quidem
1542 1411 1630 1438 tribus
1655 1413 1689 1438 ah

898 1453 1015 1486 oriente,
1034 1459 1090 1482 tres
1103 1459 1192 1483 autent
1206 1455 1240 1482 ab
1250 1455 1345 1483 Africo
1357 1455 1398 1483 vel
1415 1464 1430 1482 a
1448 1456 1611 1487 meridiano.
1632 1462 1688 1485 tres

900 1504 990 1527 autem
1009 1500 1042 1527 ad
1061 1508 1137 1528 mare
1151 1502 1222 1535 quod
1238 1507 1280 1529 est
1301 1503 1334 1529 ad
1352 1502 1534 1535 occidentem,
1552 1508 1608 1530 tres
1623 1511 1690 1531 vero

900 1545 933 1573 ad
947 1545 1115 1580 aquilonem,
1131 1547 1177 1582 qui
1192 1551 1235 1575 est
1247 1549 1409 1583 septentrio,
1421 1548 1458 1576 ibi
1474 1549 1557 1576 etiam
1575 1549 1619 1577 isti
1640 1557 1688 1585 per

897 1593 1096 1627 quatuororbis
1113 1598 1193 1621 terra:
1208 1599 1300 1629 partes
1323 1595 1418 1623 eodem
1439 1595 1536 1623 orditte
1552 1596 1686 1631 deputan—

897 1643 952 1666 tur.
978 1638 1011 1666 Et
1028 1640 1062 1667 ab
1077 1640 1184 1667 oriente
1201 1640 1310 1675 quidem
1342 1641 1386 1669 ubi
1412 1646 1473 1669 erat
1500 1642 1587 1669 tribus
1604 1641 1686 1674 Juda,

896 1692 957 1719 qua:
977 1689 1036 1712 erat
1060 1686 1132 1712 inter
1152 1691 1267 1713 caeteras
1288 1687 1385 1721 prima,
1405 1687 1498 1715 Aaron
1526 1693 1608 1723 atque
1626 1688 1686 1722 ejmt

899 1731 947 1757 ﬁlii
961 1730 1130 1758 collocantur
1144 1744 1150 1758 -.
1164 1731 1253 1758 Chaat
1265 1739 1329 1759 vero
1342 1732 1405 1760 ﬁliis
1418 1733 1463 1767 qui
1479 1739 1558 1760 erant
1576 1734 1686 1769 reliqui,

897 1784 989 1804 arcam
1018 1778 1171 1804 testamenti
1200 1777 1307 1804 Domini
1326 1778 1418 1806 levare
1447 1779 1473 1806 in
1500 1780 1632 1811 humeris.
1659 1785 1688 1806 et

898 1823 968 1850 tubis
981 1830 1081 1850 cauere
1101 1823 1244 1856 statuitur,
1268 1824 1303 1850 ita
1319 1828 1348 1850 ut
1372 1831 1434 1851 cum
1450 1825 1536 1859 prima
1560 1825 1624 1852 tuba
1640 1833 1685 1852 ce-

897 1869 1019 1901 cinisset.
1036 1873 1176 1896 moverent
1196 1875 1286 1896 castra
1302 1870 1319 1896 ii
1336 1870 1382 1904 qui
1397 1875 1475 1897 erant
1497 1871 1533 1898 ab
1557 1871 1684 1904 oriente;

897 1923 960 1942 cum
986 1922 1051 1942 vero
1074 1916 1194 1942 secunda
1211 1915 1367 1948 cecinisset,
1381 1917 1399 1943 ii
1416 1917 1461 1951 qui
1477 1921 1557 1944 erant
1574 1925 1588 1944 a
1605 1918 1687 1944 meri-

897 1961 978 1989 diano
989 1966 1203 1998 consurgerent;
1223 1962 1303 1989 tertia
1319 1964 1352 1990 ab
1370 1964 1525 1996 occidente,
1539 1970 1635 1998 quarta
1651 1965 1686 1991 ab

896 2008 1032 2044 aquilone.
1057 2009 1139 2036 Vides
1162 2013 1280 2043 quantus
1297 2010 1376 2043 ordo,
1392 2015 1418 2037 et
1443 2014 1544 2044 quanta
1566 2011 1592 2037 iu
1611 2010 1686 2038 Scri-

896 2055 985 2089 pturis
996 2056 1102 2083 sanctis
1119 2064 1208 2083 reruut
1221 2058 1414 2091 consequentia
1431 2058 1586 2084 custoditur
1599 2065 1685 2092 :qno-

897 2101 977 2129 tttodo
994 2102 1060 2128 nihil
1076 2102 1126 2129 ttisi
1141 2103 1221 2130 modo
1240 2108 1267 2130 et
1284 2104 1391 2130 ratione
1406 2109 1433 2131 et
1449 2104 1545 2131 ordine
1566 2105 1682 2139 geritur.

895 2147 1004 2174 Intuere
1021 2147 1192 2182 diligentius,
1211 2154 1239 2175 et
1257 2148 1282 2175 itt
1301 2149 1375 2175 omni
1400 2149 1540 2184 Scriptura
1566 2151 1624 2176 htcc
1647 2150 1684 2176 ita

897 2194 1020 2221 invenies
1041 2194 1181 2221 ordinata.
1199 2193 1252 2222 Sed
1271 2195 1293 2222 si
1313 2195 1361 2222 tibi
1378 2195 1486 2223 diliicile
1500 2201 1542 2223 est
1560 2204 1608 2231 per
1624 2205 1685 2223 out-

896 2246 944 2266 ues
957 2239 1042 2267 libros
1061 2239 1218 2274 vigilantem
1235 2241 1328 2269 cordis
1339 2242 1448 2268 oculuttt
1464 2242 1576 2275 ducere,
1594 2243 1620 2269 in
1635 2243 1685 2270 ltoc

895 2286 991 2314 saltent
1010 2288 1072 2313 loco
1084 2287 1243 2320 diligentius
1261 2295 1321 2321 qua:
1335 2287 1494 2315 referuntur
1507 2290 1627 2317 adverte.

930 2333 957 2359 2.
981 2342 990 2358 ‹
1004 2332 1106 2364 Prima,
1127 2333 1258 2367 inquit“.
1273 2340 1333 2361 sors
1355 2333 1424 2360 exiit
1445 2333 1543 2366 Cltaat,
1561 2339 1588 2362 et
1611 2334 1682 2362 facta

894 2384 933 2405 est
956 2378 1019 2405 ﬁliis
1044 2377 1134 2405 Aaron
1167 2378 1319 2405 sacerdotis
1344 2379 1389 2413 qui
1414 2383 1473 2406 erat
1495 2379 1521 2406 in
1543 2378 1653 2407 Levitis.
1669 2389 1680 2406 ι

894 2425 979 2459 thus
991 2425 1106 2460 primatu
1127 2429 1228 2452 sortem
1242 2424 1319 2452 exire
1335 2425 1468 2452 decebat?
1479 2426 1521 2451 cui
1538 2427 1684 2460 oportebat

895 2472 1029 2506 primatus
1047 2471 1116 2504 dari,
1133 2471 1185 2498 nisi
1211 2471 1300 2498 Aaron
1325 2471 1413 2506 primo
1436 2470 1571 2504 pontiﬁci.
1593 2471 1682 2505 primo

892 2519 920 2545 in
937 2517 999 2544 vitae
1012 2517 1129 2549 meritis,
1148 2517 1236 2551 primo
1247 2516 1273 2542 itt
1286 2516 1435 2543 Itonoribus
1447 2520 1474 2543 et
1487 2516 1604 2543 virtute?
1614 2516 1682 2544 Cer-

893 2568 948 2590 tum
961 2567 1003 2591 est
1013 2562 1085 2597 apud
1099 2566 1126 2589 te
1144 2569 1215 2588 ntttte
1230 2561 1327 2587 saltent
1344 2560 1415 2595 quod
1432 2568 1485 2587 non
1507 2561 1543 2588 sit
1555 2568 1614 2588 sors
1628 2561 1681 2589 ista

892 2609 1013 2640 fortuita.
1037 2609 1084 2637 sed
1104 2608 1174 2635 adsit
1194 2607 1283 2634 virtus
1305 2614 1432 2641 superna,
1447 2607 1602 2642 gubernans
1620 2615 1680 2635 earn

890 2657 1041 2684 scctntdunt
1057 2655 1157 2682 divina:
1181 2653 1366 2688 providentiae
1378 2652 1521 2686 judicium.
1545 2653 1593 2681 Ubi
1615 2662 1682 2689 ergo

891 2704 954 2730 titiis
973 2704 1064 2730 Aaron
1079 2702 1166 2737 prima
1183 2700 1336 2728 habitacula
1350 2707 1410 2728 sors
1427 2700 1484 2729 lucc
1496 2700 1569 2737 iusta
1585 2701 1681 2729 decer-

687 2765 710 2780 "
726 2764 783 2793 Jos.
799 2773 856 2798 ut,
868 2764 894 2791 Ξ.
934 2764 956 2779 ⁸⁸
972 2762 1037 2790 ibid.
1050 2762 1074 2790 4.

60 2838 124 2876 LII)
148 2836 385 2866 Dontinuslmu.
403 2835 484 2865 Deest
499 2837 525 2864 in
543 2837 609 2865 libb.
625 2837 713 2869 editis,
727 2837 773 2864 sed
793 2837 890 2872 legitur
906 2837 932 2863 in
950 2835 1094 2870 Sangertn.
1113 2841 1165 2861 ms.
