1896 3052
208 128 259 155 963

937 126 1098 157 OIIIGENIS

1783 127 1833 155 9-H

208 184 265 211 nit?
283 194 292 210 ι
305 184 332 212 ιιι
356 185 438 216 trilm,
464 185 550 218 inquit
563 186 594 217 ”,
609 184 695 217 Judm,
720 186 745 212 in
765 186 837 213 tribu
863 185 990 216 Simeon,
1006 189 1028 215 Α
1043 186 1178 217 cerdotcs,
1197 185 1245 212 sed
1261 184 1332 212 inter
1351 189 1464 213 caeteros
1480 185 1595 220 primam
1619 188 1711 212 tamen
1730 186 1832 219 accepit

208 235 236 255 et
260 230 285 256 in
309 231 378 256 tribu
398 229 550 263 Benjamin,
574 238 622 265 per
644 235 731 258 sortes
751 231 878 259 civitates
906 231 992 258 trede-

208 276 273 303 cim.
286 285 295 300 ι
313 274 393 304 Vides
406 276 541 311 quomodo
555 276 652 304 electis
671 277 737 305 viris
752 277 780 304 in
800 277 895 305 electis
908 277 993 304 tribu-

209 321 260 347 bus
275 320 428 348 habitacula
443 321 645 355 dispensantur.
669 321 743 356 Quos
760 327 851 349 autem
872 322 993 356 oportuit

207 366 351 393 secundam
383 372 485 394 sortem
519 367 676 402 suscipere?
707 367 824 400 «Filios,
862 367 991 402 inquit“,

206 411 302 443 Chaat,
317 412 362 446 qui
379 412 474 446 reliqui
487 416 566 440 erant
585 417 645 447 post
657 413 726 440 ﬁlios
737 413 839 440 Aaron.
853 423 862 439 ι
877 413 909 440 Et
925 420 992 447 quas

207 454 293 482 tribus
306 456 348 482 isti
361 457 516 491 accipiunt?
530 456 572 483 «In
586 457 670 490 tribu,
682 457 779 493 inquit,
790 457 990 493 Ephrem,etin

206 501 278 528 tribu
295 501 365 534 Dm,
382 507 410 529 et
435 503 461 530 in
479 503 590 530 dimidia
613 503 684 531 tribu
706 504 841 537 Manassc,
864 504 990 532 civitates

205 546 298 573 decem
316 554 364 581 per
379 552 494 575 sortem.
506 557 516 574 ι
539 549 590 582 Qui
606 554 669 577 sunt
685 554 776 577 autem
795 550 889 577 tertii?
905 558 914 575 ι
929 549 991 577 Filii

205 592 343 620 σοι-εον.»
371 592 404 620 Et
436 593 462 620 in
487 594 586 628 quibus
613 594 741 622 tribubus
767 595 941 622 sortiuntur?
963 597 990 623 in

208 637 363 670 «Issacbar,
381 638 510 673 inquit",
526 644 553 666 et
566 639 635 667 Aser
655 645 682 667 et
701 639 886 675 Nephthalim,
912 647 941 668 et
964 642 991 669 in

206 683 316 711 dimidia
336 685 407 711 tribu
435 684 569 718 Manasse,
595 693 656 720 quae
676 691 718 713 est
736 686 762 713 in
779 686 878 719 Basan,
896 686 990 714 itidem

205 730 332 757 civitates
348 730 489 758 duodecim
503 730 570 766 (I2).
583 740 592 757 ι
608 731 660 764 Qui
675 737 738 759 sunt
750 737 840 759 autem
856 732 943 760 ultimi
963 733 990 760 in

205 773 327 802 Levitis?
347 775 438 807 «Filii,
461 776 558 810 inquit,
584 775 692 803 Morari.
707 786 717 803 ›
736 776 781 804 Isti
803 778 945 805 novissimi
964 779 991 805 in

205 820 303 854 quibus
329 820 466 855 accipiant
487 822 626 854 tribubus,
648 823 797 850 videamus.
822 833 831 848 ι
846 823 883 850 Ex
906 824 989 856 tribu,

207 863 338 897 inquit“,
356 863 451 891 Ruben
471 869 547 892 trans
573 865 716 893 Jordanem
737 871 763 894 et
779 867 847 899 Gad,
865 869 910 902 qui
933 873 992 896 erat
1006 859 1027 887 Β

207 915 268 935 cum
291 909 350 943 ipso
363 914 440 937 trans
451 909 607 943 .Iordanem,
623 917 649 938 et
663 913 695 940 de
713 913 783 939 tribu
798 912 930 946 Zabulon,
947 915 993 949 qui

206 959 235 980 et
261 954 318 989 ipse
339 955 449 982 ultimus
465 961 506 982 est
531 956 600 984 inter
620 958 691 985 ﬁlios
718 958 781 991 Lite,
803 959 941 993 accipiunt
966 960 993 986 in

206 1004 280 1027 sorte
295 1000 420 1028 civitates
430 1002 582 1029 duodecim.
591 1016 599 1030 ι

241 1045 268 1071 5.
290 1045 342 1073 Sed
360 1047 478 1074 nondum
489 1055 520 1074 ca
534 1056 593 1082 qua:
607 1049 692 1082 magis
704 1050 871 1078 observanda
885 1056 949 1078 sunt
971 1051 987 1075 ίι

205 1090 273 1119 locis
289 1092 452 1127 contigimus
465 1093 521 1128 (I5)
536 1102 542 1119 :
557 1095 590 1121 de
606 1095 706 1129 quibus
720 1097 802 1123 etiam
825 1097 848 1124 si
873 1098 994 1132 pandere

205 1137 380 1172 profundiore
398 1147 449 1166 non
465 1147 620 1174 possumus,
633 1141 730 1168 saltem
751 1149 859 1169 summa
877 1150 993 1178 quaeque

205 1184 392 1219 perstringere
417 1193 471 1212 non
497 1187 597 1221 pigebit
612 1187 681 1222 (η),
700 1192 730 1214 ut
750 1189 833 1216 exiis
849 1189 993 1225 unusquis-

205 1236 259 1263 que
274 1231 428 1258 auditorum
441 1232 614 1259 occasionem
640 1233 731 1267 capiat
747 1233 932 1269 intelligentia
953 1235 992 1263 aI-

207 1275 285 1303 tioris
295 1281 322 1304 et
333 1277 454 1312 mysticae
469 1278 667 1312 perquirenda’.
688 1279 755 1306 Cum
772 1285 889 1314 quatuor
902 1286 993 1316 partes

206 1321 262 1349 sint
277 1323 351 1350 orbis
370 1328 461 1355 teme,
477 1323 563 1351 Cbaat
576 1326 683 1359 accepit
697 1331 799 1353 sortem
825 1327 929 1361 primus
949 1328 993 1354 in-

207 1372 250 1395 ter
275 1367 345 1396 ﬁlios
367 1367 431 1395 Levi
448 1376 462 1396 a
478 1376 555 1404 parte
577 1371 693 1399 orientis
716 1379 777 1399 cum
792 1372 853 1404 illis
870 1373 993 1401 tribubus

205 1419 267 1447 quae
283 1416 311 1439 et
331 1412 394 1447 ipsa:
418 1414 565 1448 primatum
582 1416 705 1444 omnium
725 1421 828 1445 tenent.
842 1418 907 1446 Vide
927 1426 993 1454 ergo

207 1458 342 1491 quomodo
364 1458 491 1486 universa
516 1461 690 1489 c0nveniunt.
718 1461 745 1489 In
775 1468 894 1498 quatuor
918 1465 994 1492 orbis

206 1503 331 1538 partibus
347 1509 450 1532 certum
466 1510 508 1533 est
528 1506 688 1534 orientalem
706 1508 811 1543 plagam
831 1509 992 1538 nobiliorem

206 1549 304 1583 videri,
316 1549 342 1578 in
359 1557 413 1586 qua
424 1555 451 1578 et
468 1551 585 1579 nobilior
599 1553 718 1580 omnium
735 1554 902 1589 reliquarum
916 1556 992 1584 .Iuda:

206 1595 294 1623 tribus
310 1596 461 1624 habebatur
476 1605 483 1623 ε
497 1601 524 1624 et
541 1598 587 1625 lilii
604 1598 690 1626 Chaat
707 1601 858 1629 sacerdotis
876 1602 990 1635 primam

206 1641 309 1668 ducunt
327 1641 353 1668 in
369 1642 465 1676 primis
479 1648 507 1671 et
523 1644 646 1673 tribubus
667 1650 694 1673 et
709 1647 785 1674 orbis
800 1647 922 1682 partibus
935 1649 991 1684 (i5)

207 1692 323 1720 sortem,
336 1695 398 1715 eum
418 1687 523 1717 Gerson
538 1695 565 1718 et
580 1690 678 1718 Merari
696 1692 742 1727 qui
758 1697 836 1720 erant
855 1694 933 1728 primi
949 1695 992 1722 in-

207 1737 251 1760 ter
268 1732 338 1761 ﬁlios
361 1733 436 1761 Levi.
456 1733 503 1762 Sic
519 1742 584 1771 ergo
600 1741 653 1764 tres
671 1737 719 1764 ﬁlii
743 1738 822 1772 primi
841 1737 905 1766 Levi
921 1741 994 1768 acci-

206 1779 285 1814 piunt
295 1780 468 1808 orientalem.
484 1781 659 1810 Occidentem
675 1790 739 1810 vero
759 1785 805 1811 ubi
821 1790 880 1812 erat
896 1785 990 1814 Ruben

206 1831 235 1853 et
243 1825 358 1854 .Simeon
373 1832 400 1855 et
414 1826 483 1860 Gad,
503 1828 619 1855 sortitur
640 1830 757 1857 sectmda
772 1835 846 1859 sorte
861 1831 945 1859 Chaat
959 1840 993 1860 ex

207 1871 281 1900 tribu
307 1871 453 1901 Simeonis.
471 1872 568 1900 Merari
582 1881 647 1901 vero
661 1875 779 1909 primum
802 1877 917 1904 sortitur
940 1877 993 1904 ltu-

204 1917 271 1951 ben,
284 1922 312 1945 ct
324 1917 420 1945 iterum
435 1918 533 1945 llerari
552 1920 648 1947 tertius
659 1919 686 1946 in
704 1920 832 1949 Numeris
844 1922 878 1950 ab
888 1922 992 1950 oriente

204 1963 312 1997 accepit
336 1963 469 1996 Zabulon,
490 1968 519 1991 ut
539 1963 644 1998 iustitia
671 1971 807 1999 servetur,
830 1972 858 1994 ut
874 1973 948 1996 sorte
960 1976 991 1996 ea

206 2014 268 2042 qua:
296 2008 444 2035 secundum
464 2008 608 2037 Dominum
632 2010 751 2042 ducitur,
774 2016 802 2039 et
819 2013 990 2041 credentium

207 2057 313 2081 utentes
337 2053 370 2079 ad
395 2053 525 2087 mysteria
541 2052 624 2081 futuri
639 2055 730 2082 saeculi
749 2056 849 2091 dirigat
865 2063 992 2086 contuen-

208 2098 253 2124 da.
279 2097 344 2125 Post
372 2097 431 2125 haec
455 2104 550 2124 eorum
569 2099 614 2132 qui
641 2100 675 2127 ad
699 2108 774 2129 mare
798 2107 888 2135 erant,
904 2103 929 2129 id
949 2108 990 2131 est

207 2142 326 2177 Ephrem
353 2146 381 2170 et
413 2141 557 2176 Beniamin
584 2148 613 2170 et
635 2144 782 2179 Manasse,
813 2147 900 2174 Chaat
930 2155 991 2176 cum

208 2186 373 2221 suscepisset
398 2187 517 2214 secunda
560 2193 634 2216 sorte
659 2188 810 2224 Bcnjamin,
838 2193 928 2220 creteri
957 2200 990 2220 ex
1009 2202 1030 2229 ι)

208 2232 310 2260 familia
338 2232 397 2267 ejus
425 2232 515 2260 sortiti
542 2238 608 2261 sunt
634 2235 762 2265 Ephrem.
791 2236 855 2265 Post
877 2238 930 2266 hoc
944 2247 991 2267 eos

207 2279 254 2313 qui
283 2282 362 2306 erant
392 2285 425 2306 ex
458 2279 545 2306 media
570 2279 640 2306 tribu
670 2280 796 2309 Manasse
811 2290 871 2317 quae
894 2283 945 2311 iuit
964 2284 990 2311 in

205 2323 288 2361 455
307 2329 378 2351 terra
395 2329 487 2352 sancta
506 2325 621 2353 sortitur
638 2325 754 2360 Gerson,
772 2333 799 2356 et
814 2329 917 2364 literum
936 2330 994 2365 ipse

206 2372 314 2400 Gerson
334 2372 448 2400 sortitur
465 2372 548 2399 etiam
565 2371 644 2399 aliam
661 2373 799 2400 dimidiam
819 2374 919 2401 tribum
933 2374 993 2401 Ma—

206 2423 296 2444 nasse.
316 2416 369 2443 Sed
382 2415 444 2450 quia
460 2417 602 2450 oportebat
619 2423 666 2444 eos
676 2418 722 2452 qui
736 2424 814 2447 erant
828 2419 854 2446 in
866 2419 993 2454 aquilone

207 2462 308 2497 aliquid
334 2462 511 2490 sacerdotalis
537 2463 630 2498 gratiae
656 2465 798 2500 consequi,
824 2473 860 2493 ne
886 2466 992 2501 penitus

206 2508 302 2535 nudari
318 2508 397 2535 donis
412 2507 569 2535 cmlestibus
584 2510 752 2543 viderentur,
770 2511 796 2538 in
820 2512 853 2539 iis
874 2519 991 2546 quorutn

206 2554 371 2582 novissimus
383 2554 450 2581 ordo
470 2559 530 2581 erat
549 2555 575 2582 in
592 2556 727 2590 aquilone,
754 2557 779 2584 id
794 2561 836 2584 est
856 2556 924 2588 Dan,
942 2556 992 2584 Ne-

206 2600 348 2636 phthalim,
360 2600 444 2627 Aser;
461 2607 569 2627 rursum
578 2601 664 2628 Chaat
677 2609 729 2628 non
744 2602 852 2636 quidem
865 2602 935 2629 inter
946 2609 991 2628 sa-

241 2660 264 2677 ⁸³
274 2658 332 2686 Jos.
354 2666 412 2691 xli,
432 2658 459 2685 4.
497 2659 519 2675 ⁸⁸
532 2659 596 2687 ibid.
612 2660 639 2686 5.
676 2660 698 2675 ⁸⁵
715 2660 783 2687 ibid.
797 2659 824 2687 6.
870 2660 892 2676 ⁵⁸
904 2660 970 2687 ibid.
986 2660 1012 2686 7.

244 2727 300 2761 (12)
314 2727 404 2754 Codex
420 2726 574 2761 Sangerm.,
594 2737 604 2753 r
615 2728 768 2757 duodecim.
782 2739 792 2756 ι
809 2729 886 2756 Libb.
908 2729 986 2761 editi,

212 2763 357 2797 edocent.)
387 2762 563 2796 Septuaginta
587 2763 751 2797 interpretes
782 2764 864 2792 hodie
889 2765 991 2791 habent

207 2796 355 2831 δεκατρεῖς.
661 2796 666 2797 ⁷

235 2829 307 2869 ¹(15)
318 2829 407 2858 Codex
417 2829 571 2865 SangernL,
586 2841 595 2859 ι
607 2833 778 2868 contigimus.
792 2843 800 2860 ι
812 2833 897 2862 .Libb.
913 2833 990 2866 editi,

1043 236 1145 258 sortem
1170 231 1196 258 in
1215 230 1284 263 Dan,
1309 231 1455 258 secundam
1477 239 1543 259 vero
1565 231 1674 259 Gerson
1699 230 1728 258 in
1756 230 1832 262 Aser,

1043 281 1071 304 et
1086 278 1194 304 tertiam
1208 277 1278 304 idem
1292 276 1395 304 Gerson
1411 277 1438 304 in
1454 277 1639 312 Nephtbalim.

1078 322 1106 348 4.
1123 322 1188 355 Quis
1203 326 1292 356 potest
1303 323 1411 357 assequi
1430 323 1488 350 haec
1503 323 1593 350 omnia
1607 328 1636 350 et
1652 322 1831 357 comprehen-

1043 368 1124 394 dere?
1136 367 1202 401 Quis
1216 368 1371 395 meminisse
1385 368 1480 395 saltem
1498 372 1525 395 et
1539 368 1689 396 observare
1710 367 1833 395 ordinem

1043 413 1130 448 ipsum
1148 413 1361 440 ministeriorum
1377 413 1469 440 valet?
1491 412 1568 446 Quod
1582 413 1604 440 si
1623 413 1777 441 secundum
1794 412 1836 439 Iit-

1044 462 1128 485 teram
1145 458 1232 486 solnm
1247 458 1357 486 diﬁicile
1378 463 1472 486 textus
1493 459 1551 493 ipse
1566 458 1736 486 narrationis
1750 457 1834 492 expli-

1042 504 1100 531 cari
1117 508 1215 539 potest,
1230 509 1257 531 et
1272 505 1413 539 permistio
1427 504 1469 531 vel
1488 504 1623 535 locorum,
1646 503 1690 531 vel
1703 510 1834 538 persona-

1044 558 1116 584 rum,
1131 557 1191 584 qua:
1206 550 1233 577 in
1252 550 1362 577 historia
1380 550 1566 581 continentur,
1579 549 1668 577 evolvi
1682 557 1690 581 ;
1714 548 1780 583 quid
1797 548 1835 574 di-

1042 595 1130 622 cimus
1152 595 1185 621 de
1199 595 1232 622 iis
1247 595 1436 627 sacramentis,
1451 602 1512 630 qua:
1534 601 1583 629 per
1599 595 1660 621 hac
1674 594 1833 621 describun-

1044 645 1088 667 tur
1112 645 1139 667 et
1163 640 1191 667 in
1209 641 1308 675 quibus
1323 640 1530 668 distributiones
1551 639 1652 667 futura:
1665 638 1834 666 hmreditatis

1043 686 1249 718 adutnbrantur,
1266 691 1292 713 et
1307 694 1354 721 per
1369 693 1430 721 quae
1446 690 1547 713 saan
1562 690 1643 713 terra!
1656 692 1743 719 quam
1761 691 1835 711 man-

1043 731 1112 758 sueti
1137 732 1296 758 haereditate
1317 732 1477 766 suscipient,
1506 731 1603 759 divisio
1629 729 1833 758 celebrabitur?

1043 775 1109 809 Quis
1131 783 1283 804 castrorum
1312 777 1390 804 sedes
1414 777 1536 804 diversas
1549 775 1683 811 explicet,
1699 774 1836 809 quomodo

1044 822 1102 849 haec
1115 822 1142 849 in
1169 822 1370 849 resurrectione
1387 829 1436 856 per
1452 821 1573 856 singulos
1589 828 1716 856 quosque
1731 826 1836 847 sancto-

1044 875 1103 894 rum
1117 867 1278 895 sacerdotali
1289 867 1331 895 vel
1341 867 1463 894 Levitico
1477 867 1574 894 ordine
1587 867 1714 894 habenda
1731 866 1768 893 sit
1783 866 1837 893 dis-

1044 911 1165 945 tributio,
1182 916 1220 943 ut,
1240 912 1464 946 quemadmodum
1488 911 1554 939 dicit
1566 910 1727 945 Apostolus,
1750 911 1777 937 in
1794 918 1837 936 re-

1043 957 1211 985 surrectione
1225 965 1279 985 non
1295 957 1406 985 confuse
1421 961 1536 992 agantur
1551 956 1655 988 omnia,
1680 956 1730 983 sed
1746 956 1839 983 veniat

1045 1002 1251 1037 «unusquisque
1287 1002 1314 1029 in
1350 1008 1400 1029 suo
1431 1001 1537 1034 ordine,
1563 1001 1672 1028 initium
1698 999 1838 1033 Christus,

1043 1048 1141 1075 deinde
1154 1048 1171 1074 ii
1186 1048 1232 1083 qui
1247 1052 1312 1075 sunt
1327 1047 1440 1080 Christi,
1456 1047 1501 1082 qui
1518 1047 1546 1074 in
1567 1047 1686 1074 adventu
1700 1046 1762 1078 eius
1776 1053 1838 1073 cre-

1043 1093 1179 1126 diderunt,
1193 1101 1255 1121 cum
1271 1093 1413 1122 tradiderit
1432 1100 1544 1128 regnum
1561 1092 1617 1120 Deo
1631 1098 1659 1119 et
1673 1091 1762 1125 Patri,
1777 1099 1838 1118 cum

1043 1138 1188 1173 subiecerit
1201 1139 1225 1166 ei
1237 1145 1343 1166 omnem
1354 1138 1548 1173 principatum,
1555 1141 1583 1165 et
1593 1142 1760 1172 potestatem
1770 1136 1795 1153 δ’
1804 1137 1816 1163 2
1826 1146 1836 1162 ι

1043 1184 1082 1212 Ibi
1104 1185 1164 1212 sine
1179 1184 1261 1212 dubio
1276 1183 1344 1211 tales
1358 1184 1480 1218 quadam
1496 1187 1651 1210 castrorum
1672 1182 1840 1209 observatio-

1044 1237 1102 1262 nes,
1128 1234 1155 1257 et
1172 1229 1356 1257 sacerdotales
1372 1228 1588 1261 distributiones,
1613 1233 1642 1256 et
1656 1228 1785 1259 ordines.
1808 1235 1840 1254 ae

1044 1275 1168 1302 tubarum
1185 1274 1397 1310 signiﬁcationes
1415 1278 1494 1301 erunt
1511 1283 1518 1302 :
1539 1273 1664 1301 fortassis
1678 1273 1754 1301 enim
1768 1274 1840 1301 sicut

1044 1321 1180 1348 ordinavit
1206 1321 1276 1348 Deus
1291 1320 1385 1348 stellas
1401 1320 1474 1353 caeli,
1500 1325 1528 1348 et
1545 1320 1698 1347 rationibus
1715 1327 1765 1347 eas
1779 1319 1840 1353 qui-

1043 1366 1157 1394 busdam
1172 1366 1305 1393 mirandis
1318 1371 1345 1393 et
1358 1365 1538 1393 ineﬁ‘abilibns
1559 1365 1716 1398 collocavit,
1732 1369 1761 1392 et
1773 1365 1841 1391 alias

1043 1412 1152 1446 quidem
1169 1411 1288 1446 ipsarum
1314 1411 1410 1439 statuit
1432 1411 1459 1439 in
1485 1418 1537 1438 axe
1553 1411 1702 1446 aquilonis,
1725 1410 1799 1438 alias
1814 1411 1840 1437 in

1044 1457 1165 1492 partibus
1179 1457 1303 1490 orientis,
1329 1457 1397 1485 alias
1420 1464 1486 1485 vero
1499 1457 1527 1484 in
1542 1456 1658 1484 australi
1681 1461 1762 1491 parte
1776 1463 1840 1484 con-

1043 1509 1124 1535 vexa,
1149 1507 1230 1536 atque
1254 1502 1320 1529 alias
1347 1502 1373 1529 in
1401 1509 1500 1529 occasu
1523 1511 1530 1529 :
1553 1502 1591 1529 ita
1610 1501 1696 1529 credo
1721 1502 1796 1536 quod
1814 1506 1840 1528 et

1044 1555 1091 1576 eos
1099 1549 1144 1582 qui
1157 1555 1190 1575 ex
1200 1547 1398 1576 resurrectione
1411 1552 1579 1575 mortuorum
1594 1547 1663 1575 tales
1673 1553 1769 1580 erunt,
1785 1549 1839 1575 sic-

1045 1598 1076 1620 ut
1098 1593 1182 1620 steIla:
1205 1593 1267 1621 caeli
1290 1593 1317 1620 in
1341 1592 1514 1619 multitudine
1530 1597 1559 1620 et
1576 1592 1714 1626 claritate,
1733 1593 1840 1620 venien-

1045 1644 1085 1668 tes
1098 1640 1203 1668 scilicet
1226 1646 1260 1667 ει
1275 1639 1380 1667 semine
1393 1638 1541 1671 Abraham,
1562 1638 1704 1666 ordinabit
1721 1639 1795 1666 Deus
1814 1639 1839 1665 in

1045 1693 1129 1720 regno
1147 1686 1290 1718 caelorum,
1314 1684 1464 1712 secundum
1487 1684 1614 1712 ordinem
1641 1684 1789 1712 stellarum
1814 1689 1840 1712 et

1044 1731 1161 1766 partium
1179 1731 1241 1759 (εωιὶ
1258 1738 1266 1757 :
1284 1735 1312 1758 et
1327 1730 1402 1758 dabit
1425 1729 1487 1757 aliis
1502 1734 1605 1757 sortem
1629 1731 1664 1757 ad
1690 1731 1838 1762 orientem.

1044 1777 1104 1804 aliis
1116 1778 1149 1804 ad
1166 1777 1346 1808 occidentem,
1367 1775 1400 1803 ad
1417 1780 1541 1803 austrum
1558 1775 1635 1808 aliis,
1650 1780 1677 1803 et
1693 1784 1767 1811 quos
1783 1777 1840 1810 ipse

1044 1821 1119 1850 novit
1130 1826 1231 1850 statuet
1244 1821 1278 1849 ad
1291 1820 1446 1856 aquilonem
1459 1828 1467 1847 :
1479 1821 1607 1855 quoniam
1621 1821 1735 1856 quidem
1753 1830 1763 1847 ι
1777 1822 1840 1847 mul-

1045 1867 1063 1894 ti
1079 1868 1190 1895 venient
1201 1867 1235 1894 ab
1252 1868 1358 1895 oriente
1374 1871 1401 1895 et
1415 1867 1566 1900 occidente,
1579 1876 1588 1892 ι
1609 1875 1643 1895 ex
1661 1874 1785 1902 quatuor
1798 1875 1839 1894 or-

1044 1913 1085 1939 bis
1099 1912 1231 1947 partibus,
1254 1922 1263 1938 ι
1276 1917 1303 1941 et
1319 1913 1477 1941 recumbent
1491 1919 1552 1939 cum
1567 1913 1708 1940 Abraham
1724 1918 1753 1940 et
1767 1913 1839 1940 Isaac

1043 1963 1069 1986 et
1083 1957 1166 1986 Jacob
1181 1959 1207 1986 in
1222 1966 1305 1994 regno
1319 1959 1449 1987 caelorum
1461 1959 1496 1992 ",
1508 1967 1516 1984 ι
1533 1966 1583 1993 per
1597 1959 1718 1994 gratiam
1732 1959 1837 1987 Domini

1044 2003 1127 2031 nostri
1152 2003 1214 2032 Jesu
1237 2004 1351 2039 Christi,
1381 2005 1425 2033 cui
1442 2010 1485 2033 est
1507 2005 1593 2040 gloria
1607 2010 1637 2033 et
1649 2006 1799 2041 imperium
1814 2007 1838 2033 in

1044 2049 1144 2077 sarcula
1163 2050 1333 2077 ste-culorum.
1353 2051 1449 2078 Amen.

1310 2106 1447 2136 HOMILIA
1462 2107 1558 2135 XXVI.

1045 2153 1083 2181 De
1107 2161 1136 2180 eo
1152 2154 1222 2188 quod
1241 2154 1347 2188 sepulta
1369 2160 1430 2182 sunt
1452 2155 1563 2187 patrima
1587 2156 1742 2188 mut/terre,
1765 2161 1790 2183 et
1807 2156 1837 2182 dc

1080 2197 1128 2214 ara
1148 2197 1225 2223 quam
1241 2194 1429 2226 exstruxerunt
1442 2191 1502 2218 duae
1517 2195 1543 2217 ιι
1565 2191 1646 2218 sentis
1663 2192 1762 2225 tribu,
1780 2198 1837 2226 qua

1078 2229 1138 2250 sunt
1153 2230 1224 2250 trans
1240 2223 1393 2252 Jordanem.

1080 2278 1105 2304 I.
1122 2278 1148 2304 In
1175 2278 1361 2312 superioribus
1386 2278 1494 2313 quidem
1511 2279 1615 2307 dictum
1632 2285 1685 2313 est,
1701 2281 1769 2315 quia
1791 2279 1835 2306 ﬁlii

1044 2321 1127 2349 Israel
1140 2323 1271 2350 dederunt
1295 2328 1397 2350 sortem
1412 2322 1476 2351 Jesu
1502 2323 1530 2352 in
1549 2330 1643 2353 monte
1658 2325 1792 2361 Ephrem,
1811 2331 1838 2353 et

1044 2368 1106 2402 quia
1125 2373 1235 2403 accepta
1255 2373 1331 2396 sorte
1345 2368 1424 2397 Jesus
1437 2369 1615 2398 aediﬁcaverit
1628 2371 1665 2399 ibi
1683 2372 1835 2404 civitatem,

1045 2420 1072 2443 et
1088 2415 1281 2443 inhabitaverit
1297 2415 1324 2443 in
1348 2422 1389 2443 ea.
1419 2415 1496 2443 Nnnc
1519 2421 1611 2444 autem
1625 2418 1724 2445 eadem
1749 2418 1837 2445 denuo

1048 2464 1144 2498 repetit
1158 2464 1308 2499 Scriptura,
1322 2470 1352 2492 ut
1365 2464 1446 2493 addat
1458 2466 1509 2493 hoc
1524 2466 1598 2500 quod
1619 2464 1772 2492 machaeras
1791 2471 1837 2499 pe-

1047 2510 1142 2541 trinas,
1170 2510 1195 2537 id
1220 2515 1261 2538 est
1285 2511 1386 2538 cultros
1408 2518 1424 2538 e
1446 2518 1513 2538 saxo
1535 2511 1638 2545 quibus
1662 2510 1836 2538 circumcidit

1044 2555 1122 2582 Jesus
1136 2556 1206 2583 iilios
1218 2556 1300 2583 Israel
1314 2557 1340 2583 in
1358 2564 1460 2589 eremo,
1478 2556 1665 2584 recondiderit
1682 2557 1708 2583 in
1723 2563 1756 2583 ea
1771 2555 1836 2583 civi-

1046 2606 1100 2628 tate
1116 2608 1195 2634 quam
1218 2602 1409 2635 :ediﬁcaverat,
1426 2607 1453 2630 et
1467 2603 1493 2630 in
1514 2610 1566 2636 qua
1583 2602 1741 2630 habitabat.
1762 2601 1836 2629 Unde

1053 2659 1073 2674 "7
1093 2659 1102 2686 I
1117 2659 1178 2686 Cor.
1194 2667 1239 2693 xv,
1256 2660 1301 2693 25,
1315 2661 1360 2688 ει.
1398 2661 1419 2676 ⁸⁸
1433 2660 1531 2687 Matth.
1548 2667 1607 2692 vm,
1631 2660 1674 2687 II.

1044 2737 1053 2753 ι
1066 2730 1256 2772 contingimus.
1271 2739 1279 2755 I
1822 2762 1826 2766 _

1081 2762 1135 2798 (Ili)
1152 2762 1217 2792 Cod.
1234 2766 1387 2800 Sangerm.,
1403 2773 1411 2789 ι
1423 2763 1535 2799 pigebit.
1546 2773 1555 2789 ι
1575 2763 1658 2792 Libb.
1673 2766 1754 2797 editi.
1778 2771 1787 2787 ι
1803 2762 1840 2797 βῖ-

1152 2834 1225 2863 Unus
1237 2833 1417 2867 Ebroicensis,
1432 2841 1441 2858 ί
1451 2840 1483 2861 οι
1495 2833 1583 2862 tribus
1594 2834 1673 2862 orbis
1686 2835 1833 2870 partibus.)
