1896 3052
100 135 156 164 945

100 194 192 223 denuo
209 200 235 224 et
251 197 331 226 nobis
343 201 488 235 repetenda
503 205 636 240 expositio
653 212 703 241 cst,
717 214 743 236 et
757 211 826 244 quod
842 211 890 238 ad-

97 239 201 275 jectum
226 247 267 270 est
282 245 495 281 explauandum,
521 239 551 278 ut
574 252 628 279 Deo
651 253 769 282 donante
794 263 891 285 sensus

99 285 251 322 Scriptura:
264 289 369 325 integer
378 293 531 327 expleatur.
551 296 672 326 Diximus
683 300 755 327 enim
770 302 797 328 iu
811 311 890 338 supe-

97 331 231 366 rioribus,
258 335 322 369 quia
347 342 376 365 et
392 338 521 369 Dominus
547 347 639 371 noster
662 344 741 374 Jcsus
764 346 888 376 Christus

97 376 158 412 (16)
176 384 249 412 petat
265 388 280 407 a
297 382 375 410 nobis
399 384 489 413 locum
505 395 585 423 quem
601 390 727 425 aediﬁcet,
744 397 771 420 et
789 393 816 421 in
835 402 888 430 quo

97 422 203 451 habitet
219 436 225 453 :
250 431 278 454 et
296 429 357 462 quia
375 422 519 460 debemus
533 433 599 462 tales
622 435 700 469 silici,
721 422 778 465 tam
794 422 887 468 muiidi

96 468 192 502 cerde,
211 474 265 498 tam
279 473 416 508 simplices
441 482 542 511 mente,
560 483 613 507 tam
628 482 714 509 sancti
732 491 845 519 corpore
860 490 888 513 et

94 514 207 547 spiritu,
221 520 248 544 ut
264 521 292 544 et
308 518 333 546 in
349 520 438 548 anima
454 528 578 552 nostrum
596 525 683 554 locum
702 528 827 564 dignetur
840 539 885 558 ac—

93 558 201 592 cipere,
217 565 244 588 et
256 562 392 593 acdicare
407 573 481 600 cum,
495 573 524 596 ct
537 570 659 599 habitare
673 572 698 599 in
717 558 749 600 eo
763 574 830 609 (l7).
851 576 886 604 Et

94 603 143 637 qui
158 609 237 638 putas
254 614 319 636 sunt
334 611 360 637 In
373 613 447 639 omni
460 615 560 648 populo
575 617 610 643 ita
628 603 806 653 acceptabi‘ies
818 621 883 654 Deo,

96 648 146 683 qui
164 651 197 677 ad
212 652 264 679 hoc
290 654 352 688 eligi
376 657 447 692 digni
465 661 546 688 sunt?
565 662 618 688 Aut
633 648 702 691 forte
720 672 771 693 nec
785 648 882 701 singuli

95 695 131 721 ad
148 696 201 724 hoc
217 705 332 733 capaces
349 708 411 730 esse
434 711 557 740 possunt,
574 708 620 735 sed
640 708 782 738 universus
799 719 882 746 popu-

91 739 136 768 lus
151 747 178 768 et
191 749 289 772 cuncta
312 746 392 774 simul
407 747 526 778 Ecclesia
543 752 587 780 vix
612 761 695 789 capax
711 762 770 783 esse
783 761 880 791 potest,

91 790 122 812 ut
140 788 253 824 recipiat
268 790 294 818 in
310 800 341 820 se
355 793 498 824 Dominum
511 797 615 832 Iesum,
630 788 658 828 et
671 788 815 831 habitet-iu
829 806 881 832 ea?

92 830 239 861 Videamus
251 842 317 871 ergo
339 839 400 872 quis
414 840 450 867 sit
472 841 523 869 iste
539 843 624 875 locus,
648 845 674 872 in
689 854 743 881 quo
755 847 878 878 habitare

90 877 171 906 debet
185 878 263 908 Iesus
280 891 286 909 :
306 891 316 908 ‹
329 883 356 910 lu
373 891 477 918 monte,
502 887 591 923 inquit
603 889 637 923 λ’,
653 877 783 925 Ephrem,
796 903 805 920 ι
829 877 880 923 hoc
897 891 917 918 Β

88 928 133 951 est
156 925 183 952 in
211 932 302 954 monte
320 928 471 958 fructifero.
494 932 544 966 Qui
571 940 649 968 putas
670 942 733 964 sunt
760 939 786 965 in
803 941 880 968 nobis

89 974 197 998 montes
214 970 347 1001 fructiferi
365 975 390 1002 in
407 976 506 1010 quibus
524 979 628 1007 habitet
643 981 742 1010 Iesus?
760 983 798 1012 Illi
816 993 879 1020 pro-

87 1014 160 1042 fecto
173 1016 199 1043 in
216 1017 315 1052 quibus
326 1024 389 1047 sunt
404 1020 508 1050 fructus
524 1024 647 1059 spiritus,
661 1028 800 1062 gaudium,
815 1014 877 1064 pax,

86 1061 232 1095 patientia,
249 1063 380 1098 charitas,
396 1072 451 1095 etc.
469 1067 514 1096 Isti
537 1078 604 1105 ergo
618 1077 681 1099 sunt
697 1078 803 1102 montes
820 1076 878 1103 fru-

85 1106 190 1141 ctiferi,
216 1109 262 1143 qui
279 1109 397 1138 fructum
419 1111 520 1142 Christi
545 1115 670 1150 afferunt,
697 1124 724 1146 et
742 1125 832 1148 mente
845 1129 877 1149 ac

82 1157 136 1185 spe
147 1159 257 1187 semper
269 1155 369 1182 excelsi
384 1161 457 1185 sunt.
479 1158 511 1186 Et
531 1159 593 1187 licet
607 1163 684 1196 pauci
700 1171 759 1191 esse
772 1166 875 1200 possint.

83 1196 166 1230 tales,
186 1202 275 1226 tamen
299 1201 322 1228 si
336 1201 379 1229 vel
404 1204 482 1238 pauci
498 1203 610 1239 fuerint,
624 1207 650 1234 in
667 1208 734 1243 ipsis
749 1196 873 1239 habitans

85 1241 219 1271 Dominus
232 1245 312 1279 Deus,
331 1248 376 1281 qui
393 1255 434 1276 est
447 1249 491 1276 lux
505 1257 580 1284 vera,
595 1241 700 1281 emittet
715 1254 772 1291 (18)
785 1257 874 1285 radios

83 1286 155 1315 lucis
171 1296 228 1316 sua
243 1291 324 1318 etiam
341 1300 424 1328 super
448 1294 566 1329 reliquos
589 1305 695 1331 omnes,
720 1307 788 1334 quos
802 1309 872 1329 non-

80 1332 148 1360 dum
163 1333 260 1368 dignos
275 1335 332 1373 (l9)
349 1346 398 1366 suo
413 1339 569 1370 habitaculo
590 1332 777 1380 principaliter
799 1345 871 1381 judi-

81 1377 166 1406 carit.

115 1423 147 1451 2.
163 1424 239 1453 Nunc
256 1431 347 1455 autem
361 1429 500 1459 videamus
514 1439 573 1467 quae
590 1438 654 1461 sunt
669 1435 809 1464 machicrae
823 1444 870 1473 pe-

80 1468 173 1503 trinaa,
203 1471 301 1505 quibus
328 1472 500 1503 circumcidit
521 1476 600 1505 Jesus
624 1478 694 1507 ﬁlios
718 1480 811 1508 lsrael.
839 1483 868 1510 Si

78 1515 167 1543 oretis
183 1523 232 1551 pro
247 1519 326 1547 nobis
350 1524 378 1546 ut
392 1528 483 1549 sermo
500 1528 593 1551 noster
609 1525 702 1553 vivens
719 1527 754 1554 sit
768 1532 795 1555 et
810 1527 863 1556 efﬁ«

76 1560 185 1594 cacior,
211 1567 238 1590 et
254 1565 361 1593 acutior
375 1573 457 1601 super
477 1575 586 1596 omnem
611 1571 784 1606 machaeram,
801 1581 870 1608 prae-

76 1606 166 1634 stabit
181 1613 207 1635 et
226 1609 303 1637 nobis
319 1611 448 1640 Dominus
460 1612 550 1647 Jesus,
568 1619 597 1641 ut
608 1616 720 1644 verbum
735 1617 783 1645 Dei
797 1606 869 1653 quod

77 1650 219 1686 loquimur
235 1654 291 1690 (20)
307 1655 340 1682 ad
356 1664 415 1691 vos,
432 1658 609 1687 circumcidat
628 1668 734 1690 omnem
749 1650 869 1691 imniuu-

75 1697 186 1730 ditium,
200 1706 305 1727 resecet
315 1700 496 1737 impuritales,
509 1704 651 1734 abseindat
665 1708 729 1735 vitia
743 1709 776 1737 de
790 1711 868 1738 audi-

77 1743 194 1776 toribus,
222 1749 250 1771 et
263 1751 382 1781 amputet
394 1755 474 1776 omne
489 1757 545 1784 quo
565 1751 606 1778 vis
620 1754 718 1781 mentis
734 1758 761 1782 et
776 1755 867 1784 efﬁca-

73 1789 118 1817 cia
135 1790 268 1819 naturalis
282 1792 419 1828 obtegitur
431 1802 438 1821 :
452 1799 478 1822 et
492 1796 531 1823 sic
543 1804 590 1831 per
605 1798 718 1826 verbum
733 1799 781 1828 Dei
795 1803 867 1837 quod

74 1843 150 1863 nunc
168 1837 301 1865 machaera
314 1839 418 1873 petriua
433 1840 541 1874 dicitur,
555 1841 638 1879 456
652 1843 866 1876 circumcidemi-

74 1881 102 1907 ni
122 1887 150 1909 et
165 1889 212 1910 vos
238 1883 272 1911 ab
285 1882 350 1912 Jesu
374 1890 401 1912 et
418 1887 544 1919 audietis,
558 1890 620 1923 quia
635 1890 747 1919 abstulit
764 1899 864 1928 oppro-

73 1924 165 1954 brium
182 1926 291 1963 Egypti
305 1935 320 1956 a
336 1930 413 1958 vobis
430 1931 519 1960 hodie.
539 1934 608 1966 Quid
620 1935 691 1962 enim
705 1924 788 1965 nobis
800 1924 863 1973 pro-

71 1970 137 1998 dest
162 1973 251 2001 exisse
287 1974 322 2002 de
345 1975 472 2012 Egypto,
504 1983 531 2005 et
552 1980 692 2008 nobiscum
719 1970 861 2018 opprobria

72 2016 186 2052 ,Ξκιριί
204 2018 401 2049 circumferre?
428 2022 498 2057 Quid
523 2026 633 2058 prodest
657 2016 799 2057 ambulare
814 2037 862 2065 per

69 2068 207 2096 eremum,
232 2064 283 2092 hoc
298 2071 351 2100 est,
367 2067 432 2101 quid
450 2075 499 2096 nos
517 2068 594 2103 juvat
611 2071 637 2098 in
661 2072 793 2107 baptismo
811 2064 861 2103 sae-

68 2108 134 2135 culo
158 2110 337 2145 renuntiasse,
363 2117 391 2140 et
418 2121 524 2142 morum
550 2121 706 2146 nostrorum
731 2121 860 2154 pristinas

67 2153 171 2181 sordes
186 2162 219 2182 ac
233 2156 357 2184 vitiorum
380 2159 530 2187 carnalium
551 2160 739 2192 immunditias
756 2166 858 2195 retine-

68 2206 100 2226 re
111 2199 124 2225 ‘2
138 2198 252 2235 Oportet
268 2209 334 2237 ergo
358 2209 420 2237 post
437 2205 636 2240 digressionem
652 2207 736 2237 Rubri
762 2213 856 2246 maris,
874 2225 896 2254 υ

67 2242 98 2270 id
111 2248 164 2275 est,
179 2249 239 2278 post
253 2247 368 2280 gratiam
380 2248 518 2282 baptismi,
534 2250 636 2279 auferri
651 2259 666 2280 a
685 2254 762 2283 nobis
775 2242 856 2285 etiam

67 2291 191 2318 carnalia
203 2293 303 2320 veteris
318 2296 521 2324 consuetudinis
533 2297 596 2325 vitia
611 2306 660 2333 per
674 2299 765 2329 Jesutn
779 2302 857 2331 Chri-

63 2339 141 2364 uum
158 2337 299 2365 Dominum
317 2344 449 2374 nostrum,
465 2345 494 2368 ut
516 2342 551 2369 ita
565 2342 672 2372 demum
688 2345 858 2383 [Egyptiacis

63 2388 164 2409 carere
189 2384 326 2417 p05simus
349 2387 513 2420 opprobriis.
545 2388 689 2418 Ponuntur
712 2399 778 2428 ergo
803 2395 856 2424 illa:

64 2427 136 2462 ipsae
150 2429 293 2457 machazrze
317 2432 439 2465 petrinaa,
466 2437 493 2460 et
516 2434 595 2461 cultri
620 2435 727 2471 lapidei,
747 2427 854 2474 quibus

61 2473 188 2501 secundo
201 2475 355 2504 circumcisi
369 2485 463 2505 sumus
479 2479 513 2507 ab
526 2479 601 2514 Jesu,
618 2481 643 2508 in
656 2489 689 2510 eo
701 2483 760 2512 loco
770 2493 850 2521 quem

93 2517 189 2546 “los.
225 2528 283 2553 xu,
306 2521 352 2549 50.
389 2523 413 2540 '°
435 2523 518 2553 Hebr.
542 2535 570 2554 η.

99 2565 158 2606 (to)
175 2566 308 2611 ειη-ἰδίῳ.
324 2569 404 2598 Deest
416 2570 443 2598 in
459 2571 524 2600 libb.
540 2579 620 2603 antea
636 2576 728 2611 editis,
746 2580 793 2607 sed
809 2580 848 2608 le-

59 2600 244 2639 giturinAms.
258 2602 400 2639 Sangerm.

98 2635 157 2677 (1η
171 2635 354 2677 ρξηηεῖτῃέθ.
371 2649 381 2666 ‹
405 2641 540 2677 aedificare
559 2650 660 2673 cumet
681 2646 805 2676 habitare
821 2650 848 2677 in

58 2678 104 2698 eo.
122 2680 134 2698 ο
147 2671 227 2699 Libb.
243 2673 324 2708 editi,
340 2683 351 2700 ι
366 2675 503 2705 aediﬁcare
529 2678 600 2706 illam
622 2671 657 2708 et
674 2671 805 2712 hab-itare

56 2712 153 2788 eahis.)
168 2741 271 2788 .(Zodcx
293 2742 437 2780 Sangerm.
460 2755 470 2773 ι
488 2749 603 2780 emittet.
625 2759 635 2776 ι
663 2750 743 2779 Libb.
763 2753 844 2788 cditi,

59 2784 71 2802 ι
82 2780 454 2856 ᾘέὶῗδηῖηεξξηθηυεεῐίρῑί
468 2826 479 2844 ι
495 2818 614 2848 nondum
628 2820 733 2856 dignos.
748 2831 757 2849 ι
767 2822 836 2851 Libb

55 2846 135 2881 editi,
151 2856 163 2875 ‹
180 2855 236 2876 non
255 2848 361 2883 dignos.
377 2858 387 2875 ι

604 147 636 176 ΙΝ
656 149 786 179 LIBRUM
800 151 883 182 JESU
905 154 997 182 NAVE
1017 157 1158 187 [IOMIIJA
1174 161 1266 190 XXVI.

1680 175 1732 202 946

903 214 925 243 Λ
940 215 1095 248 [tetithsus
1111 219 1167 255 (2|)
1192 225 1219 248 et
1245 223 1363 257 accepit;
1386 225 1411 252 iu
1439 226 1497 255 loco
1517 236 1597 264 quem
1613 235 1732 266 possidct

945 259 971 286 in
984 261 1072 289 anima
1083 263 1160 297 justi,
1179 266 1204 293 iu
1221 267 1279 301 ipso
1294 272 1415 299 recondit
1430 279 1457 300 ct
1475 277 1635 306 machaeras.
1653 279 1730 316 Sa-pc

1697 307 1704 316 ι

943 307 1112 336 ostendimus
1139 312 1302 341 machzcram
1329 318 1440 345 verbum
1468 320 1514 348 Dei
1539 323 1653 357 dictum,
1678 335 1731 360 quo

943 351 1026 378 verbo
1039 352 1237 384 abscinduntur
1251 363 1277 385 et
1295 367 1443 395 purgantur
1457 371 1567 397 peccata
1585 367 1618 394 de
1632 351 1730 397 animis

941 395 1118 426 attdientium.
1141 399 1202 428 llzec
1226 409 1292 438 ergo
1309 405 1396 434 virtus
1412 409 1487 436 verbi
1505 411 1587 438 divini
1606 416 1729 442 recondi-

941 445 985 468 tur
1001 442 1027 470 in
1043 450 1076 470 eo
1101 443 1161 474 loco
1174 447 1217 474 cui
1233 449 1312 477 datur
1337 459 1425 480 sermo
1442 456 1563 485 scientia:
1589 463 1614 486 et
1637 468 1728 489 sermo

939 488 1090 524 sapientiae,
1109 497 1138 519 ut
1154 499 1308 528 opportuno
1336 502 1456 534 tempore
1481 504 1570 532 anima
1595 506 1639 534 illa
1665 515 1728 543 qua
1746 502 1751 540 ,’

939 541 987 568 per
1012 536 1113 564 donum
1139 539 1253 574 spiritus
1280 543 1381 577 repleta
1405 551 1448 574 est
1466 551 1550 578 verbo
1573 553 1724 587 sapientiae,

938 579 1020 608 verbo
1044 582 1176 617 scientiae,
1201 587 1323 620 proferat
1337 590 1402 619 istas
1418 595 1568 624 machaeras
1591 599 1616 625 in
1633 599 1724 629 Eccle-

937 625 988 658 sia,
1005 631 1033 653 et
1059 628 1239 659 circumcidat
1263 637 1382 663 secundo
1396 637 1453 674 (22)
1477 647 1523 668 eos
1546 644 1591 676 qui
1605 647 1722 674 secunda

936 670 1061 707 indigent
1079 675 1298 706 circumcisione.
1320 680 1395 714 Quod
1419 691 1508 712 autem
1524 688 1589 716 dicit
1603 692 1723 725 petriuas

936 718 1095 752 macbazras,
1113 721 1164 749 hoc
1178 728 1230 756 est,
1256 731 1271 752 e
1285 733 1350 754 saxo
1370 729 1483 764 cultros,
1502 738 1528 760 et
1547 742 1598 762 nou
1619 744 1634 764 e
1651 737 1722 766 ferro

934 762 1046 791 artiﬁcis
1058 772 1143 800 opera
1174 768 1320 799 fabricatos
1338 780 1345 799 :
1363 773 1428 802 illud
1441 762 1560 806 ostendit
1573 783 1645 815 quod
1661 791 1721 811 scr.

934 815 978 835 mo
994 808 1038 836 hic
1053 809 1098 837 Dei
1114 811 1160 846 qui
1178 813 1375 846 circumcidere
1390 820 1424 847 de
1442 823 1541 851 animis
1564 827 1718 856 auditorum

933 852 1119 884 immunditias
1141 862 1241 892 potest,
1264 869 1316 889 non
1334 869 1375 891 est
1397 872 1430 893 ex
1454 873 1515 896 arte
1540 877 1718 904 grammatica

933 899 973 927 vel
990 900 1125 930 rhetorica
1141 905 1264 940 veniens,
1281 916 1368 943 neque
1381 913 1522 943 doctorum
1535 919 1639 946 malleis
1653 924 1719 950 cdo-

932 944 1024 977 mitus,
1039 952 1086 974 aut
1102 949 1253 978 studiorum
1284 954 1426 985 incudibus
1446 944 1717 1001 climatus

929 997 963 1018 ex
977 991 1020 1018 illa
1038 997 1112 1027 petra
1130 994 1310 1033 descendens,
1332 1008 1392 1036 quae
1407 1004 1440 1032 de
1454 1012 1544 1035 monte
1558 1010 1616 1037 sine
1631 991 1717 1041 inani-

928 1036 980 1063 bus
993 1038 1114 1066 abscissa
1130 1046 1183 1074 est.
1199 1048 1227 1069 et
1249 1047 1344 1074 orbem
1362 1053 1442 1078 terra:
1456 1054 1612 1089 complevit,
1623 1065 1656 1086 ac
1671 1061 1716 1087 do-

928 1089 961 1109 na
982 1084 1116 1118 spiritalia
1142 1087 1317 1119 credentibus
1338 1093 1443 1123 tribuit.
1472 1084 1539 1126 Post
1563 1084 1620 1129 hinc
1635 1084 1716 1133 des—tis

926 1136 1061 1159 convocat
1084 1132 1154 1161 ﬁlios
1171 1134 1264 1163 Ruben
1291 1143 1320 1165 ct
1346 1140 1416 1169 ﬁlios
1429 1142 1497 1177 Gad,
1523 1151 1551 1174 et
1573 1148 1712 1180 dimidiam

927 1175 1028 1203 tribum
1043 1177 1181 1215 Manasse,
1203 1183 1249 1217 qui
1264 1191 1358 1213 secum
1373 1187 1559 1219 militaverunt
1571 1195 1604 1221 ad
1619 1196 1714 1226 hostes

924 1219 1090 1252 lsracliticos
1103 1229 1272 1261 superandos
1289 1236 1296 1256 :
1315 1235 1342 1258 et
1357 1231 1468 1262 dimittit
1487 1243 1535 1265 eos
1547 1239 1580 1266 ad
1595 1239 1711 1270 haeredi-

924 1270 1006 1295 tatem
1022 1276 1113 1304 suam,
1131 1272 1203 1301 datis
1225 1274 1259 1303 iis
1271 1276 1352 1304 etiam
1367 1281 1524 1309 muneribus
1536 1285 1709 1323 quibusdam,

922 1312 992 1341 sicut
1011 1316 1141 1351 scriptum
1164 1323 1215 1347 est.
1247 1320 1276 1348 ln
1297 1329 1351 1357 quo
1373 1325 1478 1353 videtur
1502 1312 1567 1357 Illiid
1589 1312 1711 1362 indicare

922 1361 1094 1395 mysterium,
1120 1365 1192 1398 quod
1209 1373 1271 1393 cum
1299 1367 1438 1402 plenitudo
1457 1375 1577 1407 gentium
1600 1377 1714 1407 introie-

922 1405 966 1438 rit,
985 1412 1012 1433 et
1027 1414 1087 1442 quae
1101 1411 1264 1444 repromissa
1279 1418 1342 1441 sunt
1355 1416 1395 1444 eis
1409 1424 1423 1444 a
1440 1418 1553 1448 Domino
1566 1420 1630 1450 Jesu
1646 1431 1709 1459 per»

920 1453 1043 1486 ceperint
1065 1453 1102 1481 illi
1128 1456 1175 1490 qui
1202 1465 1252 1492 per
1268 1459 1378 1497 Moysen
1402 1465 1501 1492 eruditi
1528 1472 1556 1494 ct
1581 1453 1708 1499 instructi

921 1497 1039 1532 fuerant,
1065 1505 1092 1528 et
1108 1502 1155 1536 qui
1179 1503 1257 1532 nobis
1275 1505 1302 1533 in
1322 1510 1470 1538 certamine
1493 1514 1587 1547 positis
1606 1516 1707 1544 auxilia

884 1555 908 1587 ρ
923 1544 1094 1575 orationibus
1110 1552 1138 1575 et
1163 1550 1288 1584 precibus
1309 1552 1474 1589 detulerunt,
1493 1544 1562 1592 'quia
1588 1562 1706 1589 nondum

922 1594 1146 1627 repromissioues
1180 1599 1320 1627 consecuti
1352 1608 1425 1637 sunt,
1459 1611 1647 1640 exspectantes
1677 1613 1707 1636 ut

920 1638 1003 1666 etiam
1018 1642 1123 1669 vacatio
1143 1649 1233 1672 nostra
1257 1647 1452 1683 compleretur,
1469 1652 1539 1679 sicut
1555 1653 1620 1681 dicit
1633 1654 1706 1689 Apo—

920 1685 1004 1713 stolus
1015 1687 1048 1719 '°,
1066 1695 1137 1717 nunc
1152 1690 1260 1720 demum
1280 1695 1471 1729 perfectionem
1491 1706 1551 1732 qum
1564 1700 1598 1727 ab
1611 1701 1650 1728 eis
1665 1702 1706 1728 di-

920 1729 973 1758 lata
996 1731 1097 1766 fuerat,
1133 1743 1337 1773 consequantur
1368 1750 1428 1769 eum
1458 1745 1616 1773 muneribus
1643 1755 1704 1782 quae

917 1778 1055 1813 accipiunt
1068 1781 1103 1808 ab
1116 1781 1191 1816 Iesu,
1206 1790 1235 1812 ut
1258 1789 1447 1823 unusquisque
1463 1790 1568 1819 habitet
1584 1792 1610 1819 in
1626 1801 1702 1827 pace,

917 1824 989 1851 omni
1006 1825 1076 1854 bello
1095 1832 1177 1863 atque
1191 1831 1263 1858 omni
1282 1832 1485 1868 impugnatione
1502 1843 1636 1866 cessante.

951 1887 978 1914 5.
1000 1888 1064 1917 Post
1080 1891 1136 1920 [nec
1158 1893 1256 1921 lectum
1273 1900 1315 1923 est
1331 1897 1419 1931 nobis,
1441 1899 1502 1933 quia
1527 1900 1572 1927 ﬁlii
1591 1900 1700 1935 Ruben,

914 1937 942 1960 et
954 1932 1001 1961 ﬁlii
1020 1935 1088 1968 Gad,
1104 1942 1132 1965 et
1158 1939 1269 1968 dimidia
1294 1942 1383 1971 tribus
1407 1932 1532 1973 Manassc
1553 1947 1598 1981 qui
1621 1932 1700 1976 erant

914 1982 989 2008 trans
1001 1980 1158 2018 Jordanetn,
1176 1986 1357 2016 :edlﬁcassent
1375 1997 1452 2017 aram
1473 1980 1607 2026 ingentem
1624 2003 1631 2021 :
1650 1994 1698 2021 tilii

912 2031 977 2053 vero
985 2026 1066 2056 Israel
1082 2029 1177 2066 reliqui
1191 2031 1358 2066 ignorantes,
1373 2042 1458 2070 quare
1473 2037 1531 2064 lucc
1541 2046 1586 2065 ara
1604 2038 1699 2068 fuisset

911 2075 1308 2109 exstructa,mittuutPhineem
1317 2079 1399 2108 ﬁlium
1410 2081 1529 2110 Eleaznri
1540 2084 1586 2111 tilii
1596 2087 1696 2119 Aaron,

911 2127 973 2147 cum
987 2121 1081 2148 decem
1095 2122 1164 2150 viris
1188 2123 1222 2150 de
1244 2124 1359 2160 singulis
1376 2127 1500 2156 tribubus
1524 2129 1621 2158 electis
1643 2140 1649 2158 :
1672 2133 1695 2159 si

910 2165 982 2194 forte
996 2171 1122 2201 tanquam
1139 2168 1312 2197 discedentes
1328 2178 1342 2198 a
1359 2171 1413 2200 Deo
1429 2172 1478 2201 hoc
1496 2174 1635 2209 fecissent,
1652 2179 1694 2205 vel

910 2211 1052 2246 apostatici
1068 2212 1159 2241 effecti
1176 2214 1245 2250 (Ἡ),
1259 2219 1287 2242 et
1300 2221 1397 2244 contra
1415 2219 1570 2248 mandatum
1589 2222 1635 2249 Dei
1650 2231 1696 2258 ge«

912 2263 1014 2292 rentes,
1028 2265 1254 2294 expugnarentur
1270 2269 1286 2288 a
1304 2263 1419 2298 reliquis
1446 2265 1509 2294 ﬁliis
1531 2266 1633 2301 lsrael;
1653 2270 1694 2297 siu

910 2303 1001 2336 aliter,
1019 2308 1386 2341 utcognosccrentcausam.
1415 2311 1468 2338 Alii
1492 2320 1556 2340 vero
1583 2315 1695 2342 satisfa-

908 2348 983 2376 ciuut
999 2349 1033 2377 de
1045 2357 1103 2384 ara,
1115 2355 1143 2378 et
1155 2352 1248 2379 dicunt
1265 2362 1272 2380 :
1313 2353 1419 2384 Scimus
1427 2358 1490 2392 quia
1503 2359 1587 2387 altare
1600 2369 1692 2389 verum

907 2399 949 2422 est
965 2397 1035 2430 apud
1050 2404 1111 2429 vos,
1126 2397 1169 2424 ubi
1186 2396 1265 2425 Jesus
1279 2399 1396 2434 habitat;
1416 2410 1464 2430 nos
1476 2409 1566 2432 autem
1579 2406 1693 2435 fecimus

907 2441 959 2470 hoc
979 2441 1064 2470 altare
1072 2443 1105 2470 ad
1117 2443 1323 2473 similitudinem
1337 2445 1408 2474 illius
1419 2448 1525 2482 altaris,
1539 2451 1610 2484 quod
1621 2452 1690 2485 apud

907 2495 956 2516 vos
969 2493 1137 2516 exstructum
1153 2495 1205 2524 est,
1223 2495 1253 2518 ut
1266 2496 1293 2519 et
1310 2493 1380 2527 apud
1396 2500 1445 2521 nos
1464 2495 1548 2529 ﬁgura
1564 2501 1591 2523 et
1602 2497 1690 2532 iinago

940 2581 1001 2622 .(20)
1017 2582 1117 2611 Omnes
1140 2591 1204 2613 mss.
1222 2594 1230 2611 ι
1247 2585 1393 2615 lonuimur.
1409 2597 1420 2614 ι
1435 2587 1514 2616 Libb.
1528 2589 1603 2623 editi.
1620 2599 1631 2618 ι
1647 2592 1689 2620 Ιο-

900 2622 1097 2695 ᾳυξὲὗθὴευε.
1119 2653 1199 2694 Deest
1213 2655 1244 2695 _iu
1273 2654 1338 2685 libb.
1353 2657 1449 2691 editis,
1465 2658 1512 2686 sed
1533 2658 1634 2695 legitur
1655 2662 1685 2690 in

899 2687 1030 2723 ominibus
1043 2690 1244 2723 manuscriptis.

935 2721 991 2759 βξ)
1007 2721 1070 2759 i\_lss.
1087 2731 1096 2747 ‹
1108 2721 1239 2759 secundo.
1254 2734 1263 2751 ι
1277 2725 1354 2752 Libb.
1378 2726 1454 2758 editi,
1470 2736 1479 2754 ι
1495 2730 1655 2759 secundum.
1671 2741 1682 2759 ι

935 2721 980 2747 (22
1007 2721 1070 2749 Mss.
1087 2731 1096 2747 ‹
1113 2720 1239 2751 secundo.
1254 2734 1263 2751 ι
1277 2725 1354 2752 Libb.
1378 2726 1454 2758 editi,
1470 2736 1479 2754 ι
1495 2730 1655 2759 secundum.
1671 2741 1682 2759 ι

934 2720 1341 2807 ἐξ.ῗῖ,Ξυίῑεξτὲϋξνξξπίὲςλένξε
1353 2761 1542 2807 lacerarem
1556 2766 1683 2807 cordibus

901 2791 1037 2818 eliumtus.
1052 2800 1062 2816 ι
1079 2791 1153 2819 Unus
1169 2793 1342 2823 Ebroicensis
1358 2804 1371 2821 ι
1385 2801 1431 2824 aut
1451 2791 1680 2828 studioruinrcoti-

902 2826 998 2894 [misit
1011 2859 1084 2889 Unus
1097 2863 1179 2890 codex
1198 2862 1306 2892 ilbt'oic.
1326 2873 1336 2890 ι
1351 2865 1391 2893 vel
1412 2871 1543 2902 apostatte
1555 2869 1652 2898 eﬁecti.
1667 2878 1678 2896 ›
