1888 3051
60 132 113 161 955

594 134 626 162 IN
644 135 774 164 LIBRUM
792 136 940 165 JUDICUM
961 136 1101 165 llOMlLlA
1123 136 1143 164 Ι.

1637 134 1690 162 θδι

64 199 121 227 quae
134 195 199 219 sunt
212 191 358 226 praesentia
374 196 403 220 et
416 193 529 222 caduca.
554 194 609 223 lsto
632 196 736 225 lumine
751 198 850 226 illumi-
864 201 888 229 Λ
902 203 930 226 et
955 199 1100 234 prmceptis
1123 198 1178 226 suis
1197 197 1357 225 illuminant
1375 198 1457 224 corda
1481 199 1586 227 nostra,
1605 199 1632 222 et
1648 195 1689 221 l'a-

59 242 162 265 namur
181 237 219 265 illi
243 238 289 272 qui
315 245 450 266 summum
482 240 581 268 bonum
610 242 774 278 voluptatem
799 253 848 279 pu-

59 288 132 311 tant.
149 282 203 311 Isto
226 284 327 312 lumine
353 285 545 313 illuntinantur
568 287 606 314 illi
633 289 679 323 qtti
700 290 808 318 divitias
823 296 850 319 et

60 331 180 358 honores
202 330 259 366 (5‘2)
283 331 373 359 excoli
395 336 423 359 et
448 337 585 360 terrenam
613 334 743 369 gloriam,
772 338 849 371 quasi

57 375 222 403 :eternitalis
244 376 404 404 memoriam
419 383 556 411 quaerunt.
579 378 650 406 Sunt
673 387 739 415 ergo
756 381 799 409 isti
822 382 849 410 in

58 422 159 449 diebus
180 422 250 450 lucis
275 421 335 456 ejus
366 429 426 457 qua:
454 424 653 459 exstinguetur.
675 425 772 454 Omnia
792 427 850 455 haec

60 476 123 502 quae
137 474 223 504 agunt
246 473 273 497 et
296 478 357 504 quae
381 471 536 499 desiderant
558 477 584 500 et
605 473 728 508 cupiunt,
748 474 850 502 exstin-

58 518 193 548 guuntur.
210 513 265 542 Hoc
280 515 382 543 lumine
395 515 586 544 illuminantur
598 522 626 545 et
645 518 775 552 haeretici,
789 519 849 548 falsi

58 559 180 587 nominis
191 560 332 587 scientiam
353 562 544 596 przedicantes.
562 563 630 592 Hinc
647 564 766 593 Marcion
788 565 850 593 illu-

59 603 195 636 minatus,
210 604 294 632 Deum
311 605 503 641 legisjustum,
519 607 567 635 sed
588 615 640 635 non
658 609 756 637 bonum
773 611 847 638 dicit.

59 648 89 676 Si
106 656 172 684 ergo
186 655 260 677 recte
282 650 467 679 intelleximus
491 652 538 687 qui
565 653 619 680 sint
641 654 687 688 qui
702 663 715 682 a
734 655 849 683 Domino

58 698 157 722 nostro
175 693 237 722 Jesu
262 695 371 723 Christo
392 705 456 724 vero
479 697 579 726 lumine
602 698 800 733 illttminantur,
821 705 849 729 et

57 740 106 774 qui
125 740 179 767 sint
192 741 250 768 dies
263 742 308 775 qui
327 742 361 769 ab
377 742 425 770 illo
441 743 641 779 illuminantur,
656 746 701 780 qui
717 753 747 773 se
761 751 848 775 trans-

57 785 161 820 ﬁgurat
176 786 203 813 in
218 788 344 822 angelum
363 788 430 816 lucis
447 810 454 821 ,
474 795 501 817 et
528 791 605 826 cujus
631 791 721 818 lumen
746 794 851 821 exstin~

57 830 171 865 gnitur,
199 838 386 869 competenter
413 835 564 871 intelligere
592 846 735 872 possumus
766 840 846 867 etiam

55 877 130 904 istos
141 876 203 905 .lesu
219 878 338 912 Domini,
352 880 384 907 de
397 880 495 915 quibus
507 883 605 910 dicitur
620 884 690 918 quod
706 894 715 910 ι
733 886 847 912 servivit

57 923 176 956 populus
199 923 313 950 Domino
338 925 463 952 omnibus
486 926 582 955 diebus
606 927 691 962 Jesu;
714 939 723 955 ι
742 935 846 957 certum

56 976 179 1003 namque
188 973 230 996 est
242 971 312 1004 quod
328 971 372 1005 qui
393 971 475 999 habet
491 972 516 1000 in
537 980 567 1001 se
581 974 640 1001 dies
655 974 731 1008 Jesu,
745 977 848 1003 serviat

55 1014 193 1042 Domino:
211 1023 262 1043 nec
282 1016 341 1044 ﬁeri
366 1023 467 1051 potest,
494 1024 523 1046 ut
545 1019 649 1048 habens
664 1020 691 1048 in
705 1028 735 1049 se
748 1022 847 1056 aliquis

54 1060 119 1087 dies
130 1059 193 1088 Jesu
210 1066 237 1089 et
252 1061 342 1090 lumen
357 1063 458 1090 Christi
474 1065 576 1092 serviat
591 1064 707 1099 Zabulo,
726 1071 772 1094 aut
789 1075 847 1095 ser-

55 1106 115 1133 viat
130 1108 270 1135 avaritiae:
291 1116 341 1135 nec
356 1114 445 1143 potest
467 1109 525 1137 ﬁeri
551 1115 580 1137 ut
598 1111 766 1140 illuminetur
786 1113 847 1148 quis

55 1152 163 1180 lumine
178 1154 301 1181 veritatis
314 1159 342 1181 et
364 1155 467 1182 serviat
493 1157 657 1185 mendacio:
687 1167 738 1187 nec
759 1164 848 1194 potest

56 1198 230 1227 illuminatus
245 1200 345 1228 lumine
367 1202 605 1235 sanctiﬁcationis,
630 1204 735 1233 libidini
752 1209 779 1233 et
793 1206 846 1233 im~

56 1244 200 1272 numditite
235 1246 385 1274 deservire.
413 1247 535 1282 Denique
568 1248 609 1276 sic
645 1253 671 1277 et
702 1250 847 1284 Apostolus

58 1289 130 1316 dicit
143 1289 186 1316 “:
202 1299 212 1316 ι
230 1290 296 1324 Quae
306 1292 379 1319 enim
395 1292 569 1327 participalio
592 1298 634 1321 est
656 1294 768 1330 iustitia:
783 1304 845 1324 cum

56 1334 224 1369 iniquitate?
234 1335 290 1363 Aut
299 1345 360 1372 quae
375 1338 496 1365 societas
509 1339 561 1366 luci
577 1340 610 1366 ad
623 1341 769 1369 tenebras?
781 1342 847 1375 Qua:

55 1385 151 1408 autem
171 1383 348 1410 consonantia
372 1383 483 1411 Christo
506 1392 569 1412 cum
592 1385 699 1414 Belial?
714 1388 766 1414 Aut
785 1395 846 1423 qua

53 1434 124 1461 pars
136 1427 206 1455 lideli
221 1435 283 1456 cum
301 1429 427 1457 inﬁdeli?
448 1440 457 1457 ι
483 1430 599 1458 Oremus
618 1439 682 1467 ergo
698 1437 727 1460 ut
739 1440 847 1468 semper

53 1473 85 1499 in
107 1473 186 1500 nobis
205 1473 331 1502 Christus
354 1477 399 1511 qui
425 1481 466 1504 est
494 1477 540 1503 lux
568 1484 643 1511 vera,
673 1478 754 1506 faciat
787 1479 845 1507 dies

51 1517 156 1566 honos,
173 1526 223 1546 nec
243 1527 362 1555 unquam
375 1522 408 1549 de
421 1522 526 1550 Zabulo
541 1530 590 1550 nos
606 1521 776 1551 illuminante
789 1523 844 1559 (35)
858 1537 879 1566 ρ

51 1564 207 1592 habeamus
231 1566 257 1592 in
284 1566 365 1594 nobis
393 1567 452 1595 dies
480 1568 577 1601 malos,
603 1569 637 1596 de
658 1570 755 1604 quibus
778 1570 845 1597 dicit

50 1609 204 1644 Apostolus
219 1610 241 1626 "’
257 1620 263 1638 :
288 1620 297 1637 ι
313 1611 487 1640 Redimentes
503 1618 618 1648 tempus,
637 1615 766 1649 quoniam
786 1615 844 1642 dies

52 1654 121 1681 mali
138 1659 211 1682 sunt.
233 1664 243 1680 ι
272 1656 335 1684 Dies
358 1657 430 1684 enim
456 1658 543 1685 malos
567 1659 711 1692 habemus,
736 1661 844 1695 quando

52 1699 179 1727 carnalia
201 1708 250 1735 pro
274 1702 441 1737 spiritalibus
465 1704 624 1738 quzerimus,
654 1710 763 1733 terrena
794 1713 844 1740 pro

51 1745 226 1779 ctelestibus,
247 1754 296 1780 pro
319 1748 430 1775 aeternis
446 1750 558 1783 caduca,
572 1752 717 1785 praesentia
737 1759 786 1787 pro
801 1752 843 1778 fu-

53 1791 134 1818 turis.
152 1790 180 1818 Si
204 1793 313 1826 quando
325 1800 390 1828 ergo
409 1794 594 1828 hujuscemodi
615 1797 642 1824 in
665 1802 691 1825 te
710 1798 844 1825 desideria

51 1837 158 1864 videris
172 1839 285 1871 exoriri,
305 1839 376 1866 scito
389 1843 415 1866 te
430 1840 457 1868 in
471 1841 568 1869 dlebus
584 1842 662 1870 malis
673 1847 700 1870 et
718 1843 845 1878 pessimis

50 1882 138 1918 E60
153 1884 269 1917 positum
283 1893 290 1912 :
304 1890 331 1913 ct
347 1886 408 1913 ideo
425 1886 520 1915 insiste
535 1888 705 1916 orationibus
727 1893 756 1915 ut
777 1889 844 1916 libe-

52 1929 124 1955 reris
143 1937 159 1955 ιι
179 1930 224 1957 die
242 1930 298 1964 illo,
324 1936 365 1964 et,
393 1933 463 1960 sicut
490 1933 555 1961 dicit
580 1934 722 1969 Apostolus
741 1935 776 1967 "°,
791 1936 845 1961 eri-

51 1975 140 2009 piaris
160 1985 170 2001 ι
187 1976 220 2003 de
243 1979 369 2011 praesenti
395 1979 496 2007 szeculo
521 1979 591 2006 tnalo
615 1989 623 2013 ;
654 1990 664 2006 ι
697 1981 748 2008 hoc
772 1981 844 2008 enim

52 2021 157 2053 modo,
186 2023 256 2055 quod
284 2025 409 2058 superius
438 2025 570 2058 diximus,
594 2034 645 2054 neu
674 2027 761 2053 solum
788 2027 846 2055 dies

50 2067 122 2095 ﬁunt
143 2067 223 2101 mali,
240 2069 286 2096 sed
308 2075 336 2097 et
350 2071 477 2099 saeculum
495 2073 610 2100 ellicitur
626 2073 737 2100 malum.

89 2111 119 2138 2.
144 2121 153 2137 ι
175 2113 293 2142 Servivit
329 2123 393 2151 ergo
424 2117 538 2153 populus
565 2118 689 2149 Domino.
719 2119 845 2146 omnibus

50 2158 153 2185 diebus
174 2158 249 2191 Jesu,
268 2165 294 2188 et
307 2162 433 2189 otnnibus
455 2163 590 2190 seniorum
611 2163 706 2191 diebus
723 2165 766 2198 qui
784 2164 843 2192 fue-

901 244 979 271 ciunt
996 243 1078 271 etiarn
1093 244 1144 278 ipsi
1160 243 1218 271 dies
1238 243 1367 277 quosdam
1385 242 1412 268 in
1427 241 1505 268 nobis
1521 248 1554 267 ex
1571 240 1614 267 illa
1628 241 1690 268 luce

901 297 982 324 quam
996 290 1047 324 ipsi
1064 298 1096 317 ex
1115 297 1179 317 vera
1195 290 1256 317 luce
1269 288 1426 324 participati
1444 291 1518 321 sttnt,
1530 287 1690 314 venientes!

901 334 952 368 Qui
969 342 1034 369 ergo
1049 334 1219 362 illuminatnr
1234 338 1262 362 et
1281 333 1426 362 instruitur
1441 340 1475 360 ex
1502 332 1688 367 apostolorum

900 381 1053 415 praceptis,
1079 385 1106 407 et
1128 380 1160 407 ad
1180 379 1320 408 servitium
1339 378 1443 406 Domini
1470 378 1627 413 apostolicis
1646 385 1687 404 rc-

900 425 969 461 gulis
982 425 1136 457 instruitur,
1152 425 1202 453 iste
1216 429 1257 452 est
1272 425 1317 459 qui
1332 424 1438 452 servire
1454 423 1554 450 dicitur
1574 422 1687 449 Domino

900 471 927 499 in
943 471 1038 498 diebus
1057 471 1193 498 seniormn
1221 469 1267 504 qui
1289 469 1400 496 fuerunt
1426 473 1487 504 post
1507 468 1612 496 Jesum.
1639 468 1687 495 Vis

901 521 993 544 autem
1019 515 1113 543 videre
1128 515 1190 550 quia
1211 515 1281 542 sicut
1299 514 1425 541 Salvator
1441 523 1451 540 ι
1467 517 1526 541 erat
1543 514 1588 540 lux
1610 520 1686 545 vera,

900 568 961 596 quae
975 560 1111 588 illuminat
1124 566 1232 587 omnem
1243 558 1382 586 hominem
1402 557 1555 585 venientem
1572 557 1598 584 in
1614 557 1687 584 hunc

900 606 1031 634 mundum
1049 606 1082 639 ",
1102 615 1112 632 ι
1131 606 1167 632 ita
1181 610 1209 633 et
1224 604 1337 639 apostoli
1358 603 1401 631 lux
1422 607 1501 629 erant
1522 602 1614 629 mundi
1629 602 1640 628 ἳ
1657 602 1686 628 In

904 651 1052 688 Evangelio
1063 652 1195 686 scriptum
1208 655 1261 683 est,
1275 650 1383 678 dicente
1397 649 1510 677 Domino
1526 648 1559 675 ad
1576 655 1623 676 eos
1639 647 1662 663 ⁷³
1677 656 1685 674 :

902 707 911 724 ι
929 699 983 726 Vos
1004 698 1071 725 estis
1096 698 1140 724 lux
1167 697 1271 724 mundi.
1293 705 1302 722 ι
1322 696 1396 729 Quod
1415 695 1438 722 si
1461 695 1544 722 etiam
1569 694 1684 728 apostoli

899 744 943 770 lux
961 748 1024 771 sunt
1039 743 1143 777 mundi,
1161 743 1219 770 sine
1237 742 1321 770 dubio
1336 749 1384 776 per
1401 746 1537 776 prmeepta
1560 744 1586 767 et
1609 747 1685 766 tuan-

898 790 961 817 data
979 797 1027 816 sua
1046 789 1200 816 illuminant
1213 788 1291 815 nobis
1308 788 1378 821 dies,
1400 787 1426 814 in
1449 785 1546 821 quibus
1569 785 1684 813 Domino

899 836 1059 863 serviamus.

935 881 961 908 5.
983 880 1059 914 Quod
1083 884 1173 907 autem
1196 878 1284 906 dixit:
1301 887 1311 904 ι
1329 877 1462 905 Omnibus
1477 877 1573 904 diebus
1595 877 1685 904 senio-

899 935 970 960 rum,
985 927 1030 961 qui
1048 926 1202 961 longiorum
1222 924 1325 952 dierum
1339 924 1451 950 luerunt
1471 927 1532 957 post
1548 922 1653 954 Jesutn,
1673 932 1683 949 ι

898 981 948 1000 nec
969 973 1019 1000 hoc
1034 972 1099 999 mihi
1112 972 1199 998 otiose
1214 971 1315 998 dictum
1338 969 1455 1000 videtur,
1481 968 1551 1003 quod
1572 967 1684 1003 longaevi

898 1019 939 1046 vel
957 1018 1109 1053 longiorum
1126 1017 1232 1044 dierum
1249 1016 1379 1043 dicuntur
1401 1022 1461 1042 esse
1486 1015 1618 1047 seniores,
1637 1014 1683 1049 qni

897 1069 959 1100 post
970 1063 1061 1091 .lcsum
1083 1063 1202 1090 fuerunt.
1219 1061 1250 1088 Et
1261 1061 1368 1096 quidem
1382 1060 1428 1087 Dei
1445 1064 1486 1087 est
1502 1059 1586 1086 solius
1599 1067 1680 1086 nosse

898 1115 958 1145 post
973 1109 1065 1137 Iesum
1079 1108 1141 1144 quis
1157 1107 1238 1135 fuerit
1255 1107 1326 1134 inter
1337 1106 1460 1134 seniores
1474 1105 1520 1141 qui
1535 1105 1684 1140 longiorem

898 1156 968 1184 diem
991 1155 1094 1186 fecerit,
1121 1154 1147 1181 id
1165 1157 1215 1185 est,
1234 1152 1279 1188 qui
1298 1152 1429 1186 majorem
1453 1159 1486 1179 ex
1509 1158 1538 1178 se
1562 1150 1686 1178 emiserit

897 1202 995 1233 lucem,
1017 1205 1106 1227 utrum
1132 1200 1238 1230 Petrus,
1266 1206 1299 1226 an
1318 1198 1430 1230 Paulus,
1452 1197 1681 1229 Barlholomaaus,

897 1255 929 1274 an
965 1246 1115 1274 Joannes:
1144 1249 1330 1272 verumtamen
1370 1244 1520 1278 longiorum
1558 1243 1686 1270 dicuntur

897 1292 1001 1319 dierum
1015 1291 1114 1318 sancti.
1132 1290 1292 1318 Ecoutrario
1317 1297 1382 1316 vero
1405 1294 1480 1321 tunc,
1505 1289 1613 1324 quando
1633 1287 1686 1315 iste

898 1337 1014 1364 mundus
1044 1336 1122 1364 malis
1151 1335 1303 1370 replebitur
1323 1334 1391 1371 (34),
1415 1334 1526 1369 quando
1551 1341 1561 1359 ι
1580 1333 1684 1360 incres-

897 1388 976 1411 cente
1000 1382 1142 1418 iniquitate
1161 1381 1322 1416 refrigescet
1347 1381 1468 1408 charitas
1489 1379 1634 1406 mttltorum
1649 1379 1684 1412 ⁷⁵,

898 1434 926 1456 et
937 1429 1046 1464 quando
1066 1428 1179 1455 veniens
1201 1427 1286 1454 Filius
1316 1426 1444 1456 hominis,
1472 1424 1581 1452 diﬂicile
1605 1425 1684 1452 [idem

898 1475 1019 1502 inveniet
1032 1481 1115 1509 super
1131 1479 1232 1501 terram
1250 1473 1366 1501 ".lllltlc
1384 1480 1438 1499 tton
1454 1471 1582 1499 dicuntur
1600 1471 1685 1499 futuri

898 1520 970 1554 longi
992 1520 1062 1552 dies,
1083 1519 1129 1547 sed
1157 1518 1244 1553 magis
1266 1518 1421 1545 althreviari
1451 1517 1589 1548 dicuntur,
1614 1517 1686 1544 sicut

897 1566 964 1593 dixit
980 1565 1108 1592 Dominus
1122 1564 1157 1596 "',
1166 1565 1244 1598 quiat
1253 1564 1303 1592 nisi
1316 1564 1468 1592 abbreviati
1491 1565 1606 1593 fuissent
1626 1563 1686 1591 dies

896 1611 945 1647 illi,
967 1617 1019 1637 non
1040 1610 1116 1637 fleret
1138 1610 1213 1637 salva
1235 1609 1288 1636 ulla
1315 1617 1390 1638 caro.
1414 1620 1424 1637 ι
1456 1610 1517 1637 Mali
1537 1618 1604 1644 ergo
1624 1611 1682 1638 dies

897 1654 1015 1681 breviari
1038 1653 1316 1688 dicuntur:longmvi
1342 1659 1432 1682 autem
1456 1660 1529 1688 sunt,
1553 1660 1580 1682 et
1606 1655 1684 1683 multi

897 1699 1026 1734 ten-poris
1041 1703 1068 1726 et
1087 1700 1197 1733 grandis
1212 1700 1415 1734 quodammodo
1432 1702 1512 1735 spatii
1531 1702 1589 1728 dies
1609 1701 1684 1734 boni,

896 1745 922 1772 in
948 1745 1046 1780 quibus
1071 1745 1184 1772 Domino
1211 1745 1354 1773 servimus.
1385 1746 1453 1773 Vide
1470 1751 1560 1774 tamen
1579 1746 1642 1781 quia
1658 1749 1685 1773 et

897 1791 947 1818 hoc
972 1791 1125 1826 designavit
1153 1791 1178 1817 iu
1205 1790 1352 1825 Evangelia
1373 1791 1406 1824 ",
1434 1792 1507 1826 quod
1539 1800 1548 1816 ι
1573 1795 1686 1826 propter

897 1837 1002 1864 electos
1025 1836 1222 1864 breviabuntur
1245 1836 1304 1864 dies
1332 1836 1380 1863 illi.
1398 1845 1407 1862 ι
1426 1837 1525 1864 Electis
1542 1844 1606 1872 ergo
1621 1838 1685 1864 bre-

895 1885 1042 1910 viabuntur
1067 1883 1126 1909 dies
1150 1882 1228 1915 mali,
1251 1882 1309 1909 dies
1327 1882 1479 1916 iniquitatis
1500 1887 1527 1910 et
1541 1882 1684 1910 scaudali:

896 1935 921 1957 et
945 1934 974 1955 ut
990 1937 1040 1964 ego
1063 1928 1193 1960 arbitror,
1219 1935 1280 1954 cum
1302 1928 1387 1955 semel
1417 1928 1513 1956 electis
1538 1927 1596 1955 dies
1621 1928 1685 1955 ntali

897 1976 1031 2011 coeperint
1046 1973 1173 2007 lireviari,
1193 1981 1302 2008 semper
1326 1974 1485 2002 breviantnr
1504 1979 1531 2002 et
1556 1975 1685 2003 minuun—

898 2026 942 2049 tur
960 2021 1029 2057 (55),
1043 2028 1130 2055 usque
1153 2021 1217 2046 dum
1235 2021 1269 2047 ad
1285 2020 1398 2047 nihilum
1413 2022 1583 2056 redigantur,
1598 2027 1626 2049 et
1639 2029 1686 2057 pc-

896 2069 969 2096 nitus
992 2067 1148 2094 exolescant
1174 2073 1255 2104 atque
1281 2067 1314 2093 ad
1347 2067 1470 2094 ultimtun
1495 2073 1617 2103 pereant.
1646 2069 1685 2096 Ex

895 2114 994 2148 quibus
1020 2121 1103 2145 unus,
1131 2118 1205 2148 puto,
1231 2118 1293 2141 erat
1315 2117 1343 2140 et
1367 2113 1412 2140 ille
1435 2113 1480 2148 qui
1507 2114 1615 2142 dicebat
1640 2115 1683 2143 "z

900 2168 908 2185 I
931 2160 1030 2187 Pereat
1054 2159 1099 2186 illa
1115 2161 1175 2187 dies
1200 2160 1226 2187 in
1241 2168 1293 2194 qua
1322 2164 1401 2186 natus
1427 2167 1498 2186 sum.
1519 2170 1529 2186 ι
1553 2161 1598 2187 Sic
1619 2169 1686 2196 ergo

50 2204 112 2231 rint
139 2209 199 2238 post.
225 2206 317 2234 Jesum
337 2207 371 2234 τι,
394 2217 404 2235 ι
429 2208 528 2236 Beatus
554 2215 596 2237 εει
620 2210 665 2245 qui
693 2211 720 2238 in
747 2211 842 2238 diebus
860 2205 989 2237 Deiectis
1011 2205 1068 2232 dies
1085 2205 1147 2232 mali
1163 2206 1319 2233 breviantnr
1337 2210 1364 2232 et
1381 2209 1497 2239 pereunt
1517 2206 1598 2234 :dies
1621 2214 1686 2234 vero

50 2248 119 2277 Jesu
146 2251 230 2277 scrvit
251 2251 376 2286 Domino,
402 2255 447 2288 qui
465 2255 547 2282 verbo
573 2260 600 2282 et
625 2256 757 2290 sapientia
784 2257 844 2291 ejus

50 2296 235 2330 illutuinatur,
253 2299 297 2333 qui
319 2301 459 2334 prteceptis
477 2301 536 2335 ejus
561 2302 723 2334 illustratur,
749 2303 793 2337 qui
810 2311 843 2330 ex

52 2341 180 2369 doctrina
208 2341 267 2376 ejus
301 2345 401 2379 accipit
427 2345 517 2373 lumen
555 2347 690 2374 scientim.
719 2347 844 2375 Secundo

52 2391 148 2414 autem
168 2388 239 2422 loco,
257 2393 284 2416 et
305 2389 351 2417 ille
369 2396 429 2426 post
451 2391 522 2419 hunc
545 2397 588 2420 est
612 2393 726 2425 beatus,
753 2394 798 2427 qui
818 2394 843 2420 in

50 2433 153 2460 diebus
169 2434 305 2462 seniorum
326 2437 372 2471 qui
395 2436 503 2464 fuerunt
517 2442 577 2472 post
604 2437 708 2471 .lcsum,
728 2438 842 2467 Doutiuo

52 2479 153 2505 servit.
169 2478 297 2507 Seniores
311 2481 356 2516 qui
374 2481 414 2509 vel
433 2490 493 2510 cum
507 2483 584 2517 Jesu,
604 2483 644 2511 vel
664 2488 725 2518 post
749 2484 842 2512 Iesum

53 2526 180 2559 luerunt,
193 2527 241 2562 qui
256 2532 320 2555 sunt
336 2529 386 2557 nisi
401 2530 530 2565 apostoli,
546 2532 593 2566 qui
608 2535 636 2558 et
660 2531 711 2566 ipsi
735 2531 844 2566 scriptis

91 2607 404 2645 -f_u.cor.n,ts,t5.
443 2611 671 2645 “’Eplies.v,l6.
709 2611 843 2644 “cun

925 2611 946 2626 “
965 2609 1026 2636 .lud.
1044 2618 1074 2642 ιι,
1091 2610 1117 2637 7.

51 2642 80 2660 ⁷⁸
102 2643 200 2672 Matth.
225 2652 308 2678 xxiv,
329 2645 373 2673 12.
411 2647 435 2662 ⁷⁸
461 2642 526 2674 an.
559 2655 643 2679 xvut,
667 2646 694 2674 8.
714 2645 738 2660 "°
759 2642 841 2674 Matth

921 2654 941 2677 ι,
954 2645 999 2672 2‘2.
1038 2646 1060 2660 ⁷⁷
1075 2646 1140 2673 ibid.

92 2733 151 2772 (52)
175 2733 250 2762 Unus
278 2736 361 2772 codex
383 2736 566 2767 Ehroiccnsis,
590 2745 599 2762 ι
614 2737 659 2772 (ιιιί
687 2737 796 2764 divitias
817 2741 845 2764 et

53 2770 215 2804 voluptates
229 2770 360 2804 pessimas
372 2776 400 2798 et
413 2772 529 2798 honores
560 2782 568 2797 I

85 2805 153 2845 .(33)_
174 2803 253 2838 Mss},
282 2813 292 2830 ι
314 2806 496 2833 illutuiuaule.
522 2816 532 2832 ι
558 2807 635 2834 Liblt.
657 2807 733 2839 editi,
759 2815 769 2832 ι
784 2807 844 2834 illu-

74 2845 165 2865 ιιιιειῑι.
185 2848 195 2864 Ι

55 2847 165 2866 ῙΙΙΙΙΙεΙΙΙ.
185 2848 195 2864 Ι

92 2874 151 2910 (54)
174 2872 249 2903 Unus
262 2876 359 2910 codex,
385 2885 393 2902 ι
409 2884 478 2905 nunc
496 2885 557 2904 cum
571 2877 707 2904 sumdnlis
729 2876 843 2905 mundus

893 2252 1029 2280 seniorum
1051 2255 1206 2278 sanctorum
1232 2250 1344 2285 longaevi
1360 2255 1466 2278 suntet
1484 2251 1596 2285 prolixi.
1629 2250 1685 2279 Sed

893 2302 920 2324 ct
932 2297 995 2324 illud
1014 2297 1085 2332 quod
1109 2297 1265 2324 dicentibus
1284 2297 1362 2324 nobis
1379 2297 1513 2329 occurrit,
1529 2302 1557 2324 et
1579 2297 1684 2325 utinam

894 2344 1008 2371 Domino
1032 2347 1193 2378 suggerente
1206 2343 1358 2370 occurrerit
1377 2343 1446 2378 ('56),
1465 2343 1684 2378 praetereuntium

897 2398 951 2418 non
965 2394 1018 2422 est,
1036 2389 1108 2424 quod
1123 2389 1192 2416 dixit
1203 2389 1237 2423 ",
1253 2390 1316 2424 quia
1344 2399 1353 2416 ι
1368 2391 1481 2418 servivit
1504 2390 1618 2425 populus
1634 2390 1686 2417 υοο

898 2436 973 2463 ιιιίιιο
986 2434 1113 2462 omnibus
1128 2434 1226 2462 diebus
1242 2434 1306 2463 Jesu
1322 2443 1329 2468 ;
1347 2444 1356 2461 ι
1371 2443 1424 2463 non
1440 2436 1507 2463 dixit
1520 2443 1601 2462 unum
1615 2436 1685 2462 diem

898 2483 982 2511 fuisse
1008 2483 1083 2518 Jesu,
1101 2484 1148 2512 sed
1175 2484 1251 2511 multi
1268 2488 1331 2511 sunt
1356 2484 1413 2512 dies
1432 2483 1507 2512 lusu.
1531 2483 1603 2516 Quos
1619 2490 1686 2518 ergo

899 2529 955 2565 (37)
972 2529 1071 2557 innltos
1088 2530 1215 2565 ponimus
1229 2530 1289 2558 dies
1303 2530 1455 2558 secundum
1471 2529 1543 2556 hunc
1560 2528 1685 2556 ordinem

1170 2611 1202 2660 ⁷ἶε
1212 2609 1292 2672 ³3³33·
1302 2617 1343 2676 ..':,
1357 2609 1392 2672 ἓ.

1438 2609 1461 2625 ⁷³
1479 2609 1574 2636 Matth.
1597 2617 1622 2639 ν.
1640 2609 1684 2638 Η.

1435 2644 1458 2660 το
1479 2644 1540 2672 tua.
1560 2652 1590 2679 ιι,
1605 2644 1632 2672 7.

899 2736 1058 2771 replebitur.
1078 2744 1087 2761 ι

935 2771 991 2806 (55)
1011 2770 1087 2806 linus
1105 2777 1168 2801 ms.,
1189 2778 1198 2795 ι
1214 2769 1412 2798 breviabuntur
1426 2774 1453 2798 et
1468 2770 1635 2806 minuentur.
1651 2778 1662 2796 ι

933 2807 989 2841 (56)
1012 2805 1086 2832 Unus
1098 2813 1162 2836 ms.,
1183 2814 1191 2830 ι
1210 2805 1372 2832 occurrerit.
1392 2815 1401 2831 ι
1419 2805 1496 2834 Libb.
1510 2805 1590 2838 editt,
1609 2813 1620 2832 ι
1638 2811 1683 2832 oe-

898 2845 1032 2868 ειη-πριιιι-
1049 2849 1059 2865 )

933 2877 990 2911 (57)
1013 2875 1087 2903 Unus
1104 2883 1168 2909 tus.,
1185 2884 1194 2901 ι
1212 2875 1283 2910 quod
1298 2883 1372 2911 ergo.
1391 2884 1400 2902 ι
