1896 3052
256 110 310 137 θὸἲ

988 108 1150 137 ORIGENIS

1818 107 1853 137 955

251 175 334 204 quem
358 166 557 202 exposuimus?
588 166 644 202 Ego
676 165 716 194 sic
743 165 864 193 arbitror
888 167 959 201 quod
983 166 1042 193 dies
1058 169 1078 196 Δ
1094 175 1154 202 qua:
1169 167 1232 195 fecit
1246 167 1271 194 in
1284 166 1385 194 Israel?
1401 175 1410 192 ι
1423 166 1494 200 Quid
1504 165 1678 193 enim?Sunt
1697 165 1783 201 aliqua
1793 173 1853 200 opera

253 222 323 242 unus
350 215 436 250 ipsius
456 219 498 241 est
515 213 630 249 justitia,
656 213 725 240 alius
750 213 943 247 sanctiﬁcatio,
969 213 1041 240 alius

252 261 410 294 prudentia,
427 259 497 286 alius
514 259 714 292 misericordia,
740 263 768 286 et
792 260 834 287 sic
862 267 911 295 per
931 259 1039 294 singula

253 306 384 333 virtutum
407 305 475 333 dona
497 306 556 332 dies
581 310 772 340 computantur
791 305 874 338 Iesu,
893 305 919 332 in
941 305 1042 340 quibus

255 351 369 379 Dontino
387 352 517 382 servitur,
534 351 596 385 quia
612 351 638 378 in
657 351 699 378 his
717 351 864 378 virtutibus
878 351 961 378 animi
985 351 1037 378 Do-

253 396 328 423 mino
345 396 477 431 placetur.
495 395 548 423 Sed
563 402 590 423 et
603 396 763 431 patientiam
779 401 936 432 computato
957 397 1040 429 diem,

251 447 280 469 et
300 442 544 473 mansuetudinem,
573 447 602 469 et
628 442 770 476 pietatem,
785 447 813 469 et
827 442 987 474 bonitatem,
1013 448 1041 470 et

250 495 331 515 ornne
342 488 415 523 quod
428 488 461 515 ad
475 488 606 515 virtutem
618 488 749 522 pertinet,
763 489 849 523 ipsius
861 489 944 517 dicito
957 489 1040 517 diem.

251 533 287 561 Et
301 534 342 561 sic
358 534 385 561 in
397 534 526 561 omnibus
542 533 640 561 diebus
662 533 725 561 Iesu
744 534 858 562 Dotuino
880 535 991 567 servies,
1015 535 1040 562 id

250 583 294 606 est
314 579 342 606 in
362 579 492 606 omnibus
505 578 548 606 his
563 578 719 606 virtutibus.
736 578 794 606 Non
810 580 883 606 enim
898 580 956 606 vult
970 579 1042 607 Scri-

251 630 339 659 pturat
360 630 464 652 sanctae
485 625 631 657 institutio,
656 631 685 653 ut
706 626 813 659 aliquas
835 633 869 653 ex
893 626 934 653 his
956 626 1040 652 virtu-

251 671 325 698 tibus
341 671 444 699 habeas
458 672 484 698 in
502 677 537 704 te,
553 677 578 700 et
595 672 663 699 alias
688 672 820 706 negligas,
844 673 890 699 sed
911 677 938 698 ut
951 671 1041 699 omni-

252 716 306 744 bus
319 717 362 745 bis
378 717 526 745 virtutibus
541 718 703 749 adornatus,
728 723 755 744 et
779 718 804 744 in
827 725 920 745 earum
936 717 1041 744 actibus

251 763 357 798 positus
375 763 479 791 servias
497 763 623 791 Domino.
651 763 751 791 Eodem
775 763 856 790 modo
877 763 937 797 quis
959 763 1040 790 etiam

253 808 396 836 seniorum
421 810 480 836 dies
506 810 586 837 habet
609 809 637 836 in
658 817 698 842 se,
722 814 749 836 et
775 809 802 836 in
827 809 923 837 diebus
944 817 1040 837 eorum

253 854 337 881 servit
355 854 481 888 Domino,
505 855 622 890 implens
644 855 708 882 illud
725 856 797 890 quod
819 856 885 882 dicit
901 855 1041 890 apostolus

254 898 357 928 Paulus
374 900 419 929 ’σε
444 910 454 927 ι
470 901 624 928 lmitatores
650 901 702 928 mei
725 905 823 933 estote,
844 900 915 928 sicut
939 905 967 928 et
991 908 1042 936 ego

254 946 368 974 Clu-isti.
385 955 394 972 t

291 990 318 1018 ι.
342 999 352 1016 ι
372 989 400 1017 In
417 990 525 1024 diebus,
542 990 630 1026 inquit
644 991 680 1024 ",
696 991 834 1019 seniorum
854 999 948 1019 eorum
960 1011 968 1024 ,
994 991 1041 1027 qui

253 1041 443 1070 cognoverunt
459 1036 550 1063 omnia
573 1044 657 1071 opera
681 1036 799 1064 Domini.
817 1045 827 1063 ι
851 1037 917 1070 Quis
933 1041 974 1065 est
995 1037 1041 1072 qui

251 1082 395 1115 cognoscit
413 1082 505 1109 omnia
523 1089 606 1117 opera
625 1082 742 1114 Domini,
759 1083 810 1111 nisi
832 1084 879 1119 qui
902 1083 969 1112 facit
990 1085 1042 1112 ea?

253 1125 329 1154 Sicut
346 1127 417 1154 enim
431 1127 535 1156 dictum
551 1133 594 1155 est
611 1128 644 1156 de
660 1128 724 1156 ﬁliis
738 1128 794 1156 Ileli
816 1129 851 1162 ",
868 1130 932 1164 quia
948 1134 1042 1158 essent

254 1181 264 1198 ι
283 1172 330 1199 ﬁlii
345 1173 514 1208 pestilentiae,
534 1174 687 1201 nescientes
702 1175 856 1207 Dominum,
872 1184 882 1201 ι
898 1182 951 1202 non
970 1176 1041 1210 quod

251 1217 413 1253 ignorarent
427 1219 582 1250 Dominum,
600 1221 645 1254 qui
665 1221 760 1254 utique
775 1225 802 1248 et
822 1222 947 1249 doctores
964 1227 1042 1250 erant

252 1269 426 1297 ceterorum,
443 1265 491 1292 sed
506 1265 570 1300 quia
588 1266 628 1292 sic
643 1266 761 1301 agebant
776 1271 806 1293 ut
827 1272 910 1301 agunt
928 1268 978 1299 illi,
994 1268 1040 1303 qui

252 1310 378 1338 nesciunt
396 1310 556 1338 Dominum:
575 1311 627 1339 hoc
646 1312 728 1340 modo
747 1312 831 1339 etiam
853 1313 898 1340 hic
921 1314 1042 1342 sentien-

253 1355 318 1382 dum
333 1359 376 1383 est
394 1357 467 1391 quod
480 1357 557 1389 dicit,
574 1366 584 1383 ι
598 1357 646 1392 qui
670 1365 856 1392 cognoverunt
871 1366 954 1387 omne
973 1367 1041 1394 opus

254 1399 373 1428 Domini.
391 1410 401 1427 ι
419 1401 453 1428 Ει
468 1401 525 1436 (38)
541 1410 593 1429 non
612 1402 711 1435 solum,
736 1403 834 1438 inquit,
855 1410 1042 1439 cognoverunt

253 1452 322 1480 opus
336 1444 454 1478 Domini,
470 1447 516 1473 sed
532 1447 647 1481 addidit,
667 1456 677 1472 ι
695 1448 740 1482 qui
756 1455 836 1476 omne
850 1456 919 1484 opus
937 1457 1040 1485 cogno-

253 1495 352 1517 verunt
380 1490 508 1524 Domini;
529 1501 538 1518 ι
560 1492 584 1519 id
605 1498 656 1525 est,
677 1493 724 1528 qui
748 1500 934 1528 cognoverunt
953 1501 978 1523 et
996 1495 1040 1531 ju~

251 1536 335 1564 stitia:
349 1543 418 1571 opus
433 1537 549 1570 Domini,
566 1543 593 1565 et
610 1539 836 1567 sanctiﬁcationis
856 1548 935 1575 opus,
948 1545 974 1568 et
990 1549 1038 1576 pa-

253 1583 374 1616 tientiae,
401 1587 430 1610 et
452 1585 679 1616 mansuetudirtis,
704 1591 731 1612 et
752 1586 872 1620 pietatis.
898 1587 930 1614 Et
957 1595 1038 1615 omne

252 1628 384 1664 quidquid
397 1636 430 1656 ex
450 1630 584 1658 mandatis
597 1630 643 1658 Dei
665 1631 753 1664 venit,
779 1639 846 1666 opus
872 1632 975 1660 Domini
999 1633 1039 1660 di-

252 1675 336 1701 citur.
360 1673 413 1702 Sed
437 1674 509 1702 sicut
534 1680 576 1703 est
596 1683 665 1711 opus
687 1676 806 1710 Domini,
835 1683 876 1705 est
900 1679 960 1706 sine
985 1680 1037 1705 du-

253 1720 300 1748 bio
330 1719 394 1747 huic
424 1722 594 1748 contrarium
626 1729 694 1756 opus
725 1723 830 1750 Zubuli.
861 1723 970 1751 Certum
999 1730 1040 1752 est

252 1766 342 1798 enim,
367 1765 430 1800 quia
460 1767 531 1794 sicut
557 1767 662 1802 justitia
693 1773 736 1795 est
765 1776 834 1803 opus
856 1769 920 1802 Dei,
945 1772 982 1797 ita
1012 1776 1040 1798 et

253 1811 387 1846 iniustitia
407 1819 475 1846 opus
499 1811 595 1840 Zabuli
609 1821 617 1840 :
633 1818 660 1840 et
678 1813 750 1841 sicut
771 1816 950 1842 mansuetudo
972 1823 1040 1850 opus

253 1855 301 1884 Dei
322 1861 376 1890 est,
400 1857 436 1884 ita
452 1861 480 1885 et
502 1857 542 1884 ira
565 1863 592 1886 et
614 1858 689 1886 furor
711 1867 779 1894 opus
800 1860 837 1887 sit
857 1860 963 1889 Zabuli.
984 1861 1038 1889 Co-

252 1903 378 1936 gnovisse
400 1910 466 1939 ergo
487 1903 617 1932 dicuntur
641 1912 710 1940 opus
734 1905 792 1937 Dei.
818 1907 854 1933 illi
873 1907 918 1941 qui
935 1908 1040 1935 faciunt

252 1957 321 1983 opus
342 1949 412 1983 ejus.
430 1949 465 1977 Ut
480 1955 570 1978 autent
605 1951 657 1978 hoc
688 1952 804 1986 amplius
829 1960 860 1980 ex
885 1953 1040 1987 Scriptura-

253 2002 313 2021 rum
329 1995 490 2022 auctoritate
511 1995 654 2027 clarescat,
679 1997 815 2031 quomodo
839 1997 925 2025 soleat
949 1998 1040 2026 dicere

255 2039 409 2073 Scriptura,
425 2047 602 2074 cognoscere,
626 2041 667 2069 vel
687 2042 803 2072 nescite,
823 2043 883 2070 vide
901 2045 1040 2078 quomodo

253 2084 422 2120 “leuam
437 2086 500 2113 alibi
514 2087 644 2121 scriptum
657 2093 698 2115 cst
713 2088 736 2104 ⁸³
751 2097 758 2115 :
779 2089 844 2122 «Qui
863 2090 1038 2122 custodit,in-

254 2130 327 2164 quit,
338 2131 507 2163 mandatum,
518 2132 620 2159 nesciet
633 2132 745 2159 verbum
757 2135 867 2162 malum.
875 2135 938 2168 tQui
948 2141 1039 2162 autem

255 2177 412 2203 man-latum
437 2178 565 2210 custodit,
585 2182 674 2211 potest
693 2177 750 2206 ﬁeri
776 2184 805 2206 ut
825 2181 931 2208 nesciat
957 2182 1038 2209 verba

255 2221 346 2249 mala?
365 2221 423 2248 Scit
450 2222 575 2256 quidem.
599 2223 646 2250 sed
673 2224 777 2251 nescire
795 2232 844 2258 pro
869 2233 901 2253 eo
927 2226 1038 2258 dicitur,

256 2266 329 2299 quod
350 2274 381 2293 ea
403 2271 482 2294 cavet
495 2271 523 2294 et
536 2267 613 2294 vitat.
630 2267 675 2294 Sic
689 2269 724 2294 de
735 2269 831 2295 eodem
853 2270 911 2304 ipso
925 2271 1039 2298 Domino

255 2316 282 2339 et
304 2311 444 2339 Salvatore
465 2312 536 2347 quod
553 2310 653 2338 dictum
671 2317 712 2340 est
725 2313 763 2347 “,
787 2323 796 2339 ι
810 2323 862 2342 non
887 2316 960 2343 novit
974 2324 1038 2351 pec-

254 2361 359 2390 catum,
371 2362 488 2385 rcertum
498 2357 606 2393 estquia
615 2357 755 2392 ignorasse
770 2359 869 2388 dicitur
884 2367 1036 2395 peccaturo,

253 2411 304 2440 pro
318 2411 351 2431 eo
365 2404 436 2438 quod
449 2410 502 2431 non
513 2403 568 2439 egit
583 2411 650 2438 opus
670 2406 786 2438 peccati.
804 2405 860 2433 Hoc
876 2415 942 2442 ergo
957 2409 1036 2435 modo

219 2486 224 2493 '
253 2455 279 2477 et
296 2450 340 2477 ille
358 2449 458 2477 dicitur
473 2458 638 2486 cognoscere
655 2459 736 2486 opera
756 2453 870 2485 Domini,
891 2455 935 2489 qui
953 2463 1035 2490 opera

217 2497 222 2504 '
254 2493 361 2523 Domini
374 2495 450 2525 facit.
465 2496 574 2532 Ignorat
588 2502 677 2525 autern
694 2506 761 2533 opus
776 2498 835 2533 Dei,
851 2501 897 2535 qui
915 2509 966 2529 non
982 2502 1038 2537 agit

254 2548 323 2574 opus
338 2541 397 2569 Dei.

287 2586 314 2613 5.
333 2586 385 2615 Sed
400 2592 429 2616 et
440 2587 508 2616 illud
524 2588 660 2624 quomodo
680 2590 850 2624 praterimus
868 2591 939 2626 quod
957 2591 1036 2619 addi-

255 2631 341 2659 dit":
357 2642 366 2658 ι
382 2633 432 2667 Qui
447 2639 633 2670 cognoverunt
644 2642 726 2670 opera
738 2636 842 2663 Domini
860 2644 956 2671 magna
966 2638 1034 2673 (39),

306 2676 329 2692 ³⁸
345 2675 428 2705 ICor.
445 2687 483 2712 Iv,
497 2680 540 2707 ιθ.
591 2681 613 2697 ⁸¹
635 2681 697 2709 Iud.
725 2689 755 2712 tt,
769 2681 793 2708 7.

254 2710 278 2726 ³⁴
291 2710 370 2740 Ioau.
388 2720 428 2745 Ill,
443 2710 486 2742 16.
524 2716 546 2732 "’
561 2715 623 2743 Iud.
643 2724 672 2747 tl,
685 2716 711 2743 8.
749 2710 773 2732 ³⁸
788 2716 848 2744 Gal.
867 2725 896 2749 ιι,
915 2710 965 2746 2οῗ
998 2710 1024 2735 ⁸⁹’

1093 2718 1138 2752 Iip.
1157 2725 1178 2749 ι,
1197 2716 1243 2743 ⁸21.

296 2770 458 2809 (3_8)__Mss.,_
472 2780 487 2809 _r
501 2773 550 2809 qui
568 2762 756 2809 cognoverunt
783 2782 863 2802 omne
891 2782 959 2809 optts
987 2775 1038 2802 Do-

355 2804 396 2833 Et.
414 2816 424 2832 ι
449 2804 528 2835 Libb.
541 2804 617 2842 editi;
634 2817 643 2834 ι
660 2809 704 2843 qui
718 2810 843 2843 cognovit
857 2804 937 2839 omne
956 2818 1035 2846 opus.

1057 844 1078 872 Β

1095 213 1202 240 Domini
1216 220 1311 248 parva,
1328 213 1361 240 ad
1377 219 1493 248 quorum
1504 211 1708 239 distinctionem
1720 211 1773 238 base
1782 220 1853 247 magna

1094 259 1237 286 dicantur?
1260 259 1316 292 Ego
1341 258 1463 286 arbitror
1489 257 1562 292 quod
1585 264 1667 285 omne
1696 257 1800 292 quidem
1822 256 1853 284 Dei

1093 312 1161 338 opus
1174 309 1216 332 est
1231 312 1369 340 magnum,
1384 303 1456 339 quod
1475 311 1524 338 pro
1539 303 1696 339 capacitate
1716 311 1803 330 eorum
1821 302 1854 338 qui

1093 355 1254 384 operantur,
1268 351 1291 377 si
1304 350 1356 378 sibi
1372 350 1491 377 invicem
1508 354 1716 384 comparentur,
1731 349 1770 376 vel
1783 354 1855 383 magna

1094 403 1176 431 opera
1194 395 1301 424 Domini
1316 396 1444 423 dicuntur
1458 403 1529 429 esse,
1548 396 1591 423 vel
1607 402 1705 431 parva.
1722 394 1796 422 Verbi
1809 402 1855 421 can-

1094 451 1136 476 sa,
1150 442 1244 470 eduxit
1263 441 1333 468 ﬁlios
1345 440 1428 469 Israel
1442 441 1474 468 de
1488 440 1607 476 Egyplo
1630 441 1657 470 in
1678 447 1758 467 manu
1775 439 1855 466 fortia

1093 489 1210 516 brachio
1223 487 1345 520 excelso,
1356 486 1473 522 Λεπριο
1487 487 1620 522 prodigiis
1644 485 1798 513 caelestibus
1811 492 1855 512 Ver-

1094 534 1200 566 berata,
1212 534 1284 561 viam
1299 534 1363 561 fecit
1381 534 1408 561 in
1426 533 1514 566 mari,
1535 541 1634 560 manna
1656 533 1684 560 in
1706 532 1805 560 deserto
1823 539 1855 565 po-

1094 581 1157 616 pulo
1174 581 1258 612 dedit,
1275 581 1308 607 de
1329 579 1399 608 ccelo
1427 580 1533 607 locutus
1557 583 1599 606 est
1620 579 1653 606 ad
1675 578 1776 610 Mosen,
1792 577 1853 612 legem

1094 627 1276 661 conscriptam
1294 627 1320 653 in
1347 626 1446 654 tabulis
1466 625 1578 659 lapideis
1602 624 1692 652 dedit.
1716 622 1854 650 Nounelmc

1094 680 1193 708 magna
1211 676 1275 699 sunt
1293 679 1375 706 opera
1393 670 1460 698 Dei?
1483 669 1537 697 Sed
1559 669 1582 697 si
1610 669 1678 696 illud
1705 668 1748 695 his
1769 673 1854 701 compa.

1094 727 1138 746 res
1151 720 1193 752 ⁸⁸,
1208 719 1280 754 quod
1298 728 1308 744 ι
1329 719 1364 745 ita
1383 718 1477 745 dilexit
1497 717 1567 744 Deus
1595 716 1669 743 hunc
1691 715 1855 746 mundum,ul

1093 765 1191 793 Filiqu
1205 773 1283 792 suum
1300 765 1469 799 unigenitum
1486 764 1563 790 daret
1577 773 1586 789 ι
1603 770 1653 798 pro
1670 762 1759 790 salute
1775 760 1854 790 mundi.

1096 811 1217 838 invenies
1228 810 1319 838 omnia
1337 809 1381 836 illa
1399 817 1480 845 parva
1494 816 1555 836 esse
1571 808 1604 835 ad
1620 807 1707 841 hujus
1721 806 1803 841 operis
1815 814 1856 832 mt-

1094 856 1274 892 gnitudincm.
1293 855 1369 888 Quod
1397 861 1466 888 opus
1488 854 1569 881 etiam
1589 860 1640 880 nos
1666 857 1696 880 et
1720 857 1856 887 cognoscere

1094 902 1233 933 debemus,
1253 905 1280 928 ct
1305 900 1428 932 credere,
1459 905 1486 927 et
1515 901 1623 934 operari
1649 905 1735 931 opera
1765 896 1856 924 Domini.

1093 947 1152 975 Non
1167 955 1233 981 ergo
1250 946 1430 982 negligenter,
1454 945 1500 973 sed
1518 944 1634 972 ﬁdeliter
1661 949 1691 971 et
1715 947 1818 973 attente,
1837 947 1857 967 ut

1093 993 1268 1020 inveniamur
1294 997 1322 1020 et
1347 999 1396 1019 nos
1420 992 1447 1018 in
1478 990 1573 1018 diebus
1591 989 1655 1017 Iesu
1673 989 1783 1020 Christi,
1800 987 1857 1015 etin

1093 1038 1189 1064 diebus
1206 1041 1363 1064 sanctorum
1376 1036 1515 1063 seniorum
1531 1035 1591 1070 ejus
1611 1035 1802 1069 apostolorum,
1813 1039 1855 1059 cum

1092 1084 1190 1118 quibus
1216 1087 1244 1110 et
1267 1083 1424 1110 societatem
1444 1081 1563 1109 caelestis
1585 1080 1755 1108 hereditatis
1776 1085 1856 1107 merca-

1092 1136 1153 1155 mur
1168 1128 1303 1163 accipere,
1322 1136 1370 1162 per
1383 1128 1470 1160 ipsum
1490 1126 1634 1154 Dominum
1651 1130 1773 1152 nostrum
1786 1123 1856 1151 Iesum

1092 1173 1242 1206 Christum,
1259 1174 1301 1201 cui
1315 1178 1357 1201 est
1369 1173 1455 1209 gloria
1473 1177 1501 1200 et
1516 1171 1660 1208 imperium
1678 1172 1706 1198 in
1719 1170 1810 1199 saecula
1822 1177 1857 1197 sa:-

1092 1221 1227 1249 culorum.
1241 1220 1337 1248 Amen.

1386 1264 1528 1292 HOMILIA
1547 1264 1579 1292 ll.

1092 1311 1131 1339 De
1144 1319 1173 1339 eo
1189 1311 1258 1347 quod
1273 1311 1449 1347 scripturum
1460 1310 1499 1347 ’ξς
1513 1320 1522 1335 ‹
1541 1311 1572 1336 Iit
1589 1310 1734 1345 defunctus
1754 1315 1787 1336 tu
1799 1307 1856 1335 Iano

1380 1345 1452 1379 filius
1470 1345 1554 1372 Non.
1569 1355 1578 1371 ι

1126 1399 1153 1426 1.
1172 1398 1312 1426 Recitatus
1325 1401 1367 1424 est
1380 1397 1460 1424 nobis
1481 1396 1564 1424 etiam
1584 1396 1648 1424 Iesu
1670 1396 1770 1424 obitus.
1786 1395 1813 1423 Et
1825 1394 1855 1421 ille

1091 1445 1200 1479 quidem
1226 1444 1298 1472 ﬁlius
1321 1441 1396 1470 Nave
1411 1442 1482 1478 quod
1501 1441 1647 1469 defunctus
1665 1447 1720 1473 est,
1744 1441 1803 1468 nihil
1819 1440 1854 1467 rui-

1092 1499 1164 1518 rum.
1178 1490 1287 1520 Natura:
1303 1500 1420 1527 namque
1432 1493 1504 1527 quod
1523 1492 1675 1520 debebatur
1688 1491 1805 1520 exsolvit.
1817 1488 1854 1515 Ye-

1093 1545 1152 1565 rum
1170 1538 1299 1572 quoniam
1320 1538 1527 1566 institueramus
1542 1539 1600 1566 h:rc
1613 1547 1676 1572 qua:
1690 1539 1723 1566 de
1739 1537 1789 1565 ﬁlio
1801 1536 1855 1563 Nate

1091 1583 1261 1618 legebantur,
1278 1584 1309 1611 ad
1329 1583 1472 1611 Dominum
1495 1589 1618 1612 nostrum
1633 1583 1729 1611 Iesum
1743 1582 1853 1611 Christum

1091 1628 1204 1660 referre,
1225 1629 1368 1657 videmlum
1384 1634 1426 1657 est
1451 1629 1585 1664 quomodo
1600 1629 1686 1656 etiam
1700 1629 1735 1656 de
1751 1628 1804 1663 ipso
1817 1625 1853 1651 dici

1091 1675 1236 1702 conveniat
1257 1675 1319 1710 quia
1336 1674 1480 1703 defunctus
1499 1679 1539 1702 cst
1567 1673 1657 1701 Iesus.
1683 1674 1740 1710 Ego
1760 1672 1854 1701 arbitror

1090 1721 1240 1749 secundum
1267 1721 1417 1756 Scriptum
1442 1721 1634 1748 auctoritatem
1665 1721 1719 1748 hoc
1745 1720 1853 1754 loqtteHS.

1090 1768 1161 1802 quod
1177 1767 1203 1794 in
1217 1767 1380 1802 quibusdam
1392 1767 1460 1794 vivit
1480 1766 1569 1798 Iesus,
1589 1767 1615 1793 in
1633 1766 1793 1802 quibusdam
1807 1770 1854 1790 vero

1090 1812 1234 1840 defunctus
1249 1818 1301 1841 est.
1318 1813 1344 1840 lu
1362 1812 1447 1840 Paulo
1463 1813 1530 1840 vivit
1553 1812 1642 1845 Iesus,
1659 1818 1688 1840 et
1706 1813 1733 1839 in
1748 1811 1826 1840 Petro,
1836 1812 1853 1833 tl

1091 1857 1117 1885 in
1135 1857 1189 1885 illis
1203 1858 1329 1885 omnibus
1341 1858 1387 1893 qui
1402 1857 1500 1886 merito
1516 1863 1629 1893 possunt
1651 1858 1745 1885 dicere
1760 1877 1766 1883 .
1784 1865 1792 1880 ε
1806 1854 1854 1880 Vito

1090 1909 1180 1931 autem
1193 1903 1248 1938 jam
1266 1912 1318 1932 non
1339 1912 1402 1939 ego,
1414 1905 1481 1931 vivit
1498 1912 1564 1932 vero
1578 1905 1605 1931 in
1622 1912 1665 1932 me
1679 1904 1797 1932 Christus
1808 1901 1852 1927 ⁸³.»

1091 1949 1123 1976 Et
1138 1949 1234 1976 iterum
1256 1948 1324 1976 dicit
1339 1949 1362 1966 "
1378 1958 1386 1976 :
1406 1958 1416 1975 ι
1435 1949 1499 1976 Mihi
1517 1954 1609 1976 autem
1633 1950 1728 1977 vivere
1754 1947 1853 1976 Christus

1090 2000 1143 2028 est,
1160 2000 1188 2023 et
1203 1995 1270 2023 ntori
1286 1995 1420 2023 lucrum.)
1435 1995 1464 2022 In
1479 1995 1539 2022 istis
1553 2003 1618 2029 ergo
1634 1995 1733 2022 talibus
1749 1993 1816 2022 Iesus
1826 1991 1853 2017 ti-

1089 2048 1154 2068 vere
1168 2041 1266 2068 merito
1284 2042 1395 2069 dicitur.
1413 2041 1440 2068 In
1457 2040 1556 2076 quibus
1571 2046 1661 2068 autem
1680 2041 1812 2068 defunctus
1823 2041 1852 2064 est

1089 2087 1186 2115 Iesus?
1203 2087 1230 2114 ln
1248 2087 1300 2114 illis
1315 2088 1374 2114 sine
1398 2087 1491 2118 dubio,
1506 2087 1551 2121 qui
1573 2094 1645 2121 s:cpe
1672 2085 1816 2121 preuitendo
1834 2086 1851 2107 el

1091 2134 1187 2161 iterum
1205 2133 1398 2167 deliuqueudo,
1420 2132 1495 2159 velut
1511 2132 1642 2160 insultare
1663 2133 1742 2159 morti
1756 2130 1810 2158 Iesu
1823 2127 1851 2154 di-

1091 2184 1198 2207 cuntur.
1219 2179 1257 2206 De
1277 2179 1377 2213 quibus
1390 2177 1513 2205 scribens
1529 2178 1564 2205 ad
1581 2177 1710 2205 Hebraeos
1726 2176 1786 2204 dicit
1798 2174 1850 2207 Apo-

1091 2226 1176 2254 stolus
1193 2225 1236 2252 “z
1255 2233 1264 2250 ι
1278 2224 1396 2251 Rursum
1413 2224 1605 2259 cruciﬁgentes
1630 2222 1799 2258 sibimetipsis
1818 2218 1849 2245 Fi-

1090 2272 1156 2300 liuru
1175 2271 1233 2303 Dei,
1249 2275 1275 2298 et
1286 2270 1404 2298 ostentui
1421 2270 1562 2298 habentes.
1574 2279 1584 2296 ι
1603 2269 1686 2297 Vides
1697 2276 1759 2303 ergo
1770 2266 1821 2301 quia
1832 2264 1850 2289 in

1091 2317 1267 2353 peccantibus
1289 2324 1341 2344 non
1361 2316 1449 2344 solum
1472 2316 1582 2351 defungi
1603 2316 1703 2343 dicitur
1715 2315 1801 2344 Iesus,
1815 2318 1848 2337 ve-

1092 2371 1150 2390 rum
1172 2368 1199 2390 et
1223 2362 1346 2398 cruciﬁgi
1370 2362 1404 2389 ab
1424 2362 1464 2390 eis
1484 2362 1615 2390 asseritur
1631 2367 1658 2389 et
1677 2361 1760 2389 illudi.
1777 2356 1819 2386 Sed
1831 2358 1849 2381 οι

1093 2415 1120 2437 ιιι
1145 2410 1202 2444 ipse
1222 2409 1366 2436 considera
1391 2408 1460 2443 apud
1479 2412 1516 2440 te,
1536 2408 1558 2435 si
1573 2407 1682 2442 quando
1705 2407 1739 2435 de
1759 2401 1849 2432 avari!“

1090 2455 1193 2490 cogitas
1210 2460 1238 2482 et
1253 2454 1332 2488 cupis
1352 2454 1440 2481 aliena
1459 2454 1589 2489 diripere,
1608 2453 1731 2488 nunquid
1746 2456 1811 2486 potes
1821 2446 1849 2473 ιίἱ·

1091 2510 1154 2531 cere
1165 2522 1172 2534 ,
1191 2501 1253 2537 quia
1273 2501 1340 2528 vivit
1356 2501 1482 2528 Christus
1505 2501 1531 2528 in
1547 2500 1608 2527 me?
1621 2500 1673 2526 Aut
1689 2499 1712 2526 si
1732 2499 1762 2526 de
1777 2499 1849 2528 stuplo

1091 2548 1208 2582 cogitas,
1227 2547 1250 2575 si
1263 2547 1354 2574 furore
1371 2546 1532 2582 exagitaris,
1551 2545 1572 2573 si
1588 2545 1673 2572 livore
1690 2539 1846 2587 succendi-ris:

1089 2592 1111 2619 si
1129 2591 1229 2619 invidia
1245 2591 1403 2624 stimularis,
1424 2591 1446 2618 si
1463 2590 1620 2618 temulentia
1644 2586 1820 2618 debaccharis,
1831 2586 1847 2609 st

1089 2637 1215 2672 superbia
1237 2635 1395 2668 cxtolleris,
1412 2636 1435 2662 si
1452 2635 1611 2662 crudelitate
1633 2635 1774 2670 grassaris,
1794 2636 1845 2658 uun-

843 2681 866 2697 “
886 2682 893 2709 Ι
911 2682 977 2718 Reg.
995 2691 1024 2714 ll,
1042 2683 1084 2710 1'2.
1123 2676 1252 2718 "'Eccle.
1271 2681 1376 2718 vrrr,__5.»
1410 2682 1432 2697 ⁵³
1447 2681 1540 2718 ll_Cor.
1559 2689 1586 2714 ν,
1602 2682 1648 2709 2!.
1684 2681 1707 2697 ⁸³
1724 2680 1779 2709 Iud.
1793 2674 1844 2708 n.7-

1289 2716 1311 2731 '°
1329 2716 1396 2743 Heb.
1411 2723 1449 2748 vr,
1463 2715 1490 2743 6.

1129 2773 1184 2809 (39)
1200 2772 1276 2809 Mss.
1299 2773 1364 2809 rqui
1383 2777 1567 2809 cognoverunt
1587 2780 1668 2809 opera
1690 2770 1787 2809 Domitii
1805 2774 1846 2809 tua;

1093 2800 1182 2843 gnat;
1201 2800 1278 2835 Libb.
1300 2800 1384 2841 editi,
1412 2800 1483 2842 (qui
1500 2800 1658 2843 cognoverit
1673 2815 1740 2842 opus
1762 2800 1844 2833 Domini

1093 2850 1199 2879 magna.
1211 2851 1220 2868 ι
