1896 3052
4 126 77 154 957

558 131 592 159 ΙΝ
609 132 738 161 LIBRUM
756 133 903 163 JUDICUM
922 133 1062 162 HOMILIA
1083 134 1116 162 ll.

1608 138 1660 167 958

6 182 92 217 quid
119 188 201 218 potes
224 184 252 211 in
275 184 319 213 his
342 186 469 214 omnibtts
487 187 594 220 dicere.
614 191 676 224 quia
697 191 823 219 Christus
838 193 861 222 Α
876 197 928 219 tam
947 193 1036 227 magni
1056 193 1158 228 operis.
1176 194 1247 227 quod
1263 193 1383 221 surrexit
1406 201 1420 221 a
1439 195 1553 222 mortuis
1566 214 1576 227 ,
1601 195 1659 223 ﬁeri

5 228 97 255 vivit
125 228 154 255 itt
177 230 241 256 me?
259 229 304 257 Sic
327 238 393 265 ergo
416 232 442 258 in
468 234 643 267 pcccantibtts
665 236 823 272 defungitur

4 272 171 307 Christus,
188 281 238 309 pro
254 282 286 303 eo
303 276 374 310 quod
394 277 460 305 nihil
473 278 499 305 itt
512 280 552 307 eis
566 279 682 314 jnstitia,
697 283 762 310 nihil
777 290 823 317 pa-

6 318 132 346 tientia
147 339 156 352 ,
177 320 244 347 nihil
262 321 364 349 veritas
384 326 411 349 et
436 324 527 350 omnia
549 325 592 352 illa
617 334 676 361 quae
699 328 823 356 Christus

6 369 80 397 est,
100 369 266 399 operantur.
287 367 309 393 A
327 369 430 397 sanctis
450 377 516 398 vero
540 379 709 407 qumcunqne
734 374 799 401 ﬁttttl
813 394 821 407 ,

4 409 160 437 Christus
174 419 205 438 ea
220 412 320 439 dicitur
334 415 454 449 operari,
470 416 540 444 sicut
562 423 589 444 et
613 418 757 454 Apostolus
778 420 822 448 di-

6 455 55 481 cit
76 455 103 471 ⁹¹
125 465 134 483 :
153 465 163 483 ι
183 456 281 485 Omnia
300 466 410 493 possunt
438 462 463 489 itt
481 471 514 490 eo
531 464 576 495 qui
596 472 638 492 tne
658 466 796 493 confortat
810 475 819 492 ι

5 501 170 530 Christus.
189 503 242 530 Sed
255 509 280 531 et
300 505 356 540 ipse
367 507 498 536 Dominus
515 509 540 536 in
559 509 712 545 Evangeliis
726 513 759 539 de
771 513 822 541 hoc

6 548 237 577 distinctionem
260 550 473 585 pulcherrimam
498 555 589 590 dedit,
612 565 673 584 cum
701 558 819 586 dicit":

10 603 23 619 ί
49 594 227 630 Quicunque
259 597 402 626 confessus
432 608 474 628 me
496 601 577 630 fuerit
610 611 702 631 coram
735 606 822 632 homi-

8 641 125 674 nibus,
148 642 300 670 conﬁtebor
313 649 340 672 et
352 653 403 680 ego
418 653 479 674 eum
494 655 586 676 coram
605 649 686 678 Patre
700 659 759 678 meo
773 652 819 685 qui

6 691 61 713 est
84 685 116 714 in
141 687 228 716 cmlis.
246 689 297 723 Qui
322 697 413 718 autctn
439 695 576 728 negaverit
594 703 636 723 tne
661 704 751 724 coram
773 697 822 724 lto-

8 732 164 767 :nittibus,
187 739 213 760 et
239 742 289 770 ego
308 737 413 772 negabo
429 746 490 765 cum
511 748 604 767 coram
623 741 704 770 Patre
731 752 817 771 meo.»

7 777 127 806 Vidisti
144 779 207 814 quia
224 781 386 810 conﬁtentes
401 783 428 811 in
443 787 591 821 semetipso
603 787 671 815 dixit
684 791 818 823 conﬁteri,

7 830 39 852 et
68 826 158 860 quasi
177 827 222 862 qui
240 828 298 863 ipse
323 829 349 856 itt
373 830 413 858 eis
429 831 504 859 vivat
529 838 556 860 et
583 839 710 869 operetur
737 845 818 872 opera

7 871 100 899 vitm.
120 870 151 898 in
168 871 202 899 iis
219 878 311 901 autem
328 875 372 909 qui
395 881 503 911 negant.
520 886 573 906 non
592 881 678 907 tettttit
695 870 817 910 eamdem

7 915 103 942 verbi
122 915 342 952 similitudinem,
366 925 395 947 ut
415 921 521 950 diceret
535 925 598 959 quia
617 926 663 960 qui
679 929 818 962 negaverit

7 961 39 987 in
63 969 127 994 me,
146 967 174 990 et
188 971 238 999 ego
252 966 357 1000 negabo
379 967 404 994 in
420 976 481 996 etttn
498 979 504 997 :
520 972 567 999 sed
584 981 594 998 ι
616 973 660 1008 qui
679 961 818 1008 negaverit

8 1013 64 1033 me
88 1014 189 1035 coram
211 1009 366 1040 hominibus
388 1020 414 1041 et
440 1022 490 1050 ego
517 1017 621 1052 negabo
641 1026 702 1046 eum
724 1027 816 1048 coram

7 1051 108 1079 Patre
123 1061 185 1081 meo
198 1075 206 1087 ,
224 1065 233 1081 ι
254 1061 283 1083 ιιι
295 1059 451 1087 Ostenderet
465 1062 528 1096 quia
547 1051 592 1096 qui
610 1070 688 1098 negat
708 1067 815 1101 quidem

8 1106 56 1130 so,
82 1103 166 1127 extra
183 1101 270 1136 ipsum
287 1110 344 1137 est;
360 1106 406 1140 qui
425 1112 515 1135 atttem
533 1110 688 1143 conﬁtetur,
710 1113 735 1139 in
758 1113 816 1148 ipso

8 1150 72 1172 est.
91 1145 245 1181 Propterea
260 1156 325 1185 ergo
345 1157 371 1179 ct
391 1152 435 1180 ltic
453 1153 593 1188 Scriptura
612 1157 676 1184 dicit
691 1158 730 1189 ",
752 1145 815 1194 quia

9 1198 87 1217 cum
112 1191 263 1221 defunctus
277 1201 349 1223 esset
365 1196 459 1230 Jesus,
479 1207 488 1224 t
504 1201 660 1228 exsurrexit
677 1191 816 1237 generatio

9 1238 74 1264 alia
95 1242 161 1284 post
182 1246 240 1271 eos,
263 1242 309 1276 qui
333 1250 386 1270 non
414 1244 535 1273 scierunt
554 1245 644 1274 Jesutu
657 1267 664 1280 ,
687 1253 715 1276 et
732 1256 814 1284 opera

9 1290 82 1317 qum
104 1283 172 1312 fecit
189 1285 215 1312 itt
234 1285 327 1315 Israel.
338 1298 346 1313 ι

49 1329 83 1355 2.
101 1337 112 1354 ι
133 1330 166 1357 Ει
183 1330 307 1359 fecerunt
328 1333 373 1361 ﬁlii
387 1334 469 1363 lsrael
485 1335 658 1366 malttmante
669 1339 752 1368 Dettm
761 1341 811 1369 “.t

10 1374 208 1410 Omnipotens
223 1376 379 1406 dominator
394 1379 464 1408 Deus
481 1390 620 1418 nunquam
638 1386 744 1412 act-idat
766 1394 813 1412 nn-

9 1421 57 1448 bis
72 1441 82 1453 ,
113 1426 147 1448 ut
170 1421 248 1450 Jesus
274 1423 403 1453 Christus
428 1432 604 1463 posteaquam
633 1432 781 1458 resurrexit
797 1440 812 1459 a

9 1467 157 1500 mortuis,
188 1476 296 1496 rursum
326 1472 457 1499 moriatur
482 1473 508 1500 itt
534 1475 624 1502 nobis.
653 1475 721 1509 Quid
739 1477 812 1504 enittt

875 242 963 273 posset
982 237 1084 265 oblivio
1097 259 1104 270 ,
1126 238 1149 265 si
1176 239 1315 274 generatio
1336 239 1476 274 peccatrix
1495 240 1614 267 oriretur
1631 241 1657 267 in

873 285 966 312 corde.
992 285 1066 312 Fecit
1085 293 1150 320 ergo
1166 286 1312 320 malignum
1331 294 1423 314 coram
1442 287 1496 314 Deo
1518 287 1660 321 generatio

873 329 1011 362 adultera,
1030 337 1089 363 quae
1110 331 1225 358 nescivit
1239 331 1332 359 Jesutn
1343 350 1351 364 ,
1369 339 1456 367 neque
1473 332 1658 366 presbyteros.

907 375 935 402 5.
953 384 962 400 ι
978 375 1011 402 Ει
1025 376 1147 408 servivit,
1162 376 1248 412 inquit
1260 377 1298 411 ",
1317 377 1418 404 Banlim
1432 398 1440 411 ,
1457 381 1484 405 et
1504 377 1658 412 derelique-

873 425 937 448 rnnt
951 421 1092 448 Dominum
1106 422 1188 449 Dentu
1203 427 1310 457 patrum
1322 431 1459 452 suorum.)
1475 424 1536 452 llaec
1549 424 1657 458 quidem

873 467 995 494 fecerunt
1014 467 1121 502 antiqui
1139 477 1146 495 :
1161 469 1208 496 sed
1224 470 1353 504 qttoniatn
1374 477 1435 505 quas
1454 470 1555 505 scripta
1575 474 1657 502 sunt.

872 520 925 540 tton
946 518 1056 548 propter
1075 513 1146 546 illos,
1169 515 1216 542 sed
1238 520 1349 550 propter
1369 523 1418 543 nos
1440 516 1541 551 scripta
1560 516 1657 544 dicun-

873 562 915 586 tur
925 558 960 590 θ’,
974 567 984 584 ι
998 559 1024 586 itt
1037 566 1105 593 quos
1129 559 1196 587 ﬁnes
1216 560 1376 588 saeculorum
1396 561 1576 593 devenerunt,
1590 570 1600 586 ι
1618 561 1659 588 vi-

871 603 985 631 deamus
1006 612 1039 631 ne
1058 605 1161 640 majore
1179 613 1211 633 ex
1233 610 1311 640 parte
1329 606 1362 634 de
1383 607 1462 634 nobis
1478 607 1554 639 haec,
1575 614 1656 642 quant

871 649 905 676 de
924 649 977 677 illis
998 650 1068 677 dicta
1085 651 1241 678 videantur.
1259 652 1308 680 Vis
1326 652 1419 679 videre
1435 653 1497 687 quia
1522 652 1577 688 (Η)
1601 660 1654 678 tton

871 703 920 730 per
934 704 987 727 me,
999 697 1045 724 sed
1061 704 1110 731 per
1123 697 1282 732 Apostolnm
1297 699 1330 725 de
1343 699 1419 725 nobis
1434 706 1496 726 esse
1511 699 1560 726 ista
1573 706 1656 733 expo-

872 742 992 769 nuntur?
1007 743 1073 770 Audi
1085 743 1142 778 ipse
1157 744 1221 779 quid
1237 745 1335 772 dicat‘:
1345 755 1353 770 ι
1366 745 1393 772 In
1404 744 1479 773 Helia
1488 750 1579 773 autem
1591 745 1655 780 quid

871 787 936 814 dicit
952 787 1111 822 Scriptura?
1128 789 1270 823 Quomodo
1288 791 1443 825 interpellat
1461 791 1543 818 Deum
1559 791 1655 818 adver-

871 841 929 860 sutn
942 833 1044 861 Israel?
1059 835 1185 868 Domine,
1200 836 1348 871 prophetas
1361 843 1421 864 tuos
1433 837 1600 869 occiderunt,
1614 837 1653 864 al-

871 879 938 906 taria
955 884 999 906 tua
1018 881 1140 909 demoliti
1161 887 1235 914 sunt,
1259 888 1287 910 et
1301 891 1352 918 ego
1374 884 1485 911 relictus
1499 891 1558 910 sutn
1577 883 1653 910 solus

868 929 893 951 et
910 931 1034 958 qumrunt
1052 927 1170 954 animam
1188 935 1286 955 meatu.
1311 927 1364 956 Sed
1381 929 1446 963 quid
1462 929 1526 956 dicit
1546 929 1582 956 illi
1611 936 1655 955 re-

867 978 997 1006 sponsum
1012 973 1151 1001 divinum?
1167 974 1273 1009 Reliqui
1287 975 1351 1002 mihi
1364 980 1467 1010 septem
1482 976 1564 1003 millia
1578 976 1653 1003 viro-

868 1025 939 1050 rutn,
950 1019 995 1053 qui
1009 1027 1062 1046 non
1075 1025 1259 1048 curvaverunt
1269 1028 1357 1055 genua
1373 1021 1484 1054 Baalitn,
1504 1031 1513 1048 ι
1524 1021 1652 1049 etaddit:

869 1072 879 1088 ι
892 1064 939 1091 Sic
949 1071 1025 1100 ergo,
1035 1065 1134 1099 inquit,
1147 1069 1173 1093 et
1187 1066 1213 1092 in
1226 1067 1277 1094 ltoc
1288 1071 1409 1101 tempore
1423 1067 1542 1101 reliquiae
1556 1074 1653 1095 secun-

866 1111 930 1137 dttm
955 1110 1114 1138 electionem
1130 1112 1227 1146 gratim
1243 1112 1326 1139 salvae
1347 1113 1426 1140 facta:
1447 1117 1518 1140 sunt.
1535 1123 1544 1138 ι
1571 1112 1651 1141 Vides

865 1148 931 1190 ergo
949 1157 1012 1191 quia
1032 1156 1092 1185 illos
1116 1158 1162 1192 qui
1178 1163 1360 1186 curvaverunt
1384 1166 1471 1193 genua
1487 1158 1602 1191 Baalim,
1623 1163 1651 1187 et

865 1203 910 1238 qui
923 1210 976 1229 non
994 1208 1186 1235 curvavernnt,
1203 1203 1228 1230 in
1245 1204 1366 1239 reliqttiis
1382 1204 1548 1232 credentium
1575 1209 1602 1232 et
1622 1206 1649 1232 in

866 1248 1041 1275 multitudine
1075 1255 1127 1275 non
1165 1248 1336 1276 credentium
1378 1249 1583 1284 interpretatur.
1616 1249 1651 1277 Et

865 1293 916 1321 hoc
931 1291 988 1328 (42)
1004 1293 1134 1325 ostendit,
1149 1293 1211 1328 quia
1227 1293 1264 1320 illi
1283 1294 1328 1328 qui
1347 1293 1374 1320 in
1389 1298 1508 1329 tempore
1525 1294 1650 1322 Salvato-

864 1338 902 1366 ris
916 1338 1047 1366 incredttli
1063 1339 1453 1375 exstiteruntetitnpii,genua
1467 1344 1650 1368 curvaverunt

863 1383 978 1417 Baalim,
991 1388 1018 1411 et
1028 1384 1212 1412 adoravernnt
1228 1385 1384 1413 simulacra.
1401 1385 1433 1413 Hi
1448 1393 1513 1414 vero
1528 1387 1573 1421 qui
1587 1394 1649 1414 cre-

862 1430 941 1463 dunt,
965 1435 993 1458 ct
1017 1431 1129 1466 implent
1143 1438 1224 1467 Opera
1240 1432 1312 1465 ﬁdei,
1326 1440 1379 1460 non
1396 1437 1581 1460 eurvaverunt
1601 1440 1649 1467 ge-

864 1483 918 1502 nua
934 1474 1050 1502 Baalitn.
1067 1475 1160 1510 Neque
1175 1477 1248 1504 enim
1262 1484 1376 1512 usquam
1392 1477 1511 1504 refertur
1522 1478 1548 1504 itt
1560 1478 1648 1506 ltistoc

12 1512 90 1539 mitti
107 1513 221 1547 prodest
238 1514 260 1541 si
286 1515 311 1542 in
335 1516 398 1544 aliis
412 1517 484 1545 vivat
501 1525 533 1545 ex
551 1520 666 1552 virtute,
687 1527 714 1548 et
730 1522 755 1549 itt
770 1531 812 1550 nte
826 1529 847 1558 α
864 1520 923 1551 riis.
938 1520 979 1548 vel
995 1521 1021 1547 in
1033 1521 1208 1556 evangelicis,
1222 1521 1264 1549 vel
1279 1522 1305 1549 in
1320 1522 1380 1550 aliis
1396 1521 1561 1557 quibuslibet
1573 1522 1650 1550 Scri-

9 1557 161 1584 moriatur
175 1564 207 1584 ea
223 1558 381 1588 inﬁrmitate
396 1563 517 1596 peccati?
533 1563 602 1598 Quid
620 1566 684 1593 mihi
701 1569 811 1602 prodest

8 1604 31 1629 si
54 1603 88 1629 itt
106 1610 153 1629 me
172 1608 198 1631 et
221 1604 248 1632 in
278 1613 338 1634 tneo
360 1608 443 1636 corde
469 1617 522 1638 non
540 1611 624 1645 vivit,
639 1613 701 1641 etsi
725 1615 751 1642 in
768 1623 812 1644 me

9 1655 101 1680 opera
120 1647 185 1675 vitae
201 1657 253 1676 non
269 1651 394 1685 perﬁcit?
406 1653 477 1687 Quid
494 1655 559 1683 tttihi
576 1658 686 1690 prodest
702 1659 724 1686 si
740 1660 809 1695 apud

10 1693 103 1720 alium
121 1701 155 1720 ex
175 1694 253 1723 bonis
268 1697 375 1732 studiis,
388 1706 419 1726 ex
440 1700 510 1727 bona
526 1701 587 1733 ﬁde,
603 1711 635 1730 ex
650 1704 727 1732 battis
742 1693 808 1740 ope-

12 1740 96 1766 ribus
114 1740 241 1768 nascitur
253 1747 281 1769 et
298 1744 420 1772 reﬁcitur
434 1745 489 1782 (40)
503 1756 509 1773 :
526 1749 595 1781 apud
616 1757 658 1777 tne
675 1756 764 1778 autent
779 1757 806 1780 et

11 1784 38 1811 in
68 1792 136 1812 meo
159 1786 241 1813 corde
263 1795 312 1822 per
331 1789 415 1817 malas
429 1792 607 1825 cogitationes
626 1800 653 1822 et
672 1796 805 1826 desideria

11 1829 152 1862 nefanda,
177 1839 226 1866 per
250 1834 339 1861 studia
368 1837 485 1870 pessima
510 1839 659 1868 snﬂocatur
677 1845 805 1877 quodam-

12 1876 102 1924 modo
116 1879 145 1902 et
158 1879 291 1906 necatur?
307 1880 373 1908 Vide
386 1882 457 1909 enim
476 1884 539 1918 quid
559 1886 634 1913 addit
656 1876 807 1924 Scriptura,

11 1920 101 1957 462
119 1922 183 1956 quia
206 1931 216 1949 ι
232 1927 363 1958 surrexit,
379 1927 466 1962 inquit
481 1929 515 1963 θ’,
531 1932 671 1965 generatio
687 1920 737 1962 alia
749 1920 808 1969 quae

12 1975 70 1994 non
100 1969 230 2002 cognovit
247 1969 357 2004 Jesum,
380 1978 408 2000 et
433 1981 516 2009 opera
535 1976 783 2014 quaefecitmagna.
798 1989 806 2005 ι

12 2012 170 2040 Getteratio
186 2014 228 2041 illa
241 2023 303 2050 quae
318 2025 371 2045 non
395 2021 523 2055 cognovit
542 2022 685 2051 Dominum
702 2012 805 2059 Iesum,

13 2058 65 2085 is“)
83 2062 130 2084 est
148 2058 276 2087 malarum
291 2063 496 2097 cogitationum,
514 2071 542 2093 et
565 2068 744 2102 pessimarum
760 2058 806 2097 ett-

12 2104 177 2137 piditatum,
191 2112 252 2140 qua:
265 2109 412 2141 proceduttt
437 2118 471 2138 ex
493 2112 585 2140 corde.
605 2113 656 2141 Ista
672 2119 713 2143 est
725 2123 806 2150 gene—

13 2149 89 2177 ratio
102 2157 166 2184 quae
182 2158 235 2177 non
255 2155 423 2188 recognoscit
441 2156 582 2185 Dominum
597 2158 699 2191 Jesum.
719 2149 805 2196 neque

863 1567 951 1601 ptttris
965 1567 1036 1600 quod
1052 1566 1151 1601 aliquis
1165 1572 1287 1602 tempore
1300 1568 1451 1595 Salvatoris
1463 1576 1550 1603 genua
1564 1568 1647 1596 ﬂexe-

863 1612 898 1639 rit
911 1612 1076 1645 simulacris,
1092 1613 1140 1640 sed
1157 1614 1191 1641 de
1213 1614 1266 1641 illis
1290 1615 1382 1648 utiqtte
1397 1613 1448 1642 hoc
1467 1614 1579 1646 dicitur,
1599 1614 1647 1648 qui

862 1658 981 1692 peccatis
996 1658 1053 1686 suis
1073 1660 1188 1692 astricti,
1205 1659 1276 1687 velut
1301 1661 1445 1694 compediti
1472 1661 1645 1690 tenebantur.

863 1703 940 1732 Unde
954 1709 1065 1732 constat
1076 1705 1139 1740 quia
1157 1710 1185 1733 et
1199 1713 1249 1734 nos
1264 1705 1479 1740 quotiescunque
1492 1714 1646 1741 peccamus,

860 1757 921 1777 cum
936 1751 1035 1785 captivi
1051 1751 1179 1778 ducimur
1192 1751 1220 1778 in
1233 1751 1291 1786 lege
1309 1752 1425 1786 peccati,
1442 1759 1529 1786 genua
1552 1758 1646 1780 nostra

860 1802 1006 1823 curvamus
1021 1795 1136 1824 Baalim.
1163 1796 1216 1824 Sed
1239 1804 1292 1824 non
1311 1797 1336 1824 in
1353 1798 1404 1824 hoc
1420 1798 1507 1826 vocati
1530 1805 1623 1826 sumus
1635 1819 1644 1830 ,

860 1849 910 1870 nec
926 1842 959 1869 ad
976 1842 1026 1869 hoc
1044 1842 1212 1869 credidimus
1223 1862 1230 1874 ,
1246 1847 1275 1870 ttt
1296 1842 1392 1870 iterum
1412 1843 1564 1871 serviamus
1579 1850 1644 1878 pee-

859 1892 941 1920 cato,
967 1892 994 1915 et
1014 1888 1111 1915 iterum
1134 1895 1220 1922 genua
1235 1888 1376 1916 ﬂectamus
1392 1888 1520 1919 diabolo,
1547 1889 1594 1916 sed
1617 1893 1645 1915 ut

859 1933 1000 1961 ﬂectamus
1015 1940 1102 1968 genua
1119 1934 1145 1960 in
1162 1933 1271 1960 nomine
1286 1933 1390 1960 Domini
1404 1934 1466 1961 Jesu
1484 1943 1491 1961 :
1507 1933 1570 1968 quia
1589 1943 1599 1960 ι
1617 1934 1642 1960 in

860 1979 969 2007 nomine
983 1978 1047 2006 Jesu
1063 1986 1143 2006 omne
1157 1986 1226 2013 genu
1239 1979 1357 2007 ﬂectitur
1374 1979 1537 2012 ccelestium,
1548 1985 1576 2007 ct
1589 1985 1644 2007 ter-

858 2025 996 2056 restrium,
1016 2029 1043 2052 et
1065 2024 1232 2053 infernarum
1250 2026 1280 2058 ';
1296 2034 1307 2052 ι
1323 2030 1393 2053 etut
1409 2025 1552 2054 ﬂectamus
1570 2035 1579 2052 ι
1596 2034 1643 2062 ge-

858 2079 910 2099 ntta
926 2072 959 2099 ad
976 2072 1084 2099 Patrem
1100 2071 1205 2099 Domini
1225 2072 1310 2099 nostri
1330 2071 1393 2099 Jesu
1409 2072 1522 2106 Christi,
1535 2080 1568 2100 ex
1588 2080 1643 2108 quo

856 2117 946 2144 omnis
977 2117 1127 2152 paternitas
1150 2117 1176 2144 in
1198 2117 1297 2145 coelum
1324 2122 1353 2145 et
1375 2117 1402 2144 in
1423 2124 1496 2146 terra
1515 2120 1642 2147 nomina—

857 2168 901 2191 tur
915 2164 936 2189 ³.
954 2173 964 2190 ι
988 2163 1041 2191 Sed
1058 2163 1122 2198 qttid
1144 2164 1210 2191 mihi
1232 2165 1345 2199 prodest
1366 2165 1387 2192 si
1406 2172 1492 2199 genua
1516 2166 1643 2201 corporis

12 2202 84 2230 opus
101 2202 230 2230 magnum
246 2199 318 2232 quod
335 2199 399 2228 fecit
414 2201 440 2229 in
456 2202 548 2231 lsracl.
570 2204 648 2234 Vides
663 2206 725 2240 quia
741 2214 805 2241 pcc—
820 2205 843 2234 Ι)
857 2210 908 2238 ntei
928 2211 963 2238 ad
986 2210 1134 2238 orationem
1155 2210 1268 2238 veniens
1288 2210 1393 2239 ﬂectam
1417 2211 1486 2245 Deo,
1508 2217 1537 2240 et
1552 2199 1652 2247 genua:

13 2246 129 2269 calores
144 2248 178 2269 eo
193 2250 279 2277 usque
295 2247 468 2281 perveniunt,
488 2254 518 2276 ut
535 2255 563 2278 et
583 2258 651 2285 opus
666 2252 730 2280 illud
746 2261 804 2280 tua-

13 2296 99 2323 gnutn
111 2292 140 2316 et
152 2290 311 2324 praeclarum
324 2294 397 2328 quod
409 2294 475 2322 fecit
488 2296 627 2331 Dominus,
640 2299 804 2328 obliviscan-

14 2338 57 2361 tur
69 2354 78 2365 ,
99 2335 174 2368 quod
197 2337 343 2366 cruciﬁxus
361 2344 403 2367 est
427 2349 437 2366 ι
450 2348 498 2375 pro
518 2344 637 2377 peccatis
650 2346 760 2379 nostris,
777 2352 805 2375 et

14 2381 169 2408 resurrexit
183 2387 294 2418 propter
302 2384 526 2418 jttstiﬁcationent
538 2392 715 2418 nostram’h
728 2392 803 2421 Unde

14 2427 100 2474 credo
116 2428 189 2474 quod
205 2435 315 2464 propter
329 2431 400 2459 ltanc
411 2433 575 2463 oblivionem
592 2442 717 2465 metuens
731 2439 804 2474 Apo-

14 2473 104 2500 stolus
122 2473 231 2502 dicebat
244 2476 379 2512 discipulo
392 2487 442 2508 suo
461 2480 620 2516 Timotheo,
635 2491 715 2519 quem
731 2473 802 2520 prm—

14 2520 128 2554 ripuum
153 2520 271 2550 habebat
281 2523 304 2539 ’⁷
314 2531 322 2551 :
339 2534 348 2550 ι
367 2525 470 2553 Memor
490 2533 547 2556 esto
561 2529 696 2558 Christum
710 2531 801 2560 Iesum

15 2566 203 2594 resurrexisse
224 2575 238 2594 a
254 2570 378 2598 mortuis.
396 2581 405 2596 ι
425 2572 535 2601 Sciebat
549 2575 620 2602 enim
641 2577 703 2610 quia
722 2577 802 2613 hujus

45 2612 168 2652 313ml.
187 2620 224 2652 tv,
238 2614 292 2652 t5,_
317 2617 439 2652 f‘tilatth.
457 2627 485 2652 χ,
498 2620 545 2651 52.
561 2621 603 2649 35.

15 2688 53 2713 tu.
69 2681 115 2715 Li,
131 2681 174 2709 15.

46 2729 108 2764 (40)
130 2729 208 2771 llas?
226 2739 236 2756 ι
248 2737 274 2758 cl
290 2732 422 2759 reﬁcitur.
436 2743 445 2760 ›
461 2733 537 2761 ιτιιιι.
553 2736 630 2767 editi,
649 2745 658 2761 ι
672 2741 698 2763 et
717 2736 796 2771 perﬁ-

16 2764 94 2806 fi_t_u_r.
108 2775 118 2790 ι
132 2765 223 2806 Fitqu
234 2772 294 2800 post
308 2775 385 2806 tn_ss.,
405 2778 414 2793 ι
433 2777 480 2804 per
491 2770 576 2797 malas
590 2764 793 2806 cogitationes.»

17 2798 91 2836 Liltb.
105 2801 183 2836 editi.
199 2809 209 2826 ι
223 2798 271 2836 per
288 2798 395 2830 multas.
409 2813 418 2828 ι

46 2835 104 2871 (ιι)
122 2835 202 2869 Mss.,
215 2845 223 2861 ι
236 2835 282 2864 Vis
292 2837 394 2870 videre,
406 2839 583 2872 (lliiilJLiili).
597 2841 670 2874 editi,
684 2849 792 2877 tquam~

100 2623 176 2657 Et":
187 2623 224 2657 ιιξξ
238 2623 292 2657 ωε.
317 2623 439 2657 _"tt_talth.
451 2627 485 2657 χ,
498 2623 545 2657 52)
561 2623 603 2649 35.
659 2624 681 2639 ³³
695 2623 757 2651 Jud.
771 2632 801 2657 tt,
819 2624 863 2652 10.

70 2646 190 2693 Ξὶηιᾈιι,
205 2648 233 2676 8.
270 2650 293 2666 "
312 2649 375 2680 Jud.
397 2646 490 2687 up“;
509 2646 615 2683 ιέξῖθ
633 2658 641 2685 l
659 2646 834 2693 υοῖῗῖξῖιῖ

855 2257 946 2284 cordis
959 2257 1010 2285 mei
1024 2257 1129 2285 ﬂectam
1144 2257 1269 2285 diabolo?
1280 2258 1308 2285 Si
1325 2258 1398 2285 enim
1411 2265 1464 2285 non
1477 2262 1579 2286 stetero
1594 2260 1655 2286 ﬁr-.

856 2311 916 2331 mus
932 2303 1075 2332 adversum
1093 2303 1209 2331 astutias
1234 2303 1355 2336 diaboli,
1384 2303 1445 2331 ﬂexi
1466 2311 1552 2339 genua
1581 2312 1656 2335 mea,

856 2348 974 2376 diabolo.
1001 2348 1034 2376 Et
1058 2348 1082 2376 si
1105 2356 1158 2376 non
1183 2354 1341 2376 constanter
1367 2354 1473 2377 stetero
1495 2350 1655 2379 adverSttm.

854 2395 934 2427 iram,
952 2394 1012 2423 ﬂexi
1028 2402 1113 2429 genua
1133 2402 1192 2422 mea
1207 2394 1263 2422 iraa.
1279 2394 1410 2423 Similiter
1421 2400 1449 2423 et
1466 2396 1554 2424 sinon
1571 2403 1640 2424 con-

853 2445 958 2468 stanter
982 2440 1086 2468 libidini
1108 2440 1242 2473 restitero,
1268 2440 1329 2468 ﬂexi
1355 2441 1458 2469 libidini
1484 2449 1568 2477 genua
1586 2442 1640 2469 tttei

852 2487 954 2514 cordis.
977 2486 1009 2514 Et
1037 2486 1064 2514 in
1092 2486 1207 2521 singulis
1228 2487 1382 2522 quibusque
1408 2494 1469 2521 quae
1496 2487 1637 2514 contraria

851 2537 915 2560 sunt
929 2531 995 2564 Deo,
1017 2532 1068 2560 hoc
1083 2531 1174 2560 facere
1193 2532 1322 2565 Videbar,
1353 2532 1403 2559 ttisi
1423 2536 1583 2560 constanter
1609 2538 1647 2561 et:

852 2578 960 2605 fortiter
988 2582 1093 2606 stetero
1105 2598 1112 2611 ,
1131 2579 1202 2605 sicut
1216 2582 1244 2605 et
1267 2577 1305 2604 illi
1325 2577 1447 2605 fecerunt
1464 2578 1527 2612 quia
1544 2579 1636 2608 colue-

919 2627 942 2642 ”
961 2625 1023 2652 ibid.
1040 2625 1082 2652 lt.
1138 2625 1160 2640 9‘
1180 2623 1240 2650 Jud.
1257 2631 1285 2654 ιι.
1303 2623 1346 2650 ιο.
1398 2623 1421 2639 ’⁸
1440 2624 1517 2651 Rom.
1535 2632 1573 2657 tv,
1588 2626 1645 2654 25..

874 2661 881 2676 ¹
902 2660 980 2688 Rom.
996 2669 1034 2693 xl,
1052 2660 1080 2693 ‘2,
1100 2660 1127 2693 ’5,
1145 2659 1171 2691 4,
1187 2659 1214 2686 5.
1253 2659 1262 2674 ³
1274 2658 1391 2693 Philipp.
1406 2666 1435 2692 tt,
1451 2659 1495 2687 10.
1534 2659 1545 2676 ³
1565 2661 1645 2696 Εριι..

850 2740 890 2766 vis
906 2748 997 2766 verum
1015 2744 1055 2766 est
1071 2739 1144 2774 quia.
1159 2749 1166 2765 ι

887 2774 942 2812 (t2)
955 2776 1002 2802 Sic
1019 2783 1084 2803 mss.
1103 2775 1177 2803 Libri
1195 2778 1285 2803 autem
1301 2775 1377 2809 editi,
1400 2785 1409 2802 ι
1427 2775 1540 2812 interprt
1550 2781 1630 2805 tatur.

850 2810 925 2842 Quod
942 2811 1002 2838 hoc.
1018 2819 1027 2836 ι
