1896 3052
262 144 316 174 959

263 207 328 231 runt
346 200 459 232 Baalim,
475 202 503 225 et
524 194 726 228 dcreliquerunt
745 191 828 218 Deum
854 192 961 223 patrum
985 193 1049 213 suo-
1065 185 1089 214 Α

263 257 325 278 rum
341 247 387 282 qui
404 244 496 272 eduxit
512 242 574 269 illos
594 241 628 267 de
647 243 718 265 terra
737 235 859 273 Egypti.
885 234 943 262 Non
969 232 1051 268 igitur

264 280 404 330 putemus,
424 291 486 325 quia
505 289 630 315 videmur
644 285 788 312 simulacra
803 290 857 309 non
876 280 977 312 colere,
988 286 1053 314 pro-

266 326 359 374 pterea
380 337 437 363 lure
458 341 510 360 non
527 337 555 360 et
577 332 611 358 ad
633 334 754 356 nostrum
771 328 877 362 aliquos
903 326 1050 360 pertinere.

269 371 459 416 ilnusquisqtte
478 379 550 413 quod
570 383 626 411 pra:
644 374 751 402 ceteris
779 373 855 404 colit,
877 371 949 407 quod
969 378 1052 404 super

265 429 358 457 omnia
377 427 492 454 miratur
506 429 533 451 et
547 422 647 457 diligit,
666 421 718 448 hoc
732 420 757 447 ci
781 417 848 446 deus
864 423 917 445 est.
931 417 1052 451 Denique

265 473 318 501 hoc
329 478 370 500 est
385 470 458 506 quod
474 473 538 496 ante
551 466 653 498 onmia,
668 470 694 492 et
710 471 793 498 super
806 463 897 490 omnia
912 469 962 497 per
976 468 1052 487 man-

265 521 357 546 datum
373 524 452 545 suum
471 516 543 542 Deus
557 511 681 547 deposcit
697 511 732 537 ab
755 509 867 537 homine
883 515 892 535 ξ
907 517 918 533 ‹
933 507 1051 541 Diliges,

265 565 353 599 inquit
370 563 399 595 ⁸,
413 561 558 590 Dominum
576 559 660 586 Deum
677 561 752 584 tuum
771 563 805 582 ex
826 558 882 581 toto
897 553 980 581 corde
994 557 1050 584 tuo,

265 615 295 638 et
303 618 335 638 ex
348 613 402 636 tota
414 607 504 634 anima
517 610 573 638 tua,
586 609 614 632 et
627 611 661 631 ex
675 603 739 630 lotis
748 601 852 628 viribus
866 600 936 631 tuis;
955 609 965 625 ι
981 605 1051 633 prte-

266 661 400 690 occupare
413 650 612 688 quodammodo
624 657 688 684 erga
704 656 734 676 se
747 647 860 681 cupiens
871 645 1052 673 boshumauae

267 701 366 729 mentis
378 699 490 727 aﬂ‘ectus
502 718 510 729 .
525 702 552 724 et
566 696 657 724 sciens
676 694 739 729 quia
761 693 833 728 quod
852 699 885 719 ex
902 695 959 718 toto
971 690 1052 717 corde

267 746 475 781 dilexeritquis,
490 749 518 772 et
530 752 563 772 ex
577 747 634 770 tota
651 741 752 772 anima,
766 745 847 774 atque
859 738 963 764 viribus
976 736 1051 768 totis,

267 794 320 821 hoc
335 793 359 821 ei
377 791 444 819 deus
460 795 513 818 est.
529 789 661 817 Discutiat
675 794 747 814 nunc
758 784 941 819 unusquisque
954 787 1053 810 semet-

267 839 369 874 ipsum,
388 842 415 865 et
433 837 532 864 tacitus
550 843 582 862 ex
600 841 650 862 suo
667 832 750 860 corde
776 834 927 862 recenseat,
948 836 1009 864 qua:
1023 828 1052 856 in
1069 853 1090 880 Β

267 893 302 913 eo
331 884 503 919 potissimum
530 886 557 909 et
580 887 663 914 super
692 882 790 906 caetera
820 875 910 903 omnia
944 875 1053 902 ﬂamma

268 930 372 957 amoris
385 932 525 959 exaestuet,
541 927 602 961 quis
619 925 674 952 sibi
688 922 829 950 ardentior
846 920 952 949 exteris
963 920 1054 948 fovea-

269 982 314 1004 tur
332 974 453 1002 aﬂectus.
465 973 519 1000 Vos
540 972 592 1007 ipsi
613 972 647 998 de
669 971 712 998 bis
728 969 855 996 habetote
867 967 1011 1002 judicium,
1027 971 1055 993 et

269 1023 296 1050 iu
310 1025 410 1049 statera
425 1019 481 1047 hac
492 1017 578 1046 vestri
594 1017 730 1045 examinis
743 1015 897 1050 appendite,
912 1018 939 1040 et
952 1013 975 1040 si
989 1011 1053 1047 quid

268 1071 311 1095 est
328 1066 401 1102 quod
415 1066 441 1093 in
454 1063 611 1092 dilectionis
625 1063 703 1089 lance
718 1060 917 1097 prreponderat,
937 1059 990 1086 hoc
1007 1057 1054 1085 tibi

267 1113 336 1140 deus
353 1116 404 1140 est.
430 1111 483 1138 Sed
503 1117 601 1137 vereor
622 1115 656 1136 ne
672 1107 741 1142 apud
756 1106 971 1142 quamplurimas
987 1113 1056 1140 prze-

267 1158 403 1193 ponderet
416 1164 493 1184 amor
508 1156 578 1188 auri,
591 1159 617 1182 et
629 1153 750 1181 avaritite
764 1152 870 1187 pondus
881 1158 974 1185 pressa
987 1150 1056 1177 satis

269 1204 348 1232 lance
359 1204 497 1238 devergat.
512 1202 545 1229 Et
565 1201 660 1235 utique
675 1199 775 1226 dicitur
789 1198 823 1224 ad
837 1198 909 1224 hunc
921 1197 932 1212 '
946 1205 953 1224 :
971 1205 980 1221 ι
997 1195 1054 1222 [\‘on

267 1255 347 1285 potes
362 1249 418 1277 Deo
429 1253 456 1276 et
476 1248 636 1275 ﬂammante
650 1245 689 1280 (id
704 1249 747 1272 est
759 1243 893 1278 avaritiae)
912 1243 1025 1270 servire.
1043 1251 1053 1267 ι

270 1294 374 1321 Vereor
395 1297 423 1320 et
446 1292 473 1319 in
495 1291 556 1318 aliis
577 1297 612 1318 ne
631 1288 752 1316 libidinis
769 1293 796 1315 et
818 1287 964 1322 voluptatis
980 1294 1057 1313 amor

269 1339 406 1367 intantum
421 1337 621 1373 praeponderet,
638 1339 667 1362 ut
683 1342 769 1369 usque
781 1334 814 1360 ad
835 1338 935 1361 terram
961 1333 1057 1360 dever-

270 1388 328 1419 gat,
344 1383 371 1410 in
391 1382 454 1410 aliis
466 1389 543 1409 atuor
561 1380 655 1416 glorize
666 1379 815 1411 saecularis,
835 1383 862 1405 et
878 1378 1003 1405 humana:
1017 1377 1058 1404 di-

271 1429 385 1466 gnitatis
411 1428 549 1464 cupiditas
582 1433 663 1461 super
693 1425 784 1452 omnia
819 1427 995 1459 praegravet,
1030 1426 1059 1450 et

271 1476 351 1504 valde
371 1482 471 1510 paucos
493 1481 556 1501 esse
577 1472 713 1504 arbitror,
735 1470 782 1506 qui
804 1470 873 1497 intra
896 1468 1058 1503 semetipsos

992 124 1154 157 ORIGENIS
1818 110 1851 137 960

1104 181 1175 207 ullus
1190 178 1301 206 omnino
1323 173 1499 210 prmscientiz
1523 177 1601 198 amor
1621 175 1674 204 per
1698 173 1730 194 ea
1752 173 1803 201 qua
1821 174 1852 192 ιρι

1104 226 1167 253 licet
1178 223 1317 258 inquisita:
1333 220 1433 255 poterit
1451 225 1502 246 nos
1513 221 1645 251 separare
1658 221 1673 240 a
1686 212 1808 240 charitate
1819 211 1853 241 Dei,

1101 278 1162 306 quae
1174 257 1222 297 est
1237 269 1263 295 iu
1279 267 1388 295 Christo
1406 265 1470 292 Jesu
1487 263 1600 291 Domino
1615 263 1724 287 nostro.
1739 257 1855 284 Anuonto-

1103 303 1157 343 tius
1172 313 1332 349 gentilitatis
1350 319 1429 339 error
1451 310 1514 337 hinc
1534 306 1644 340 accepit
1656 304 1802 334 exerdium,
1815 303 1856 329 dum

1102 368 1133 387 ea
1146 347 1205 394 qua:
1225 357 1338 385 multum
1352 356 1466 390 diligunt
1478 353 1613 383 homines,
1626 351 1694 377 deos
1709 355 1767 376 esse
1783 347 1856 379 volunt,

1102 410 1130 433 et
1143 392 1268 432 humanis
1280 403 1433 439 quibusque
1443 398 1514 426 vitiis
1520 402 1546 424 et
1553 395 1752 432 cupiditatibus
1770 392 1856 420 divinum

1102 457 1199 477 nomen
1221 446 1376 476 ascribunt?
1393 443 1517 472 Pecunia:
1530 449 1649 476 namque
1662 439 1764 474 cupidi,
1782 442 1805 465 et
1814 445 1857 464 ara-

1103 495 1174 522 ritia:
1199 501 1291 521 amore
1306 493 1462 527 ﬂagrantes,
1489 489 1674 516 Hammonem
1693 486 1794 521 quidem
1809 483 1857 518 apud

1102 539 1187 576 Syros
1213 538 1293 566 deum
1307 535 1464 572 cupiditatis
1483 534 1565 562 istius
1580 533 1695 565 dicunt;
1722 529 1826 557 libidinis
1841 533 1858 553 et

1103 573 1250 620 voluptatis
1265 587 1401 609 amatores
1421 580 1555 607 Venerem
1572 578 1652 604 deam
1666 576 1721 603 sibi
1740 574 1792 601 vitii
1804 573 1858 606 hujus

1104 637 1158 665 quo
1169 619 1311 664 agitantur
1325 626 1475 654 ascribunt.
1490 623 1626 651 Similiter
1644 626 1676 649 et
1690 621 1718 649 in
1735 621 1823 648 caeteris
1833 619 1858 645 τὶε

1105 663 1161 706 liis,
1174 663 1244 700 hunc
1261 673 1347 706 ipsum
1355 679 1409 703 quo
1421 673 1552 702 urgentur
1567 667 1698 694 allectum
1712 667 1784 693 deum
1794 665 1831 691 sibi
1839 663 1861 690 le-

1103 722 1212 745 ceruut.
1231 717 1307 745 Unde
1323 721 1350 743 et
1367 714 1512 749 Apostolus
1529 713 1626 739 eadem
1636 710 1718 738 dicit.
1730 709 1773 737 Ait
1784 707 1859 735 enim':

1106 772 1116 789 ι
1136 764 1168 790 Et
1183 762 1297 790 avaritia
1308 761 1380 796 quod
1395 764 1437 788 est
1451 759 1585 786 idolorum
1603 757 1707 784 cultus.
1724 765 1733 782 ι
1744 755 1862 787 “deum

1103 808 1168 843 quia
1182 816 1236 835 non
1251 807 1336 835 solum
1354 806 1470 833 adorare
1482 803 1676 833 simulacrum,
1695 801 1743 828 sed
1758 800 1811 835 quia
1822 806 1861 824 att-

1105 853 1174 879 ritis:
1187 852 1307 882 studere,
1324 849 1457 877 idolorum
1470 846 1560 874 cultus
1570 849 1598 872 et
1608 844 1730 872 servitus
1744 845 1862 876 reputatur.

1108 897 1154 924 Sic
1169 903 1234 931 ergo
1246 900 1274 923 et
1289 901 1339 922 nos
1352 901 1415 921 cum
1427 890 1562 925 aliquibus
1577 889 1654 916 vitiis
1676 888 1715 915 ita
1740 886 1812 913 dediti
1833 891 1862 910 su-

1104 949 1176 974 mus,
1194 945 1223 967 ut
1237 947 1268 967 ea
1284 947 1317 966 ex
1341 942 1398 965 toto
1419 936 1512 968 corde,
1529 939 1557 962 et
1569 939 1626 962 tota
1643 933 1746 964 anima,
1766 934 1863 964 alquect

1104 986 1169 1013 totis
1181 985 1286 1012 viribus
1300 983 1458 1019 diligamus,
1469 980 1585 1008 adorare
1600 978 1674 1006 idola
1685 982 1713 1004 et
1728 976 1863 1007 abiissspmt

1105 1031 1171 1058 deos
1186 1029 1290 1056 alienos
1307 1029 1436 1055 dicimur.

1141 1076 1169 1102 4.
1183 1084 1193 1100 r
1212 1075 1246 1101 Et
1269 1074 1461 1103 adoraverunt.
1477 1069 1601 1105 inquit’,
1618 1069 1687 1096 deos
1700 1067 1810 1097 alienos,
1821 1065 1863 1091 deos

1105 1121 1239 1156 gentium,
1254 1127 1315 1154 qua:
1330 1119 1356 1146 iu
1373 1117 1488 1145 circuitu
1502 1117 1625 1150 ipsorum
1640 1117 1734 1144 erant,
1753 1116 1777 1138 et
1789 1111 1816 1136 ad
1829 1110 1864 1135 irt-

1105 1154 1231 1194 eundiam
1250 1165 1456 1193 concitaverunt
1471 1163 1564 1189 Deum.
1584 1169 1594 1186 ι
1611 1159 1698 1186 Vides
1718 1162 1832 1192 quantum
1842 1154 1865 1180 fr

1105 1212 1182 1240 ciant
1201 1215 1322 1246 peccata,
1335 1214 1364 1236 ιιι
1382 1212 1526 1243 peccantes
1539 1206 1614 1233 illum
1633 1205 1659 1231 in
1673 1211 1730 1238 quo
1741 1211 1789 1229 non
1802 1200 1863 1228 solum

1107 1257 1156 1285 ira:
1168 1245 1257 1283 nullus
1272 1255 1387 1282 allectus
1402 1257 1455 1285 est,
1468 1252 1516 1280 sed
1531 1258 1582 1278 nec
1593 1250 1668 1277 alius
1686 1249 1791 1284 quidem
1802 1245 1863 1281 passi-

1108 1303 1170 1330 bilis
1187 1307 1287 1333 motus,
1300 1308 1349 1328 nos
1366 1300 1399 1327 ad
1412 1298 1581 1326 iracundiam
1598 1303 1753 1331 provocare
1763 1294 1863 1321 dicamur.

1109 1349 1209 1377 Verum
1219 1347 1263 1375 ille
1274 1349 1416 1381 permanet
1426 1342 1605 1372 immutabilis
1621 1342 1648 1368 in
1661 1348 1713 1368 sua
1732 1344 1826 1369 natura,
1835 1342 1864 1362 nec

1109 1401 1229 1428 unquam
1244 1393 1293 1420 irae
1306 1390 1432 1419 turbatur
1448 1389 1591 1416 aﬂectibus
1607 1395 1614 1413 :
1631 1394 1685 1422 ego
1700 1390 1786 1413 autem
1803 1388 1864 1418 pere!

1109 1447 1170 1475 qua
1182 1438 1319 1473 delinquo,
1331 1437 1400 1464 iram
1419 1434 1486 1462 mihi
1501 1434 1558 1469 ipse
1571 1432 1729 1464 conseisco,
1747 1431 1810 1458 sicut
1821 1427 1864 1455 dicit

1109 1472 1253 1520 Apostolus
1264 1472 1324 1510 lia-c
1336 1482 1393 1517 ipse
1408 1481 1509 1508 docens
1525 1478 1585 1514 (45)
1601 1487 1608 1505 :
1625 1487 1635 1503 ι
1654 1477 1782 1505 Secundu
1793 1485 1804 1501 ιι
1815 1472 1866 1500 duri-

271 1522 416 1550 mcﬁenws
439 1520 496 1556 (ιῦ)
521 1518 635 1547 anew"
663 1525 748 1550 suo”
772 1521 800 1544 ei
822 1518 848 1543 in
875 1520 985 1543 malem
1010 1516 1092 1546 eosc
1110 1516 1173 1557 tiam
1191 1535 1263 1556 tuam
1280 1516 1371 1555 autem
1395 1531 1423 1553 et
1445 1533 1493 1553 eor
1520 1524 1700 1559 impteuiteus
1720 1520 1864 1550 tltcsaurius.

274 1567 432 1602 aequalitate
462 1570 606 1601 pensantes
640 1564 780 1591 invenient
807 1562 877 1597 quod
905 1561 1058 1589 dilectionis

272 1614 321 1641 Dci
345 1613 450 1648 pondus
475 1619 556 1647 super
576 1611 667 1638 omnia
686 1614 782 1637 caetera
801 1615 862 1643 quae
876 1611 939 1634 sunt
964 1607 1058 1634 buma-

273 1666 308 1687 na
333 1658 531 1694 prmpouderet.
567 1655 634 1683 Scio
662 1662 713 1690 ego
746 1661 830 1686 eum,
853 1653 898 1687 qui
930 1658 958 1679 et
987 1651 1057 1686 apud

273 1705 450 1740 semetipsum
471 1710 575 1730 summa
591 1700 792 1729 examinatione
818 1703 1005 1735 pensavcrat,
1031 1702 1059 1725 et

272 1759 335 1778 eum
360 1750 508 1778 invenisset
533 1749 596 1783 quia
621 1754 718 1775 omnes
748 1746 794 1781 qui
824 1746 896 1773 intra
922 1752 952 1772 se
982 1748 1059 1771 erant

272 1795 387 1823 allectus
415 1795 442 1822 in
471 1795 543 1822 illam
575 1797 678 1828 partem
702 1791 747 1819 ubi
775 1791 823 1819 Dei
850 1795 911 1818 erat
939 1790 1060 1817 cbaritas

271 1847 438 1877 vcrgcrent,
469 1848 530 1869 cum
566 1839 641 1868 omni
680 1838 846 1866 conﬁdentia
886 1837 994 1864 dicebat
1024 1836 1058 1862 ':

274 1897 284 1915 ι
305 1889 373 1922 Quia
395 1895 486 1922 neque
510 1893 603 1917 mors.
624 1892 712 1920 neque
737 1884 808 1916 vita,
829 1890 917 1918 neque
947 1881 1036 1916 angeli
1050 1902 1058 1914 ,

272 1941 361 1969 neque
379 1933 494 1960 virtutes
508 1952 516 1965 ,
544 1939 632 1965 neque
649 1930 796 1966 pmsentia
809 1949 817 1961 ,
843 1935 930 1962 neque
945 1927 1036 1954 futura
1050 1945 1059 1959 .

273 1986 363 2015 neque
387 1979 502 2006 altitudo
515 1997 523 2011 ,
553 1984 640 2012 neqtte
664 1976 829 2011 profundum
843 1993 851 2007 ,
872 1980 962 2008 neque
983 1980 1061 2000 erea-

273 2030 335 2052 tnra
360 2024 414 2051 alia
438 2024 539 2058 p0terit
566 2030 615 2050 nos
640 2028 768 2057 separare
795 2027 810 2047 a
833 2020 968 2048 charitate
991 2018 1059 2051 Dei,

272 2072 354 2109 ω
368 2079 429 2107 qua).
451 2077 494 2100 est
521 2071 548 2098 in
566 2071 674 2098 Christo
698 2070 762 2098 Jesu
788 2069 901 2097 Dotuiuo
918 2073 1023 2097 nostro.
1047 2078 1056 2095 ι

274 2118 328 2146 Sed
354 2118 455 2146 Paulus
473 2118 518 2146 hic
535 2122 576 2145 est
591 2119 636 2152 qui
653 2117 711 2145 haec
723 2117 759 2144 ita
775 2117 863 2152 potuit
879 2116 980 2149 dicere,
996 2116 1062 2150 quia

1109 1575 1199 1609 inquit
1209 1575 1231 1606 ',
1252 1573 1300 1601 tibi
1321 1573 1371 1608 ipsi
1385 1572 1455 1599 iram
1470 1572 1497 1598 in
1519 1571 1563 1597 die
1584 1569 1633 1596 ine
1646 1568 1810 1596 revelatiouis
1824 1565 1865 1598 justi

1105 1620 1201 1655 judicii
1223 1620 1282 1652 Dei,
1303 1618 1349 1653 qui
1365 1618 1461 1646 reddet
1476 1615 1625 1650 unicuique
1649 1615 1796 1642 secundum
1809 1616 1864 1655 open

1108 1673 1166 1694 sua.
1184 1674 1194 1691 ι
1275 1651 1279 1652 7
1311 1651 1320 1653 ἒ
1841 1651 1851 1662 “

1145 1711 1171 1739 5.
1193 1720 1202 1736 ι
1224 1710 1402 1737 Irritaveruut
1417 1714 1482 1743 ergo
1495 1705 1640 1734 Dominum
1657 1705 1693 1732 ad
1721 1701 1866 1731 iracundi-1m.

1109 1762 1137 1785 et
1157 1756 1366 1790 dereliquerunt
1389 1753 1545 1784 Dominum,
1573 1751 1722 1778 coluerunt
1749 1749 1834 1776 Baulittt
1851 1750 1866 1771 et

1110 1804 1248 1834 Astarten,
1269 1807 1297 1829 et
1312 1801 1402 1828 irattts
1415 1805 1457 1827 est
1471 1799 1564 1827 furore
1583 1797 1716 1824 Dominus
1730 1797 1757 1823 in
1768 1792 1866 1822 lsraeLd

1111 1849 1223 1877 tradidit
1247 1855 1294 1875 eos
1316 1848 1342 1874 in
1365 1853 1462 1874 manus
1479 1844 1669 1880 diripientium
1688 1843 1722 1870 ι’.
1747 1851 1756 1868 ι
1774 1837 1866 1874 Quamlit

1110 1896 1172 1931 quis
1190 1895 1245 1923 Deo
1264 1893 1366 1926 servit,
1390 1900 1442 1920 non
1465 1891 1585 1918 traditur
1607 1891 1634 1917 in
1650 1896 1749 1917 manus
1770 1885 1867 1919 diripien-

1111 1942 1190 1968 tium.
1208 1940 1275 1967 Cum
1296 1942 1387 1965 autem
1405 1936 1610 1970 dereliquerunt
1630 1934 1784 1962 Dominum,
1794 1935 1817 1957 et
1829 1934 1867 1954 ser-

1112 1987 1170 2014 vire
1188 1989 1330 2021 coeperunt
1341 1982 1514 2019 passionibus
1528 1981 1595 2011 suis,
1611 1985 1676 2007 tunc
1689 1979 1785 2007 dit-itur
1797 1976 1824 2002 de
1835 1972 1866 2001 eis.

1112 2031 1176 2066 quia
1193 2040 1203 2057 ι
1219 2019 1330 2057 tradidit
1342 2035 1391 2055 eos
1407 2027 1477 2054 Deus
1490 2026 1516 2052 in
1536 2025 1680 2059 passiones
1705 2019 1866 2058 ignominimt

1113 2065 1146 2105 Et
1170 2077 1268 2104 iterum
1282 2075 1323 2101 “:
1351 2083 1361 2100 ι
1384 2071 1510 2100 Tradidit
1529 2077 1577 2097 eos
1600 2069 1674 2096 Deus
1699 2069 1726 2095 in
1755 2065 1865 2100 repmbum

1113 2130 1234 2154 sensum,
1244 2126 1272 2148 ιιι
1287 2120 1391 2147 faciant
1405 2125 1436 2145 ea
1447 2124 1508 2151 qum
1524 2123 1576 2143 non
1585 2106 1865 2144 conveniuntJQuaml

273 2170 361 2198 neque
378 2163 534 2198 praesentia,
547 2171 634 2198 neque
649 2163 752 2210 futura,
767 2170 855 2197 neque
867 2166 993 2210 creatura
1005 2162 1057 2188 alia
1079 2182 1100 2210 D
1114 2168 1181 2202 Quia
1197 2152 1290 2201 τρῇιειῖ
1308 2169 1382 2195 sum,
1404 2162 1503 2197 inquit,
1517 2170 1526 2187 ς
1543 2160 1618 2188 omni
1635 2160 1787 2194 iniquitate.
1801 2152 1867 2188 nequi-

273 2216 336 2236 eutn
362 2217 490 2244 separare
516 2214 605 2244 potest
623 2217 638 2236 a
658 2209 792 2237 cltaritate
818 2208 876 2236 Dei.
892 2207 948 2235 Nos
968 2212 1058 2235 autem

276 2261 358 2291 atque
374 2256 477 2284 utinam
496 2256 537 2284 vel
551 2256 602 2283 hoc
621 2256 754 2288 dicamus,
767 2255 832 2290 quia
844 2262 934 2290 neque
949 2261 1058 2286 aurum,

273 2309 361 2336 neque
377 2306 530 2336 argentum,
546 2309 633 2336 neque
647 2301 772 2336 voluptas
785 2301 886 2334 carnis,
900 2308 986 2335 neque
1001 2300 1060 2334 glo-

276 2348 317 2376 ria
342 2348 447 2380 swculi,
471 2351 499 2375 et
517 2348 618 2376 caduca
640 2352 668 2375 et
692 2346 848 2381 temporalis
863 2346 995 2381 dignitas,
1017 2345 1059 2373 vel

277 2395 383 2423 delicia!
405 2394 572 2430 corporales,
599 2401 686 2428 neque
712 2393 860 2421 liberorum
879 2393 921 2420 vel
937 2392 1060 2428 conjugis

274 2443 360 2478 gratia
381 2441 484 2477 poterit
507 2448 557 2468 nos
577 2447 702 2475 separare
721 2447 735 2467 a
757 2440 889 2467 cbaritate
905 2439 962 2466 Dei.
979 2439 1060 2466 Certe

274 2488 319 2515 vel
340 2487 405 2515 illud
422 2487 503 2514 liceat
516 2494 530 2514 a
551 2487 630 2513 nobis
641 2485 809 2513 conﬁdenter
822 2485 885 2517 dici,
900 2484 962 2520 quia
974 2492 1062 2520 neque

274 2533 412 2561 Stecularis
429 2532 591 2560 litteraturae
608 2539 699 2564 amor,
725 2538 815 2566 neque
835 2531 1059 2566 philosophorum

275 2578 454 2612 sophismata,
472 2584 562 2612 neque
581 2576 832 2604 matbematicorum
848 2575 1020 2610 deceptiones
1033 2579 1060 2602 et

275 2629 410 2652 astsorum
422 2623 540 2651 simulati
554 2629 662 2654 cursus,
676 2629 763 2656 neque
778 2620 958 2648 divinationes
966 2620 1061 2648 subre-

277 2670 356 2704 ptitia
369 2670 521 2698 daemonum
539 2668 645 2696 fallacia
669 2667 865 2695 commendata:
887 2666 956 2702 (Η),
972 2673 1060 2700 neque

1113 2215 1161 2246 tia.
1188 2200 1379 2241 fornicatione,
1406 2207 1535 2240 avaritia,
1556 2215 1565 2232 ν
1581 2210 1610 2232 et
1639 2205 1747 2233 ueteris
1774 2200 1867 2230 omnibus

1112 2265 1173 2294 qua:
1189 2257 1328 2287 dicuntur,
1349 2254 1421 2281 sicut
1433 2257 1460 2280 et
1474 2252 1519 2279 hic
1532 2251 1624 2278 modo.
1645 2259 1656 2276 ε
1670 2251 1722 2283 Qui
1737 2247 1866 2276 servierunt.

1113 2303 1202 2338 inquit
1215 2301 1247 2334 ι’,
1263 2305 1290 2328 et
1310 2299 1495 2327 adoraverunt
1510 2295 1612 2323 Baalim
1632 2301 1660 2322 et
1679 2296 1814 2323 Astarten.
1830 2295 1864 2315 II?

1112 2349 1181 2376 didit
1195 2347 1255 2375 illos
1268 2346 1339 2373 Deus
1355 2345 1382 2372 in
1395 2351 1492 2372 manus
1505 2342 1704 2377 diripientium,
1718 2345 1745 2367 el
1759 2338 1814 2366 facti
1826 2338 1867 2362 salt

1114 2395 1141 2422 in
1162 2394 1286 2422 manibus
1307 2391 1478 2419 inimicorqu
1507 2396 1632 2416 suorum.
1652 2397 1662 2413 ι
1685 2386 1748 2414 Haec
1767 2384 1835 2412 enim.
1849 2383 1867 2404 ιιι

1113 2440 1253 2475 saepeiam
1270 2437 1336 2470 dixi,
1352 2435 1437 2463 Judaei
1456 2440 1585 2468 tanquam
1600 2433 1732 2460 historias
1746 2435 1824 2458 rerum
1837 2431 1868 2459 ἕθ-

1114 2491 1219 2514 starum
1233 2488 1260 2511 et
1274 2481 1474 2518 praeteritarum
1489 2480 1591 2514 legunt.
1611 2477 1667 2505 Nos
1685 2482 1772 2504 autem
1785 2475 1868 2508 propr

1113 2538 1182 2566 quos
1198 2530 1255 2557 haec
1269 2527 1370 2560 scripta
1396 2526 1534 2556 dicuntur,
1553 2523 1626 2551 scire
1641 2523 1781 2552 debemus,
1795 2517 1842 2552 quia
1852 2514 1866 2540 εί

1113 2574 1315 2611 peccaverimus
1330 2571 1451 2601 Domino,
1468 2575 1494 2597 et
1518 2569 1602 2596 animi
1632 2569 1720 2596 nostri
1737 2567 1865 2600 voluptates

1114 2609 1146 2648 ac
1162 2619 1298 2648 desideria
1314 2617 1406 2645 carnis
1424 2616 1496 2643 velut
1514 2615 1598 2642 Deum
1616 2614 1749 2646 colamus,
1766 2609 1865 2638 tradimllr

1113 2666 1194 2693 etiam
1203 2672 1262 2698 nos,
1277 2669 1304 2691 ct
1312 2662 1460 2698 apostolica
1477 2661 1641 2688 auctoritate
1657 2660 1683 2687 in
1699 2664 1788 2685 manus
1798 2649 1865 2681 Zabl!"

569 2715 579 2732 '
596 2715 690 2742 Matth.
705 2721 742 2746 vt,
756 2713 800 2740 24.
839 2713 850 2728 ⁸
865 2695 1055 2748 RomiyvntLSi

1109 2711 1140 2738 L9.
1152 2746 1158 2748 _
1171 2711 1187 2748 _"
1203 2695 1306 2738 Coloss.
1323 2695 1365 2741 Ill,
1379 2707 1406 2735 5.
1442 2707 1453 2723 ⁸
1467 2706 1527 2735 Jud.
1545 2714 1574 2740 ιι,
1590 2706 1635 2733 12,
1673 2706 1685 2721 ³
1698 2705 1772 2732 Rom.
1784 2695 1863 2734 n.5,5-

281 2744 302 2761 ’⁸
313 2748 374 2778 Jud.
391 2758 421 2782 tt,
439 2744 537 2783 12,15,
551 2750 594 2777 M.
643 2749 661 2764 ¹¹
680 2744 758 2776 Rom.
772 2756 793 2781 ι,
806 2748 841 2775 2i)
852 2752 880 2775 et
892 2748 938 2776 28.

317 2807 373 2840 (451
391 2807 466 2839 lilss.,
483 2817 492 2834 ι
504 2808 656 2835 metientes.
672 2817 680 2834 ι
703 2808 796 2840 Editt.,
816 2817 824 2833 ι
839 2808 965 2834 scientes.
979 2815 988 2832 ι

318 2842 374 2878 (id)
393 2841 469 2870 Unus
483 2843 566 2870 codex
579 2851 642 2876 m5.,
656 2853 665 2869 t
683 2848 881 2871 commentam.
900 2852 910 2868 ι

985 2748 1006 2763 ¹¹
1021 2746 1083 2775 Jud.
1099 2754 1129 2778 Il,
1149 2746 1192 2772 Η.

1148 2804 1203 2843 (ᾇξὶ)
1225 2801 1300 2829 thb.
1313 2801 1402 2843 editi,
1415 2810 1423 2826 ‹
1438 2799 1582 2835 Apostolus
1598 2803 1625 2825 ct
1638 2799 1675 2825 ita
1695 2798 1794 2825 docens.
1805 2788 1862 2816 ill-‘5‘

1114 2845 1143 2866 ut
1161 2841 1188 2866 in
1205 2843 1296 2866 nostro
1311 2841 1396 2864 textu.
