1896 3052
23 133 59 161 961
518 128 551 156 ΙΝ
571 128 701 156 LIBRUM
720 128 869 157 JUDICUM
887 128 1031 157 IIOMILIA
1047 129 1090 157 lll.

1575 133 1633 161 962

23 190 191 220 wncedimur.
217 189 286 217 Audi
308 187 424 223 denique
450 188 537 224 ipsum
558 188 694 215 dicentem
710 188 744 215 de
761 195 794 215 eo
810 191 834 219 Δ
847 193 938 222 speetu
955 188 1013 221 Dei,
1032 192 1060 216 et
1078 188 1155 215 obliti
1170 192 1232 216 sunt
1252 188 1358 217 Domini
1379 189 1425 218 Dei
1440 190 1494 222 sui,
1507 197 1539 218 ac
1553 189 1634 218 relin-

23 237 57 271 qui
85 240 268 272 peccaverat:
286 243 295 261 ι
318 235 448 267 Tradidi,
477 234 565 269 inquit
582 233 615 266 η,
643 233 794 267 lntjusmodi

23 283 146 310 hominem
165 281 274 309 Satante
290 282 316 308 in
339 281 478 308 interitum
495 280 596 312 carnis,
625 284 656 307 ut
681 279 796 314 spiritus

23 328 103 355 salvus
123 328 180 355 ﬂat.
199 337 209 354 ›
231 327 309 355 Vides
329 335 395 362 ergo
410 327 473 361 quia
490 334 542 354 non
565 326 651 353 solum
665 333 714 361 per
731 332 796 360 apo-

23 373 96 400 stolos
121 381 185 400 suos
212 372 283 400 Deus
306 373 418 400 tradidit
442 372 633 406 delinquentes
649 371 676 398 in
699 378 795 398 manus

23 418 190 451 inimicorum,
216 418 263 445 sed
288 423 315 445 et
340 426 386 452 per
409 425 456 445 eos
477 417 523 452 qui
552 417 679 444 Ecclesiae
703 417 796 451 prtesi-

23 464 85 495 dcnt,
100 468 126 489 et
140 467 302 498 potestatem
321 463 421 490 habent
439 471 491 490 non
508 462 594 489 solum
608 461 795 494 solvendi,sed

23 514 46 536 et
64 509 173 544 ligandi,
191 508 337 535 traduntur
352 512 508 543 peccatores
525 507 550 534 in
570 507 708 534 interitum
728 514 796 534 car-

23 555 68 586 nis,
81 561 141 580 cum
162 561 211 589 pro
227 553 334 580 delictis
360 552 416 580 suis
431 560 446 579 a
463 552 562 579 Christi
580 559 695 586 corpore
716 559 795 586 sepa-

23 605 118 627 rantur.
134 599 177 631 Et,
201 603 230 625 ut
250 598 315 625 mihi
332 598 449 630 videtur,
465 597 609 632 dupliciter
627 597 709 624 etiam
726 605 796 626 nunc

23 646 154 671 traduntur
171 644 296 670 homines
313 644 345 670 de
361 643 482 670 Ecclesia
510 643 536 670 in
562 647 722 677 potestatem
746 643 797 670 Za-

23 690 66 717 buli
78 699 85 717 :
95 697 147 716 uno
161 689 241 716 modo
252 696 306 724 quo
320 689 445 723 superius
459 688 588 721 diximus,
598 695 658 715 cum
669 688 795 716 delictum

23 735 70 769 ejus
83 734 254 761 manifestum
271 734 301 761 ﬁt
319 734 455 765 Ecclesiae,
475 739 502 761 et
516 742 564 768 per
582 735 741 762 sacerdotes
763 735 797 762 de

23 779 131 806 Ecclesia
145 779 266 814 pellitur,
283 784 311 806 ut
323 785 431 807 notatus
449 780 482 807 ab
498 780 624 807 omnibus
641 781 795 813 erubescat,

23 830 41 851 at
57 832 186 853 converso
203 826 311 853 eveniat
327 825 363 852 illi
379 826 451 860 quod
475 826 598 860 sequitur
616 826 646 858 ",
666 836 675 852 ε
696 832 724 854 ιιι
741 827 796 862 spi—

852 239 968 269 quentes
986 242 1047 262 cum
1068 235 1223 263 servierunt
1240 236 1353 268 Baalim,
1369 241 1396 263 et
1412 236 1479 264 lucis
1492 236 1613 271 gentium
1624 257 1633 271 ,

847 285 910 308 tunc
921 281 1136 308 thesaurizantes
1144 281 1194 309 sibi
1204 281 1346 316 ipsisiram
1363 282 1454 309 traditi
1480 287 1543 309 sunt
1560 282 1634 316 just-t

845 325 999 361 Dcijudicio
1011 325 1036 352 in
1049 333 1145 352 manus
1156 326 1339 360 inimicorum,
1348 326 1495 354 secundum
1505 328 1563 354 hac
1572 334 1634 361 qua

846 379 964 406 praesens
986 371 1068 398 lectio
1084 371 1245 403 declaravit,
1271 373 1297 399 in
1323 379 1421 399 manus
1443 371 1629 400 Cbusarsaton

846 417 918 452 regis
954 416 1167 452 Mesopotamiae.
1200 417 1397 452 Interpretatur
1428 417 1630 445 Chursarsaton

845 462 993 489 ltumiliatio
1008 470 1098 489 eorum
1120 461 1188 499 (46).
1208 462 1314 490 Traditi
1329 468 1396 491 sunt
1409 470 1478 498 ergo
1495 463 1522 490 in
1536 470 1633 490 manus

846 507 903 542 ejus
925 508 970 543 qui
988 508 1144 536 humiliaret
1165 515 1223 535 eos.
1250 508 1282 535 Et
1308 509 1370 544 quia
1393 509 1443 543 ipsi
1467 509 1493 535 in
1514 509 1631 536 excelsis

847 553 980 580 montium
1003 554 1084 588 impie
1106 553 1223 588 agebant
1243 554 1270 581 in
1287 554 1466 586 Altissimum,
1489 559 1630 588 propterea

846 599 880 627 ab
894 599 951 634 ipso
969 600 994 627 in
1011 600 1191 627 humilitatem
1211 600 1365 627 traduntur.
1391 600 1444 627 Sed
1469 599 1530 627 nolo
1553 604 1631 634 putes

846 646 908 680 quia
922 653 985 682 erga
1002 647 1130 682 antiquos
1142 647 1310 675 solummodo
1325 650 1384 673 erat
1397 646 1454 673 haec
1467 646 1556 673 divina
1569 653 1632 680 pro-

846 691 979 724 videntia,
1004 696 1033 718 ut
1055 699 1102 719 eos
1121 692 1166 725 qui
1187 692 1268 727 impie
1281 690 1488 724 exaltabantur,
1511 691 1631 717 traderet

847 733 1037 767 humiliaudos,
1052 741 1081 763 ut
1095 736 1197 764 salubri
1213 735 1355 763 medicinae
1368 735 1482 768 ratione,
1493 734 1631 762 contraria

847 781 994 808 contrariis
1022 787 1195 809 curarentur.
1219 781 1287 808 Nam
1310 785 1339 808 et
1360 788 1431 808 nunc
1451 781 1630 815 omnipotenti

848 827 902 853 Deo
917 834 980 861 erga
997 826 1145 854 Ecclesiam
1159 834 1235 855 suam
1249 827 1282 854 de
1296 826 1451 861 hujusmodi
1470 825 1631 853 salubritate

23 869 79 896 ritus
94 870 185 897 salvus
202 871 247 897 fiat
259 870 285 897 in
301 870 344 897 die
354 870 459 896 Domini
476 872 559 897 nostri
575 870 638 898 Jesu
654 871 769 904 Christi;
782 882 791 899 ι
810 867 831 894 Β
846 873 1013 907 providentia
1038 877 1091 900 est.
1108 873 1196 900 Etiam
1220 880 1292 900 nunc
1310 877 1354 900 est
1373 871 1558 900 Chusarsaton
1584 879 1629 898 rex

23 915 65 941 alio
79 919 168 942 autem
189 916 269 943 modo
286 916 347 950 quis
365 916 483 943 traditur
501 916 613 950 Zaltnlo,
626 926 685 944 cum
699 926 795 953 pecca-

23 966 67 986 tum
81 959 137 993 ejus
148 961 320 988 manifestum
333 969 385 988 non
400 961 607 995 lithominibus;
623 963 692 991 Dens
703 967 793 990 autem

23 1006 56 1038 qui
76 1006 145 1033 videt
164 1007 190 1033 in
208 1006 331 1039 occulto,
353 1007 521 1042 perspiciens
537 1007 593 1042 ejus
619 1013 747 1041 tnentetn,
768 1013 796 1037 et

23 1050 126 1078 mimam
157 1051 232 1079 vitiis
258 1059 290 1080 ac
319 1053 492 1087 passionibus
517 1055 691 1088 servientem,
720 1061 746 1082 et
768 1055 794 1082 in

23 1099 92 1125 corde
104 1098 162 1132 ejus
177 1107 231 1127 non
245 1099 332 1127 solum
349 1107 469 1127 amorem
491 1101 595 1134 saeculi,
609 1102 655 1129 sed
671 1107 717 1129 aut
730 1109 796 1129 ava-

23 1145 168 1177 ritiam,aut
180 1145 332 1178 libidinem,
345 1150 390 1172 aut
402 1146 570 1180 jactantiam,
585 1147 624 1174 vel
634 1147 685 1175 alia
699 1148 794 1182 hujus-

23 1190 95 1224 nodi,
109 1192 191 1219 istum
202 1191 280 1218 talem
291 1192 348 1226 ipse
363 1191 493 1218 Dominus
501 1192 583 1219 tradit
597 1192 714 1221 Satanae.
724 1193 796 1227 Quo-

23 1237 89 1264 modo
101 1244 165 1264 eum
185 1237 267 1264 tradit
282 1236 409 1264 Satanae?
423 1236 541 1264 Discedit
555 1245 569 1264 a
585 1243 675 1267 mente
689 1239 756 1273 ejus,
769 1243 797 1267 et

23 1282 106 1308 avertit
124 1288 163 1314 se,
180 1286 208 1309 et
222 1282 320 1316 refugit
335 1289 351 1308 a
366 1282 575 1316 cogitationibus
590 1283 648 1318 ejus
666 1284 754 1316 malis,
769 1290 796 1313 et

23 1326 151 1355 desideriis
176 1328 311 1362 indignis,
335 1332 363 1355 et
377 1327 543 1362 derelinquit
570 1329 679 1356 domum
706 1331 796 1358 cordis

23 1369 70 1403 rjus
87 1380 211 1401 vacuam.
233 1373 266 1401 Et
288 1378 351 1402 tunc
375 1375 556 1409 complebitur
572 1376 600 1403 in
623 1375 668 1403 illo
687 1376 797 1405 homine

23 1418 83 1451 quod
111 1419 243 1454 scriptum
273 1425 315 1446 est
330 1419 374 1444 ":
399 1428 408 1445 ι
432 1419 500 1447 Cum
530 1426 618 1448 autem
643 1421 797 1450 immundus

23 1464 126 1498 spiritus
142 1465 243 1492 exierit
253 1465 287 1492 ab
305 1465 425 1498 homine,
441 1466 538 1494 circuit
553 1466 612 1494 loca
625 1467 718 1495 arida:
736 1469 796 1496 etsi

23 1516 67 1536 Itan
90 1511 224 1538 invenerit
253 1511 384 1545 requiem,
403 1511 471 1539 redit
487 1512 519 1539 ad
534 1512 641 1540 domum
655 1520 730 1541 suam
752 1518 798 1542 :et

23 1555 150 1583 inveniens
165 1563 227 1583 eam
245 1560 388 1583 vacantem
402 1560 430 1583 et
442 1557 611 1590 mundatam,
627 1559 740 1586 assumit
753 1566 797 1586 se-

23 1607 72 1628 cum
91 1606 194 1636 septem
213 1601 281 1629 alios
296 1602 410 1636 spiritus
427 1602 572 1637 nequiores
587 1609 626 1636 se,
650 1609 678 1631 et
695 1604 798 1632 intrans

23 1646 114 1673 habitat
131 1647 157 1673 in
177 1647 257 1674 domo
281 1647 336 1680 illa,
361 1651 389 1674 et
412 1652 475 1675 tunc
497 1648 562 1675 fient
581 1648 698 1677 hominis
725 1649 798 1678 illius

23 1691 155 1718 novissima
168 1691 262 1726 pejora
278 1692 424 1726 prioribus.
445 1703 454 1719 ι
472 1692 529 1720 Hoc
548 1701 612 1729 ergo
628 1695 707 1721 modo
720 1695 799 1722 intel—

23 1735 146 1770 tgendum
169 1742 224 1770 est,
248 1737 330 1764 Deum
351 1738 458 1765 tradere
472 1745 540 1773 quos
555 1739 647 1771 tradit,
665 1747 718 1766 non
734 1741 798 1774 quia

23 1781 69 1816 ipse
77 1784 169 1810 tradat
185 1783 313 1817 aliquem,
330 1784 377 1811 sed
391 1790 424 1810 eo
439 1784 512 1818 qttod
527 1784 702 1819 derelinquit.
730 1785 800 1812 iridi-

23 1835 79 1860 gnos
94 1836 140 1856 eos
158 1829 266 1856 scilicet
292 1828 431 1863 judicans,
442 1830 487 1864 qtti
503 1837 532 1857 se
545 1838 598 1857 non
620 1830 656 1857 ita
672 1831 800 1859 excolunt

23 1877 43 1899 et
58 1881 71 1899 a
83 1874 155 1901 vitiis
170 1879 298 1909 purgant,
318 1879 348 1900 ut
362 1874 478 1901 libenter
497 1875 522 1901 in
546 1874 586 1902 eis
600 1874 702 1902 habitet
718 1875 797 1902 Deus.

23 1916 74 1952 Ipso
86 1919 247 1955 refugiente,
264 1925 344 1954 atque
367 1924 506 1946 avertente
527 1927 557 1947 se
574 1921 607 1946 ab
623 1920 723 1953 anima,
739 1928 800 1955 quae

23 1963 43 1989 in
58 1965 224 1992 immunditia
251 1973 284 1992 ac
305 1965 380 1992 vitiis
404 1965 489 2000 posita
507 1970 559 1997 est,
585 1967 682 1993 tradita
701 1966 800 1993 dicitur

23 2006 94 2045 664
105 2017 137 2037 ex
156 2017 190 2037 eo
207 2009 279 2043 quod
303 2009 358 2036 Deo
373 2016 456 2036 vacua
478 2010 624 2043 invenitur,
641 2016 669 2038 et
693 2011 799 2039 invadi-

23 2057 57 2079 tur
69 2055 100 2081 ab
124 2053 225 2089 spiritu
250 2061 378 2089 nequam.
398 2053 431 2080 Et
453 2054 513 2082 ideo
529 2061 578 2082 nos
590 2063 695 2083 summo
709 2056 800 2084 studio

23 2100 171 2134 vigilemus,
189 2104 215 2126 et
235 2099 397 2126 festinemus
411 2100 520 2135 purgari
541 2108 555 2127 a
571 2101 641 2129 vitiis
654 2106 681 2130 et
698 2109 800 2130 concu-

23 2146 154 2179 piscentiis
166 2146 255 2178 malis,
272 2149 301 2172 Ill
309 2144 392 2172 Deum
405 2145 475 2172 intra
490 2154 539 2174 nos
552 2151 644 2174 tenere
653 2148 799 2182 possimus,

845 916 1060 952 Mesopotamiae,
1078 917 1120 944 cui
1140 917 1284 944 traduntur
1309 915 1483 944 humiliaudaa
1501 920 1530 943 et
1564 914 1632 942 alui-

846 963 940 997 gendte
951 963 1060 996 animm,
1073 971 1132 998 quae
1143 963 1297 990 Christiana
1312 961 1465 989 humilitate
1478 965 1632 996 contempta

846 1008 872 1034 in
890 1007 1043 1041 superbiam
1058 1014 1088 1035 se
1098 1012 1180 1043 atque.
1189 1007 1373 1042 arrogantiam
1388 1005 1533 1034 dederunt.
1547 1005 1632 1033 Odio-

846 1058 906 1079 sum
926 1051 994 1079 satis
1017 1056 1060 1079 est
1085 1052 1111 1079 in
1125 1055 1274 1086 conspectu
1292 1050 1338 1079 Dei
1358 1050 1491 1085 superbia:
1506 1050 1600 1078 vitium
1622 1058 1631 1078 τ

845 1100 920 1134 quia,
937 1099 1007 1127 sicut
1025 1100 1166 1135 Scriptura
1182 1100 1247 1128 dicit
1266 1099 1302 1132 ",
1318 1108 1328 1125 t
1345 1099 1454 1126 initium
1473 1098 1630 1127 discedendi

846 1153 860 1172 a
874 1145 939 1177 Deo,
951 1145 1089 1180 superbia.
1102 1154 1111 1171 ι
1125 1145 1158 1172 Et
1169 1145 1267 1172 itermn
1279 1144 1343 1172 alibi
1360 1145 1500 1179 Scriptura
1513 1144 1580 1173 dicit
1589 1145 1629 1171 ":

850 1201 859 1217 ι
880 1191 950 1219 Deus
962 1191 1085 1226 superbis
1103 1191 1213 1223 resistit,
1229 1190 1378 1218 humilibus
1393 1196 1484 1219 autem
1500 1192 1547 1219 dat
1566 1199 1632 1227 gra-

848 1236 922 1264 tiam.
941 1246 950 1262 ι
970 1236 998 1264 Si
1010 1238 1071 1271 quis
1086 1236 1167 1271 igitur
1184 1236 1284 1264 Christi
1298 1236 1450 1264 humilitate
1464 1240 1631 1271 contempta,

849 1283 895 1318 qni
910 1287 1019 1318 propter
1033 1290 1093 1315 nos,
1108 1290 1170 1310 cum
1189 1283 1260 1310 Deus
1275 1286 1357 1314 esset,
1372 1282 1454 1310 homo
1472 1281 1561 1309 factus
1574 1287 1631 1315 est,

849 1335 876 1356 et
899 1329 1052 1356 humiliavit
1075 1336 1105 1356 se
1124 1337 1210 1364 usque
1230 1330 1263 1356 ad
1288 1333 1415 1362 mortem,
1443 1327 1583 1355 extollitur
1605 1332 1634 1356 et

847 1375 970 1408 effertur,
987 1379 1013 1402 et
1030 1374 1064 1402 ad
1082 1378 1234 1409 potestates
1257 1379 1286 1402 et
1298 1373 1446 1409 dignitates
1465 1373 1556 1401 saeculi
1571 1380 1634 1408 pro-

848 1422 914 1453 silit,
934 1425 962 1448 et
982 1425 1055 1448 artes
1075 1420 1173 1454 quibus
1189 1419 1246 1447 haec
1261 1419 1369 1454 assequi
1395 1418 1503 1451 nititur,
1526 1418 1634 1447 etiamsi

849 1472 943 1495 contra
965 1466 1043 1493 ﬁdem
1060 1470 1087 1493 et
1105 1466 1263 1500 religionem
1287 1465 1354 1497 sint,
1380 1473 1432 1492 nOII
1456 1464 1565 1500 refugit,
1584 1471 1635 1492 nec

851 1510 993 1540 horrescit.
1008 1510 1151 1537 dummodo
1168 1509 1239 1544 quod
1259 1509 1334 1544 cupit
1356 1510 1478 1537 obtineat
1497 1509 1635 1544 faciatque

850 1554 995 1588 malignum
1008 1554 1033 1580 in
1049 1558 1194 1587 conspectu
1211 1553 1315 1581 Domini
1329 1561 1336 1579 :
1352 1558 1495 1588 postquam
1509 1553 1635 1588 indeptus

849 1598 932 1626 fuerit
945 1606 1064 1626 summas
1077 1598 1176 1626 infulas
1190 1603 1364 1634 potestatum,
1379 1603 1407 1626 et
1417 1599 1450 1626 ad
1466 1599 1524 1634 ipsa
1538 1606 1636 1635 super-

849 1645 899 1672 bim
910 1644 1017 1680 fastigia
1029 1652 1134 1672 summa
1152 1644 1354 1677 conscenderit,
1371 1644 1432 1672 inde
1447 1645 1569 1679 dejectus
1580 1650 1635 1671 tra-

849 1690 923 1718 ditur
935 1690 997 1717 huic
1013 1689 1210 1722 Cltusarsaton,
1225 1690 1271 1717 ttni
1284 1690 1390 1717 scilicet
1404 1698 1436 1718 ex
1459 1690 1545 1718 aereis
1557 1690 1635 1725 prite-

849 1735 964 1770 cipibus,
979 1739 1008 1761 ut
1023 1735 1147 1762 humiliet
1157 1742 1218 1761 eum
1229 1734 1273 1768 qtti
1293 1734 1374 1761 nimis
1387 1733 1476 1760 fuerat
1489 1733 1634 1766 exaltuttts.

849 1784 879 1807 ut
895 1778 1007 1813 adligat,
1024 1784 1052 1806 ut
1067 1783 1203 1812 conterat,
1219 1779 1304 1806 donec
1323 1778 1469 1813 resipiscat
1487 1782 1514 1804 et
1530 1783 1636 1812 quaerat

850 1824 992 1852 Domintnn
1009 1832 1016 1850 :
1037 1825 1099 1859 quia
1113 1831 1173 1850 cum
1191 1827 1263 1850 esset
1287 1823 1312 1850 in
1329 1822 1456 1858 superbia
1472 1826 1500 1849 et
1518 1821 1635 1849 elatione

849 1870 1022 1903 constitutus,
1040 1870 1183 1905 ignorabat
1197 1869 1351 1896 Dominum.

885 1925 912 1952 2.
931 1925 1006 1952 Nunc
1017 1932 1083 1960 ergo
1097 1925 1116 1952 ii
1131 1925 1176 1959 qui
1191 1924 1335 1951 traduntttr
1347 1930 1396 1957 pro
1410 1927 1533 1957 peccato,
1547 1923 1573 1950 in
1586 1923 1637 1951 tri-

850 1970 987 1998 bulatione
1000 1970 1100 2005 positi,
1118 1970 1258 1997 videamus
1272 1969 1336 2005 quid
1352 1968 1466 1996 faciunt.
1485 1969 1551 1995 lllud
1573 1976 1636 2003 pro-

850 2015 921 2043 fecto
940 2016 1012 2050 quod
1033 2016 1165 2050 scriptum
1189 2014 1285 2042 est":
1305 2024 1314 2041 Ι
1332 2015 1363 2041 Ει
1387 2014 1574 2042 clamaverth
1601 2015 1635 2042 ad

850 2061 993 2089 Dominum
1009 2069 1071 2089 cum
1096 2061 1301 2092 tribularenlur,
1328 2065 1355 2089 et
1377 2060 1412 2088 de
1428 2060 1637 2088 necessitatibus

852 2115 945 2135 eorum
970 2107 1095 2135 liberavit
1119 2114 1177 2134 eos.
1193 2107 1227 2134 Et
1240 2107 1334 2134 eduxit
1351 2113 1398 2134 eos
1419 2107 1451 2133 de
1476 2106 1594 2133 tenebris
1608 2111 1636 2133 et

850 2153 945 2180 umbra
955 2153 1095 2186 mortis,et
1106 2153 1211 2180 vincula
1222 2160 1315 2180 eorum
1325 2152 1449 2186 disrupit.
1464 2161 1474 2178 ι
1488 2151 1541 2179 Sed
1554 2159 1637 2180 natis-

23 2197 44 2219 ηι
55 2197 81 2219 ut
93 2192 219 2220 ltﬂltilal'e
235 2191 360 2225 dignetur
375 2191 402 2218 ίιι
420 2191 508 2225 ηοΜει
527 2193 591 2220 dum
604 2193 756 2221 delectatur
772 2200 799 2223 et
815 2199 837 2226 ι)
852 2198 967 2233 quisque
979 2203 1115 2231 nostrum,
1131 2198 1238 2225 etiamsi
1250 2205 1348 2233 parvus
1358 2197 1404 2228 sit,
1421 2201 1448 2223 et
1461 2197 1568 2224 etiamsi
1582 2197 1634 2224 mi-

23 2238 119 2265 artibus
134 2241 163 2265 et
175 2237 349 2265 sermonibus
372 2241 399 2263 et
425 2237 637 2271 cogitationibus
652 2240 764 2273 nostris,
779 2241 801 2268 si

23 2283 162 2310 secundum
191 2282 276 2317 ipsius
299 2282 466 2309 voluntatem
483 2290 608 2318 geramus
625 2291 722 2312 cuncta
740 2294 801 2320 qua:

23 2329 147 2361 gerimus,
163 2333 194 2355 ut
211 2329 268 2355 sive
284 2328 477 2355 manducamus
488 2347 496 2359 ,
516 2328 573 2356 sive
595 2329 725 2363 bibimus,
745 2332 802 2359 sire

23 2374 86 2401 aliud
108 2374 173 2410 quid
202 2374 328 2407 facimus,
358 2374 449 2401 omnia
477 2374 505 2401 in
531 2375 640 2403 nomine
667 2376 799 2405 faciamus

23 2420 118 2449 Domini
133 2421 233 2454 nostri,
249 2420 292 2447 cui
306 2420 445 2455 estgloria
462 2424 489 2447 et
506 2422 685 2456 imperiumin
700 2423 798 2451 saecula

23 2467 184 2495 saeculorum.
202 2467 300 2494 Amen.

311 2522 452 2550 HOMILIA
469 2521 512 2550 lll.

23 2568 56 2597 De
70 2578 98 2597 eo
116 2570 190 2606 quod
203 2569 294 2596 traditi
308 2568 441 2606 πριιιιηῇῌὶ
461 2568 546 2606 (arae!
560 2571 588 2596 in
603 2579 696 2600 manus
713 2573 802 2601 inimi-

155 2612 259 2637 corum,
276 2609 299 2631 ει
313 2605 345 2630 de
362 2603 525 2636 Gothoniele,
536 2609 560 2630 et
575 2606 662 2632 Aiath.

55 2650 77 2677 i.
90 2650 206 2684 Quando
224 2649 347 2676 fecerunt
367 2648 413 2675 filii
431 2647 514 2676 Israel
531 2650 679 2686 malignum
693 2652 719 2679 in
737 2660 802 2680 can-

54 2696 74 2732 ‘j
88 2696 97 2723 l
109 2696 173 2723 Cor.
186 2703 214 2727 ν,
297 2694 319 2710 ίδ
333 2695 398 2722 ibid.
438 2694 458 2710 “‘
468 2693 562 2722 Matth.
573 2704 622 2730 xu,
640 2697 686 2730 45,
706 2699 751 2732 M,
762 2698 808 2727 45.

24 2730 42 2745 "
57 2731 138 2758 Eccli.
155 2738 220 2762 xxv,
231 2730 258 2757 Δ,

54 2778 107 2811 (t6)
129 2777 325 2811 Interpretatur
340 2776 519 2803 Chusarmton
534 2777 681 2804 humiliatio
697 2786 798 2806 eorum.

25 2812 190 2840 Alienissima
223 2817 264 2839 est
296 2812 353 2839 hac
376 2812 548 2845 etymologia.
574 2812 658 2840 Forte
683 2814 757 2841 venit
783 2821 798 2841 a

23 2851 118 2878 mam:
136 2856 146 2874 I
165 2847 311 2882 compedes
325 2856 335 2873 ι
354 2851 380 2875 et
398 2845 477 2874 allixo
492 2847 578 2875 tertia:
592 2855 724 2882 personae.

853 2244 952 2276 nimus,
970 2244 1076 2271 etiamsi
1097 2243 1168 2271 nulla
1184 2244 1219 2271 sit
1235 2251 1299 2270 usus
1317 2243 1342 2270 in
1357 2243 1477 2270 Ecclesia
1495 2243 1634 2277 dignitate,

853 2294 941 2323 potest
969 2289 1102 2323 superbia
1119 2289 1186 2317 vitio
1201 2288 1323 2316 laborare
1345 2297 1352 2315 :
1377 2293 1404 2315 et
1427 2287 1493 2315 nihil
1520 2288 1637 2322 reperias

854 2339 906 2361 tam
935 2333 1047 2368 ftedum,
1078 2342 1164 2369 neque
1188 2333 1367 2366 exsecrabile,
1398 2334 1468 2361 sicut
1496 2333 1636 2368 Scriptura

853 2379 917 2407 dicit
932 2379 1066 2414 ",quamt
1078 2386 1224 2414 pauperem
1238 2380 1396 2414 superbum,
1406 2384 1433 2406 et
1445 2379 1555 2406 divitem
1566 2386 1638 2405 mcn-

853 2425 957 2452 dacem.
971 2434 980 2450 ι
996 2424 1194 2460 Nonnunquam
1211 2429 1300 2451 autem
1315 2424 1425 2451 morbus
1440 2424 1489 2451 iste
1503 2422 1637 2457 superbia:

852 2475 976 2506 penetrat
999 2478 1051 2498 non
1073 2470 1159 2498 solum
1182 2477 1314 2505 pauperes
1330 2469 1434 2504 plebis,
1452 2475 1543 2496 verum
1554 2467 1636 2495 etiam

854 2516 1049 2544 sacerdotalem
1065 2522 1093 2544 et
1117 2516 1255 2544 leviticnm
1269 2515 1392 2543 ordinent
1407 2513 1637 2548 pulsalJnvenies

854 2561 988 2588 interdum
1013 2562 1095 2589 etiam
1110 2561 1137 2588 in
1154 2561 1231 2588 nobis
1244 2560 1361 2595 aliquos,
1377 2560 1422 2594 qui
1436 2559 1469 2586 ad
1484 2557 1637 2592 exemplum

856 2607 1016 2634 humilitatis
1030 2607 1110 2642 positi
1125 2614 1231 2638 suntus,
1252 2611 1279 2633 et
1299 2605 1325 2632 in
1337 2604 1430 2632 altaris
1446 2604 1549 2631 circulo
1564 2603 1639 2630 velut

855 2652 964 2687 specula
981 2653 1104 2688 quaedam
1120 2652 1287 2679 intuentibus
1301 2650 1425 2678 collocati
1443 2649 1511 2686 (47),
1530 2649 1557 2677 in
1573 2649 1637 2684 qni-

847 2699 868 2715 “
880 2699 963 2728 Eccli.
979 2706 1006 2733 ι,
1021 2698 1065 2726 15.
1103 2698 1124 2713 ¹⁷
1138 2697 1148 2725 l
1160 2697 1217 2725 Pet.
1230 2705 1258 2732 v,
1274 2697 1301 2724 5.
1340 2696 1434 2724 “Psal.
1449 2703 1513 2729 cut,
1526 2695 1542 2723 6
1557 2700 1582 2722 et
1595 2695 1638 2733 l4,

889 2780 945 2814 (47)
978 2779 1105 2812 Quaedam
1122 2780 1283 2806 intuentibus
1301 2779 1430 2806 collocati.
1448 2778 1510 2806 Haec
1531 2763 1638 2805 deside;

853 2820 949 2842 rantur
965 2815 993 2842 in
1014 2814 1088 2843 libris
1100 2820 1179 2842 antea
1201 2815 1293 2849 editis,
1308 2815 1357 2844 sed
1375 2814 1508 2843 habentur
1523 2814 1550 2841 in
1568 2820 1636 2842 mss.
