1888 3051
251 132 306 161 963

984 128 1145 157 ORIGENIS

1834 130 1871 160 9m

254 195 305 221 bus
329 193 492 227 arrogaulize
515 192 608 220 vilium
625 191 701 224 fetet,
718 191 793 220 etde
815 191 895 219 altari
915 191 1041 224 Domini,
1058 194 1082 222 Α
1095 189 1214 225 Ceneplt,
1236 190 1321 224 frater
1345 190 1443 225 σηιερή
1467 197 1477 217 :
1504 189 1575 217 illius
1595 189 1746 218 laudabilis
1761 195 1788 219 et
1806 191 1871 219 adrui

254 239 326 275 quod
353 240 464 268 deberet
481 239 583 266 incensi
599 238 734 266 suavitate
760 237 892 273 fragrare,
917 238 985 265 odor
1003 242 1042 265 tc-

254 286 383 312 terrimus
401 283 534 319 superbiae
544 288 570 311 et
584 283 709 311 elationis
730 283 846 310 renidet.
861 283 915 310 Sed
932 283 1043 319 abjicia-

255 336 308 362 tur,
324 337 429 364 quaeso,
444 330 479 358 ab
495 330 569 357 omni
589 330 640 357 hac
654 334 748 356 sancta
762 329 894 362 Ecclesia,
907 334 935 358 et
948 330 1042 365 przeci-

251 383 305 412 pue
318 377 353 403 ab
367 375 400 403 iis
413 375 458 410 qui
468 375 627 402 ministrant
645 375 672 402 in
686 376 798 408 sanctis,
813 377 881 403 odor
895 376 945 403 iste
960 381 1043 404 teter-

257 421 344 448 rimus
364 429 371 448 :
386 424 415 448 ut
432 417 577 456 possimus.
591 421 661 448 sicut
685 420 783 448 Paulus
796 422 903 450 dicebat
917 422 952 455 ‘°,
973 421 1041 449 etlici

255 476 265 494 ι
286 469 374 496 bonus
388 469 458 496 odor
468 468 593 496 Christi:
611 477 620 495 ι
640 476 673 495 ne
694 468 762 495 forte
777 468 915 496 irascatur
946 468 1040 496 Domi-

252 520 314 546 nus,
328 518 356 541 et
369 514 402 540 ad
423 513 592 541 iracundiam
610 520 789 548 provocemus
811 518 934 541 sanctum
958 512 1042 541 Israel

252 564 281 586 et
294 560 386 587 tradat
399 566 450 587 nos
462 559 488 586 in
501 567 598 586 manus
607 559 803 591 Chusarsaton,
818 564 845 586 et
861 559 1041 587 humilitatem

251 611 334 640 quam
349 605 376 632 in
394 605 508 633 scientia
526 605 629 633 Christi
637 600 739 632 'docere
758 605 914 638 debuimus,
936 606 963 633 in
981 613 1042 633 cor-

254 651 386 685 reptionis
409 655 511 679 nostra:
535 650 712 678 tribulatione
737 651 886 678 discamus.
909 651 961 678 Sed
982 651 1042 679 vide

252 697 398 731 benignum
413 696 570 729 Dominum,
585 697 800 725 miscricordiam
818 705 879 725 cum
896 697 1042 725 severitate

253 743 423 775 miscentem,
447 747 475 770 et
495 741 579 778 ipsius'
601 751 689 779 plenae
710 744 820 771 modum
837 743 910 778 iusta
937 748 965 772 et
983 745 1041 772 cle-

253 789 336 816 menti
368 789 513 817 libratione
541 795 713 825 pensantem.
740 790 798 818 Non
828 791 853 818 in
881 796 1040 826 perpetuum

251 835 335 862 tradit
352 835 550 870 delinquentes,
574 837 621 864 sed
650 842 764 872 quanto,
793 836 891 871 inquit,
922 843 1043 872 tempore

1095 237 1171 264 randi
1198 236 1249 264 viri
1272 235 1389 270 Calcph,
1405 236 1451 270 qui
1469 235 1520 262 fuit
1541 243 1634 263 comes
1653 241 1682 264 et
1710 237 1805 264 socius
1824 236 1871 264 Iesu

1094 283 1169 310 Nave
1183 292 1189 310 :
1206 283 1240 310 de
1253 290 1324 317 quo,
1340 287 1420 316 prout
1435 282 1586 316 potuimus,
1605 282 1632 309 in
1649 282 1709 310 suis
1726 282 1812 315 locis,
1829 290 1873 317 qs

1093 329 1151 356 visa
1174 332 1259 360 sunt,
1275 328 1466 356 disseruimus.
1485 327 1555 360 Quid
1575 335 1640 362 ergo
1660 328 1730 355 dicit
1747 328 1872 362 Scriptura

1094 375 1127 403 de
1151 375 1203 402 isto
1224 374 1388 402 Gothouiel?
1408 374 1586 408 Posteaquam
1609 374 1679 401 dixit
1701 375 1769 409 quia
1786 374 1872 402 clam:-

1092 426 1191 448 veruut
1203 420 1250 448 ﬁlii
1264 421 1347 449 Israel
1363 421 1395 448 ad
1408 417 1678 451 Dominum,lfactus
1688 423 1743 450 est.
1758 420 1873 455 inquit".

1098 469 1218 506 Spiritus
1243 469 1352 498 Domini
1375 474 1460 503 super
1489 465 1681 493 Gothouielem
1693 487 1701 498 ,
1716 471 1745 494 et
1756 465 1874 500 judicavit

1092 512 1187 540 Israel.
1206 523 1215 538 ι
1234 512 1317 540 Putas
1329 517 1371 540 est
1382 513 1409 540 in
1424 512 1504 540 nobis
1514 512 1625 546 aliquis,
1640 512 1688 547 qui
1712 512 1752 540 ita
1773 513 1872 539 validum

1093 564 1121 587 et
1144 560 1181 586 ita
1205 559 1308 594 justum
1331 559 1477 587 clamorem
1501 559 1591 586 mittat
1616 559 1650 586 ad
1672 559 1831 590 Dominum,
1853 567 1874 586 ιιι

1093 606 1190 640 dignus
1206 606 1240 633 sit
1255 605 1392 637 exaudiri,
1410 611 1438 633 et
1453 610 1593 633 mereatur
1628 605 1751 640 populus
1769 605 1875 638 accipere

1089 651 1209 685 judicem
1238 656 1266 679 et
1288 651 1409 685 judicem
1430 650 1509 678 talem
1535 658 1615 685 quem
1635 649 1758 684 Spiritus
1779 650 1823 677 Dei
1842 657 1875 677 re-

1092 698 1165 733 pleat
1177 718 1184 729 ,
1198 702 1227 724 ut
1241 698 1328 732 possit
1344 697 1401 732 (51)
1418 701 1523 724 rectum
1541 702 1633 725 tenere
1645 697 1801 732 judicium?
1814 696 1874 724 Unde

1093 749 1120 772 et
1143 744 1213 772 liber
1240 745 1299 780 ipse
1313 744 1439 772 Judicum
1457 745 1578 777 dicitur,
1600 749 1626 772 et
1649 745 1842 772 describuntur
1854 744 1874 770 in

1092 797 1125 817 eo
1143 789 1269 824 judices.
1289 791 1334 825 qui
1347 790 1542 825 iudicaverunt
1557 791 1698 826 populum.
1721 790 1800 818 Sicut
1816 791 1875 817 enim

1094 835 1138 863 alii
1155 836 1216 862 libri
1232 835 1334 870 Regum
1349 836 1487 868 dicuntur,
1505 836 1546 863 vel
1561 836 1733 871 Regnorum,
1750 836 1777 863 in
1792 835 1877 870 quibus

251 881 405 908 servierunt
425 882 541 914 Baalim,
569 886 645 909 lauto
659 882 740 910 etiam
755 883 877 910 serviunt
893 883 1043 911 Chusarsa-
1057 881 1079 909 Β
1094 881 1259 909 describitur
1293 881 1479 916 unusquisque
1508 889 1601 916 regum
1628 882 1771 916 quomodo
1796 888 1877 916 regna-

253 932 317 960 ton;
342 929 394 955 hoc
406 933 458 960 est,
475 933 537 955 octo
554 929 644 956 annis.
667 929 746 957 Disce
763 930 820 957 haec
834 934 861 957 et
877 934 917 962 tu,
932 937 949 957 ο
963 931 1040 958 audi-

253 979 306 1005 tor,
329 974 453 1009 quisquis
475 974 519 1002 iile
539 982 586 1006 es,
605 975 650 1009 qui
670 975 716 1003 tibi
733 976 859 1003 conscius
876 984 906 1004 es
927 976 1041 1011 alicujus

251 1021 366 1047 erroris.
386 1020 419 1047 Et
438 1025 542 1055 quanto
563 1020 620 1056 (48)
642 1027 764 1056 tempore
786 1022 942 1056 deliquisti.
966 1027 1040 1050 tanto

252 1066 428 1093 nihilominus
449 1071 570 1101 tempore
592 1067 703 1094 humilia
728 1068 842 1102 teipsum
861 1068 931 1102 Deo,
947 1073 974 1096 et
997 1077 1042 1096 sa-

250 1112 369 1140 tisfacilo
381 1112 405 1139 ei
424 1113 450 1139 in
475 1112 648 1140 confessione
669 1113 847 1148 pmniteutizc.
873 1113 931 1140 Non
945 1121 1041 1149 exspe-

250 1162 308 1185 ctes
326 1162 354 1184 ut
371 1158 495 1185 llumiliet
515 1162 540 1185 te
555 1157 754 1191 Cbusarsaton,
776 1163 804 1186 et
823 1159 907 1186 invito
923 1159 1042 1186 necessi—

254 1207 295 1231 tas
309 1208 471 1238 extorqueat
488 1203 694 1238 patuitcntiam,
717 1203 764 1230 sed
778 1203 835 1238 ipse
852 1205 967 1239 praeveni
984 1209 1042 1232 tor-

252 1250 320 1278 loris
334 1250 413 1277 istius
427 1257 524 1276 manus
539 1257 546 1275 :
563 1249 627 1284 quia
644 1249 666 1276 si
684 1253 709 1276 te
725 1249 783 1283 ipse
800 1250 1000 1283 emendaveris,
1018 1251 1040 1278 si

252 1301 278 1323 te
293 1297 350 1330 ipse
362 1295 526 1328 correxeris,
544 1295 603 1330 plus
616 1300 657 1322 est
674 1295 745 1322 Deus
757 1299 784 1322 et
807 1295 973 1329 misericors,
995 1296 1041 1331 qui

250 1341 399 1368 vindictam
410 1345 541 1375 temperet
557 1341 592 1368 ab
614 1349 647 1368 eo
661 1340 706 1374 qui
725 1341 797 1368 illam
810 1342 966 1376 plenitendo
974 1350 1041 1377 prae-

251 1385 336 1413 venit.
352 1385 405 1412 Sed
422 1385 488 1412 illud
508 1385 731 1419 consideremus,
758 1385 820 1420 quia
839 1385 924 1413 donec
939 1387 1042 1414 servie-

253 1435 316 1458 runt
338 1430 395 1466 (£9)
413 1430 598 1458 Chusarsaton
625 1430 644 1458 ii
672 1431 717 1466 qui
745 1431 836 1459 traditi
861 1431 969 1460 fuerant
993 1440 1042 1468 pro

251 1477 370 1510 delictis,
394 1481 421 1504 ct
440 1485 493 1505 uou
510 1477 698 1505 clamaverunt
717 1477 751 1505 ad
778 1477 935 1510 Dominum,
963 1486 1041 1506 nemo

252 1523 400 1551 suscitatus
416 1527 459 1550 est
486 1523 530 1557 qui
549 1522 658 1551 salvare
674 1531 721 1550 eos
742 1529 844 1558 posset.
865 1523 932 1551 Cum
948 1528 1039 1551 autent

251 1570 439 1598 clamaverunt
452 1569 486 1596 ad
499 1569 654 1603 Dominum,
665 1569 746 1606 ωδ
760 1574 824 1597 tunc
837 1569 979 1597 suscitavit
989 1570 1040 1597 Do-

252 1615 342 1642 minus
359 1614 529 1642 Salvatorem
546 1614 641 1645 Israel,
659 1619 687 1642 et
705 1614 820 1642 salvavit
833 1621 890 1642 eos.

287 1661 315 1688 ὅ.
342 1660 511 1688 Salvatorem
535 1665 624 1688 autem
649 1661 715 1688 dicit
736 1660 881 1688 Gothouiel
901 1660 974 1697 (50),
994 1660 1040 1694 qui

253 1709 447 1741 interpretatur
476 1712 576 1741 tempus
602 1707 665 1733 mihi
691 1706 773 1735 Deus.
803 1706 856 1734 Per
883 1707 953 1734 hunc
975 1714 1040 1741 ergo

250 1752 394 1781 GothOniel
420 1753 495 1787 prior
516 1752 560 1780 ilie
584 1752 698 1787 populus
721 1753 754 1780 de
777 1752 909 1780 servitute
928 1752 1039 1779 humili-

252 1800 315 1827 tatis
331 1804 440 1834 ereptus
451 1803 508 1831 est,
522 1803 550 1826 et
568 1799 672 1825 reddita
688 1802 730 1825 est
746 1805 800 1832 pax
820 1797 918 1833 populo
929 1817 936 1829 ,
958 1804 1040 1832 quam

251 1845 376 1880 superbia
400 1844 515 1877 dudum,
541 1849 568 1871 et
589 1844 698 1872 diversa
720 1845 807 1879 plebis
824 1845 946 1871 facinora
965 1843 1041 1879 fuga-

250 1898 325 1918 vere.
339 1890 438 1919 Verum
451 1891 579 1925 quoniam
595 1890 714 1917 diximus
732 1891 881 1926 spiritalem
896 1891 1040 1925 quemdam

252 1936 364 1972 intelligi
389 1944 469 1970 posse
487 1936 697 1970 Cllusarsatou,
719 1944 812 1971 regem
854 1941 882 1965 et
903 1945 986 1963 unum
1009 1938 1042 1964 de

251 1983 417 2010 adversariis
436 1988 464 2010 et
487 1982 576 2010 aereis
597 1983 778 2018 potestatibus
801 1982 951 2018 principem
973 1991 980 2009 :
1005 1983 1041 2010 ita

250 2035 421 2063 consequens
436 2028 501 2056 mihi
519 2028 627 2056 videtur
642 2028 723 2055 etiam
738 2027 929 2056 Golhouielem
946 2029 1040 2060 istum,

250 2073 297 2108 qui
326 2073 359 2100 ad
384 2073 556 2101 liberandum
581 2074 710 2108 populum
733 2074 882 2102 suscitatus
901 2079 961 2107 est,
981 2081 1042 2102 esse

251 2127 335 2146 unum
358 2119 476 2155 aliquem
502 2120 536 2148 de
558 2121 651 2148 militia
674 2121 779 2148 cmlesti
798 2125 826 2148 et
844 2120 1042 2156 archangelicis

252 2167 366 2198 turmis,
383 2168 428 2202 qui
446 2167 480 2195 ad
497 2166 692 2195 adminiculum
710 2168 855 2194 mittuntur
870 2175 977 2199 eorum,
995 2167 1040 2202 qui

1093 927 1181 959 verit,
1206 926 1248 954 vel
1272 927 1336 962 quid
1353 927 1442 962 egerit
1463 935 1470 954 :
1489 927 1524 954 ita
1543 931 1570 954 et
1590 927 1616 953 in
1634 926 1686 954 hoc
1706 926 1801 954 libello
1815 930 1877 961 gest:

1091 972 1212 1007 iudicum
1241 972 1415 1004 referuntur,
1444 977 1472 1000 et
1493 973 1660 1000 describitur
1681 980 1737 1000 non
1762 973 1845 999 solum
1861 972 1877 997 si

1093 1019 1156 1054 quid
1169 1019 1203 1046 ab
1216 1019 1256 1047 eis
1268 1023 1342 1047 recte
1354 1024 1380 1046 et
1399 1019 1505 1047 utiliter
1520 1024 1626 1054 gestum
1641 1024 1696 1051 est,
1713 1027 1811 1047 verum
1824 1024 1846 1045 ct
1861 1019 1878 1045 si

1092 1065 1158 1099 quid
1181 1064 1352 1099 culpabiliter
1376 1065 1526 1092 admissum
1551 1070 1594 1092 est
1617 1065 1686 1100 (52).
1713 1066 1776 1093 Cur
1799 1071 1875 1093 tamen

1092 1116 1237 1145 utrumque
1255 1111 1419 1146 descriptum
1445 1113 1482 1139 sit
1505 1112 1526 1138 si
1552 1112 1689 1146 requiris,
1710 1113 1838 1147 profecto
1855 1117 1877 1138 ιιι

1093 1164 1165 1184 nunc
1181 1156 1308 1184 Ecclesiae
1326 1157 1464 1192 principes
1482 1157 1524 1185 vel
1542 1157 1649 1192 judices
1663 1158 1842 1193 pervidentes
1855 1164 1878 1184 ra

1092 1209 1152 1237 quae
1165 1202 1199 1228 ab
1211 1202 1252 1229 eis
1266 1201 1437 1229 laudabiliter
1450 1206 1526 1238 gesta
1540 1207 1615 1236 sunt,
1630 1203 1759 1237 priorum
1776 1210 1879 1236 sequan-

1093 1252 1138 1274 tur
1158 1247 1282 1282 exempla
1305 1255 1311 1274 :
1328 1247 1351 1275 si
1371 1255 1424 1282 qua
1455 1255 1521 1276 vero
1541 1248 1568 1275 in
1589 1248 1643 1275 illis
1667 1249 1837 1284 culpantur,
1859 1254 1879 1275 ιιι

1093 1293 1137 1321 isti
1157 1298 1272 1320 caveant
1295 1299 1323 1320 et
1345 1293 1493 1321 declinent.
1519 1293 1614 1330 Magna
1637 1302 1704 1330 ergo
1730 1295 1794 1323 laus
1813 1295 1877 1330 primi

1093 1339 1172 1374 hujus
1185 1339 1285 1374 judicis
1296 1339 1442 1367 Gothouiel
1458 1340 1576 1368 refertur
1588 1361 1596 1374 ,
1611 1341 1682 1376 quod
1701 1340 1829 1376 Spiritus
1843 1341 1878 1368 Dci

1093 1385 1180 1413 factus
1194 1390 1236 1413 est
1258 1392 1341 1420 super
1353 1393 1414 1414 eum
1429 1406 1436 1419 ,
1452 1392 1479 1413 et
1495 1394 1544 1421 per
1564 1386 1695 1421 Spiritum
1720 1387 1832 1415 Domini
1847 1388 1879 1423 ju-

1092 1431 1203 1459 dicabat
1220 1431 1320 1464 Israel;
1337 1432 1408 1467 quod
1422 1439 1472 1467 ego
1484 1433 1518 1459 de
1531 1433 1586 1460 alio
1600 1433 1696 1467 quovis
1711 1433 1822 1461 dictum
1838 1442 1878 1460 non

1092 1477 1169 1504 valde
1183 1477 1304 1505 memini.
1314 1477 1383 1505 Sunt
1393 1485 1457 1513 ergo
1467 1479 1586 1505 omnium
1602 1478 1681 1506 hodie
1696 1478 1879 1508 Ecclesiarum

1093 1532 1153 1559 quae
1171 1528 1236 1552 sunt
1251 1524 1303 1552 sub
1324 1524 1408 1557 caelo,
1432 1525 1626 1560 quamplurimi
1641 1525 1752 1560 judices
1767 1547 1777 1558 ,
1795 1527 1881 1562 quibus

1090 1569 1220 1604 judicium
1234 1577 1286 1598 nou
1303 1570 1389 1598 solum
1402 1577 1491 1598 rerum
1504 1575 1642 1606 gestarum
1655 1570 1752 1598 datum
1773 1577 1829 1604 est,
1843 1572 1880 1599 sed

1092 1621 1120 1643 et
1136 1616 1300 1644 animarum.
1320 1615 1419 1644 Verum
1445 1617 1539 1644 nescio
1559 1617 1581 1644 si
1599 1618 1645 1652 qui
1669 1617 1739 1645 tales
1759 1618 1880 1647 Ecclesia

1090 1662 1195 1697 judices
1216 1667 1279 1689 sunt
1299 1670 1368 1697 quos
1384 1662 1480 1697 dignos
1500 1662 1555 1698 (5'5)
1580 1662 1662 1690 faciet
1686 1662 1763 1691 Deus
1789 1665 1879 1699 Spiritu

1092 1712 1187 1735 sancto
1195 1708 1302 1742 repleri,
1310 1712 1340 1735 ut
1350 1709 1421 1736 sicut
1430 1708 1574 1736 Gothouiel
1586 1709 1637 1736 iste
1646 1709 1813 1738 testimonio
1824 1711 1881 1738 Scrr

1092 1758 1179 1787 plura:
1195 1754 1339 1782 decoratus
1355 1758 1412 1786 est,
1430 1754 1467 1781 ita
1486 1755 1569 1781 etiam
1594 1754 1644 1789 ipsi
1661 1755 1694 1782 de
1719 1757 1827 1790 quibus
1843 1757 1881 1783 hoc

1092 1804 1234 1835 optamus,
1249 1799 1295 1827 Dei
1313 1800 1495 1827 testimonium
1514 1806 1682 1828 mereantur.
1696 1801 1743 1828 Ait
1760 1809 1831 1837 ergo
1845 1802 1880 1827 ":

1095 1855 1104 1872 ι
1123 1846 1155 1873 Ει
1168 1845 1256 1874 fat-tus
1275 1851 1317 1874 est
1336 1853 1418 1881 super
1428 1853 1490 1874 eum
1508 1846 1628 1881 Spiritus
1642 1847 1754 1874 Domini
1769 1868 1779 1880 ,
1800 1855 1829 1876 et
1847 1849 1881 1882 ju-

1093 1890 1195 1918 dicavit
1217 1890 1316 1924 Israel,
1336 1895 1364 1918 et
1387 1891 1454 1918 exiit
1470 1892 1503 1918 ad
1519 1891 1637 1923 bellum,
1655 1896 1682 1919 et
1700 1893 1821 1921 tradidit
1839 1893 1880 1919 Do-

1095 1938 1184 1965 minus
1202 1938 1228 1965 ill
1248 1946 1345 1966 manus
1360 1938 1418 1973 ejus
1437 1939 1621 1966 Chusarsatou
1637 1945 1742 1973 regem.
1772 1950 1782 1965 ι
1804 1941 1882 1973 Quare

1095 1984 1162 2011 hoc?
1183 1985 1250 2018 Quia
1273 1984 1392 2019 Spirltus
1416 1984 1522 2012 Domini
1537 1989 1597 2012 erat
1616 1985 1641 2011 in
1659 1992 1711 2018 eo,
1731 1991 1762 2012 et
1782 1987 1882 2014 confor-

1094 2033 1148 2056 tata
1172 2034 1214 2056 est
1241 2037 1336 2057 manus
1360 2030 1421 2064 ejus
1450 2037 1497 2064 per
1519 2029 1704 2056 Chusarsaton
1732 2038 1842 2066 regem.
1859 2031 1881 2057 Et

1091 2079 1153 2108 post
1175 2074 1233 2101 lucc
1249 2074 1314 2102 dicit
1330 2074 1353 2090 ”
1365 2093 1374 2107 ,
1391 2074 1453 2108 quia
1467 2073 1571 2109 quievit
1590 2079 1662 2101 terra
1677 2075 1728 2102 sub
1748 2083 1786 2104 eo
1799 2077 1881 2110 judice

1092 2120 1270 2156 quadraginta
1282 2121 1373 2147 annis.
1391 2120 1470 2147 Vides
1483 2127 1564 2154 quam
1580 2120 1655 2155 larga
1671 2126 1714 2148 est
1727 2122 1825 2150 divina
1837 2123 1882 2149 cle-

1093 2165 1204 2193 mentia.
1218 2164 1287 2193 Octo
1302 2168 1381 2194 annis
1400 2167 1446 2194 lilii
1467 2166 1552 2194 Israel
1572 2169 1727 2195 Sen-ierant
1746 2177 1800 2204 pro
1821 2169 1881 2196 mnt-

252 2213 439 2240 haereditatem
454 2213 564 2247 capiunt
585 2213 680 2240 salutis
691 2233 698 2245 ,
713 2217 740 2240 et
756 2217 820 2240 sunt
839 2213 930 2248 angeli
946 2212 1040 2240 Salva-
1057 2223 1079 2251 ι)
1095 2215 1182 2239 torum
1198 2212 1322 2245 delictis,
1340 2213 1522 2249 quadraginta
1542 2215 1620 2242 anuis
1638 2222 1687 2249 per
1703 2215 1791 2243 unius
1807 2215 1883 2250 justi-

252 2257 329 2290 toris,
345 2257 389 2292 qui
403 2257 445 2285 vel
457 2257 625 2285 Gothouielis
638 2258 680 2285 vel
692 2258 772 2285 Aioth
789 2259 882 2293 specie
896 2258 1039 2293 designau-

251 2307 296 2330 lur
306 2323 314 2335 ,
329 2303 392 2338 quia
404 2304 475 2331 sicut
489 2311 559 2338 salpe
571 2305 758 2337 ostendimus,
775 2312 828 2332 non
846 2305 933 2333 solum
944 2313 959 2332 a
973 2313 1040 2333 con-

251 2349 344 2376 trariis
368 2349 513 2377 virtutibus
539 2350 748 2385 impugnamur.
764 2350 811 2378 sed
828 2355 855 2378 et
876 2350 974 2378 divina:
992 2351 1040 2378 bo-

250 2403 345 2431 umque
372 2396 486 2423 virtutes
508 2397 542 2423 ad
567 2396 699 2424 auxilium
721 2400 844 2424 nostrum
861 2396 1006 2424 mittuntur
1021 2405 1036 2425 a

250 2441 376 2469 Domino.
402 2441 549 2469 Videamus
574 2446 665 2469 tamen
690 2442 751 2476 quis
770 2442 852 2469 fuerit
869 2443 920 2470 iste
935 2441 1039 2470 Gotho-

250 2487 315 2520 uiel,
324 2487 401 2521 cujus
413 2486 532 2520 familiae,
541 2487 619 2520 cujus
629 2487 787 2515 nobilitatis.
796 2486 897 2520 Filius,
911 2488 1038 2523 inquit“,

302 2545 326 2562 κ
346 2545 366 2573 ιι
383 2545 444 2573 Cor.
461 2553 481 2579 ι,
498 2536 541 2573 is.
579 2547 600 2562 υ
625 2546 688 2574 Jud.
715 2553 755 2579 ιιι,
780 2546 807 2575 9.
844 2547 866 2563 ιι
892 2546 957 2574 ibid.
985 2547 1029 2574 t0.

284 2606 344 2644 (48)
364 2606 472 2641 Inquit,
500 2613 617 2640 tempore
644 2608 786 2634 servierunt
814 2607 937 2639 Baulim,
965 2612 1037 2644 tanta

247 2642 453 2670 ctiunl‘serviunt
469 2644 668 2675 Clausal-sutori;
681 2644 731 2669 hoc
743 2648 781 2669 est
791 2650 848 2670 octo
863 2644 949 2670 anuis.
964 2642 1039 2669 Disce

249 2679 307 2704 hiet:
326 2683 349 2704 et
365 2684 402 2707 tu.
419 2685 433 2704 ο
447 2677 742 2713 auditor,quisquisille
755 2686 792 2710 es,
805 2679 849 2713 qui
858 2679 903 2704 tibi
919 2679 1037 2705 conscius

251 2721 279 2748 es
287 2712 403 2748 alicuius
409 2714 516 2739 erroris.
526 2712 676 2748 thuanlo.
685 2712 747 2740 Haec
755 2714 838 2741 etiam
847 2713 1039 2740 desiderantur

253 2747 279 2772 iu
299 2747 377 2774 libris
393 2748 482 2779 editis,
504 2750 550 2775 sed
568 2747 675 2775 exstant
694 2748 720 2774 iu
738 2756 802 2775 mss.

288 2781 347 2816 (ιιι)
368 2781 443 2814 Mss.,
460 2792 469 2808 ι
486 2783 650 2811 servierunt.
669 2792 678 2808 ι
696 2782 789 2815 Editi.,
804 2793 814 2808 ‹
832 2783 964 2810 serviunt.
986 2793 996 2808 ι

287 2815 346 2850 (50)
370 2815 518 2850 Gathonirl,
533 2823 586 2845 etc.
606 2818 643 2844 Ex
670 2823 709 2849 ny
731 2823 841 2852 tempus,
859 2821 868 2841 ν
888 2818 969 2846 afﬁxo
988 2819 1041 2853 pli-

252 2869 303 2889 ιιιιι
319 2869 440 2897 persona:
455 2868 481 2890 et
495 2854 532 2892 θη
548 2862 624 2892 Deus.

1095 2258 1159 2285 tiam
1173 2258 1199 2285 iu
1214 2265 1280 2293 pace
1295 2259 1455 2293 perdurant.

1128 2305 1156 2332 4.
1175 2304 1227 2332 Sed
1238 2305 1302 2340 quid
1315 2305 1414 2333 dicitur
1429 2309 1490 2340 post
1508 2306 1579 2333 haee?
1596 2315 1605 2332 ι
1621 2305 1655 2333 Ει
1666 2305 1820 2334 defunctus
1834 2313 1880 2334 est.

1095 2351 1193 2386 inquit,
1208 2350 1351 2379 Gothouiel
1370 2352 1440 2379 ﬁlius
1450 2352 1563 2379 Ceneth.
1578 2361 1588 2378 ι
1600 2352 1666 2380 Rem
1679 2353 1763 2380 video
1780 2355 1882 2388 pericu-

1094 2396 1192 2424 losam.
1210 2396 1357 2425 Defunctus
1377 2402 1418 2425 est
1439 2396 1595 2426 Gothouiel.
1618 2398 1709 2431 Quare
1726 2399 1809 2435 (54η
1827 2401 1884 2434 quia

1091 2442 1147 2478 jam
1165 2442 1293 2477 indiguus
1305 2447 1365 2470 erat
1381 2443 1507 2477 populus,
1521 2443 1567 2477 qui
1584 2444 1699 2471 haberet
1709 2444 1834 2478 judicem
1850 2450 1885 2471 ta-

1096 2489 1158 2515 lem.
1176 2489 1298 2524 Denique
1313 2489 1339 2516 in
1355 2489 1589 2524 consequentibus
1601 2490 1677 2518 dicit.
1694 2491 1745 2519 Illo
1760 2491 1884 2520 defuncto

1067 2546 1090 2563 ”
1110 2547 1177 2574 ibid.
1215 2547 1239 2563 “
1255 2547 1319 2575 ibid.
1336 2547 1379 2575 il.

1129 2608 1184 2646 (δι)
1198 2608 1280 2646 Ειιὶιι.
1292 2618 1302 2634 ι
1311 2609 1431 2646 judicem
1445 2616 1526 2644 quem
1536 2610 1656 2646 Spiritus
1669 2609 1718 2638 Dei
1729 2612 1844 2646 repleat.
1860 2617 1883 2637 et

1091 2643 1188 2679 poSsit.
1206 2653 1215 2669 ι
1230 2643 1294 2671 Mss.
1310 2649 1338 2671 ut
1353 2644 1379 2671 ill
1394 2643 1579 2673 nosti-otextu.
1590 2644 1659 2672 Infra
1672 2654 1743 2673 mss.
1758 2643 1770 2672 ἐ
1783 2653 1883 2674 recti-cl

1094 2679 1196 2706 utiliter
1220 2684 1326 2714 gestum
1348 2685 1400 2707 est.
1429 2689 1438 2705 ι
1460 2679 1545 2708 Edttl.
1572 2689 1580 2706 ι
1602 2686 1675 2708 recte
1697 2687 1724 2708 et
1747 2682 1879 2709 humilitcl

1092 2719 1197 2748 gestum
1214 2719 1264 2741 est.
1285 2724 1297 2741 1

1127 2749 1183 2783 (5‘2)
1197 2748 1261 2776 Mss.
1283 2759 1292 2775 ‹
1307 2749 1467 2776 admissum.
1483 2760 1492 2776 ι
1507 2750 1590 2777 Editt.
1608 2759 1617 2775 ι
1635 2752 1780 2780 emissum.
1799 2761 1810 2778 ι

1129 2784 1313 2823 (55)__Edilt,,
1333 2793 1342 2809 ι
1426 2786 1488 2823 quis
1511 2785 1571 2813 talis
1591 2785 1723 2813 Ecclesia:
1735 2788 1815 2823 judel
1833 2791 1882 2818 est,

1093 2827 1173 2854 quem
1189 2820 1308 2855 dignum.
1330 2829 1338 2844 ι
1357 2820 1421 2847 Mss.
1438 2826 1466 2848 ut
1480 2822 1505 2848 ill
1522 2827 1618 2848 nostro
1634 2828 1724 2851 textu.
