1888 3051
38 115 81 144 9(5
537 109 570 138 ΙΝ
585 109 714 138 LIBRUM
729 106 878 137 JUDICUM
893 105 1036 135 IIOMILIA
1055 105 1100 133 Ill.

1602 104 1656 134 966

39 184 47 202 t
66 174 238 210 adjecerunt,
266 171 353 207 inquit
369 171 411 206 ’⁸,
444 171 492 199 ﬁlii
515 170 597 199 Israel
625 171 714 198 facere
740 170 816 197 mali-
830 173 853 201 Α
868 168 944 202 Quod
961 168 982 196 sl
1002 167 1064 194 licet
1082 167 1109 194 in
1133 165 1232 193 talibus
1247 171 1279 192 ex
1298 164 1380 192 simili
1396 172 1579 199 prta-sumere.
1592 169 1659 200 puto

36 229 107 257 gnum
122 221 147 248 in
162 223 309 254 conspectu
327 218 445 252 Domini,
461 222 490 245 et
505 216 670 244 confortavit
686 216 819 243 Dominus

35 267 110 302 Eglon
135 272 226 301 regem
251 264 331 291 Moab
355 265 499 291 adversum
519 262 613 290 Israel.
637 272 647 288 ι
668 261 818 289 Considera

36 313 89 347 quia
113 319 162 347 pro
186 319 219 339 eo
240 310 311 346 quod
336 309 439 344 indigni
455 313 532 336 erant
546 308 601 343 jam
627 308 727 335 habere
745 308 819 342 prin-

36 360 115 394 cipettt
143 358 224 385 talem
235 376 243 390 ,
263 360 408 392 propterea
427 354 552 382 aufertur
567 355 601 382 ab
616 354 656 381 eis
669 354 756 381 bonus
772 354 817 388 ju-

35 405 80 432 dex
111 404 144 432 Et
159 404 282 431 fecerunt
299 402 346 430 ﬁlii
361 402 444 429 Israel
461 401 609 435 malignum
624 400 650 427 in
666 405 818 435 conspecttt

36 450 151 482 Domini,
166 454 192 478 et
205 450 340 477 excitatur
357 448 397 475 eis
417 447 503 475 hostis
519 446 652 481 pessimus
668 445 750 480 Eglon
772 453 819 473 rex

37 495 115 524 Moab.
134 495 217 522 Vides
237 494 301 529 quia
322 498 434 529 peccata
451 493 525 520 vires
540 492 661 520 hostibus
680 491 818 526 praebent,

33 549 56 570 et
70 542 176 578 quade
194 549 243 569 nos
256 541 371 568 facimus
385 539 532 575 malignum
551 539 577 566 in
594 543 743 573 conspectu
765 538 820 565 Do-

35 589 104 621 mini,
119 592 146 615 et
160 587 354 622 delinquimus,
376 591 440 613 tunc
461 585 650 612 confortantur
667 592 681 610 a
702 583 817 611 Domino

35 633 132 660 inimici
149 633 246 664 nostri,
261 636 325 660 tunc
342 633 415 659 vires
427 630 576 658 contrariis
593 629 739 656 virtutibus
752 629 819 655 dan-

35 684 82 705 tur.
104 677 159 705 Hoc
180 678 237 705 sive
260 677 407 704 secundum
422 676 540 704 litteram
556 675 723 710 quteras,ita
744 674 818 701 inve-

35 723 98 756 nies,
115 723 178 758 quia
200 730 253 750 non
272 721 468 750 invaleseerent
484 722 536 749 nisi
554 721 594 748 eis
610 720 706 748 delicta
722 724 816 746 nostra

32 767 100 796 vires
121 767 277 795 conferrent
298 775 306 794 :
330 767 388 794 sive
411 767 437 794 in
458 766 626 799 spiritalibus
640 766 815 798 consideres,

32 812 154 840 similiter
173 812 316 840 contrariae
340 812 455 839 virtutes
476 819 527 838 non
548 811 746 838 invalescereut
768 810 816 837 ad-

33 866 136 886 versum
151 865 211 887 nos,
227 865 278 885 nec
295 858 350 892 ipse
369 857 486 884 Zahulus
500 857 525 884 in
539 857 616 884 nobis
631 856 731 891 aliquid
746 864 813 891 prte-

31 904 149 937 valeret,
166 903 218 931 nisi
234 904 257 930 ei
276 903 347 930 vires
359 910 392 930 ex
408 902 508 930 nostris
524 902 597 930 vitiis
612 903 812 937 praeberemus;

31 950 107 978 Valde
130 949 254 977 ittﬁrmus
278 955 350 976 esset
375 949 518 976 adversum
538 956 602 980 nos,
620 948 670 974 nisi
690 954 738 974 nos
753 954 814 974 eutn

32 995 124 1023 fortem
151 995 289 1031 peccando
309 994 472 1026 faceremus,
494 994 546 1021 nisi
563 1001 611 1028 per
632 997 741 1028 peccata
765 1000 815 1020 no-

31 1046 84 1068 stra
107 1041 197 1068 locum
222 1039 375 1068 introeundi
403 1043 429 1066 et
452 1039 607 1066 dominandi
633 1039 768 1066 inveniret
788 1038 813 1065 in

32 1086 117 1114 nobis.
144 1086 291 1120 Propterea
314 1090 341 1112 et
363 1084 508 1119 Apostolus
530 1084 646 1118 denique
668 1088 815 1120 praemonet

30 1132 121 1159 dicens
137 1132 161 1148 "
181 1139 188 1158 :
207 1139 216 1156 t
237 1129 325 1157 Nolite
341 1130 429 1157 locum
447 1130 511 1156 dare
527 1129 640 1161 Zabulo,
667 1139 676 1155 ι
700 1129 771 1156 sicut
789 1133 816 1156 et

30 1176 71 1203 hic
91 1176 174 1204 ntodo
196 1176 323 1210 legimus,
347 1175 409 1209 quia
429 1179 603 1209 posteaquam
625 1174 746 1202 fecerunt
767 1174 814 1201 ﬁlii

30 1220 107 1248 Israel
133 1220 280 1256 malignum
305 1221 331 1248 in
354 1225 501 1255 conspectu
518 1220 645 1253 Domini,
660 1220 748 1247 locutn
769 1220 816 1247 de-

29 1266 126 1293 derunt
154 1265 267 1293 Zabulo.
285 1274 294 1291 ι
311 1265 479 1293 Confortavit
491 1266 563 1292 enim
585 1265 713 1292 Dominus
731 1265 814 1300 Eglon

32 1316 117 1344 regem
140 1309 231 1341 Moab,
243 1313 272 1336 et
300 1308 423 1343 adjunin
441 1308 466 1335 ei
489 1315 584 1336 omnes
608 1308 677 1335 ﬁlios
700 1308 814 1334 Ammon

29 1361 55 1382 et
78 1355 191 1382 Amalec
204 1355 237 1381 ".
262 1363 271 1380 ι
293 1353 350 1380 Non
372 1354 475 1387 solum,
503 1354 605 1388 inquit,
631 1353 688 1388 ipse
707 1352 815 1380 cantor.

29 1404 99 1427 tatus
122 1404 168 1428 est
192 1407 225 1427 ex
251 1399 368 1435 peccatis
393 1399 509 1426 ﬁliorum
534 1398 631 1430 Israel,
655 1398 702 1425 sed
721 1397 817 1432 adjun-

27 1452 127 1481 guntur
143 1447 169 1474 ei
185 1446 251 1474 socii
270 1453 385 1480 nequam
399 1452 433 1472 ex
446 1445 510 1472 ﬁliis
526 1445 640 1472 Ammon
655 1448 682 1471 et
693 1444 816 1477 Amalec,

26 1493 69 1527 qui
85 1501 147 1520 cum
163 1491 223 1527 ipso
237 1492 341 1526 pariter
357 1492 516 1526 impugnent
530 1490 622 1519 Israel.

58 1539 86 1566 5.
104 1547 115 1564 ι
133 1538 171 1565 Et
196 1537 364 1570 servierunt,
388 1537 475 1571 inquit
488 1537 522 1570 ³⁵,
545 1537 593 1564 ﬁlii
623 1536 705 1564 Israel
730 1536 813 1571 Eglon

25 1585 80 1619 regi
110 1584 202 1618 Moab,
224 1584 316 1612 decem
339 1587 367 1611 et
394 1588 458 1611 octo
476 1583 566 1610 annis.
585 1592 595 1609 ι
613 1581 732 1610 Observa
751 1583 813 1617 quia

22 1630 103 1658 etiam
119 1637 263 1658 mensuras
279 1635 366 1664 ptentc
378 1628 478 1656 indicat
495 1628 636 1662 Scriptura
648 1628 738 1654 divina
753 1635 814 1655 cum

23 1681 84 1703 ante
99 1680 167 1703 octo
180 1682 275 1708 annos,
290 1679 318 1702 et
332 1674 376 1702 hic
389 1674 480 1701 decem
494 1680 520 1700 et
534 1679 595 1700 octo
611 1673 687 1700 dicit.
704 1672 814 1700 Certum

22 1726 61 1749 est
76 1726 171 1749 autem
191 1722 264 1756 quod
278 1720 426 1748 secundum
441 1719 525 1755 5.66
540 1719 644 1754 peccati
666 1719 774 1746 modum
788 1722 815 1746 et

23 1767 214 1796 conversionis
243 1770 343 1794 nostra:
368 1773 491 1800 moram,
519 1765 601 1793 etiarn
626 1764 815 1800 castigationis

26 1815 150 1846 tempora
165 1814 362 1845 temperantur.
380 1810 558 1837 Transierunt
574 1809 646 1837 enim
662 1815 690 1837 et
705 1810 748 1838 isti
764 1810 813 1837 de-

25 1864 84 1884 cem
105 1862 135 1884 et
160 1861 223 1883 octo
248 1855 312 1883 anni
329 1855 480 1887 servitutis,
501 1859 601 1883 etnon
621 1855 738 1883 refertur
751 1855 822 1890 quia.

24 1903 217 1930 clamaverunt
231 1902 265 1929 ad
279 1901 434 1934 Dominum,
450 1901 493 1928 vel
507 1901 631 1929 conversi
651 1906 714 1929 sunt
728 1909 742 1929 a
754 1909 814 1929 ma-

24 1947 79 1975 litia
97 1956 149 1976 sua
165 1957 172 1975 :
189 1948 237 1975 sed
251 1951 313 1983 post
333 1947 426 1975 decem
441 1951 469 1974 et
482 1951 544 1974 octo
557 1954 644 1974 annos
661 1946 759 1974 iterum
772 1946 814 1974 di-

24 1992 94 2020 citur
115 1993 175 2030 (55)
191 1993 224 2024 ".
238 1993 300 2028 quia
317 2002 326 2019 ι
344 1993 529 2020 clamaverunt
547 1992 594 2020 ﬁlii
612 1992 693 2020 Israel
712 1992 745 2020 ad
760 1992 814 2019 Do-

22 2039 141 2072 minum,
159 2044 190 2067 et
210 2038 351 2067 suscitavit
364 2039 404 2066 eis
418 2039 549 2067 Dominus
562 2039 634 2067 Deus
648 2038 813 2066 Salvatorcm

21 2084 103 2113 Aioth
133 2086 223 2113 filium
242 2085 325 2118 Cera,
347 2085 393 2112 ﬁlii
416 2085 538 2118 Gemini,
565 2085 653 2112 virum
675 2084 814 2113 ambidex-

20 2135 106 2159 trum.
127 2141 138 2157 ι
157 2132 230 2159 Ecce
251 2131 337 2166 qualis
359 2136 402 2158 est
423 2131 472 2158 iste
487 2131 533 2165 qui
548 2130 692 2158 suscitatur
711 2130 744 2158 ad
760 2131 814 2157 sal-

873 213 944 247 quod
958 212 1107 239 secundum
1122 211 1273 246 spiritalem
1291 210 1509 245 intelligentiam,
1524 215 1552 237 ct
1570 210 1658 237 sancti

871 266 966 286 omnes
980 257 1142 285 ambidextri
1160 258 1288 285 dicantur
1303 266 1310 285 :
1323 262 1350 285 et
1361 257 1516 284 econtrario
1526 256 1658 288 Zabulus.

873 309 900 331 et
928 304 1064 338 principes
1088 303 1164 338 ejus,
1182 303 1206 330 si
1227 303 1279 330 dici
1298 308 1404 338 potest,
1422 302 1601 330 ambisinistri
1617 301 1659 329 di-

871 354 980 377 cuntur.
1009 349 1107 376 Totum
1132 349 1204 376 enim
1229 349 1299 384 quod
1322 353 1423 384 agunt,
1440 348 1580 376 sinistrum
1596 352 1658 381 est,

872 400 957 423 totum
973 403 1143 430 perversum,
1160 400 1245 423 toturn
1260 395 1314 430 igni
1329 400 1443 428 aeterno,
1459 402 1521 422 cum
1538 394 1572 422 iis
1585 396 1657 431 quia

870 442 989 469 sinistris
1003 446 1082 474 sunt,
1099 442 1266 476 deputatum.

905 487 931 513 6.
946 486 997 514 Sed
1010 487 1149 514 videamus
1163 487 1226 521 quid
1243 486 1300 521 agit
1317 486 1360 513 hic
1377 486 1545 514 ambidexter
1560 486 1655 520 jndex.

872 540 881 557 ι
903 530 1043 562 Misernnt,
1066 530 1155 566 inquit
1175 531 1206 564 “,
1224 531 1271 558 filii
1291 530 1371 557 Israel
1393 538 1503 558 munera
1519 531 1552 558 ad
1572 530 1657 566 Eglon

870 585 960 613 regem
973 577 1151 605 Moabitarum
1176 585 1224 611 per
1238 584 1347 604 manum
1365 577 1446 604 Aioth
1457 598 1463 610 ,
1479 582 1507 604 et
1527 576 1588 604 fectt
1603 577 1655 604 sthi

868 623 949 651 Aioth
966 623 1083 658 gladium
1101 630 1135 650 ex
1150 627 1264 656 utraque
1280 627 1356 656 parte
1372 627 1482 649 acutum
1502 623 1596 656 palmae
1611 630 1658 649 ex-

869 670 951 693 tensa:
975 666 1163 701 longitudine,
1189 672 1215 694 et
1240 666 1359 701 alligavit
1380 667 1431 694 sibi
1448 674 1509 694 eutn
1525 667 1605 693 Aioth
1622 667 1658 694 ad

868 711 956 739 femur
981 712 1115 739 dextrum.
1145 721 1155 738 ι
1184 712 1266 739 Vides
1285 713 1348 747 quia
1370 712 1494 739 dextrum
1520 717 1558 740 est
1576 719 1658 739 omne

867 758 938 792 quod
954 759 1008 792 agit
1025 758 1105 785 Aioth
1122 757 1166 785 hic
1182 758 1362 790 ambidexter,
1378 762 1405 785 et
1422 758 1546 785 manibus
1562 758 1658 784 dexter

867 807 918 836 est,
932 804 997 831 etin
1015 803 1128 838 pedibus
1142 804 1237 832 dexter
1249 809 1302 830 est.
1316 804 1343 830 In
1356 804 1459 830 feruore
1472 804 1543 830 enim
1560 804 1656 830 dextro

866 849 985 883 gladium
1012 854 1120 884 portat,
1142 854 1172 876 ut
1195 851 1286 877 veniat
1301 850 1334 876 ad
1355 857 1443 884 regem
1463 854 1490 876 et
1509 850 1656 877 interficiat

865 901 939 921 eum.
958 895 1117 921 Dixeramus
1133 894 1159 921 itt
1178 895 1364 929 superioribus
1379 895 1450 928 qttod
1470 894 1515 921 isti
1533 902 1602 929 qttos
1619 895 1654 922 ad

866 941 979 968 salutem
997 941 1099 975 populi.
1116 946 1143 968 et
1159 941 1192 968 ad
1209 941 1362 968 liberandos
1379 941 1449 968 tilios
1468 940 1550 968 Israel
1568 942 1655 969 sitsci-

872 992 930 1014 tare
945 986 1045 1014 dicitur
1057 987 1128 1014 Deus
1143 986 1306 1018 salvatores,
1319 986 1361 1013 vel
1375 986 1490 1021 judices,
1508 985 1653 1022 imaginem

867 1032 955 1060 ferant
976 1032 1128 1067 aliquorum
1150 1031 1302 1068 principum
1320 1040 1352 1059 ex
1375 1033 1478 1060 ctnlesti
1501 1033 1614 1066 militia,
1628 1037 1657 1060 et

866 1086 1046 1114 supernarum
1070 1079 1221 1112 virtutum,
1248 1086 1316 1113 quas
1342 1078 1376 1106 ad
1400 1078 1554 1106 subsidium
1581 1079 1653 1107 Dens

865 1124 972 1152 emittat
994 1131 1101 1156 eorum,
1125 1124 1169 1158 qtti
1191 1123 1224 1150 ad
1239 1131 1269 1151 se
1285 1127 1342 1150 toto
1356 1123 1439 1151 corde
1457 1123 1633 1151 clamaverint
1645 1144 1654 1157 ,

865 1174 890 1196 et
918 1177 965 1204 per
991 1169 1198 1196 conversionem
1221 1168 1389 1203 poenitentiae
1408 1168 1528 1196 divinam
1545 1176 1609 1204 erga
1625 1176 1658 1200 se

866 1216 1036 1246 clementiam
1061 1215 1196 1243 ﬂexerint.
1219 1216 1272 1243 Sed
1290 1215 1343 1242 hoc
1360 1220 1389 1242 ut
1405 1223 1439 1243 ne
1460 1221 1653 1252 prmsumptum

866 1263 937 1296 apud
955 1262 1095 1289 auditores
1109 1262 1233 1290 videatur
1247 1270 1262 1289 a
1278 1262 1357 1290 nobis
1367 1283 1375 1296 ,
1387 1262 1518 1290 debemus
1530 1269 1563 1289 ex
1581 1262 1656 1289 Scri-

865 1314 1006 1343 pturarum
1045 1307 1207 1335 auctoritate
1240 1307 1359 1335 ﬁrmare.
1390 1308 1527 1342 Scriptum
1552 1312 1595 1334 est
1627 1308 1654 1334 in

865 1353 970 1386 Exodo,
981 1354 1044 1388 quia
1059 1359 1150 1388 patres
1164 1354 1248 1381 nostri
1260 1353 1306 1380 Illii
1320 1353 1402 1381 Israel
1417 1361 1478 1380 cum
1494 1353 1579 1380 multo
1588 1359 1655 1381 tem-

865 1407 931 1436 pore
945 1399 1080 1435 Egyptiis
1096 1405 1125 1427 et
1139 1399 1274 1427 Pharaoni
1291 1399 1347 1435 regi
1361 1399 1508 1428 durissimo
1520 1400 1546 1427 in
1562 1400 1610 1427 luti
1627 1404 1656 1426 et

867 1447 959 1474 lateris
973 1446 1142 1474 confectione
1156 1446 1321 1479 servissent,
1342 1445 1526 1473 clamaverunt
1545 1446 1578 1473 ad
1600 1446 1655 1474 Do-

867 1493 983 1525 minum,
1007 1493 1115 1526 inquit,
1142 1493 1178 1519 ita
1203 1497 1233 1520 ut
1259 1492 1317 1527 ipse
1343 1492 1474 1520 Dominus
1491 1493 1593 1519 diceret
1608 1493 1654 1519 "t

872 1548 881 1564 ι
896 1538 1003 1566 Clamor
1018 1538 1133 1565 filiorum
1148 1538 1229 1566 Israel
1250 1538 1307 1574 (50)
1339 1539 1460 1566 ascendit
1479 1539 1512 1566 ad
1534 1546 1586 1572 me,
1603 1548 1613 1566 ι
1628 1543 1657 1566 et

868 1585 950 1613 tnisso
965 1585 1074 1619 quidem
1089 1584 1190 1616 Mosco,
1207 1584 1352 1612 visibiliter
1366 1586 1460 1613 eduxit
1478 1593 1536 1613 eos.
1560 1585 1653 1613 Refert

867 1635 956 1658 autem
972 1630 1115 1664 Scriptura
1130 1631 1201 1665 quod
1215 1630 1328 1666 angeltts
1343 1631 1541 1658 exterminator
1554 1632 1655 1659 missus

868 1676 915 1708 sit,
929 1676 973 1710 qui
988 1680 1110 1704 vastaret
1129 1676 1237 1711 quidem
1255 1676 1346 1704 omnia
1371 1677 1551 1712 primogenita
1566 1676 1653 1711 Egy-

867 1720 996 1755 ptiorum,
1006 1721 1189 1748 lsraelitarum
1208 1728 1271 1748 vero
1283 1722 1417 1748 neminem
1433 1726 1563 1756 tangeret.
1575 1722 1607 1749 Et
1615 1723 1655 1749 sic

867 1766 1022 1794 declaratur
1036 1767 1163 1794 virtutem
1188 1766 1272 1794 fuisse
1294 1767 1433 1794 caelestem
1455 1775 1515 1801 qua:
1538 1768 1653 1794 vastatis

866 1812 1005 1848 Egyptiis
1024 1819 1052 1841 et
1072 1813 1225 1847 prostratis,
1247 1811 1317 1840 ﬁlios
1336 1812 1419 1840 Israel
1440 1813 1473 1840 de
1484 1812 1550 1847 jugo
1569 1814 1655 1840 servi-

867 1858 932 1884 tutis
946 1858 1049 1884 eduxit.
1065 1857 1160 1884 Sintile
1172 1863 1281 1891 quoque
1302 1856 1384 1883 etiam
1409 1856 1474 1883 illud
1494 1856 1610 1882 refertur
1626 1855 1652 1882 iu

866 1903 1075 1938 historiis,quod
1095 1902 1146 1930 sub
1169 1909 1233 1936 rege
1255 1901 1429 1937 Assyriorum
1448 1900 1651 1933 Sennachcrih,

866 1949 979 1983 angelus
1001 1949 1107 1976 Domini
1129 1948 1246 1975 mittitur
1258 1967 1266 1979 ,
1282 1948 1329 1983 qui
1342 1947 1421 1975 caesis
1437 1947 1487 1974 sub
1504 1954 1554 1973 una
1574 1951 1653 1973 nocte

865 1998 892 2023 et
919 1995 1066 2026 prostratis
1090 1998 1198 2021 centum
1226 1993 1363 2028 octoginta
1389 1992 1509 2027 quinque
1534 1991 1653 2018 millibus

865 2042 994 2072 hostium.
1020 2045 1049 2066 et
1072 2040 1166 2066 urbem
1190 2038 1224 2066 de
1245 2038 1385 2066 obsidione
1398 2058 1405 2070 ,
1426 2044 1451 2064 et
1473 2037 1601 2072 populum
1619 2037 1653 2064 de

866 2085 1016 2114 imminenti
1031 2084 1158 2112 liberaret
1174 2083 1285 2112 interitu
1300 2083 1334 2111 ³³.
1348 2083 1384 2109 Ita
1397 2090 1462 2118 ergo
1478 2084 1560 2110 etiam
1578 2090 1651 2110 nunc

864 2134 957 2161 eadetn
995 2130 1190 2166 consequentia
1223 2130 1354 2157 debemus
1383 2130 1546 2161 advertere,
1573 2133 1601 2156 ut
1629 2129 1652 2156 si

20 2177 142 2204 vandum
167 2176 252 2204 Israel
268 2185 275 2202 :
298 2176 366 2203 nihil
389 2176 471 2203 habet
493 2176 521 2202 in
546 2184 576 2203 se
595 2175 749 2202 sinistrum.
766 2175 813 2202 sed
828 2185 850 2212 ι)
864 2178 971 2214 quando
983 2184 1032 2210 pro
1049 2175 1169 2211 peccatis
1193 2175 1295 2203 nostris
1317 2175 1344 2201 in
1363 2175 1549 2209 captivitatem
1569 2174 1653 2201 tradi-

15 2226 165 2255 utramque
193 2226 302 2246 manum
328 2219 452 2246 dextram
482 2217 572 2245 habet.
597 2216 653 2244 Hoc
673 2222 715 2245 est
737 2217 808 2245 enim

14 2267 87 2300 quod
103 2266 213 2293 dicitur
228 2264 410 2292 ambidexter.
431 2263 532 2298 Digntts
547 2271 612 2291 vero
627 2263 717 2299 populi
732 2264 809 2299 prin-

14 2318 95 2345 ceps,
122 2316 153 2338 et
179 2309 310 2337 Ecclesia;
329 2309 412 2343 judex
431 2309 476 2343 qui
493 2309 559 2336 nihil
578 2313 639 2344 agat
655 2309 808 2341 sinistrum,

13 2357 92 2391 cujus
113 2357 185 2392 quid
212 2356 269 2390 agit
291 2356 421 2387 dextera,
444 2354 550 2382 nesciat
571 2354 680 2382 sinistra
698 2362 764 2388 sua,
783 2355 809 2382 in

13 2408 132 2438 utraque
150 2407 234 2438 parte
250 2402 347 2429 dexter
360 2405 412 2433 est,
427 2400 454 2428 in
469 2401 521 2428 ﬁde
534 2399 630 2428 dexter
645 2405 703 2433 est,
718 2402 744 2429 in
761 2409 809 2429 ac-

13 2449 84 2476 tibus
97 2450 205 2476 dexter
217 2452 276 2480 est,
292 2447 358 2475 nihil
372 2448 452 2475 habet
469 2447 502 2474 de
514 2447 567 2475 illis
582 2447 628 2482 qui
641 2447 811 2476 collocantur

11 2501 24 2520 δ
41 2494 192 2525 sinistris,
208 2493 306 2526 quibus
321 2491 420 2519 dieitttr
444 2492 466 2508 ³⁸
490 2500 497 2519 :
524 2501 533 2518 ι
555 2492 691 2520 Discedite
712 2500 727 2520 a
749 2500 809 2526 me,

10 2540 132 2574 operarii
155 2538 324 2573 iniquitatis,
339 2537 429 2565 nescio
444 2545 493 2565 vos
504 2558 512 2571 ,
527 2538 564 2565 ite
579 2538 605 2565 in
622 2538 711 2574 ignem
729 2544 809 2566 teter-

9 2593 73 2612 num
88 2592 177 2619 quem
193 2583 354 2618 praeparavit
366 2583 435 2611 Deus
447 2583 548 2611 Zabulo
557 2588 584 2611 et
596 2583 700 2619 angelis
710 2585 778 2618 ejus.
797 2594 807 2611 ι

60 2656 85 2672 ⁸⁵
98 2655 169 2683 Jud.
200 2662 239 2685 tn,
255 2654 298 2681 I2.

9 2689 103 2718 Matth.
124 2698 197 2720 xxv,
214 2689 257 2716 II.

44 2767 102 2803 (δι)
119 2767 239 2809 Quare?
252 2766 334 2795 Deest
350 2766 379 2797 in
400 2771 479 2795 antea
498 2767 587 2802 editt.,
599 2771 688 2796 exstat
702 2775 766 2796 vero
782 2768 809 2795 in

9 2807 226 2838 manuscriptls.

346 2654 369 2669 “
385 2653 481 2688 Ephes.
498 2662 534 2687 tv,
550 2654 595 2681 27.
635 2655 656 2670 ¹⁷
675 2654 736 2682 Jud.
755 2664 796 2687 ιιι,
814 2655 849 2683 12
881 2656 924 2683 15.

299 2689 319 2704 ³¹
335 2688 396 2715 Jud.
413 2697 452 2720 tn,
471 2690 514 2720 15,
538 2691 583 2723 16,
621 2690 665 2717 I7.
701 2691 723 2706 ⁸⁸
737 2691 809 2718 Exod

892 2692 932 2723 l5,
952 2691 979 2718 9.
1018 2691 1040 2706 ³³
1057 2689 1089 2717 ιν
1108 2691 1162 2724 Reg
1195 2696 1249 2716 ως.
1281 2689 1304 2704 ³⁸
1319 2689 1389 2715 Psal.
1408 2696 1444 2721 vt,
1465 2689 1489 2715 Ἰ.

863 2231 936 2255 mur,
947 2222 1097 2248 clamemus
1111 2220 1144 2246 ad
1156 2218 1311 2247 Dominum.
1325 2219 1478 2246 Clamcmus
1493 2225 1582 2247 autem
1598 2227 1651 2246 non

863 2274 921 2298 ore.
937 2266 984 2294 sed
1003 2270 1109 2298 mente,
1130 2264 1167 2292 ita
1188 2268 1217 2291 ut
1232 2264 1309 2292 dolor
1322 2264 1413 2291 cordis
1435 2264 1538 2291 fontem
1561 2264 1651 2299 lacry-

863 2320 968 2341 martun
982 2314 1112 2346 producat
1124 2318 1156 2337 ex
1172 2310 1270 2344 oculis,
1285 2311 1356 2337 sicut
1372 2310 1417 2337 ille
1428 2311 1473 2345 qui
1486 2310 1594 2337 dicebat
1605 2310 1628 2325 "
1643 2319 1649 2336 :

865 2369 875 2386 ι
898 2358 1005 2386 Lavaho
1021 2365 1069 2391 per
1082 2357 1204 2392 singulas
1216 2361 1312 2384 noctes
1329 2356 1431 2385 lectum
1446 2364 1548 2389 meum,
1564 2356 1652 2391 lacry-

863 2404 915 2432 niis
933 2403 1000 2431 meis
1012 2407 1127 2431 stratum
1147 2410 1236 2430 nteum
1257 2402 1361 2438 rigabo.
1379 2411 1389 2428 ι
1414 2401 1442 2429 Si
1463 2402 1499 2429 ita
1517 2403 1652 2430 converti-

863 2456 924 2476 mur
937 2456 952 2476 a
968 2447 1057 2480 malis,
1070 2453 1099 2475 ut
1111 2448 1181 2475 ultra
1195 2455 1249 2476 non
1263 2448 1454 2488 contingamus
1476 2447 1562 2479 mala,
1576 2447 1598 2473 si
1615 2447 1649 2473 ita

866 2494 1024 2523 desinamus
1050 2501 1065 2520 a
1087 2494 1233 2529 superbia,
1256 2498 1286 2520 ut
1303 2493 1371 2520 ultra
1398 2493 1464 2520 nihil
1484 2493 1649 2526 superbum,

863 2541 930 2568 nihil
943 2548 1076 2576 arrogans
1088 2540 1226 2575 sapiamus
1237 2559 1244 2571 .
1259 2539 1438 2566 mittetetiam
1453 2539 1581 2566 Dominus
1595 2539 1650 2565 vir—

863 2591 947 2614 tutem
964 2593 1041 2613 suam
1059 2586 1195 2614 emlestem
1207 2605 1215 2618 ,
1232 2593 1280 2620 per
1292 2591 1374 2620 quam
1388 2584 1535 2611 liberemur
1555 2592 1569 2611 s
1585 2583 1649 2620 iugo

975 2656 999 2672 ”
1013 2655 1077 2683 ibitl.
1091 2655 1135 2681 Η.
1184 2655 1207 2670 ’θ
1235 2653 1298 2680 ibid.
1327 2653 1361 2680 15
1398 2653 1420 2669 ³ο
1432 2652 1497 2680 Luc.
1518 2660 1577 2686 xm,
1593 2651 1646 2685 I7;

898 2768 953 2803 (55)
967 2767 1031 2796 Mss.
1048 2777 1056 2794 ι
1074 2768 1182 2796 dicitur.
1199 2776 1209 2793 ι
1225 2767 1305 2803 Libb.
1318 2767 1392 2803 editi,
1411 2777 1420 2793 ι
1436 2768 1511 2795 dixit.
1529 2776 1539 2793 ι

900 2802 956 2838 (56)
971 2803 1063 2832 Israel.
1077 2804 1158 2833 Deest
1172 2804 1202 2832 in
1213 2802 1303 2837 editt.,
1319 2802 1367 2831 sed
1377 2802 1492 2831 habetur
1503 2803 1529 2829 in
1543 2810 1609 2831 mss.
