  <div class='ocr_page' id='page_1' title='image "/cluster/home/n/w/nwhite01/storage/ocr_20150623/12/njp.32101077772422/511.png"; bbox 0 0 1896 3052; ppageno 0'>
   <div class='ocr_carea' id='block_1_1' title="bbox 240 97 303 126">
    <p class='ocr_par' dir='ltr' id='par_1_1' title="bbox 240 97 303 126">
     <span class='ocr_line' id='line_1_1' title="bbox 240 97 303 126; baseline -0.016 0"><span class='ocrx_word' id='word_1_1' title='bbox 240 97 303 126; x_wconf 52' lang='grc' dir='ltr'><strong>96¹Ιν</strong></span> 
     </span>
    </p>
   </div>
   <div class='ocr_carea' id='block_1_2' title="bbox 965 97 1126 126">
    <p class='ocr_par' dir='ltr' id='par_1_2' title="bbox 965 97 1126 126">
     <span class='ocr_line' id='line_1_2' title="bbox 965 97 1126 126; baseline 0 0"><span class='ocrx_word' id='word_1_2' title='bbox 965 97 1126 126; x_wconf 74' lang='lat' dir='ltr'><strong>ORIGENIS</strong></span> 
     </span>
    </p>
   </div>
   <div class='ocr_carea' id='block_1_3' title="bbox 1801 104 1837 132">
    <p class='ocr_par' dir='ltr' id='par_1_3' title="bbox 1801 104 1837 132">
     <span class='ocr_line' id='line_1_3' title="bbox 1801 104 1837 132; baseline 0 0"><span class='ocrx_word' id='word_1_3' title='bbox 1801 104 1837 132; x_wconf 74' lang='grc'><strong>968</strong></span> 
     </span>
    </p>
   </div>
   <div class='ocr_carea' id='block_1_4' title="bbox 240 154 1838 196">
    <p class='ocr_par' dir='ltr' id='par_1_4' title="bbox 240 154 1838 196">
     <span class='ocr_line' id='line_1_4' title="bbox 240 154 1838 196; baseline 0.004 -13"><span class='ocrx_word' id='word_1_4' title='bbox 240 154 380 184; x_wconf 89' lang='lat' dir='ltr'><strong>servitutis</strong></span> <span class='ocrx_word' id='word_1_5' title='bbox 403 156 540 184; x_wconf 76' lang='lat' dir='ltr'><strong>Zabulicat</strong></span> <span class='ocrx_word' id='word_1_6' title='bbox 565 165 572 185; x_wconf 93' lang='lat'><strong>:</strong></span> <span class='ocrx_word' id='word_1_7' title='bbox 594 164 655 192; x_wconf 64' lang='lat' dir='ltr'><strong>quae</strong></span> <span class='ocrx_word' id='word_1_8' title='bbox 677 157 764 185; x_wconf 86' lang='lat' dir='ltr'><strong>virtus</strong></span> <span class='ocrx_word' id='word_1_9' title='bbox 780 157 874 185; x_wconf 83' lang='lat' dir='ltr'><strong>omnia</strong></span> <span class='ocrx_word' id='word_1_10' title='bbox 888 164 938 193; x_wconf 91' lang='lat' dir='ltr'><strong>pro</strong></span> <span class='ocrx_word' id='word_1_11' title='bbox 953 156 1031 184; x_wconf 90' lang='lat' dir='ltr'><strong>nobis</strong></span> <span class='ocrx_word' id='word_1_12' title='bbox 1045 157 1068 186; x_wconf 82' lang='grc' dir='ltr'><strong>Δ</strong></span> <span class='ocrx_word' id='word_1_13' title='bbox 1083 156 1172 184; x_wconf 88' lang='lat' dir='ltr'><strong>video.</strong></span> <span class='ocrx_word' id='word_1_14' title='bbox 1191 156 1242 184; x_wconf 88' lang='lat' dir='ltr'><strong>Iste</strong></span> <span class='ocrx_word' id='word_1_15' title='bbox 1267 158 1295 184; x_wconf 92' lang='lat' dir='ltr'><strong>in</strong></span> <span class='ocrx_word' id='word_1_16' title='bbox 1319 161 1413 185; x_wconf 88' lang='lat' dir='ltr'><strong>aratro</strong></span> <span class='ocrx_word' id='word_1_17' title='bbox 1435 163 1554 194; x_wconf 88' lang='lat' dir='ltr'><strong>pugnat,</strong></span> <span class='ocrx_word' id='word_1_18' title='bbox 1582 160 1663 189; x_wconf 81' lang='lat' dir='ltr'><strong>Aiotb</strong></span> <span class='ocrx_word' id='word_1_19' title='bbox 1682 161 1804 196; x_wconf 81' lang='lat' dir='ltr'><strong>pugnabat</strong></span> <span class='ocrx_word' id='word_1_20' title='bbox 1819 162 1838 190; x_wconf 87' lang='lat' dir='ltr'><strong>in</strong></span> 
     </span>
    </p>
   </div>
   <div class='ocr_carea' id='block_1_5' title="bbox 240 203 1029 238">
    <p class='ocr_par' dir='ltr' id='par_1_5' title="bbox 240 203 1029 238">
     <span class='ocr_line' id='line_1_5' title="bbox 240 203 1029 238; baseline 0.003 -9"><span class='ocrx_word' id='word_1_21' title='bbox 240 208 303 237; x_wconf 85' lang='lat' dir='ltr'><strong>agat</strong></span> <span class='ocrx_word' id='word_1_22' title='bbox 314 203 408 230; x_wconf 87' lang='lat' dir='ltr'><strong>dcxtra</strong></span> <span class='ocrx_word' id='word_1_23' title='bbox 427 208 456 230; x_wconf 91' lang='lat' dir='ltr'><strong>et</strong></span> <span class='ocrx_word' id='word_1_24' title='bbox 471 210 598 238; x_wconf 85' lang='lat' dir='ltr'><strong>prospera</strong></span> <span class='ocrx_word' id='word_1_25' title='bbox 609 223 617 236; x_wconf 93' lang='lat'><strong>,</strong></span> <span class='ocrx_word' id='word_1_26' title='bbox 633 211 695 238; x_wconf 72' lang='lat' dir='ltr'><strong>qua:</strong></span> <span class='ocrx_word' id='word_1_27' title='bbox 710 203 793 231; x_wconf 85' lang='lat' dir='ltr'><strong>faciat</strong></span> <span class='ocrx_word' id='word_1_28' title='bbox 807 211 858 231; x_wconf 90' lang='lat' dir='ltr'><strong>nos</strong></span> <span class='ocrx_word' id='word_1_29' title='bbox 875 203 1029 238; x_wconf 84' lang='lat' dir='ltr'><strong>relinquere</strong></span> 
     </span>
    </p>
   </div>
   <div class='ocr_carea' id='block_1_6' title="bbox 238 247 1029 284">
    <p class='ocr_par' dir='ltr' id='par_1_6' title="bbox 238 247 1029 284">
     <span class='ocr_line' id='line_1_6' title="bbox 238 247 1029 284; baseline 0.003 -9"><span class='ocrx_word' id='word_1_30' title='bbox 238 247 312 275; x_wconf 80' lang='lat' dir='ltr'><strong>viam</strong></span> <span class='ocrx_word' id='word_1_31' title='bbox 328 247 385 284; x_wconf 83' lang='lat'><strong>(57)</strong></span> <span class='ocrx_word' id='word_1_32' title='bbox 401 249 549 282; x_wconf 82' lang='lat' dir='ltr'><strong>sinistram,</strong></span> <span class='ocrx_word' id='word_1_33' title='bbox 573 257 634 284; x_wconf 65' lang='lat' dir='ltr'><strong>quia</strong></span> <span class='ocrx_word' id='word_1_34' title='bbox 654 249 729 276; x_wconf 81' lang='lat' dir='ltr'><strong>ducit</strong></span> <span class='ocrx_word' id='word_1_35' title='bbox 743 249 770 276; x_wconf 89' lang='lat' dir='ltr'><strong>itt</strong></span> <span class='ocrx_word' id='word_1_36' title='bbox 788 249 985 284; x_wconf 81' lang='lat' dir='ltr'><strong>perditionem,</strong></span> <span class='ocrx_word' id='word_1_37' title='bbox 1000 254 1029 277; x_wconf 89' lang='lat' dir='ltr'><strong>et</strong></span> 
     </span>
    </p>
   </div>
   <div class='ocr_carea' id='block_1_7' title="bbox 240 294 1027 330">
    <p class='ocr_par' dir='ltr' id='par_1_7' title="bbox 240 294 1027 330">
     <span class='ocr_line' id='line_1_7' title="bbox 240 294 1027 330; baseline 0.003 -9"><span class='ocrx_word' id='word_1_38' title='bbox 240 299 348 321; x_wconf 81' lang='lat' dir='ltr'><strong>revocet</strong></span> <span class='ocrx_word' id='word_1_39' title='bbox 371 301 420 321; x_wconf 88' lang='lat' dir='ltr'><strong>nos</strong></span> <span class='ocrx_word' id='word_1_40' title='bbox 441 294 475 321; x_wconf 86' lang='lat' dir='ltr'><strong>ad</strong></span> <span class='ocrx_word' id='word_1_41' title='bbox 500 302 593 322; x_wconf 83' lang='lat' dir='ltr'><strong>veram</strong></span> <span class='ocrx_word' id='word_1_42' title='bbox 620 294 711 327; x_wconf 88' lang='lat' dir='ltr'><strong>viam,</strong></span> <span class='ocrx_word' id='word_1_43' title='bbox 741 294 815 321; x_wconf 91' lang='lat' dir='ltr'><strong>illttm</strong></span> <span class='ocrx_word' id='word_1_44' title='bbox 830 294 876 330; x_wconf 89' lang='lat' dir='ltr'><strong>qtti</strong></span> <span class='ocrx_word' id='word_1_45' title='bbox 904 294 969 322; x_wconf 86' lang='lat' dir='ltr'><strong>dicit</strong></span> <span class='ocrx_word' id='word_1_46' title='bbox 982 295 1027 323; x_wconf 81' lang='lat'><strong>“:</strong></span> 
     </span>
    </p>
   </div>
   <div class='ocr_carea' id='block_1_8' title="bbox 243 338 1028 373">
    <p class='ocr_par' dir='ltr' id='par_1_8' title="bbox 243 338 1028 373">
     <span class='ocr_line' id='line_1_8' title="bbox 243 338 1028 373; baseline 0.003 -9"><span class='ocrx_word' id='word_1_47' title='bbox 243 347 252 364; x_wconf 85' lang='grc' dir='ltr'>ι</span> <span class='ocrx_word' id='word_1_48' title='bbox 272 338 327 373; x_wconf 85' lang='lat' dir='ltr'><strong>Ego</strong></span> <span class='ocrx_word' id='word_1_49' title='bbox 342 345 401 365; x_wconf 87' lang='lat' dir='ltr'><strong>sum</strong></span> <span class='ocrx_word' id='word_1_50' title='bbox 422 338 478 372; x_wconf 85' lang='lat' dir='ltr'><strong>via,</strong></span> <span class='ocrx_word' id='word_1_51' title='bbox 498 339 611 372; x_wconf 91' lang='lat' dir='ltr'><strong>veritas,</strong></span> <span class='ocrx_word' id='word_1_52' title='bbox 624 343 651 367; x_wconf 90' lang='lat' dir='ltr'><strong>et</strong></span> <span class='ocrx_word' id='word_1_53' title='bbox 667 339 732 372; x_wconf 88' lang='lat' dir='ltr'><strong>vita,</strong></span> <span class='ocrx_word' id='word_1_54' title='bbox 749 348 758 365; x_wconf 86' lang='lat' dir='ltr'><strong>I</strong></span> <span class='ocrx_word' id='word_1_55' title='bbox 776 339 868 367; x_wconf 82' lang='lat' dir='ltr'><strong>Jesum</strong></span> <span class='ocrx_word' id='word_1_56' title='bbox 890 339 1028 367; x_wconf 85' lang='lat' dir='ltr'><strong>Christum</strong></span> 
     </span>
    </p>
   </div>
   <div class='ocr_carea' id='block_1_9' title="bbox 240 383 1028 420">
    <p class='ocr_par' dir='ltr' id='par_1_9' title="bbox 240 383 1028 420">
     <span class='ocr_line' id='line_1_9' title="bbox 240 383 1028 420; baseline 0.004 -10"><span class='ocrx_word' id='word_1_57' title='bbox 240 383 384 411; x_wconf 84' lang='lat' dir='ltr'><strong>Dominum</strong></span> <span class='ocrx_word' id='word_1_58' title='bbox 409 388 544 418; x_wconf 87' lang='lat' dir='ltr'><strong>nostrum,</strong></span> <span class='ocrx_word' id='word_1_59' title='bbox 563 385 608 412; x_wconf 91' lang='lat' dir='ltr'><strong>cui</strong></span> <span class='ocrx_word' id='word_1_60' title='bbox 628 389 670 412; x_wconf 89' lang='lat' dir='ltr'><strong>est</strong></span> <span class='ocrx_word' id='word_1_61' title='bbox 687 385 775 420; x_wconf 81' lang='lat' dir='ltr'><strong>gloria</strong></span> <span class='ocrx_word' id='word_1_62' title='bbox 792 389 820 413; x_wconf 89' lang='lat' dir='ltr'><strong>et</strong></span> <span class='ocrx_word' id='word_1_63' title='bbox 838 385 981 420; x_wconf 88' lang='lat' dir='ltr'><strong>itttperittttt</strong></span> <span class='ocrx_word' id='word_1_64' title='bbox 1000 386 1028 413; x_wconf 87' lang='lat' dir='ltr'><strong>in</strong></span> 
     </span>
    </p>
   </div>
   <div class='ocr_carea' id='block_1_10' title="bbox 240 429 641 458">
    <p class='ocr_par' dir='ltr' id='par_1_10' title="bbox 240 429 641 458">
     <span class='ocr_line' id='line_1_10' title="bbox 240 429 641 458; baseline 0.005 -2"><span class='ocrx_word' id='word_1_65' title='bbox 240 429 339 456; x_wconf 76' lang='lat' dir='ltr'><strong>szecula</strong></span> <span class='ocrx_word' id='word_1_66' title='bbox 354 429 527 457; x_wconf 64' lang='lat' dir='ltr'><strong>seculorum.</strong></span> <span class='ocrx_word' id='word_1_67' title='bbox 542 430 641 458; x_wconf 86' lang='lat' dir='ltr'><strong>Amen.</strong></span> 
     </span>
    </p>
   </div>
   <div class='ocr_carea' id='block_1_11' title="bbox 532 485 733 514">
    <p class='ocr_par' dir='ltr' id='par_1_11' title="bbox 532 485 733 514">
     <span class='ocr_line' id='line_1_11' title="bbox 532 485 733 514; baseline 0.005 -1"><span class='ocrx_word' id='word_1_68' title='bbox 532 485 671 514; x_wconf 79' lang='lat' dir='ltr'><strong>HOMILIA</strong></span> <span class='ocrx_word' id='word_1_69' title='bbox 688 485 733 514; x_wconf 87' lang='lat' dir='ltr'><strong>IV.</strong></span> 
     </span>
    </p>
   </div>
   <div class='ocr_carea' id='block_1_12' title="bbox 238 530 1028 593">
    <p class='ocr_par' dir='ltr' id='par_1_12' title="bbox 238 530 1028 593">
     <span class='ocr_line' id='line_1_12' title="bbox 238 530 1028 593; baseline -0.001 -33"><span class='ocrx_word' id='word_1_70' title='bbox 238 531 276 559; x_wconf 85' lang='lat' dir='ltr'><strong>De</strong></span> <span class='ocrx_word' id='word_1_71' title='bbox 291 531 434 567; x_wconf 81' lang='lat' dir='ltr'><strong>Semegar,</strong></span> <span class='ocrx_word' id='word_1_72' title='bbox 457 538 481 559; x_wconf 88' lang='lat' dir='ltr'><strong>et</strong></span> <span class='ocrx_word' id='word_1_73' title='bbox 500 531 598 563; x_wconf 80' lang='lat' dir='ltr'><strong>Jabiu,</strong></span> <span class='ocrx_word' id='word_1_74' title='bbox 613 536 641 593; x_wconf 43' lang='lat'><strong>.21</strong></span> <span class='ocrx_word' id='word_1_75' title='bbox 660 530 769 565; x_wconf 77' lang='lat' dir='ltr'><strong>Sisara,</strong></span> <span class='ocrx_word' id='word_1_76' title='bbox 791 536 815 559; x_wconf 81' lang='lat' dir='ltr'><strong>et</strong></span> <span class='ocrx_word' id='word_1_77' title='bbox 836 533 935 559; x_wconf 68' lang='lat' dir='ltr'><strong>caneris</strong></span> <span class='ocrx_word' id='word_1_78' title='bbox 950 532 1028 568; x_wconf 84' lang='lat' dir='ltr'><strong>judi-</strong></span> 
     </span>
     <span class='ocr_line' id='line_1_13' title="bbox 593 575 676 593; baseline 0 0"><span class='ocrx_word' id='word_1_79' title='bbox 593 575 616 593; x_wconf 83' lang='lat' dir='ltr'><strong>ct</strong></span> <span class='ocrx_word' id='word_1_80' title='bbox 637 575 676 593; x_wconf 72' lang='lat' dir='ltr'><strong>us.</strong></span> 
     </span>
    </p>
   </div>
   <div class='ocr_carea' id='block_1_13' title="bbox 593 575 676 594">
    <p class='ocr_par' dir='ltr' id='par_1_13' title="bbox 593 575 676 594">
     <span class='ocr_line' id='line_1_14' title="bbox 593 575 676 594; baseline 0.012 -1"><span class='ocrx_word' id='word_1_81' title='bbox 593 575 676 594; x_wconf 72' lang='grc' dir='ltr'><strong>ειιηιε.</strong></span> 
     </span>
    </p>
   </div>
   <div class='ocr_carea' id='block_1_14' title="bbox 274 623 1024 659">
    <p class='ocr_par' dir='ltr' id='par_1_14' title="bbox 274 623 1024 659">
     <span class='ocr_line' id='line_1_15' title="bbox 274 623 1024 659; baseline 0 -8"><span class='ocrx_word' id='word_1_82' title='bbox 274 624 300 651; x_wconf 76' lang='grc' dir='ltr'><strong>Ι.</strong></span> <span class='ocrx_word' id='word_1_83' title='bbox 332 623 513 658; x_wconf 84' lang='lat' dir='ltr'><strong>Conjungitur</strong></span> <span class='ocrx_word' id='word_1_84' title='bbox 543 624 706 659; x_wconf 86' lang='lat' dir='ltr'><strong>principatui</strong></span> <span class='ocrx_word' id='word_1_85' title='bbox 733 623 812 651; x_wconf 77' lang='lat' dir='ltr'><strong>Aioth</strong></span> <span class='ocrx_word' id='word_1_86' title='bbox 842 623 1024 657; x_wconf 87' lang='lat' dir='ltr'><strong>ambidextri,</strong></span> 
     </span>
    </p>
   </div>
   <div class='ocr_carea' id='block_1_15' title="bbox 235 670 1024 705">
    <p class='ocr_par' dir='ltr' id='par_1_15' title="bbox 235 670 1024 705">
     <span class='ocr_line' id='line_1_16' title="bbox 235 670 1024 705; baseline 0.001 -8"><span class='ocrx_word' id='word_1_87' title='bbox 235 671 404 705; x_wconf 78' lang='lat' dir='ltr'><strong>principatus</strong></span> <span class='ocrx_word' id='word_1_88' title='bbox 418 670 573 705; x_wconf 84' lang='lat' dir='ltr'><strong>Semegadi.</strong></span> <span class='ocrx_word' id='word_1_89' title='bbox 590 670 644 698; x_wconf 86' lang='lat' dir='ltr'><strong>Sed</strong></span> <span class='ocrx_word' id='word_1_90' title='bbox 661 670 801 698; x_wconf 83' lang='lat' dir='ltr'><strong>videamus</strong></span> <span class='ocrx_word' id='word_1_91' title='bbox 815 671 931 703; x_wconf 81' lang='lat' dir='ltr'><strong>qualiter</strong></span> <span class='ocrx_word' id='word_1_92' title='bbox 943 671 1024 698; x_wconf 80' lang='lat' dir='ltr'><strong>Aioth</strong></span> 
     </span>
    </p>
   </div>
   <div class='ocr_carea' id='block_1_16' title="bbox 235 715 1025 751">
    <p class='ocr_par' dir='ltr' id='par_1_16' title="bbox 235 715 1025 751">
     <span class='ocr_line' id='line_1_17' title="bbox 235 715 1025 751; baseline 0 -8"><span class='ocrx_word' id='word_1_93' title='bbox 235 716 280 750; x_wconf 89' lang='lat' dir='ltr'><strong>qui</strong></span> <span class='ocrx_word' id='word_1_94' title='bbox 295 715 490 750; x_wconf 86' lang='lat' dir='ltr'><strong>interpretatur</strong></span> <span class='ocrx_word' id='word_1_95' title='bbox 503 716 562 743; x_wconf 70' lang='lat' dir='ltr'><strong>laus</strong></span> <span class='ocrx_word' id='word_1_96' title='bbox 579 715 648 751; x_wconf 84' lang='lat'><strong>(58),</strong></span> <span class='ocrx_word' id='word_1_97' title='bbox 664 715 830 743; x_wconf 77' lang='lat' dir='ltr'><strong>concluserit</strong></span> <span class='ocrx_word' id='word_1_98' title='bbox 844 716 1025 750; x_wconf 75' lang='lat' dir='ltr'><strong>principatum</strong></span> 
     </span>
    </p>
   </div>
   <div class='ocr_carea' id='block_1_17' title="bbox 235 761 1025 797">
    <p class='ocr_par' dir='ltr' id='par_1_17' title="bbox 235 761 1025 797">
     <span class='ocr_line' id='line_1_18' title="bbox 235 761 1025 797; baseline 0.001 -9"><span class='ocrx_word' id='word_1_99' title='bbox 235 769 327 789; x_wconf 90' lang='lat' dir='ltr'><strong>suum.</strong></span> <span class='ocrx_word' id='word_1_100' title='bbox 352 761 470 789; x_wconf 84' lang='lat' dir='ltr'><strong>Historia</strong></span> <span class='ocrx_word' id='word_1_101' title='bbox 491 769 540 789; x_wconf 84' lang='lat' dir='ltr'><strong>nos</strong></span> <span class='ocrx_word' id='word_1_102' title='bbox 557 762 665 789; x_wconf 83' lang='lat' dir='ltr'><strong>edocuit</strong></span> <span class='ocrx_word' id='word_1_103' title='bbox 683 769 715 789; x_wconf 82' lang='lat' dir='ltr'><strong>ea</strong></span> <span class='ocrx_word' id='word_1_104' title='bbox 731 769 791 796; x_wconf 65' lang='lat' dir='ltr'><strong>quae</strong></span> <span class='ocrx_word' id='word_1_105' title='bbox 807 763 840 789; x_wconf 91' lang='lat' dir='ltr'><strong>de</strong></span> <span class='ocrx_word' id='word_1_106' title='bbox 856 761 940 797; x_wconf 86' lang='lat' dir='ltr'><strong>Eglon</strong></span> <span class='ocrx_word' id='word_1_107' title='bbox 962 769 1025 795; x_wconf 76' lang='lat' dir='ltr'><strong>rege</strong></span> 
     </span>
    </p>
   </div>
   <div class='ocr_carea' id='block_1_18' title="bbox 234 807 1023 842">
    <p class='ocr_par' dir='ltr' id='par_1_18' title="bbox 234 807 1023 842">
     <span class='ocr_line' id='line_1_19' title="bbox 234 807 1023 842; baseline 0.001 -8"><span class='ocrx_word' id='word_1_108' title='bbox 234 808 336 842; x_wconf 75' lang='lat' dir='ltr'><strong>scripta</strong></span> <span class='ocrx_word' id='word_1_109' title='bbox 375 812 455 840; x_wconf 90' lang='lat' dir='ltr'><strong>sunt,</strong></span> <span class='ocrx_word' id='word_1_110' title='bbox 484 807 620 842; x_wconf 89' lang='lat' dir='ltr'><strong>quontodo</strong></span> <span class='ocrx_word' id='word_1_111' title='bbox 642 807 858 842; x_wconf 83' lang='lat' dir='ltr'><strong>sapientissimus</strong></span> <span class='ocrx_word' id='word_1_112' title='bbox 883 808 928 835; x_wconf 90' lang='lat' dir='ltr'><strong>hic</strong></span> <span class='ocrx_word' id='word_1_113' title='bbox 946 807 1023 835; x_wconf 82' lang='lat' dir='ltr'><strong>Aiotlt</strong></span> 
     </span>
    </p>
   </div>
   <div class='ocr_carea' id='block_1_19' title="bbox 234 852 1018 888">
    <p class='ocr_par' dir='ltr' id='par_1_19' title="bbox 234 852 1018 888">
     <span class='ocr_line' id='line_1_20' title="bbox 234 852 1018 888; baseline 0 -8"><span class='ocrx_word' id='word_1_114' title='bbox 234 858 292 880; x_wconf 84' lang='lat' dir='ltr'><strong>arte</strong></span> <span class='ocrx_word' id='word_1_115' title='bbox 306 853 434 888; x_wconf 88' lang='lat' dir='ltr'><strong>quadatn,</strong></span> <span class='ocrx_word' id='word_1_116' title='bbox 452 858 497 886; x_wconf 92' lang='lat' dir='ltr'><strong>et,</strong></span> <span class='ocrx_word' id='word_1_117' title='bbox 516 857 546 880; x_wconf 89' lang='lat' dir='ltr'><strong>ut</strong></span> <span class='ocrx_word' id='word_1_118' title='bbox 566 853 602 880; x_wconf 85' lang='lat' dir='ltr'><strong>ita</strong></span> <span class='ocrx_word' id='word_1_119' title='bbox 618 853 718 885; x_wconf 88' lang='lat' dir='ltr'><strong>dicam,</strong></span> <span class='ocrx_word' id='word_1_120' title='bbox 736 852 846 885; x_wconf 89' lang='lat' dir='ltr'><strong>callida,</strong></span> <span class='ocrx_word' id='word_1_121' title='bbox 862 853 909 880; x_wconf 90' lang='lat' dir='ltr'><strong>sed</strong></span> <span class='ocrx_word' id='word_1_122' title='bbox 924 853 1018 880; x_wconf 86' lang='lat' dir='ltr'><strong>lauda-</strong></span> 
     </span>
    </p>
   </div>
   <div class='ocr_carea' id='block_1_20' title="bbox 233 898 1018 934">
    <p class='ocr_par' dir='ltr' id='par_1_20' title="bbox 233 898 1018 934">
     <span class='ocr_line' id='line_1_21' title="bbox 233 898 1018 934; baseline 0.001 -9"><span class='ocrx_word' id='word_1_123' title='bbox 233 898 281 926; x_wconf 91' lang='lat' dir='ltr'><strong>bili</strong></span> <span class='ocrx_word' id='word_1_124' title='bbox 303 907 366 926; x_wconf 87' lang='lat' dir='ltr'><strong>usus</strong></span> <span class='ocrx_word' id='word_1_125' title='bbox 386 899 546 934; x_wconf 82' lang='lat' dir='ltr'><strong>deceptione</strong></span> <span class='ocrx_word' id='word_1_126' title='bbox 564 899 734 927; x_wconf 89' lang='lat' dir='ltr'><strong>interemerit</strong></span> <span class='ocrx_word' id='word_1_127' title='bbox 754 898 840 934; x_wconf 82' lang='lat' dir='ltr'><strong>Eglon</strong></span> <span class='ocrx_word' id='word_1_128' title='bbox 857 903 1018 934; x_wconf 84' lang='lat' dir='ltr'><strong>tyrannum,</strong></span> 
     </span>
    </p>
   </div>
   <div class='ocr_carea' id='block_1_21' title="bbox 234 942 1021 980">
    <p class='ocr_par' dir='ltr' id='par_1_21' title="bbox 234 942 1021 980">
     <span class='ocr_line' id='line_1_22' title="bbox 234 942 1021 980; baseline 0 -8"><span class='ocrx_word' id='word_1_129' title='bbox 234 945 281 980; x_wconf 88' lang='lat' dir='ltr'><strong>qui</strong></span> <span class='ocrx_word' id='word_1_130' title='bbox 310 945 506 980; x_wconf 82' lang='lat' dir='ltr'><strong>interpretatur</strong></span> <span class='ocrx_word' id='word_1_131' title='bbox 518 949 618 971; x_wconf 72' lang='lat' dir='ltr'><strong>rotatur</strong></span> <span class='ocrx_word' id='word_1_132' title='bbox 643 944 686 970; x_wconf 79' lang='lat' dir='ltr'><strong>vel</strong></span> <span class='ocrx_word' id='word_1_133' title='bbox 710 944 795 971; x_wconf 82' lang='lat' dir='ltr'><strong>orbita</strong></span> <span class='ocrx_word' id='word_1_134' title='bbox 818 943 886 979; x_wconf 86' lang='lat'><strong>(59).</strong></span> <span class='ocrx_word' id='word_1_135' title='bbox 908 942 1021 978; x_wconf 82' lang='lat' dir='ltr'><strong>Oportet</strong></span> 
     </span>
    </p>
   </div>
   <div class='ocr_carea' id='block_1_22' title="bbox 232 986 1021 1025">
    <p class='ocr_par' dir='ltr' id='par_1_22' title="bbox 232 986 1021 1025">
     <span class='ocr_line' id='line_1_23' title="bbox 232 986 1021 1025; baseline -0.004 -8"><span class='ocrx_word' id='word_1_136' title='bbox 232 998 297 1025; x_wconf 84' lang='lat' dir='ltr'><strong>ergo</strong></span> <span class='ocrx_word' id='word_1_137' title='bbox 316 989 384 1017; x_wconf 85' lang='lat' dir='ltr'><strong>tales</strong></span> <span class='ocrx_word' id='word_1_138' title='bbox 399 996 460 1017; x_wconf 84' lang='lat' dir='ltr'><strong>esse</strong></span> <span class='ocrx_word' id='word_1_139' title='bbox 479 993 506 1016; x_wconf 87' lang='lat' dir='ltr'><strong>et</strong></span> <span class='ocrx_word' id='word_1_140' title='bbox 521 988 606 1016; x_wconf 87' lang='lat' dir='ltr'><strong>nostri</strong></span> <span class='ocrx_word' id='word_1_141' title='bbox 630 988 720 1023; x_wconf 86' lang='lat' dir='ltr'><strong>populi</strong></span> <span class='ocrx_word' id='word_1_142' title='bbox 735 988 853 1023; x_wconf 71' lang='lat' dir='ltr'><strong>iudices,</strong></span> <span class='ocrx_word' id='word_1_143' title='bbox 867 987 955 1023; x_wconf 83' lang='lat' dir='ltr'><strong>qualis</strong></span> <span class='ocrx_word' id='word_1_144' title='bbox 970 986 1021 1015; x_wconf 89' lang='lat' dir='ltr'><strong>fuit</strong></span> 
     </span>
    </p>
   </div>
   <div class='ocr_carea' id='block_1_23' title="bbox 232 1033 1019 1070">
    <p class='ocr_par' dir='ltr' id='par_1_23' title="bbox 232 1033 1019 1070">
     <span class='ocr_line' id='line_1_24' title="bbox 232 1033 1019 1070; baseline -0.004 -7"><span class='ocrx_word' id='word_1_145' title='bbox 232 1035 314 1063; x_wconf 82' lang='lat' dir='ltr'><strong>Aioth</strong></span> <span class='ocrx_word' id='word_1_146' title='bbox 331 1035 382 1063; x_wconf 87' lang='lat' dir='ltr'><strong>iste</strong></span> <span class='ocrx_word' id='word_1_147' title='bbox 397 1035 443 1070; x_wconf 82' lang='lat' dir='ltr'><strong>qui</strong></span> <span class='ocrx_word' id='word_1_148' title='bbox 464 1035 662 1069; x_wconf 82' lang='lat' dir='ltr'><strong>interpretatur</strong></span> <span class='ocrx_word' id='word_1_149' title='bbox 679 1035 756 1065; x_wconf 78' lang='lat' dir='ltr'><strong>laus.</strong></span> <span class='ocrx_word' id='word_1_150' title='bbox 776 1038 806 1061; x_wconf 92' lang='lat' dir='ltr'><strong>ut</strong></span> <span class='ocrx_word' id='word_1_151' title='bbox 824 1040 919 1061; x_wconf 81' lang='lat' dir='ltr'><strong>omnes</strong></span> <span class='ocrx_word' id='word_1_152' title='bbox 941 1033 1019 1060; x_wconf 89' lang='lat' dir='ltr'><strong>volu-</strong></span> 
     </span>
    </p>
   </div>
   <div class='ocr_carea' id='block_1_24' title="bbox 231 1078 1021 1111">
    <p class='ocr_par' dir='ltr' id='par_1_24' title="bbox 231 1078 1021 1111">
     <span class='ocr_line' id='line_1_25' title="bbox 231 1078 1021 1111; baseline -0.003 -3"><span class='ocrx_word' id='word_1_153' title='bbox 231 1080 300 1108; x_wconf 87' lang='lat' dir='ltr'><strong>biles</strong></span> <span class='ocrx_word' id='word_1_154' title='bbox 320 1085 409 1108; x_wconf 86' lang='lat' dir='ltr'><strong>motus</strong></span> <span class='ocrx_word' id='word_1_155' title='bbox 429 1084 457 1107; x_wconf 91' lang='lat' dir='ltr'><strong>et</strong></span> <span class='ocrx_word' id='word_1_156' title='bbox 481 1079 586 1107; x_wconf 84' lang='lat' dir='ltr'><strong>orbitas</strong></span> <span class='ocrx_word' id='word_1_157' title='bbox 613 1079 676 1106; x_wconf 90' lang='lat' dir='ltr'><strong>mali</strong></span> <span class='ocrx_word' id='word_1_158' title='bbox 699 1078 808 1106; x_wconf 85' lang='lat' dir='ltr'><strong>itineris</strong></span> <span class='ocrx_word' id='word_1_159' title='bbox 829 1079 972 1111; x_wconf 78' lang='lat' dir='ltr'><strong>excidant,</strong></span> <span class='ocrx_word' id='word_1_160' title='bbox 993 1083 1021 1106; x_wconf 87' lang='lat' dir='ltr'><strong>et</strong></span> 
     </span>
    </p>
   </div>
   <div class='ocr_carea' id='block_1_25' title="bbox 230 1124 1020 1161">
    <p class='ocr_par' dir='ltr' id='par_1_25' title="bbox 230 1124 1020 1161">
     <span class='ocr_line' id='line_1_26' title="bbox 230 1124 1020 1161; baseline -0.004 -8"><span class='ocrx_word' id='word_1_161' title='bbox 230 1126 366 1161; x_wconf 83' lang='lat' dir='ltr'><strong>perimant</strong></span> <span class='ocrx_word' id='word_1_162' title='bbox 379 1125 558 1152; x_wconf 83' lang='lat' dir='ltr'><strong>Moabitarum</strong></span> <span class='ocrx_word' id='word_1_163' title='bbox 574 1131 677 1159; x_wconf 88' lang='lat' dir='ltr'><strong>regent.</strong></span> <span class='ocrx_word' id='word_1_164' title='bbox 693 1124 819 1151; x_wconf 62' lang='lat' dir='ltr'><strong>Moabitae</strong></span> <span class='ocrx_word' id='word_1_165' title='bbox 832 1129 922 1152; x_wconf 85' lang='lat' dir='ltr'><strong>autent</strong></span> <span class='ocrx_word' id='word_1_166' title='bbox 939 1124 1020 1151; x_wconf 91' lang='lat' dir='ltr'><strong>inter-</strong></span> 
     </span>
    </p>
   </div>
   <div class='ocr_carea' id='block_1_26' title="bbox 229 1168 1019 1206">
    <p class='ocr_par' dir='ltr' id='par_1_26' title="bbox 229 1168 1019 1206">
     <span class='ocr_line' id='line_1_27' title="bbox 229 1168 1019 1206; baseline -0.004 -7"><span class='ocrx_word' id='word_1_167' title='bbox 229 1176 370 1206; x_wconf 77' lang='lat' dir='ltr'><strong>pretantur</strong></span> <span class='ocrx_word' id='word_1_168' title='bbox 384 1171 473 1206; x_wconf 73' lang='lat' dir='ltr'><strong>[luxus</strong></span> <span class='ocrx_word' id='word_1_169' title='bbox 489 1170 532 1198; x_wconf 92' lang='lat' dir='ltr'><strong>vel</strong></span> <span class='ocrx_word' id='word_1_170' title='bbox 551 1170 645 1204; x_wconf 74' lang='lat' dir='ltr'><strong>effusio</strong></span> <span class='ocrx_word' id='word_1_171' title='bbox 661 1169 727 1205; x_wconf 85' lang='lat'><strong>(60).</strong></span> <span class='ocrx_word' id='word_1_172' title='bbox 744 1169 829 1203; x_wconf 83' lang='lat' dir='ltr'><strong>Hujus</strong></span> <span class='ocrx_word' id='word_1_173' title='bbox 843 1169 925 1205; x_wconf 91' lang='lat' dir='ltr'><strong>igitur</strong></span> <span class='ocrx_word' id='word_1_174' title='bbox 940 1168 1019 1197; x_wconf 65' lang='lat' dir='ltr'><strong>fluxae</strong></span> 
     </span>
    </p>
   </div>
   <div class='ocr_carea' id='block_1_27' title="bbox 232 1213 1018 1250">
    <p class='ocr_par' dir='ltr' id='par_1_27' title="bbox 232 1213 1018 1250">
     <span class='ocr_line' id='line_1_28' title="bbox 232 1213 1018 1250; baseline -0.005 -6"><span class='ocrx_word' id='word_1_175' title='bbox 232 1222 260 1244; x_wconf 90' lang='lat' dir='ltr'><strong>et</strong></span> <span class='ocrx_word' id='word_1_176' title='bbox 272 1216 409 1244; x_wconf 78' lang='lat' dir='ltr'><strong>dissoluta:</strong></span> <span class='ocrx_word' id='word_1_177' title='bbox 421 1216 509 1250; x_wconf 84' lang='lat' dir='ltr'><strong>gentis</strong></span> <span class='ocrx_word' id='word_1_178' title='bbox 520 1215 647 1249; x_wconf 79' lang='lat' dir='ltr'><strong>princeps</strong></span> <span class='ocrx_word' id='word_1_179' title='bbox 657 1213 699 1241; x_wconf 87' lang='lat' dir='ltr'><strong>vel</strong></span> <span class='ocrx_word' id='word_1_180' title='bbox 710 1214 763 1241; x_wconf 91' lang='lat' dir='ltr'><strong>dux</strong></span> <span class='ocrx_word' id='word_1_181' title='bbox 774 1213 819 1248; x_wconf 87' lang='lat' dir='ltr'><strong>qui</strong></span> <span class='ocrx_word' id='word_1_182' title='bbox 829 1218 920 1248; x_wconf 82' lang='lat' dir='ltr'><strong>potest</strong></span> <span class='ocrx_word' id='word_1_183' title='bbox 931 1213 1018 1241; x_wconf 84' lang='lat' dir='ltr'><strong>videri</strong></span> 
     </span>
    </p>
   </div>
   <div class='ocr_carea' id='block_1_28' title="bbox 230 1261 1019 1297">
    <p class='ocr_par' dir='ltr' id='par_1_28' title="bbox 230 1261 1019 1297">
     <span class='ocr_line' id='line_1_29' title="bbox 230 1261 1019 1297; baseline -0.004 -6"><span class='ocrx_word' id='word_1_184' title='bbox 230 1264 317 1296; x_wconf 87' lang='lat' dir='ltr'><strong>alius,</strong></span> <span class='ocrx_word' id='word_1_185' title='bbox 332 1263 374 1290; x_wconf 90' lang='lat' dir='ltr'><strong>vcl</strong></span> <span class='ocrx_word' id='word_1_186' title='bbox 388 1262 513 1297; x_wconf 80' lang='lat' dir='ltr'><strong>intelligi,</strong></span> <span class='ocrx_word' id='word_1_187' title='bbox 526 1262 578 1290; x_wconf 90' lang='lat' dir='ltr'><strong>nisi</strong></span> <span class='ocrx_word' id='word_1_188' title='bbox 593 1268 684 1289; x_wconf 89' lang='lat' dir='ltr'><strong>sermo</strong></span> <span class='ocrx_word' id='word_1_189' title='bbox 700 1261 775 1288; x_wconf 88' lang='lat' dir='ltr'><strong>illius</strong></span> <span class='ocrx_word' id='word_1_190' title='bbox 792 1261 960 1296; x_wconf 82' lang='lat' dir='ltr'><strong>philosophi,</strong></span> <span class='ocrx_word' id='word_1_191' title='bbox 971 1261 1019 1297; x_wconf 86' lang='lat' dir='ltr'><strong>qui</strong></span> 
     </span>
    </p>
   </div>
   <div class='ocr_carea' id='block_1_29' title="bbox 229 1306 1020 1343">
    <p class='ocr_par' dir='ltr' id='par_1_29' title="bbox 229 1306 1020 1343">
     <span class='ocr_line' id='line_1_30' title="bbox 229 1306 1020 1343; baseline -0.003 -6"><span class='ocrx_word' id='word_1_192' title='bbox 229 1317 365 1338; x_wconf 88' lang='lat' dir='ltr'><strong>suntmunt</strong></span> <span class='ocrx_word' id='word_1_193' title='bbox 375 1308 584 1343; x_wconf 82' lang='lat' dir='ltr'><strong>bonuntjudicat</strong></span> <span class='ocrx_word' id='word_1_194' title='bbox 595 1306 860 1342; x_wconf 73' lang='lat' dir='ltr'><strong>voluptatetniQuem</strong></span> <span class='ocrx_word' id='word_1_195' title='bbox 870 1307 1020 1335; x_wconf 77' lang='lat' dir='ltr'><strong>interﬁciat</strong></span> 
     </span>
    </p>
   </div>
   <div class='ocr_carea' id='block_1_30' title="bbox 230 1353 1017 1391">
    <p class='ocr_par' dir='ltr' id='par_1_30' title="bbox 230 1353 1017 1391">
     <span class='ocr_line' id='line_1_31' title="bbox 230 1353 1017 1391; baseline -0.003 -8"><span class='ocrx_word' id='word_1_196' title='bbox 230 1361 258 1383; x_wconf 90' lang='lat' dir='ltr'><strong>ct</strong></span> <span class='ocrx_word' id='word_1_197' title='bbox 270 1354 567 1391; x_wconf 81' lang='lat' dir='ltr'><strong>perimatevangelicus</strong></span> <span class='ocrx_word' id='word_1_198' title='bbox 575 1353 723 1388; x_wconf 87' lang='lat' dir='ltr'><strong>scrmo,qui</strong></span> <span class='ocrx_word' id='word_1_199' title='bbox 733 1353 822 1389; x_wconf 88' lang='lat' dir='ltr'><strong>gladio</strong></span> <span class='ocrx_word' id='word_1_200' title='bbox 828 1358 1017 1388; x_wconf 85' lang='lat' dir='ltr'><strong>comparatur:</strong></span> 
     </span>
    </p>
   </div>
   <div class='ocr_carea' id='block_1_31' title="bbox 228 1399 1020 1438">
    <p class='ocr_par' dir='ltr' id='par_1_31' title="bbox 228 1399 1020 1438">
     <span class='ocr_line' id='line_1_32' title="bbox 228 1399 1020 1438; baseline -0.003 -8"><span class='ocrx_word' id='word_1_201' title='bbox 228 1401 344 1438; x_wconf 64' lang='grc' dir='ltr'><strong>εξιωῖ</strong></span> <span class='ocrx_word' id='word_1_202' title='bbox 357 1408 446 1430; x_wconf 86' lang='lat' dir='ltr'><strong>sermo</strong></span> <span class='ocrx_word' id='word_1_203' title='bbox 459 1400 633 1436; x_wconf 84' lang='lat' dir='ltr'><strong>propheticus</strong></span> <span class='ocrx_word' id='word_1_204' title='bbox 645 1400 703 1434; x_wconf 91' lang='lat' dir='ltr'><strong>ipse</strong></span> <span class='ocrx_word' id='word_1_205' title='bbox 717 1399 744 1427; x_wconf 88' lang='lat' dir='ltr'><strong>in</strong></span> <span class='ocrx_word' id='word_1_206' title='bbox 756 1404 850 1427; x_wconf 83' lang='lat' dir='ltr'><strong>ventre</strong></span> <span class='ocrx_word' id='word_1_207' title='bbox 860 1407 965 1433; x_wconf 84' lang='lat' dir='ltr'><strong>eorum,</strong></span> <span class='ocrx_word' id='word_1_208' title='bbox 978 1405 1020 1428; x_wconf 88' lang='lat' dir='ltr'><strong>at-</strong></span> 
     </span>
    </p>
   </div>
   <div class='ocr_carea' id='block_1_32' title="bbox 228 1444 1018 1482">
    <p class='ocr_par' dir='ltr' id='par_1_32' title="bbox 228 1444 1018 1482">
     <span class='ocr_line' id='line_1_33' title="bbox 228 1444 1018 1482; baseline -0.001 -8"><span class='ocrx_word' id='word_1_209' title='bbox 228 1456 282 1482; x_wconf 88' lang='lat' dir='ltr'><strong>que</strong></span> <span class='ocrx_word' id='word_1_210' title='bbox 300 1448 327 1474; x_wconf 88' lang='lat' dir='ltr'><strong>itt</strong></span> <span class='ocrx_word' id='word_1_211' title='bbox 345 1447 406 1475; x_wconf 85' lang='lat' dir='ltr'><strong>imis</strong></span> <span class='ocrx_word' id='word_1_212' title='bbox 426 1445 584 1482; x_wconf 65' lang='lat' dir='ltr'><strong>praecordiis</strong></span> <span class='ocrx_word' id='word_1_213' title='bbox 598 1444 763 1473; x_wconf 85' lang='lat' dir='ltr'><strong>ambidextri</strong></span> <span class='ocrx_word' id='word_1_214' title='bbox 782 1445 903 1473; x_wconf 89' lang='lat' dir='ltr'><strong>doctoris</strong></span> <span class='ocrx_word' id='word_1_215' title='bbox 922 1445 1018 1481; x_wconf 87' lang='lat' dir='ltr'><strong>dispu-</strong></span> 
     </span>
    </p>
   </div>
   <div class='ocr_carea' id='block_1_33' title="bbox 1040 832 1062 859">
    <p class='ocr_par' dir='ltr' id='par_1_33' title="bbox 1040 832 1062 859">
     <span class='ocr_line' id='line_1_34' title="bbox 1040 832 1062 859; baseline 0 0"><span class='ocrx_word' id='word_1_216' title='bbox 1040 832 1062 859; x_wconf 89' lang='lat' dir='ltr'><strong><em>B</em></strong></span> 
     </span>
    </p>
   </div>
   <div class='ocr_carea' id='block_1_34' title="bbox 1080 200 1839 240">
    <p class='ocr_par' dir='ltr' id='par_1_34' title="bbox 1080 200 1839 240">
     <span class='ocr_line' id='line_1_35' title="bbox 1080 200 1839 240; baseline 0.009 -12"><span class='ocrx_word' id='word_1_217' title='bbox 1080 200 1178 236; x_wconf 84' lang='lat' dir='ltr'><strong>gladio.</strong></span> <span class='ocrx_word' id='word_1_218' title='bbox 1196 202 1249 230; x_wconf 85' lang='lat' dir='ltr'><strong>Iste</strong></span> <span class='ocrx_word' id='word_1_219' title='bbox 1263 203 1289 230; x_wconf 87' lang='lat' dir='ltr'><strong>itt</strong></span> <span class='ocrx_word' id='word_1_220' title='bbox 1303 208 1396 231; x_wconf 88' lang='lat' dir='ltr'><strong>aratro</strong></span> <span class='ocrx_word' id='word_1_221' title='bbox 1410 204 1505 232; x_wconf 91' lang='lat' dir='ltr'><strong>vincit.</strong></span> <span class='ocrx_word' id='word_1_222' title='bbox 1524 205 1614 232; x_wconf 87' lang='lat' dir='ltr'><strong>Vincit</strong></span> <span class='ocrx_word' id='word_1_223' title='bbox 1629 210 1718 233; x_wconf 88' lang='lat' dir='ltr'><strong>tamen</strong></span> <span class='ocrx_word' id='word_1_224' title='bbox 1730 207 1810 240; x_wconf 86' lang='lat' dir='ltr'><strong>ethic,</strong></span> <span class='ocrx_word' id='word_1_225' title='bbox 1820 213 1839 235; x_wconf 84' lang='lat' dir='ltr'><strong>et</strong></span> 
     </span>
    </p>
   </div>
   <div class='ocr_carea' id='block_1_35' title="bbox 1080 249 1839 287">
    <p class='ocr_par' dir='ltr' id='par_1_35' title="bbox 1080 249 1839 287">
     <span class='ocr_line' id='line_1_36' title="bbox 1080 249 1839 287; baseline 0.009 -13"><span class='ocrx_word' id='word_1_226' title='bbox 1080 251 1200 282; x_wconf 86' lang='lat' dir='ltr'><strong>superat,</strong></span> <span class='ocrx_word' id='word_1_227' title='bbox 1219 253 1246 275; x_wconf 90' lang='lat' dir='ltr'><strong>et</strong></span> <span class='ocrx_word' id='word_1_228' title='bbox 1261 249 1408 283; x_wconf 84' lang='lat' dir='ltr'><strong>prosternit</strong></span> <span class='ocrx_word' id='word_1_229' title='bbox 1419 249 1588 285; x_wconf 84' lang='lat' dir='ltr'><strong>Allophylos.</strong></span> <span class='ocrx_word' id='word_1_230' title='bbox 1604 251 1698 279; x_wconf 77' lang='lat' dir='ltr'><strong>Potest</strong></span> <span class='ocrx_word' id='word_1_231' title='bbox 1710 259 1770 287; x_wconf 85' lang='lat' dir='ltr'><strong>ergo</strong></span> <span class='ocrx_word' id='word_1_232' title='bbox 1783 253 1839 287; x_wconf 83' lang='lat' dir='ltr'><strong>ﬁeri,</strong></span> 
     </span>
    </p>
   </div>
   <div class='ocr_carea' id='block_1_36' title="bbox 1080 293 1840 332">
    <p class='ocr_par' dir='ltr' id='par_1_36' title="bbox 1080 293 1840 332">
     <span class='ocr_line' id='line_1_37' title="bbox 1080 293 1840 332; baseline 0.008 -12"><span class='ocrx_word' id='word_1_233' title='bbox 1080 298 1108 320; x_wconf 90' lang='lat' dir='ltr'><strong>ut</strong></span> <span class='ocrx_word' id='word_1_234' title='bbox 1124 293 1254 321; x_wconf 70' lang='lat' dir='ltr'><strong>Ecclesia:</strong></span> <span class='ocrx_word' id='word_1_235' title='bbox 1263 294 1345 329; x_wconf 88' lang='lat' dir='ltr'><strong>judcx</strong></span> <span class='ocrx_word' id='word_1_236' title='bbox 1363 302 1415 322; x_wconf 92' lang='lat' dir='ltr'><strong>non</strong></span> <span class='ocrx_word' id='word_1_237' title='bbox 1432 302 1539 330; x_wconf 85' lang='lat' dir='ltr'><strong>semper</strong></span> <span class='ocrx_word' id='word_1_238' title='bbox 1554 297 1675 331; x_wconf 81' lang='lat' dir='ltr'><strong>gladium</strong></span> <span class='ocrx_word' id='word_1_239' title='bbox 1690 297 1807 332; x_wconf 86' lang='lat' dir='ltr'><strong>proferat,</strong></span> <span class='ocrx_word' id='word_1_240' title='bbox 1820 299 1840 326; x_wconf 89' lang='lat' dir='ltr'><strong>id</strong></span> 
     </span>
    </p>
   </div>
   <div class='ocr_carea' id='block_1_37' title="bbox 1079 342 1842 374">
    <p class='ocr_par' dir='ltr' id='par_1_37' title="bbox 1079 342 1842 374">
     <span class='ocr_line' id='line_1_38' title="bbox 1079 342 1842 374; baseline 0.009 -8"><span class='ocrx_word' id='word_1_241' title='bbox 1079 344 1130 372; x_wconf 88' lang='lat' dir='ltr'><strong>est,</strong></span> <span class='ocrx_word' id='word_1_242' title='bbox 1149 347 1202 367; x_wconf 90' lang='lat' dir='ltr'><strong>non</strong></span> <span class='ocrx_word' id='word_1_243' title='bbox 1223 347 1330 374; x_wconf 83' lang='lat' dir='ltr'><strong>semper</strong></span> <span class='ocrx_word' id='word_1_244' title='bbox 1345 342 1502 370; x_wconf 81' lang='lat' dir='ltr'><strong>austeritate</strong></span> <span class='ocrx_word' id='word_1_245' title='bbox 1523 343 1596 370; x_wconf 88' lang='lat' dir='ltr'><strong>verbi</strong></span> <span class='ocrx_word' id='word_1_246' title='bbox 1617 348 1644 371; x_wconf 90' lang='lat' dir='ltr'><strong>et</strong></span> <span class='ocrx_word' id='word_1_247' title='bbox 1666 345 1784 372; x_wconf 89' lang='lat' dir='ltr'><strong>acumine</strong></span> <span class='ocrx_word' id='word_1_248' title='bbox 1795 353 1842 373; x_wconf 85' lang='lat' dir='ltr'><strong>cor-</strong></span> 
     </span>
    </p>
   </div>
   <div class='ocr_carea' id='block_1_38' title="bbox 1080 384 1842 426">
    <p class='ocr_par' dir='ltr' id='par_1_38' title="bbox 1080 384 1842 426">
     <span class='ocr_line' id='line_1_39' title="bbox 1080 384 1842 426; baseline 0.009 -15"><span class='ocrx_word' id='word_1_249' title='bbox 1080 384 1212 420; x_wconf 84' lang='lat' dir='ltr'><strong>reptionis</strong></span> <span class='ocrx_word' id='word_1_250' title='bbox 1227 390 1331 418; x_wconf 83' lang='lat' dir='ltr'><strong>utatur,</strong></span> <span class='ocrx_word' id='word_1_251' title='bbox 1346 386 1393 414; x_wconf 86' lang='lat' dir='ltr'><strong>sed</strong></span> <span class='ocrx_word' id='word_1_252' title='bbox 1407 387 1554 422; x_wconf 90' lang='lat' dir='ltr'><strong>aliquando</strong></span> <span class='ocrx_word' id='word_1_253' title='bbox 1565 389 1646 416; x_wconf 86' lang='lat' dir='ltr'><strong>etiam</strong></span> <span class='ocrx_word' id='word_1_254' title='bbox 1660 389 1775 418; x_wconf 86' lang='lat' dir='ltr'><strong>imitetur</strong></span> <span class='ocrx_word' id='word_1_255' title='bbox 1786 392 1842 426; x_wconf 84' lang='lat' dir='ltr'><strong>agri-</strong></span> 
     </span>
    </p>
   </div>
   <div class='ocr_carea' id='block_1_39' title="bbox 1079 431 1843 468">
    <p class='ocr_par' dir='ltr' id='par_1_39' title="bbox 1079 431 1843 468">
     <span class='ocr_line' id='line_1_40' title="bbox 1079 431 1843 468; baseline 0.008 -10"><span class='ocrx_word' id='word_1_256' title='bbox 1079 431 1168 458; x_wconf 90' lang='lat' dir='ltr'><strong>colam</strong></span> <span class='ocrx_word' id='word_1_257' title='bbox 1183 451 1191 463; x_wconf 95' lang='lat'><strong>,</strong></span> <span class='ocrx_word' id='word_1_258' title='bbox 1205 436 1232 458; x_wconf 91' lang='lat' dir='ltr'><strong>et</strong></span> <span class='ocrx_word' id='word_1_259' title='bbox 1246 431 1319 458; x_wconf 85' lang='lat' dir='ltr'><strong>velut</strong></span> <span class='ocrx_word' id='word_1_260' title='bbox 1337 436 1430 459; x_wconf 83' lang='lat' dir='ltr'><strong>aratro</strong></span> <span class='ocrx_word' id='word_1_261' title='bbox 1447 433 1556 461; x_wconf 87' lang='lat' dir='ltr'><strong>sulcans</strong></span> <span class='ocrx_word' id='word_1_262' title='bbox 1577 435 1676 462; x_wconf 65' lang='lat' dir='ltr'><strong>animae</strong></span> <span class='ocrx_word' id='word_1_263' title='bbox 1697 441 1804 468; x_wconf 80' lang='lat' dir='ltr'><strong>terram.</strong></span> <span class='ocrx_word' id='word_1_264' title='bbox 1818 444 1843 464; x_wconf 82' lang='lat' dir='ltr'><strong>ac</strong></span> 
     </span>
    </p>
   </div>
   <div class='ocr_carea' id='block_1_40' title="bbox 1079 477 1842 517">
    <p class='ocr_par' dir='ltr' id='par_1_40' title="bbox 1079 477 1842 517">
     <span class='ocr_line' id='line_1_41' title="bbox 1079 477 1842 517; baseline 0.008 -14"><span class='ocrx_word' id='word_1_265' title='bbox 1079 477 1177 511; x_wconf 73' lang='lat' dir='ltr'><strong>sacpius</strong></span> <span class='ocrx_word' id='word_1_266' title='bbox 1187 484 1246 504; x_wconf 85' lang='lat' dir='ltr'><strong>eam</strong></span> <span class='ocrx_word' id='word_1_267' title='bbox 1255 478 1381 505; x_wconf 89' lang='lat' dir='ltr'><strong>elementi</strong></span> <span class='ocrx_word' id='word_1_268' title='bbox 1395 480 1580 506; x_wconf 88' lang='lat' dir='ltr'><strong>commotione</strong></span> <span class='ocrx_word' id='word_1_269' title='bbox 1593 480 1759 513; x_wconf 81' lang='lat' dir='ltr'><strong>rescindcns,</strong></span> <span class='ocrx_word' id='word_1_270' title='bbox 1770 487 1842 517; x_wconf 77' lang='lat' dir='ltr'><strong>aplatll</strong></span> 
     </span>
    </p>
   </div>
   <div class='ocr_carea' id='block_1_41' title="bbox 1078 524 1843 561">
    <p class='ocr_par' dir='ltr' id='par_1_41' title="bbox 1078 524 1843 561">
     <span class='ocr_line' id='line_1_42' title="bbox 1078 524 1843 561; baseline 0.007 -11"><span class='ocrx_word' id='word_1_271' title='bbox 1078 530 1138 550; x_wconf 88' lang='lat' dir='ltr'><strong>eam</strong></span> <span class='ocrx_word' id='word_1_272' title='bbox 1165 524 1344 558; x_wconf 84' lang='lat' dir='ltr'><strong>suscipiendis</strong></span> <span class='ocrx_word' id='word_1_273' title='bbox 1367 524 1518 552; x_wconf 84' lang='lat' dir='ltr'><strong>seminibus</strong></span> <span class='ocrx_word' id='word_1_274' title='bbox 1550 531 1639 561; x_wconf 88' lang='lat' dir='ltr'><strong>paret.</strong></span> <span class='ocrx_word' id='word_1_275' title='bbox 1669 526 1843 555; x_wconf 78' lang='lat' dir='ltr'><strong>lnterlicientur</strong></span> 
     </span>
    </p>
   </div>
   <div class='ocr_carea' id='block_1_42' title="bbox 1078 569 1843 608">
    <p class='ocr_par' dir='ltr' id='par_1_42' title="bbox 1078 569 1843 608">
     <span class='ocr_line' id='line_1_43' title="bbox 1078 569 1843 608; baseline 0.007 -13"><span class='ocrx_word' id='word_1_276' title='bbox 1078 574 1144 604; x_wconf 80' lang='lat' dir='ltr'><strong>ergo</strong></span> <span class='ocrx_word' id='word_1_277' title='bbox 1156 569 1237 596; x_wconf 83' lang='lat' dir='ltr'><strong>etiam</strong></span> <span class='ocrx_word' id='word_1_278' title='bbox 1261 569 1301 596; x_wconf 89' lang='lat' dir='ltr'><strong>sic</strong></span> <span class='ocrx_word' id='word_1_279' title='bbox 1316 569 1449 605; x_wconf 80' lang='lat' dir='ltr'><strong>Allophyli</strong></span> <span class='ocrx_word' id='word_1_280' title='bbox 1464 590 1472 604; x_wconf 89' lang='lat'><strong>,</strong></span> <span class='ocrx_word' id='word_1_281' title='bbox 1489 579 1550 598; x_wconf 88' lang='lat' dir='ltr'><strong>cum</strong></span> <span class='ocrx_word' id='word_1_282' title='bbox 1576 579 1629 600; x_wconf 87' lang='lat' dir='ltr'><strong>non</strong></span> <span class='ocrx_word' id='word_1_283' title='bbox 1654 574 1811 608; x_wconf 78' lang='lat' dir='ltr'><strong>argumentis</strong></span> <span class='ocrx_word' id='word_1_284' title='bbox 1822 579 1843 600; x_wconf 86' lang='lat' dir='ltr'><strong>et</strong></span> 
     </span>
    </p>
   </div>
   <div class='ocr_carea' id='block_1_43' title="bbox 1077 614 1844 653">
    <p class='ocr_par' dir='ltr' id='par_1_43' title="bbox 1077 614 1844 653">
     <span class='ocr_line' id='line_1_44' title="bbox 1077 614 1844 653; baseline 0.005 -13"><span class='ocrx_word' id='word_1_285' title='bbox 1077 614 1203 641; x_wconf 89' lang='lat' dir='ltr'><strong>acumine</strong></span> <span class='ocrx_word' id='word_1_286' title='bbox 1221 619 1313 642; x_wconf 80' lang='lat' dir='ltr'><strong>contra</strong></span> <span class='ocrx_word' id='word_1_287' title='bbox 1330 615 1504 643; x_wconf 83' lang='lat' dir='ltr'><strong>adversarios</strong></span> <span class='ocrx_word' id='word_1_288' title='bbox 1519 617 1620 644; x_wconf 88' lang='lat' dir='ltr'><strong>utimur</strong></span> <span class='ocrx_word' id='word_1_289' title='bbox 1631 638 1639 651; x_wconf 89' lang='lat'><strong>,</strong></span> <span class='ocrx_word' id='word_1_290' title='bbox 1662 619 1709 645; x_wconf 85' lang='lat' dir='ltr'><strong>sed</strong></span> <span class='ocrx_word' id='word_1_291' title='bbox 1723 619 1811 653; x_wconf 79' lang='lat' dir='ltr'><strong>agresti</strong></span> <span class='ocrx_word' id='word_1_292' title='bbox 1822 623 1844 646; x_wconf 85' lang='lat' dir='ltr'><strong>et</strong></span> 
     </span>
    </p>
   </div>
   <div class='ocr_carea' id='block_1_44' title="bbox 1077 661 1845 695">
    <p class='ocr_par' dir='ltr' id='par_1_44' title="bbox 1077 661 1845 695">
     <span class='ocr_line' id='line_1_45' title="bbox 1077 661 1845 695; baseline 0.005 -8"><span class='ocrx_word' id='word_1_293' title='bbox 1077 661 1192 695; x_wconf 88' lang='lat' dir='ltr'><strong>simplici</strong></span> <span class='ocrx_word' id='word_1_294' title='bbox 1206 661 1418 689; x_wconf 88' lang='lat' dir='ltr'><strong>comtuottitione</strong></span> <span class='ocrx_word' id='word_1_295' title='bbox 1433 663 1466 690; x_wconf 87' lang='lat' dir='ltr'><strong>de</strong></span> <span class='ocrx_word' id='word_1_296' title='bbox 1478 663 1579 691; x_wconf 81' lang='lat' dir='ltr'><strong>animis</strong></span> <span class='ocrx_word' id='word_1_297' title='bbox 1592 665 1748 691; x_wconf 88' lang='lat' dir='ltr'><strong>auditorunt</strong></span> <span class='ocrx_word' id='word_1_298' title='bbox 1761 666 1814 692; x_wconf 83' lang='lat' dir='ltr'><strong>titia</strong></span> <span class='ocrx_word' id='word_1_299' title='bbox 1825 670 1845 691; x_wconf 73' lang='lat' dir='ltr'><strong>et</strong></span> 
     </span>
    </p>
   </div>
   <div class='ocr_carea' id='block_1_45' title="bbox 1076 707 1844 745">
    <p class='ocr_par' dir='ltr' id='par_1_45' title="bbox 1076 707 1844 745">
     <span class='ocr_line' id='line_1_46' title="bbox 1076 707 1844 745; baseline 0.008 -12"><span class='ocrx_word' id='word_1_300' title='bbox 1076 711 1187 742; x_wconf 83' lang='lat' dir='ltr'><strong>peccata</strong></span> <span class='ocrx_word' id='word_1_301' title='bbox 1201 707 1387 742; x_wconf 88' lang='lat' dir='ltr'><strong>propellintus.</strong></span> <span class='ocrx_word' id='word_1_302' title='bbox 1401 708 1453 735; x_wconf 84' lang='lat' dir='ltr'><strong>Sed</strong></span> <span class='ocrx_word' id='word_1_303' title='bbox 1469 713 1495 736; x_wconf 93' lang='lat' dir='ltr'><strong>et</strong></span> <span class='ocrx_word' id='word_1_304' title='bbox 1511 714 1538 736; x_wconf 92' lang='lat' dir='ltr'><strong>tu</strong></span> <span class='ocrx_word' id='word_1_305' title='bbox 1556 710 1623 745; x_wconf 87' lang='lat' dir='ltr'><strong>ipse,</strong></span> <span class='ocrx_word' id='word_1_306' title='bbox 1640 717 1657 737; x_wconf 92' lang='grc' dir='ltr'><strong>ο</strong></span> <span class='ocrx_word' id='word_1_307' title='bbox 1672 711 1784 744; x_wconf 86' lang='lat' dir='ltr'><strong>auditor,</strong></span> <span class='ocrx_word' id='word_1_308' title='bbox 1798 718 1844 739; x_wconf 81' lang='lat' dir='ltr'><strong>esto</strong></span> 
     </span>
    </p>
   </div>
   <div class='ocr_carea' id='block_1_46' title="bbox 1076 753 1845 792">
    <p class='ocr_par' dir='ltr' id='par_1_46' title="bbox 1076 753 1845 792">
     <span class='ocr_line' id='line_1_47' title="bbox 1076 753 1845 792; baseline 0.005 -12"><span class='ocrx_word' id='word_1_309' title='bbox 1076 753 1194 788; x_wconf 81' lang='lat' dir='ltr'><strong>agricola</strong></span> <span class='ocrx_word' id='word_1_310' title='bbox 1218 754 1316 782; x_wconf 67' lang='lat' dir='ltr'><strong>animae</strong></span> <span class='ocrx_word' id='word_1_311' title='bbox 1339 760 1411 788; x_wconf 64' lang='lat' dir='ltr'><strong>tuas,</strong></span> <span class='ocrx_word' id='word_1_312' title='bbox 1429 761 1504 783; x_wconf 90' lang='lat' dir='ltr'><strong>utere</strong></span> <span class='ocrx_word' id='word_1_313' title='bbox 1524 756 1576 783; x_wconf 87' lang='lat' dir='ltr'><strong>hoc</strong></span> <span class='ocrx_word' id='word_1_314' title='bbox 1594 761 1686 784; x_wconf 85' lang='lat' dir='ltr'><strong>aratro</strong></span> <span class='ocrx_word' id='word_1_315' title='bbox 1700 764 1754 792; x_wconf 89' lang='lat' dir='ltr'><strong>quo</strong></span> <span class='ocrx_word' id='word_1_316' title='bbox 1773 762 1845 784; x_wconf 77' lang='lat' dir='ltr'><strong>utztur</strong></span> 
     </span>
    </p>
   </div>
   <div class='ocr_carea' id='block_1_47' title="bbox 1077 800 1846 835">
    <p class='ocr_par' dir='ltr' id='par_1_47' title="bbox 1077 800 1846 835">
     <span class='ocr_line' id='line_1_48' title="bbox 1077 800 1846 835; baseline 0.005 -9"><span class='ocrx_word' id='word_1_317' title='bbox 1077 800 1216 835; x_wconf 83' lang='lat' dir='ltr'><strong>Semegar.</strong></span> <span class='ocrx_word' id='word_1_318' title='bbox 1235 800 1287 828; x_wconf 90' lang='lat' dir='ltr'><strong>Sed</strong></span> <span class='ocrx_word' id='word_1_319' title='bbox 1303 808 1364 828; x_wconf 92' lang='lat' dir='ltr'><strong>cunt</strong></span> <span class='ocrx_word' id='word_1_320' title='bbox 1377 801 1484 829; x_wconf 87' lang='lat' dir='ltr'><strong>miseris</strong></span> <span class='ocrx_word' id='word_1_321' title='bbox 1502 810 1610 829; x_wconf 88' lang='lat' dir='ltr'><strong>tttattuttt</strong></span> <span class='ocrx_word' id='word_1_322' title='bbox 1628 807 1701 830; x_wconf 90' lang='lat' dir='ltr'><strong>tuaut</strong></span> <span class='ocrx_word' id='word_1_323' title='bbox 1718 803 1744 830; x_wconf 91' lang='lat' dir='ltr'><strong>in</strong></span> <span class='ocrx_word' id='word_1_324' title='bbox 1759 809 1846 835; x_wconf 86' lang='lat' dir='ltr'><strong>aratro,</strong></span> 
     </span>
    </p>
   </div>
   <div class='ocr_carea' id='block_1_48' title="bbox 1075 846 1848 883">
    <p class='ocr_par' dir='ltr' id='par_1_48' title="bbox 1075 846 1848 883">
     <span class='ocr_line' id='line_1_49' title="bbox 1075 846 1848 883; baseline 0.004 -11"><span class='ocrx_word' id='word_1_325' title='bbox 1075 846 1128 873; x_wconf 88' lang='lat' dir='ltr'><strong>ttoli</strong></span> <span class='ocrx_word' id='word_1_326' title='bbox 1147 851 1220 873; x_wconf 87' lang='lat' dir='ltr'><strong>retro</strong></span> <span class='ocrx_word' id='word_1_327' title='bbox 1235 847 1369 882; x_wconf 84' lang='lat' dir='ltr'><strong>respicere</strong></span> <span class='ocrx_word' id='word_1_328' title='bbox 1380 847 1420 874; x_wconf 82' lang='lat'><strong>&quot;:</strong></span> <span class='ocrx_word' id='word_1_329' title='bbox 1439 848 1465 875; x_wconf 92' lang='lat' dir='ltr'><strong>id</strong></span> <span class='ocrx_word' id='word_1_330' title='bbox 1479 853 1519 875; x_wconf 86' lang='lat' dir='ltr'><strong>est</strong></span> <span class='ocrx_word' id='word_1_331' title='bbox 1535 853 1678 883; x_wconf 85' lang='lat' dir='ltr'><strong>postquam</strong></span> <span class='ocrx_word' id='word_1_332' title='bbox 1695 849 1784 877; x_wconf 86' lang='lat' dir='ltr'><strong>tuleris</strong></span> <span class='ocrx_word' id='word_1_333' title='bbox 1795 857 1848 877; x_wconf 88' lang='lat' dir='ltr'><strong>cnt-</strong></span> 
     </span>
    </p>
   </div>
   <div class='ocr_carea' id='block_1_49' title="bbox 1070 892 1847 930">
    <p class='ocr_par' dir='ltr' id='par_1_49' title="bbox 1070 892 1847 930">
     <span class='ocr_line' id='line_1_50' title="bbox 1070 892 1847 930; baseline 0.006 -13"><span class='ocrx_word' id='word_1_334' title='bbox 1070 898 1130 918; x_wconf 91' lang='lat' dir='ltr'><strong>cent</strong></span> <span class='ocrx_word' id='word_1_335' title='bbox 1150 895 1223 918; x_wconf 88' lang='lat' dir='ltr'><strong>tuatu</strong></span> <span class='ocrx_word' id='word_1_336' title='bbox 1236 911 1244 924; x_wconf 90' lang='lat'><strong>,</strong></span> <span class='ocrx_word' id='word_1_337' title='bbox 1263 896 1290 918; x_wconf 87' lang='lat' dir='ltr'><strong>ct</strong></span> <span class='ocrx_word' id='word_1_338' title='bbox 1307 897 1417 920; x_wconf 86' lang='lat' dir='ltr'><strong>secutus</strong></span> <span class='ocrx_word' id='word_1_339' title='bbox 1435 892 1520 920; x_wconf 91' lang='lat' dir='ltr'><strong>fueris</strong></span> <span class='ocrx_word' id='word_1_340' title='bbox 1542 893 1680 921; x_wconf 79' lang='lat' dir='ltr'><strong>Christum</strong></span> <span class='ocrx_word' id='word_1_341' title='bbox 1693 914 1701 926; x_wconf 92' lang='lat'><strong>,</strong></span> <span class='ocrx_word' id='word_1_342' title='bbox 1719 899 1847 930; x_wconf 74' lang='lat' dir='ltr'><strong>postquam</strong></span> 
     </span>
    </p>
   </div>
   <div class='ocr_carea' id='block_1_50' title="bbox 1071 935 1848 973">
    <p class='ocr_par' dir='ltr' id='par_1_50' title="bbox 1071 935 1848 973">
     <span class='ocr_line' id='line_1_51' title="bbox 1071 935 1848 973; baseline 0.006 -10"><span class='ocrx_word' id='word_1_343' title='bbox 1071 935 1172 964; x_wconf 68' lang='lat' dir='ltr'><strong>sacculo</strong></span> <span class='ocrx_word' id='word_1_344' title='bbox 1188 936 1352 964; x_wconf 86' lang='lat' dir='ltr'><strong>renuntiasti</strong></span> <span class='ocrx_word' id='word_1_345' title='bbox 1367 942 1395 965; x_wconf 86' lang='lat' dir='ltr'><strong>et</strong></span> <span class='ocrx_word' id='word_1_346' title='bbox 1418 938 1451 965; x_wconf 89' lang='lat' dir='ltr'><strong>iis</strong></span> <span class='ocrx_word' id='word_1_347' title='bbox 1471 946 1531 973; x_wconf 60' lang='lat' dir='ltr'><strong>quas</strong></span> <span class='ocrx_word' id='word_1_348' title='bbox 1545 939 1572 966; x_wconf 92' lang='lat' dir='ltr'><strong>in</strong></span> <span class='ocrx_word' id='word_1_349' title='bbox 1595 939 1694 967; x_wconf 69' lang='lat' dir='ltr'><strong>saeculo</strong></span> <span class='ocrx_word' id='word_1_350' title='bbox 1708 945 1786 973; x_wconf 89' lang='lat' dir='ltr'><strong>sunt,</strong></span> <span class='ocrx_word' id='word_1_351' title='bbox 1801 941 1848 968; x_wconf 92' lang='lat' dir='ltr'><strong>noli</strong></span> 
     </span>
    </p>
   </div>
   <div class='ocr_carea' id='block_1_51' title="bbox 1070 982 1847 1021">
    <p class='ocr_par' dir='ltr' id='par_1_51' title="bbox 1070 982 1847 1021">
     <span class='ocr_line' id='line_1_52' title="bbox 1070 982 1847 1021; baseline 0.005 -12"><span class='ocrx_word' id='word_1_352' title='bbox 1070 987 1144 1010; x_wconf 89' lang='lat' dir='ltr'><strong>retro</strong></span> <span class='ocrx_word' id='word_1_353' title='bbox 1159 982 1310 1017; x_wconf 82' lang='lat' dir='ltr'><strong>respicere,</strong></span> <span class='ocrx_word' id='word_1_354' title='bbox 1338 983 1393 1011; x_wconf 92' lang='lat' dir='ltr'><strong>noli</strong></span> <span class='ocrx_word' id='word_1_355' title='bbox 1413 985 1553 1019; x_wconf 88' lang='lat' dir='ltr'><strong>requirere</strong></span> <span class='ocrx_word' id='word_1_356' title='bbox 1572 993 1632 1019; x_wconf 65' lang='lat' dir='ltr'><strong>qua:</strong></span> <span class='ocrx_word' id='word_1_357' title='bbox 1651 991 1760 1021; x_wconf 88' lang='lat' dir='ltr'><strong>propter</strong></span> <span class='ocrx_word' id='word_1_358' title='bbox 1775 985 1847 1014; x_wconf 90' lang='lat' dir='ltr'><strong>Chri-</strong></span> 
     </span>
    </p>
   </div>
   <div class='ocr_carea' id='block_1_52' title="bbox 1071 1030 1848 1066">
    <p class='ocr_par' dir='ltr' id='par_1_52' title="bbox 1071 1030 1848 1066">
     <span class='ocr_line' id='line_1_53' title="bbox 1071 1030 1848 1066; baseline 0.001 -9"><span class='ocrx_word' id='word_1_359' title='bbox 1071 1034 1143 1057; x_wconf 87' lang='lat' dir='ltr'><strong>stum</strong></span> <span class='ocrx_word' id='word_1_360' title='bbox 1158 1030 1276 1056; x_wconf 85' lang='lat' dir='ltr'><strong>dnxeras</strong></span> <span class='ocrx_word' id='word_1_361' title='bbox 1297 1034 1327 1057; x_wconf 90' lang='lat' dir='ltr'><strong>ut</strong></span> <span class='ocrx_word' id='word_1_362' title='bbox 1352 1034 1495 1058; x_wconf 89' lang='lat' dir='ltr'><strong>stercora:</strong></span> <span class='ocrx_word' id='word_1_363' title='bbox 1520 1031 1583 1066; x_wconf 85' lang='lat' dir='ltr'><strong>quia</strong></span> <span class='ocrx_word' id='word_1_364' title='bbox 1610 1032 1632 1059; x_wconf 88' lang='lat' dir='ltr'><strong>si</strong></span> <span class='ocrx_word' id='word_1_365' title='bbox 1651 1031 1679 1059; x_wconf 89' lang='lat' dir='ltr'><strong>itt</strong></span> <span class='ocrx_word' id='word_1_366' title='bbox 1700 1032 1751 1060; x_wconf 87' lang='lat' dir='ltr'><strong>isto</strong></span> <span class='ocrx_word' id='word_1_367' title='bbox 1765 1039 1848 1059; x_wconf 85' lang='lat' dir='ltr'><strong>aratro</strong></span> 
     </span>
    </p>
   </div>
   <div class='ocr_carea' id='block_1_53' title="bbox 1072 1075 1848 1110">
    <p class='ocr_par' dir='ltr' id='par_1_53' title="bbox 1072 1075 1848 1110">
     <span class='ocr_line' id='line_1_54' title="bbox 1072 1075 1848 1110; baseline 0.003 -8"><span class='ocrx_word' id='word_1_368' title='bbox 1072 1083 1179 1102; x_wconf 89' lang='lat' dir='ltr'><strong>manum</strong></span> <span class='ocrx_word' id='word_1_369' title='bbox 1193 1083 1302 1110; x_wconf 83' lang='lat' dir='ltr'><strong>semper</strong></span> <span class='ocrx_word' id='word_1_370' title='bbox 1314 1075 1451 1108; x_wconf 83' lang='lat' dir='ltr'><strong>habueris,</strong></span> <span class='ocrx_word' id='word_1_371' title='bbox 1464 1076 1500 1103; x_wconf 82' lang='lat' dir='ltr'><strong>ita</strong></span> <span class='ocrx_word' id='word_1_372' title='bbox 1516 1081 1545 1104; x_wconf 90' lang='lat' dir='ltr'><strong>ut</strong></span> <span class='ocrx_word' id='word_1_373' title='bbox 1559 1076 1726 1104; x_wconf 87' lang='lat' dir='ltr'><strong>conﬁdenter</strong></span> <span class='ocrx_word' id='word_1_374' title='bbox 1736 1077 1808 1104; x_wconf 88' lang='lat' dir='ltr'><strong>dicas</strong></span> <span class='ocrx_word' id='word_1_375' title='bbox 1819 1077 1848 1104; x_wconf 80' lang='lat'><strong>“:</strong></span> 
     </span>
    </p>
   </div>
   <div class='ocr_carea' id='block_1_54' title="bbox 1075 1121 1849 1157">
    <p class='ocr_par' dir='ltr' id='par_1_54' title="bbox 1075 1121 1849 1157">
     <span class='ocr_line' id='line_1_55' title="bbox 1075 1121 1849 1157; baseline 0.004 -10"><span class='ocrx_word' id='word_1_376' title='bbox 1075 1121 1163 1150; x_wconf 72' lang='lat' dir='ltr'><strong>«Mihi</strong></span> <span class='ocrx_word' id='word_1_377' title='bbox 1188 1126 1276 1148; x_wconf 86' lang='lat' dir='ltr'><strong>autem</strong></span> <span class='ocrx_word' id='word_1_378' title='bbox 1301 1121 1373 1149; x_wconf 89' lang='lat' dir='ltr'><strong>absit</strong></span> <span class='ocrx_word' id='word_1_379' title='bbox 1389 1121 1499 1157; x_wconf 85' lang='lat' dir='ltr'><strong>gloriari</strong></span> <span class='ocrx_word' id='word_1_380' title='bbox 1526 1122 1577 1150; x_wconf 88' lang='lat' dir='ltr'><strong>nisi</strong></span> <span class='ocrx_word' id='word_1_381' title='bbox 1599 1122 1625 1150; x_wconf 92' lang='lat' dir='ltr'><strong>in</strong></span> <span class='ocrx_word' id='word_1_382' title='bbox 1653 1130 1734 1150; x_wconf 87' lang='lat' dir='ltr'><strong>cruce</strong></span> <span class='ocrx_word' id='word_1_383' title='bbox 1751 1123 1849 1151; x_wconf 86' lang='lat' dir='ltr'><strong>Domini</strong></span> 
     </span>
    </p>
   </div>
   <div class='ocr_carea' id='block_1_55' title="bbox 1071 1166 1850 1203">
    <p class='ocr_par' dir='ltr' id='par_1_55' title="bbox 1071 1166 1850 1203">
     <span class='ocr_line' id='line_1_56' title="bbox 1071 1166 1850 1203; baseline 0.004 -10"><span class='ocrx_word' id='word_1_384' title='bbox 1071 1166 1157 1194; x_wconf 85' lang='lat' dir='ltr'><strong>nostri</strong></span> <span class='ocrx_word' id='word_1_385' title='bbox 1169 1167 1231 1195; x_wconf 82' lang='lat' dir='ltr'><strong>Jesu</strong></span> <span class='ocrx_word' id='word_1_386' title='bbox 1256 1167 1370 1200; x_wconf 86' lang='lat' dir='ltr'><strong>Christi,</strong></span> <span class='ocrx_word' id='word_1_387' title='bbox 1386 1175 1434 1202; x_wconf 90' lang='lat' dir='ltr'><strong>per</strong></span> <span class='ocrx_word' id='word_1_388' title='bbox 1448 1175 1528 1203; x_wconf 86' lang='lat' dir='ltr'><strong>quem</strong></span> <span class='ocrx_word' id='word_1_389' title='bbox 1554 1168 1620 1196; x_wconf 89' lang='lat' dir='ltr'><strong>milti</strong></span> <span class='ocrx_word' id='word_1_390' title='bbox 1636 1169 1753 1196; x_wconf 87' lang='lat' dir='ltr'><strong>mundus</strong></span> <span class='ocrx_word' id='word_1_391' title='bbox 1769 1170 1850 1197; x_wconf 88' lang='lat' dir='ltr'><strong>cruci-</strong></span> 
     </span>
    </p>
   </div>
   <div class='ocr_carea' id='block_1_56' title="bbox 1071 1213 1850 1250">
    <p class='ocr_par' dir='ltr' id='par_1_56' title="bbox 1071 1213 1850 1250">
     <span class='ocr_line' id='line_1_57' title="bbox 1071 1213 1850 1250; baseline 0.003 -10"><span class='ocrx_word' id='word_1_392' title='bbox 1071 1213 1142 1241; x_wconf 85' lang='lat' dir='ltr'><strong>ﬁxus</strong></span> <span class='ocrx_word' id='word_1_393' title='bbox 1155 1218 1208 1246; x_wconf 86' lang='lat' dir='ltr'><strong>est,</strong></span> <span class='ocrx_word' id='word_1_394' title='bbox 1225 1218 1253 1241; x_wconf 92' lang='lat' dir='ltr'><strong>et</strong></span> <span class='ocrx_word' id='word_1_395' title='bbox 1265 1222 1316 1250; x_wconf 88' lang='lat' dir='ltr'><strong>ego</strong></span> <span class='ocrx_word' id='word_1_396' title='bbox 1330 1215 1445 1248; x_wconf 90' lang='lat' dir='ltr'><strong>mundo;</strong></span> <span class='ocrx_word' id='word_1_397' title='bbox 1460 1224 1470 1241; x_wconf 80' lang='grc' dir='ltr'><strong><em>ι</em></strong></span> <span class='ocrx_word' id='word_1_398' title='bbox 1487 1215 1544 1242; x_wconf 69' lang='lat' dir='ltr'><strong>haec</strong></span> <span class='ocrx_word' id='word_1_399' title='bbox 1558 1215 1606 1243; x_wconf 90' lang='lat' dir='ltr'><strong>tibi</strong></span> <span class='ocrx_word' id='word_1_400' title='bbox 1621 1215 1722 1243; x_wconf 86' lang='lat' dir='ltr'><strong>dicenti</strong></span> <span class='ocrx_word' id='word_1_401' title='bbox 1737 1223 1749 1241; x_wconf 76' lang='grc' dir='ltr'>ι</span> <span class='ocrx_word' id='word_1_402' title='bbox 1760 1216 1850 1243; x_wconf 80' lang='lat' dir='ltr'><strong>cadent</strong></span> 
     </span>
    </p>
   </div>
   <div class='ocr_carea' id='block_1_57' title="bbox 1071 1258 1850 1295">
    <p class='ocr_par' dir='ltr' id='par_1_57' title="bbox 1071 1258 1850 1295">
     <span class='ocr_line' id='line_1_58' title="bbox 1071 1258 1850 1295; baseline 0.005 -11"><span class='ocrx_word' id='word_1_403' title='bbox 1071 1265 1086 1284; x_wconf 91' lang='lat' dir='ltr'><strong>a</strong></span> <span class='ocrx_word' id='word_1_404' title='bbox 1102 1258 1207 1286; x_wconf 77' lang='lat' dir='ltr'><strong>dextris</strong></span> <span class='ocrx_word' id='word_1_405' title='bbox 1219 1260 1271 1287; x_wconf 88' lang='lat' dir='ltr'><strong>tuis</strong></span> <span class='ocrx_word' id='word_1_406' title='bbox 1286 1260 1378 1288; x_wconf 80' lang='lat' dir='ltr'><strong>decem</strong></span> <span class='ocrx_word' id='word_1_407' title='bbox 1393 1260 1489 1294; x_wconf 89' lang='lat' dir='ltr'><strong>millia,</strong></span> <span class='ocrx_word' id='word_1_408' title='bbox 1505 1264 1533 1288; x_wconf 88' lang='lat' dir='ltr'><strong>et</strong></span> <span class='ocrx_word' id='word_1_409' title='bbox 1544 1268 1558 1288; x_wconf 92' lang='lat' dir='ltr'><strong>a</strong></span> <span class='ocrx_word' id='word_1_410' title='bbox 1572 1261 1690 1288; x_wconf 86' lang='lat' dir='ltr'><strong>sinistris</strong></span> <span class='ocrx_word' id='word_1_411' title='bbox 1706 1261 1759 1288; x_wconf 90' lang='lat' dir='ltr'><strong>tuis</strong></span> <span class='ocrx_word' id='word_1_412' title='bbox 1772 1262 1850 1295; x_wconf 86' lang='lat' dir='ltr'><strong>mille,</strong></span> 
     </span>
    </p>
   </div>
   <div class='ocr_carea' id='block_1_58' title="bbox 1070 1304 1849 1342">
    <p class='ocr_par' dir='ltr' id='par_1_58' title="bbox 1070 1304 1849 1342">
     <span class='ocr_line' id='line_1_59' title="bbox 1070 1304 1849 1342; baseline 0.004 -10"><span class='ocrx_word' id='word_1_413' title='bbox 1070 1304 1105 1332; x_wconf 81' lang='lat' dir='ltr'><strong>ad</strong></span> <span class='ocrx_word' id='word_1_414' title='bbox 1122 1309 1148 1332; x_wconf 87' lang='lat' dir='ltr'><strong>te</strong></span> <span class='ocrx_word' id='word_1_415' title='bbox 1162 1312 1226 1333; x_wconf 87' lang='lat' dir='ltr'><strong>vero</strong></span> <span class='ocrx_word' id='word_1_416' title='bbox 1249 1313 1303 1333; x_wconf 91' lang='lat' dir='ltr'><strong>non</strong></span> <span class='ocrx_word' id='word_1_417' title='bbox 1322 1307 1577 1342; x_wconf 77' lang='lat' dir='ltr'><strong>oppropinquabunt</strong></span> <span class='ocrx_word' id='word_1_418' title='bbox 1593 1307 1626 1334; x_wconf 79' lang='lat'><strong>&quot;.</strong></span> <span class='ocrx_word' id='word_1_419' title='bbox 1644 1316 1654 1333; x_wconf 69' lang='grc' dir='ltr'><strong><em>ι</em></strong></span> <span class='ocrx_word' id='word_1_420' title='bbox 1682 1307 1736 1335; x_wconf 89' lang='lat' dir='ltr'><strong>Sed</strong></span> <span class='ocrx_word' id='word_1_421' title='bbox 1754 1312 1782 1335; x_wconf 86' lang='lat' dir='ltr'><strong>et</strong></span> <span class='ocrx_word' id='word_1_422' title='bbox 1804 1308 1849 1335; x_wconf 85' lang='lat' dir='ltr'><strong>hoc</strong></span> 
     </span>
    </p>
   </div>
   <div class='ocr_carea' id='block_1_59' title="bbox 1070 1352 1850 1389">
    <p class='ocr_par' dir='ltr' id='par_1_59' title="bbox 1070 1352 1850 1389">
     <span class='ocr_line' id='line_1_60' title="bbox 1070 1352 1850 1389; baseline 0.004 -11"><span class='ocrx_word' id='word_1_423' title='bbox 1070 1352 1158 1387; x_wconf 85' lang='lat' dir='ltr'><strong>ipsum</strong></span> <span class='ocrx_word' id='word_1_424' title='bbox 1169 1352 1241 1386; x_wconf 85' lang='lat' dir='ltr'><strong>quod</strong></span> <span class='ocrx_word' id='word_1_425' title='bbox 1254 1352 1335 1387; x_wconf 82' lang='lat' dir='ltr'><strong>dixit,</strong></span> <span class='ocrx_word' id='word_1_426' title='bbox 1353 1352 1378 1380; x_wconf 93' lang='lat' dir='ltr'><strong>in</strong></span> <span class='ocrx_word' id='word_1_427' title='bbox 1393 1353 1532 1381; x_wconf 82' lang='lat' dir='ltr'><strong>sexcentis</strong></span> <span class='ocrx_word' id='word_1_428' title='bbox 1546 1353 1612 1380; x_wconf 83' lang='lat' dir='ltr'><strong>viris</strong></span> <span class='ocrx_word' id='word_1_429' title='bbox 1624 1353 1783 1389; x_wconf 82' lang='lat' dir='ltr'><strong>Allophylos</strong></span> <span class='ocrx_word' id='word_1_430' title='bbox 1797 1361 1850 1389; x_wconf 86' lang='lat' dir='ltr'><strong>per-</strong></span> 
     </span>
    </p>
   </div>
   <div class='ocr_carea' id='block_1_60' title="bbox 1070 1397 1848 1432">
    <p class='ocr_par' dir='ltr' id='par_1_60' title="bbox 1070 1397 1848 1432">
     <span class='ocr_line' id='line_1_61' title="bbox 1070 1397 1848 1432; baseline 0 -7"><span class='ocrx_word' id='word_1_431' title='bbox 1070 1398 1188 1426; x_wconf 80' lang='lat' dir='ltr'><strong>cussisse</strong></span> <span class='ocrx_word' id='word_1_432' title='bbox 1203 1397 1345 1432; x_wconf 87' lang='lat' dir='ltr'><strong>Sentegar,</strong></span> <span class='ocrx_word' id='word_1_433' title='bbox 1363 1406 1416 1426; x_wconf 93' lang='lat' dir='ltr'><strong>non</strong></span> <span class='ocrx_word' id='word_1_434' title='bbox 1435 1399 1501 1426; x_wconf 91' lang='lat' dir='ltr'><strong>mihi</strong></span> <span class='ocrx_word' id='word_1_435' title='bbox 1517 1399 1623 1427; x_wconf 88' lang='lat' dir='ltr'><strong>videtur</strong></span> <span class='ocrx_word' id='word_1_436' title='bbox 1636 1399 1725 1427; x_wconf 86' lang='lat' dir='ltr'><strong>otiose</strong></span> <span class='ocrx_word' id='word_1_437' title='bbox 1742 1400 1848 1427; x_wconf 87' lang='lat' dir='ltr'><strong>dictum.</strong></span> 
     </span>
    </p>
   </div>
   <div class='ocr_carea' id='block_1_61' title="bbox 1069 1443 1849 1480">
    <p class='ocr_par' dir='ltr' id='par_1_61' title="bbox 1069 1443 1849 1480">
     <span class='ocr_line' id='line_1_62' title="bbox 1069 1443 1849 1480; baseline 0.003 -11"><span class='ocrx_word' id='word_1_438' title='bbox 1069 1443 1138 1476; x_wconf 87' lang='lat' dir='ltr'><strong>Quid</strong></span> <span class='ocrx_word' id='word_1_439' title='bbox 1164 1444 1236 1470; x_wconf 87' lang='lat' dir='ltr'><strong>enim</strong></span> <span class='ocrx_word' id='word_1_440' title='bbox 1253 1451 1321 1478; x_wconf 91' lang='lat' dir='ltr'><strong>opus</strong></span> <span class='ocrx_word' id='word_1_441' title='bbox 1339 1448 1399 1471; x_wconf 88' lang='lat' dir='ltr'><strong>erat</strong></span> <span class='ocrx_word' id='word_1_442' title='bbox 1415 1445 1559 1480; x_wconf 84' lang='lat' dir='ltr'><strong>designare</strong></span> <span class='ocrx_word' id='word_1_443' title='bbox 1578 1446 1659 1473; x_wconf 69' lang='lat' dir='ltr'><strong>etiam</strong></span> <span class='ocrx_word' id='word_1_444' title='bbox 1685 1445 1849 1473; x_wconf 83' lang='lat' dir='ltr'><strong>numeruml</strong></span> 
     </span>
    </p>
   </div>
   <div class='ocr_carea' id='block_1_62' title="bbox 229 1489 1850 1530">
    <p class='ocr_par' dir='ltr' id='par_1_62' title="bbox 229 1489 1850 1530">
     <span class='ocr_line' id='line_1_63' title="bbox 229 1489 1850 1530; baseline -0.001 -10"><span class='ocrx_word' id='word_1_445' title='bbox 229 1494 375 1521; x_wconf 86' lang='lat' dir='ltr'><strong>tationibus</strong></span> <span class='ocrx_word' id='word_1_446' title='bbox 397 1492 591 1520; x_wconf 88' lang='lat' dir='ltr'><strong>c0ncludatur:</strong></span> <span class='ocrx_word' id='word_1_447' title='bbox 611 1497 640 1519; x_wconf 92' lang='lat' dir='ltr'><strong>ut</strong></span> <span class='ocrx_word' id='word_1_448' title='bbox 655 1491 780 1519; x_wconf 84' lang='lat' dir='ltr'><strong>veritatis</strong></span> <span class='ocrx_word' id='word_1_449' title='bbox 796 1492 947 1519; x_wconf 85' lang='lat' dir='ltr'><strong>assertione</strong></span> <span class='ocrx_word' id='word_1_450' title='bbox 969 1500 1016 1520; x_wconf 87' lang='lat' dir='ltr'><strong>eos</strong></span> <span class='ocrx_word' id='word_1_451' title='bbox 1030 1499 1054 1530; x_wconf 74' lang='grc' dir='ltr'>ο</span> <span class='ocrx_word' id='word_1_452' title='bbox 1068 1489 1125 1517; x_wconf 74' lang='lat' dir='ltr'><strong>Nisi</strong></span> <span class='ocrx_word' id='word_1_453' title='bbox 1150 1489 1220 1518; x_wconf 91' lang='lat' dir='ltr'><strong>forte</strong></span> <span class='ocrx_word' id='word_1_454' title='bbox 1235 1492 1388 1520; x_wconf 87' lang='lat' dir='ltr'><strong>evidentius</strong></span> <span class='ocrx_word' id='word_1_455' title='bbox 1403 1493 1430 1520; x_wconf 92' lang='lat' dir='ltr'><strong>in</strong></span> <span class='ocrx_word' id='word_1_456' title='bbox 1450 1493 1508 1527; x_wconf 88' lang='lat' dir='ltr'><strong>ipso</strong></span> <span class='ocrx_word' id='word_1_457' title='bbox 1525 1499 1640 1520; x_wconf 85' lang='lat' dir='ltr'><strong>numero</strong></span> <span class='ocrx_word' id='word_1_458' title='bbox 1660 1499 1691 1520; x_wconf 91' lang='lat' dir='ltr'><strong>ea</strong></span> <span class='ocrx_word' id='word_1_459' title='bbox 1707 1493 1742 1520; x_wconf 89' lang='lat' dir='ltr'><strong>de</strong></span> <span class='ocrx_word' id='word_1_460' title='bbox 1758 1494 1850 1527; x_wconf 81' lang='lat' dir='ltr'><strong>quibus</strong></span> 
     </span>
    </p>
   </div>
   <div class='ocr_carea' id='block_1_63' title="bbox 227 1536 1013 1572">
    <p class='ocr_par' dir='ltr' id='par_1_63' title="bbox 227 1536 1013 1572">
     <span class='ocr_line' id='line_1_64' title="bbox 227 1536 1013 1572; baseline -0.005 -5"><span class='ocrx_word' id='word_1_461' title='bbox 227 1539 392 1567; x_wconf 83' lang='lat' dir='ltr'><strong>concludens</strong></span> <span class='ocrx_word' id='word_1_462' title='bbox 404 1558 413 1572; x_wconf 90' lang='lat'><strong>,</strong></span> <span class='ocrx_word' id='word_1_463' title='bbox 437 1537 594 1572; x_wconf 80' lang='lat' dir='ltr'><strong>exstinguat</strong></span> <span class='ocrx_word' id='word_1_464' title='bbox 614 1545 722 1565; x_wconf 87' lang='lat' dir='ltr'><strong>ontttcttt</strong></span> <span class='ocrx_word' id='word_1_465' title='bbox 736 1536 813 1572; x_wconf 83' lang='lat' dir='ltr'><strong>pravi</strong></span> <span class='ocrx_word' id='word_1_466' title='bbox 837 1536 972 1571; x_wconf 84' lang='lat' dir='ltr'><strong>dogmatis</strong></span> <span class='ocrx_word' id='word_1_467' title='bbox 985 1542 1013 1564; x_wconf 86' lang='lat' dir='ltr'><strong>et</strong></span> 
     </span>
    </p>
   </div>
   <div class='ocr_carea' id='block_1_64' title="bbox 227 1582 1015 1619">
    <p class='ocr_par' dir='ltr' id='par_1_64' title="bbox 227 1582 1015 1619">
     <span class='ocr_line' id='line_1_65' title="bbox 227 1582 1015 1619; baseline -0.004 -7"><span class='ocrx_word' id='word_1_468' title='bbox 227 1592 328 1612; x_wconf 68' lang='lat' dir='ltr'><strong>crassa:</strong></span> <span class='ocrx_word' id='word_1_469' title='bbox 343 1584 526 1619; x_wconf 73' lang='lat' dir='ltr'><strong>intelligentiae</strong></span> <span class='ocrx_word' id='word_1_470' title='bbox 539 1590 648 1610; x_wconf 85' lang='lat' dir='ltr'><strong>sensum</strong></span> <span class='ocrx_word' id='word_1_471' title='bbox 660 1603 667 1615; x_wconf 90' lang='lat'><strong>,</strong></span> <span class='ocrx_word' id='word_1_472' title='bbox 683 1582 729 1618; x_wconf 87' lang='lat' dir='ltr'><strong>qtti</strong></span> <span class='ocrx_word' id='word_1_473' title='bbox 746 1589 776 1609; x_wconf 88' lang='lat' dir='ltr'><strong>se</strong></span> <span class='ocrx_word' id='word_1_474' title='bbox 789 1582 906 1616; x_wconf 82' lang='lat' dir='ltr'><strong>extollit,</strong></span> <span class='ocrx_word' id='word_1_475' title='bbox 921 1587 949 1609; x_wconf 90' lang='lat' dir='ltr'><strong>et</strong></span> <span class='ocrx_word' id='word_1_476' title='bbox 961 1583 1015 1610; x_wconf 87' lang='lat' dir='ltr'><strong>eri-</strong></span> 
     </span>
    </p>
   </div>
   <div class='ocr_carea' id='block_1_65' title="bbox 227 1628 1015 1665">
    <p class='ocr_par' dir='ltr' id='par_1_65' title="bbox 227 1628 1015 1665">
     <span class='ocr_line' id='line_1_66' title="bbox 227 1628 1015 1665; baseline -0.004 -7"><span class='ocrx_word' id='word_1_477' title='bbox 227 1631 266 1665; x_wconf 86' lang='lat' dir='ltr'><strong>git</strong></span> <span class='ocrx_word' id='word_1_478' title='bbox 281 1632 426 1658; x_wconf 86' lang='lat' dir='ltr'><strong>adversum</strong></span> <span class='ocrx_word' id='word_1_479' title='bbox 448 1629 598 1664; x_wconf 88' lang='lat' dir='ltr'><strong>spiritalem</strong></span> <span class='ocrx_word' id='word_1_480' title='bbox 619 1629 760 1656; x_wconf 86' lang='lat' dir='ltr'><strong>scientiam</strong></span> <span class='ocrx_word' id='word_1_481' title='bbox 781 1628 898 1656; x_wconf 89' lang='lat' dir='ltr'><strong>Christi:</strong></span> <span class='ocrx_word' id='word_1_482' title='bbox 914 1634 944 1655; x_wconf 88' lang='lat' dir='ltr'><strong>ut</strong></span> <span class='ocrx_word' id='word_1_483' title='bbox 957 1628 1015 1655; x_wconf 85' lang='lat' dir='ltr'><strong>haec</strong></span> 
     </span>
    </p>
   </div>
   <div class='ocr_carea' id='block_1_66' title="bbox 227 1674 1014 1709">
    <p class='ocr_par' dir='ltr' id='par_1_66' title="bbox 227 1674 1014 1709">
     <span class='ocr_line' id='line_1_67' title="bbox 227 1674 1014 1709; baseline -0.003 -6"><span class='ocrx_word' id='word_1_484' title='bbox 227 1678 263 1704; x_wconf 89' lang='lat' dir='ltr'><strong>ita</strong></span> <span class='ocrx_word' id='word_1_485' title='bbox 283 1676 387 1703; x_wconf 79' lang='lat' dir='ltr'><strong>faciens</strong></span> <span class='ocrx_word' id='word_1_486' title='bbox 399 1696 406 1709; x_wconf 94' lang='lat'><strong>,</strong></span> <span class='ocrx_word' id='word_1_487' title='bbox 423 1680 450 1703; x_wconf 87' lang='lat' dir='ltr'><strong>et</strong></span> <span class='ocrx_word' id='word_1_488' title='bbox 472 1675 498 1703; x_wconf 93' lang='lat' dir='ltr'><strong>in</strong></span> <span class='ocrx_word' id='word_1_489' title='bbox 515 1675 599 1702; x_wconf 89' lang='lat' dir='ltr'><strong>verlto</strong></span> <span class='ocrx_word' id='word_1_490' title='bbox 615 1674 661 1701; x_wconf 88' lang='lat' dir='ltr'><strong>Dei</strong></span> <span class='ocrx_word' id='word_1_491' title='bbox 679 1674 812 1702; x_wconf 85' lang='lat' dir='ltr'><strong>dimicans</strong></span> <span class='ocrx_word' id='word_1_492' title='bbox 830 1674 1014 1709; x_wconf 88' lang='lat' dir='ltr'><strong>unusquisque</strong></span> 
     </span>
    </p>
   </div>
   <div class='ocr_carea' id='block_1_67' title="bbox 226 1720 1013 1758">
    <p class='ocr_par' dir='ltr' id='par_1_67' title="bbox 226 1720 1013 1758">
     <span class='ocr_line' id='line_1_68' title="bbox 226 1720 1013 1758; baseline -0.004 -8"><span class='ocrx_word' id='word_1_493' title='bbox 226 1723 354 1750; x_wconf 68' lang='lat' dir='ltr'><strong>Ecclesiae</strong></span> <span class='ocrx_word' id='word_1_494' title='bbox 370 1721 463 1758; x_wconf 80' lang='lat' dir='ltr'><strong>judex,</strong></span> <span class='ocrx_word' id='word_1_495' title='bbox 481 1721 528 1748; x_wconf 85' lang='lat' dir='ltr'><strong>fiat</strong></span> <span class='ocrx_word' id='word_1_496' title='bbox 539 1721 620 1748; x_wconf 89' lang='lat' dir='ltr'><strong>etiam</strong></span> <span class='ocrx_word' id='word_1_497' title='bbox 641 1721 697 1755; x_wconf 87' lang='lat' dir='ltr'><strong>ipse</strong></span> <span class='ocrx_word' id='word_1_498' title='bbox 712 1720 855 1747; x_wconf 82' lang='lat' dir='ltr'><strong>laudabilis</strong></span> <span class='ocrx_word' id='word_1_499' title='bbox 871 1720 963 1753; x_wconf 80' lang='lat' dir='ltr'><strong>Aioth,</strong></span> <span class='ocrx_word' id='word_1_500' title='bbox 980 1721 1013 1747; x_wconf 91' lang='lat' dir='ltr'><strong>de</strong></span> 
     </span>
    </p>
   </div>
   <div class='ocr_carea' id='block_1_68' title="bbox 225 1765 1012 1802">
    <p class='ocr_par' dir='ltr' id='par_1_68' title="bbox 225 1765 1012 1802">
     <span class='ocr_line' id='line_1_69' title="bbox 225 1765 1012 1802; baseline -0.004 -7"><span class='ocrx_word' id='word_1_501' title='bbox 225 1776 279 1802; x_wconf 89' lang='lat' dir='ltr'><strong>quo</strong></span> <span class='ocrx_word' id='word_1_502' title='bbox 301 1768 375 1795; x_wconf 77' lang='lat' dir='ltr'><strong>dicat</strong></span> <span class='ocrx_word' id='word_1_503' title='bbox 394 1767 525 1794; x_wconf 88' lang='lat' dir='ltr'><strong>Dominus</strong></span> <span class='ocrx_word' id='word_1_504' title='bbox 539 1766 578 1793; x_wconf 84' lang='lat'><strong>&quot;:</strong></span> <span class='ocrx_word' id='word_1_505' title='bbox 605 1775 615 1792; x_wconf 70' lang='grc' dir='ltr'>ί</span> <span class='ocrx_word' id='word_1_506' title='bbox 629 1765 714 1800; x_wconf 85' lang='lat' dir='ltr'><strong>Euge,</strong></span> <span class='ocrx_word' id='word_1_507' title='bbox 730 1772 809 1793; x_wconf 87' lang='lat' dir='ltr'><strong>serve</strong></span> <span class='ocrx_word' id='word_1_508' title='bbox 823 1765 893 1793; x_wconf 89' lang='lat' dir='ltr'><strong>bone</strong></span> <span class='ocrx_word' id='word_1_509' title='bbox 906 1770 933 1793; x_wconf 88' lang='lat' dir='ltr'><strong>et</strong></span> <span class='ocrx_word' id='word_1_510' title='bbox 948 1765 1012 1793; x_wconf 86' lang='lat' dir='ltr'><strong>ﬁde-</strong></span> 
     </span>
    </p>
   </div>
   <div class='ocr_carea' id='block_1_69' title="bbox 224 1811 1012 1848">
    <p class='ocr_par' dir='ltr' id='par_1_69' title="bbox 224 1811 1012 1848">
     <span class='ocr_line' id='line_1_70' title="bbox 224 1811 1012 1848; baseline 0 -8"><span class='ocrx_word' id='word_1_511' title='bbox 224 1813 268 1846; x_wconf 90' lang='lat' dir='ltr'><strong>lis,</strong></span> <span class='ocrx_word' id='word_1_512' title='bbox 287 1815 349 1848; x_wconf 87' lang='lat' dir='ltr'><strong>quia</strong></span> <span class='ocrx_word' id='word_1_513' title='bbox 365 1820 447 1848; x_wconf 88' lang='lat' dir='ltr'><strong>super</strong></span> <span class='ocrx_word' id='word_1_514' title='bbox 465 1820 550 1848; x_wconf 86' lang='lat' dir='ltr'><strong>pauca</strong></span> <span class='ocrx_word' id='word_1_515' title='bbox 566 1811 642 1840; x_wconf 90' lang='lat' dir='ltr'><strong>fuisti</strong></span> <span class='ocrx_word' id='word_1_516' title='bbox 663 1811 768 1846; x_wconf 88' lang='lat' dir='ltr'><strong>ﬁdelis,</strong></span> <span class='ocrx_word' id='word_1_517' title='bbox 782 1819 864 1847; x_wconf 88' lang='lat' dir='ltr'><strong>supra</strong></span> <span class='ocrx_word' id='word_1_518' title='bbox 880 1811 965 1839; x_wconf 85' lang='lat' dir='ltr'><strong>multa</strong></span> <span class='ocrx_word' id='word_1_519' title='bbox 985 1816 1012 1840; x_wconf 82' lang='lat' dir='ltr'><strong>te</strong></span> 
     </span>
    </p>
   </div>
   <div class='ocr_carea' id='block_1_70' title="bbox 222 1861 425 1888">
    <p class='ocr_par' dir='ltr' id='par_1_70' title="bbox 222 1861 425 1888">
     <span class='ocr_line' id='line_1_71' title="bbox 222 1861 425 1888; baseline -0.005 -1"><span class='ocrx_word' id='word_1_520' title='bbox 222 1861 397 1888; x_wconf 86' lang='lat' dir='ltr'><strong>constituam.</strong></span> <span class='ocrx_word' id='word_1_521' title='bbox 415 1869 425 1886; x_wconf 74' lang='grc' dir='ltr'><strong><em>ι</em></strong></span> 
     </span>
    </p>
   </div>
   <div class='ocr_carea' id='block_1_71' title="bbox 258 1902 1008 1938">
    <p class='ocr_par' dir='ltr' id='par_1_71' title="bbox 258 1902 1008 1938">
     <span class='ocr_line' id='line_1_72' title="bbox 258 1902 1008 1938; baseline -0.003 -6"><span class='ocrx_word' id='word_1_522' title='bbox 258 1906 285 1933; x_wconf 73' lang='grc'><strong>2.</strong></span> <span class='ocrx_word' id='word_1_523' title='bbox 302 1905 400 1932; x_wconf 79' lang='lat' dir='ltr'><strong>Verum</strong></span> <span class='ocrx_word' id='word_1_524' title='bbox 412 1903 531 1932; x_wconf 83' lang='lat' dir='ltr'><strong>breviter</strong></span> <span class='ocrx_word' id='word_1_525' title='bbox 544 1903 604 1931; x_wconf 88' lang='lat' dir='ltr'><strong>istis</strong></span> <span class='ocrx_word' id='word_1_526' title='bbox 618 1910 632 1930; x_wconf 88' lang='lat' dir='ltr'><strong>a</strong></span> <span class='ocrx_word' id='word_1_527' title='bbox 646 1903 725 1931; x_wconf 87' lang='lat' dir='ltr'><strong>nobis</strong></span> <span class='ocrx_word' id='word_1_528' title='bbox 736 1902 769 1930; x_wconf 88' lang='lat' dir='ltr'><strong>de</strong></span> <span class='ocrx_word' id='word_1_529' title='bbox 781 1903 867 1938; x_wconf 81' lang='lat' dir='ltr'><strong>priori</strong></span> <span class='ocrx_word' id='word_1_530' title='bbox 883 1902 1008 1934; x_wconf 81' lang='lat' dir='ltr'><strong>lectione,</strong></span> 
     </span>
    </p>
   </div>
   <div class='ocr_carea' id='block_1_72' title="bbox 223 1948 1010 1984">
    <p class='ocr_par' dir='ltr' id='par_1_72' title="bbox 223 1948 1010 1984">
     <span class='ocr_line' id='line_1_73' title="bbox 223 1948 1010 1984; baseline -0.005 -5"><span class='ocrx_word' id='word_1_531' title='bbox 223 1952 249 1980; x_wconf 90' lang='lat' dir='ltr'><strong>id</strong></span> <span class='ocrx_word' id='word_1_532' title='bbox 261 1955 314 1983; x_wconf 86' lang='lat' dir='ltr'><strong>est,</strong></span> <span class='ocrx_word' id='word_1_533' title='bbox 328 1951 360 1978; x_wconf 90' lang='lat' dir='ltr'><strong>de</strong></span> <span class='ocrx_word' id='word_1_534' title='bbox 376 1950 456 1978; x_wconf 81' lang='lat' dir='ltr'><strong>Aioth</strong></span> <span class='ocrx_word' id='word_1_535' title='bbox 469 1950 523 1977; x_wconf 77' lang='lat' dir='ltr'><strong>(ine</strong></span> <span class='ocrx_word' id='word_1_536' title='bbox 541 1948 674 1984; x_wconf 86' lang='lat' dir='ltr'><strong>repetitis,</strong></span> <span class='ocrx_word' id='word_1_537' title='bbox 689 1949 831 1976; x_wconf 85' lang='lat' dir='ltr'><strong>videamus</strong></span> <span class='ocrx_word' id='word_1_538' title='bbox 842 1957 913 1976; x_wconf 91' lang='lat' dir='ltr'><strong>nunc</strong></span> <span class='ocrx_word' id='word_1_539' title='bbox 931 1949 1010 1984; x_wconf 82' lang='lat' dir='ltr'><strong>quale</strong></span> 
     </span>
    </p>
   </div>
   <div class='ocr_carea' id='block_1_73' title="bbox 223 1995 1009 2030">
    <p class='ocr_par' dir='ltr' id='par_1_73' title="bbox 223 1995 1009 2030">
     <span class='ocr_line' id='line_1_74' title="bbox 223 1995 1009 2030; baseline -0.005 -4"><span class='ocrx_word' id='word_1_540' title='bbox 223 2000 260 2027; x_wconf 90' lang='lat' dir='ltr'><strong>sit</strong></span> <span class='ocrx_word' id='word_1_541' title='bbox 276 1997 357 2025; x_wconf 87' lang='lat' dir='ltr'><strong>etiam</strong></span> <span class='ocrx_word' id='word_1_542' title='bbox 381 1996 544 2030; x_wconf 91' lang='lat' dir='ltr'><strong>principium</strong></span> <span class='ocrx_word' id='word_1_543' title='bbox 572 1995 721 2030; x_wconf 85' lang='lat' dir='ltr'><strong>Semegar,</strong></span> <span class='ocrx_word' id='word_1_544' title='bbox 745 1995 790 2029; x_wconf 90' lang='lat' dir='ltr'><strong>qui</strong></span> <span class='ocrx_word' id='word_1_545' title='bbox 814 1995 1009 2029; x_wconf 88' lang='lat' dir='ltr'><strong>interpretatur</strong></span> 
     </span>
    </p>
   </div>
   <div class='ocr_carea' id='block_1_74' title="bbox 221 2041 1006 2077">
    <p class='ocr_par' dir='ltr' id='par_1_74' title="bbox 221 2041 1006 2077">
     <span class='ocr_line' id='line_1_75' title="bbox 221 2041 1006 2077; baseline -0.003 -6"><span class='ocrx_word' id='word_1_546' title='bbox 221 2044 258 2071; x_wconf 83' lang='lat' dir='ltr'><strong>ibi</strong></span> <span class='ocrx_word' id='word_1_547' title='bbox 278 2043 379 2070; x_wconf 79' lang='lat' dir='ltr'><strong>advena</strong></span> <span class='ocrx_word' id='word_1_548' title='bbox 393 2041 460 2077; x_wconf 81' lang='lat'><strong>(6|).</strong></span> <span class='ocrx_word' id='word_1_549' title='bbox 480 2041 579 2069; x_wconf 83' lang='lat' dir='ltr'><strong>Verum</strong></span> <span class='ocrx_word' id='word_1_550' title='bbox 603 2045 645 2068; x_wconf 88' lang='lat' dir='ltr'><strong>est</strong></span> <span class='ocrx_word' id='word_1_551' title='bbox 665 2041 755 2073; x_wconf 91' lang='lat' dir='ltr'><strong>enim,</strong></span> <span class='ocrx_word' id='word_1_552' title='bbox 774 2041 835 2075; x_wconf 89' lang='lat' dir='ltr'><strong>quia</strong></span> <span class='ocrx_word' id='word_1_553' title='bbox 852 2048 946 2068; x_wconf 91' lang='lat' dir='ltr'><strong>omnes</strong></span> <span class='ocrx_word' id='word_1_554' title='bbox 961 2043 1006 2076; x_wconf 89' lang='lat' dir='ltr'><strong>qui</strong></span> 
     </span>
    </p>
   </div>
   <div class='ocr_carea' id='block_1_75' title="bbox 221 2085 1008 2118">
    <p class='ocr_par' dir='ltr' id='par_1_75' title="bbox 221 2085 1008 2118">
     <span class='ocr_line' id='line_1_76' title="bbox 221 2085 1008 2118; baseline -0.005 -2"><span class='ocrx_word' id='word_1_555' title='bbox 221 2093 285 2116; x_wconf 89' lang='lat' dir='ltr'><strong>sunt</strong></span> <span class='ocrx_word' id='word_1_556' title='bbox 303 2087 426 2115; x_wconf 84' lang='lat' dir='ltr'><strong>homines</strong></span> <span class='ocrx_word' id='word_1_557' title='bbox 447 2086 502 2118; x_wconf 85' lang='lat' dir='ltr'><strong>Dei,</strong></span> <span class='ocrx_word' id='word_1_558' title='bbox 518 2086 630 2112; x_wconf 70' lang='lat' dir='ltr'><strong>adVena:</strong></span> <span class='ocrx_word' id='word_1_559' title='bbox 653 2091 716 2113; x_wconf 91' lang='lat' dir='ltr'><strong>sunt</strong></span> <span class='ocrx_word' id='word_1_560' title='bbox 731 2085 756 2112; x_wconf 95' lang='lat' dir='ltr'><strong>in</strong></span> <span class='ocrx_word' id='word_1_561' title='bbox 774 2085 824 2113; x_wconf 90' lang='lat' dir='ltr'><strong>hoc</strong></span> <span class='ocrx_word' id='word_1_562' title='bbox 838 2087 938 2112; x_wconf 91' lang='lat' dir='ltr'><strong>mundo</strong></span> <span class='ocrx_word' id='word_1_563' title='bbox 950 2105 958 2118; x_wconf 87' lang='lat'><strong>,</strong></span> <span class='ocrx_word' id='word_1_564' title='bbox 980 2090 1008 2113; x_wconf 90' lang='lat' dir='ltr'><strong>et</strong></span> 
     </span>
    </p>
   </div>
   <div class='ocr_carea' id='block_1_76' title="bbox 221 2130 1005 2165">
    <p class='ocr_par' dir='ltr' id='par_1_76' title="bbox 221 2130 1005 2165">
     <span class='ocr_line' id='line_1_77' title="bbox 221 2130 1005 2165; baseline -0.006 -3"><span class='ocrx_word' id='word_1_565' title='bbox 221 2134 316 2163; x_wconf 67' lang='lat' dir='ltr'><strong>incolae</strong></span> <span class='ocrx_word' id='word_1_566' title='bbox 326 2134 353 2160; x_wconf 90' lang='lat' dir='ltr'><strong>iu</strong></span> <span class='ocrx_word' id='word_1_567' title='bbox 367 2137 450 2164; x_wconf 85' lang='lat' dir='ltr'><strong>terra,</strong></span> <span class='ocrx_word' id='word_1_568' title='bbox 463 2131 533 2158; x_wconf 88' lang='lat' dir='ltr'><strong>sicut</strong></span> <span class='ocrx_word' id='word_1_569' title='bbox 546 2135 574 2158; x_wconf 89' lang='lat' dir='ltr'><strong>et</strong></span> <span class='ocrx_word' id='word_1_570' title='bbox 589 2130 643 2163; x_wconf 91' lang='lat' dir='ltr'><strong>ille,</strong></span> <span class='ocrx_word' id='word_1_571' title='bbox 656 2131 700 2165; x_wconf 89' lang='lat' dir='ltr'><strong>qui</strong></span> <span class='ocrx_word' id='word_1_572' title='bbox 716 2131 822 2158; x_wconf 89' lang='lat' dir='ltr'><strong>dicebat</strong></span> <span class='ocrx_word' id='word_1_573' title='bbox 833 2130 866 2164; x_wconf 81' lang='lat'><strong>&quot;,</strong></span> <span class='ocrx_word' id='word_1_574' title='bbox 877 2131 1005 2165; x_wconf 88' lang='lat' dir='ltr'><strong>quoniam</strong></span> 
     </span>
    </p>
   </div>
   <div class='ocr_carea' id='block_1_77' title="bbox 1068 1536 1848 1574">
    <p class='ocr_par' dir='ltr' id='par_1_77' title="bbox 1068 1536 1848 1574">
     <span class='ocr_line' id='line_1_78' title="bbox 1068 1536 1848 1574; baseline 0.003 -11"><span class='ocrx_word' id='word_1_575' title='bbox 1068 1536 1193 1570; x_wconf 85' lang='lat' dir='ltr'><strong>superius</strong></span> <span class='ocrx_word' id='word_1_576' title='bbox 1209 1537 1338 1570; x_wconf 89' lang='lat' dir='ltr'><strong>diximus,</strong></span> <span class='ocrx_word' id='word_1_577' title='bbox 1361 1538 1503 1567; x_wconf 85' lang='lat' dir='ltr'><strong>indicavit.</strong></span> <span class='ocrx_word' id='word_1_578' title='bbox 1523 1539 1644 1574; x_wconf 80' lang='lat' dir='ltr'><strong>Namque</strong></span> <span class='ocrx_word' id='word_1_579' title='bbox 1662 1538 1788 1566; x_wconf 84' lang='lat' dir='ltr'><strong>senarius</strong></span> <span class='ocrx_word' id='word_1_580' title='bbox 1803 1546 1848 1565; x_wconf 89' lang='lat' dir='ltr'><strong>uu-</strong></span> 
     </span>
    </p>
   </div>
   <div class='ocr_carea' id='block_1_78' title="bbox 1066 1583 1850 1619">
    <p class='ocr_par' dir='ltr' id='par_1_78' title="bbox 1066 1583 1850 1619">
     <span class='ocr_line' id='line_1_79' title="bbox 1066 1583 1850 1619; baseline 0.004 -11"><span class='ocrx_word' id='word_1_581' title='bbox 1066 1589 1167 1615; x_wconf 84' lang='lat' dir='ltr'><strong>merus,</strong></span> <span class='ocrx_word' id='word_1_582' title='bbox 1181 1583 1227 1618; x_wconf 89' lang='lat' dir='ltr'><strong>qui</strong></span> <span class='ocrx_word' id='word_1_583' title='bbox 1243 1584 1438 1619; x_wconf 87' lang='lat' dir='ltr'><strong>multiplicatus</strong></span> <span class='ocrx_word' id='word_1_584' title='bbox 1452 1586 1525 1614; x_wconf 85' lang='lat' dir='ltr'><strong>venit</strong></span> <span class='ocrx_word' id='word_1_585' title='bbox 1543 1585 1569 1613; x_wconf 91' lang='lat' dir='ltr'><strong>in</strong></span> <span class='ocrx_word' id='word_1_586' title='bbox 1591 1589 1748 1617; x_wconf 76' lang='lat' dir='ltr'><strong>sexcentos,</strong></span> <span class='ocrx_word' id='word_1_587' title='bbox 1763 1584 1850 1612; x_wconf 89' lang='lat' dir='ltr'><strong>ntuudi</strong></span> 
     </span>
    </p>
   </div>
   <div class='ocr_carea' id='block_1_79' title="bbox 1065 1627 1849 1666">
    <p class='ocr_par' dir='ltr' id='par_1_79' title="bbox 1065 1627 1849 1666">
     <span class='ocr_line' id='line_1_80' title="bbox 1065 1627 1849 1666; baseline 0.004 -11"><span class='ocrx_word' id='word_1_588' title='bbox 1065 1627 1145 1663; x_wconf 76' lang='lat' dir='ltr'><strong>huius</strong></span> <span class='ocrx_word' id='word_1_589' title='bbox 1161 1628 1273 1663; x_wconf 84' lang='lat' dir='ltr'><strong>ﬁguram</strong></span> <span class='ocrx_word' id='word_1_590' title='bbox 1295 1635 1370 1658; x_wconf 87' lang='lat' dir='ltr'><strong>tenet</strong></span> <span class='ocrx_word' id='word_1_591' title='bbox 1386 1631 1431 1666; x_wconf 90' lang='lat' dir='ltr'><strong>qtti</strong></span> <span class='ocrx_word' id='word_1_592' title='bbox 1451 1631 1476 1658; x_wconf 92' lang='lat' dir='ltr'><strong>iu</strong></span> <span class='ocrx_word' id='word_1_593' title='bbox 1492 1639 1540 1659; x_wconf 83' lang='lat' dir='ltr'><strong>sex</strong></span> <span class='ocrx_word' id='word_1_594' title='bbox 1556 1631 1653 1659; x_wconf 86' lang='lat' dir='ltr'><strong>diebus</strong></span> <span class='ocrx_word' id='word_1_595' title='bbox 1666 1631 1771 1659; x_wconf 88' lang='lat' dir='ltr'><strong>dicitur</strong></span> <span class='ocrx_word' id='word_1_596' title='bbox 1786 1639 1849 1659; x_wconf 91' lang='lat' dir='ltr'><strong>cou-</strong></span> 
     </span>
    </p>
   </div>
   <div class='ocr_carea' id='block_1_80' title="bbox 1064 1674 1850 1710">
    <p class='ocr_par' dir='ltr' id='par_1_80' title="bbox 1064 1674 1850 1710">
     <span class='ocr_line' id='line_1_81' title="bbox 1064 1674 1850 1710; baseline 0.004 -11"><span class='ocrx_word' id='word_1_597' title='bbox 1064 1677 1225 1701; x_wconf 87' lang='lat' dir='ltr'><strong>suntmalus.</strong></span> <span class='ocrx_word' id='word_1_598' title='bbox 1249 1674 1397 1703; x_wconf 80' lang='lat' dir='ltr'><strong>Sexcentas</strong></span> <span class='ocrx_word' id='word_1_599' title='bbox 1411 1683 1477 1710; x_wconf 86' lang='lat' dir='ltr'><strong>ergo</strong></span> <span class='ocrx_word' id='word_1_600' title='bbox 1501 1676 1528 1703; x_wconf 93' lang='lat' dir='ltr'><strong>itt</strong></span> <span class='ocrx_word' id='word_1_601' title='bbox 1554 1680 1646 1704; x_wconf 85' lang='lat' dir='ltr'><strong>aratro</strong></span> <span class='ocrx_word' id='word_1_602' title='bbox 1665 1676 1768 1704; x_wconf 91' lang='lat' dir='ltr'><strong>dicitur</strong></span> <span class='ocrx_word' id='word_1_603' title='bbox 1792 1683 1850 1710; x_wconf 56' lang='lat' dir='ltr'><strong>per.</strong></span> 
     </span>
    </p>
   </div>
   <div class='ocr_carea' id='block_1_81' title="bbox 1063 1719 1850 1756">
    <p class='ocr_par' dir='ltr' id='par_1_81' title="bbox 1063 1719 1850 1756">
     <span class='ocr_line' id='line_1_82' title="bbox 1063 1719 1850 1756; baseline 0.005 -10"><span class='ocrx_word' id='word_1_604' title='bbox 1063 1719 1181 1747; x_wconf 88' lang='lat' dir='ltr'><strong>cussisse</strong></span> <span class='ocrx_word' id='word_1_605' title='bbox 1194 1720 1254 1754; x_wconf 90' lang='lat' dir='ltr'><strong>ille,</strong></span> <span class='ocrx_word' id='word_1_606' title='bbox 1270 1721 1315 1756; x_wconf 91' lang='lat' dir='ltr'><strong>qui</strong></span> <span class='ocrx_word' id='word_1_607' title='bbox 1332 1728 1381 1756; x_wconf 85' lang='lat' dir='ltr'><strong>per</strong></span> <span class='ocrx_word' id='word_1_608' title='bbox 1391 1729 1500 1750; x_wconf 86' lang='lat' dir='ltr'><strong>crucem</strong></span> <span class='ocrx_word' id='word_1_609' title='bbox 1516 1722 1623 1750; x_wconf 88' lang='lat' dir='ltr'><strong>Domini</strong></span> <span class='ocrx_word' id='word_1_610' title='bbox 1641 1723 1791 1750; x_wconf 81' lang='lat' dir='ltr'><strong>cruciﬁxus</strong></span> <span class='ocrx_word' id='word_1_611' title='bbox 1813 1726 1850 1750; x_wconf 85' lang='lat' dir='ltr'><strong>est</strong></span> 
     </span>
    </p>
   </div>
   <div class='ocr_carea' id='block_1_82' title="bbox 1063 1765 1172 1793">
    <p class='ocr_par' dir='ltr' id='par_1_82' title="bbox 1063 1765 1172 1793">
     <span class='ocr_line' id='line_1_83' title="bbox 1063 1765 1172 1793; baseline 0 -1"><span class='ocrx_word' id='word_1_612' title='bbox 1063 1765 1172 1793; x_wconf 91' lang='lat' dir='ltr'><strong>mundo.</strong></span> 
     </span>
    </p>
   </div>
   <div class='ocr_carea' id='block_1_83' title="bbox 1098 1808 1850 1846">
    <p class='ocr_par' dir='ltr' id='par_1_83' title="bbox 1098 1808 1850 1846">
     <span class='ocr_line' id='line_1_84' title="bbox 1098 1808 1850 1846; baseline 0.003 -10"><span class='ocrx_word' id='word_1_613' title='bbox 1098 1809 1126 1837; x_wconf 73' lang='lat'><strong>3.</strong></span> <span class='ocrx_word' id='word_1_614' title='bbox 1142 1808 1196 1837; x_wconf 90' lang='lat' dir='ltr'><strong>Sed</strong></span> <span class='ocrx_word' id='word_1_615' title='bbox 1213 1810 1276 1844; x_wconf 89' lang='lat' dir='ltr'><strong>quid</strong></span> <span class='ocrx_word' id='word_1_616' title='bbox 1291 1815 1352 1846; x_wconf 88' lang='lat' dir='ltr'><strong>post</strong></span> <span class='ocrx_word' id='word_1_617' title='bbox 1367 1811 1423 1839; x_wconf 64' lang='lat' dir='ltr'><strong>haec</strong></span> <span class='ocrx_word' id='word_1_618' title='bbox 1444 1810 1574 1839; x_wconf 77' lang='lat' dir='ltr'><strong>additur?</strong></span> <span class='ocrx_word' id='word_1_619' title='bbox 1597 1820 1607 1838; x_wconf 72' lang='grc' dir='ltr'>ι</span> <span class='ocrx_word' id='word_1_620' title='bbox 1620 1811 1655 1839; x_wconf 87' lang='grc' dir='ltr'><strong>Ει</strong></span> <span class='ocrx_word' id='word_1_621' title='bbox 1672 1811 1850 1846; x_wconf 86' lang='lat' dir='ltr'><strong>adjecerunt,</strong></span> 
     </span>
    </p>
   </div>
   <div class='ocr_carea' id='block_1_84' title="bbox 1064 1855 1850 1894">
    <p class='ocr_par' dir='ltr' id='par_1_84' title="bbox 1064 1855 1850 1894">
     <span class='ocr_line' id='line_1_85' title="bbox 1064 1855 1850 1894; baseline 0.003 -12"><span class='ocrx_word' id='word_1_622' title='bbox 1064 1855 1155 1890; x_wconf 89' lang='lat' dir='ltr'><strong>inquit</strong></span> <span class='ocrx_word' id='word_1_623' title='bbox 1168 1855 1207 1889; x_wconf 66' lang='grc' dir='ltr'><strong>δ’,</strong></span> <span class='ocrx_word' id='word_1_624' title='bbox 1229 1856 1276 1884; x_wconf 83' lang='lat' dir='ltr'><strong>lilii</strong></span> <span class='ocrx_word' id='word_1_625' title='bbox 1293 1857 1373 1885; x_wconf 89' lang='lat' dir='ltr'><strong>Israel</strong></span> <span class='ocrx_word' id='word_1_626' title='bbox 1387 1857 1478 1886; x_wconf 83' lang='lat' dir='ltr'><strong>facere</strong></span> <span class='ocrx_word' id='word_1_627' title='bbox 1493 1857 1639 1894; x_wconf 84' lang='lat' dir='ltr'><strong>malignum</strong></span> <span class='ocrx_word' id='word_1_628' title='bbox 1662 1859 1689 1885; x_wconf 90' lang='lat' dir='ltr'><strong>itt</strong></span> <span class='ocrx_word' id='word_1_629' title='bbox 1704 1865 1850 1894; x_wconf 78' lang='lat' dir='ltr'><strong>conspectu</strong></span> 
     </span>
    </p>
   </div>
   <div class='ocr_carea' id='block_1_85' title="bbox 1061 1901 1850 1936">
    <p class='ocr_par' dir='ltr' id='par_1_85' title="bbox 1061 1901 1850 1936">
     <span class='ocr_line' id='line_1_86' title="bbox 1061 1901 1850 1936; baseline 0.001 -7"><span class='ocrx_word' id='word_1_630' title='bbox 1061 1901 1180 1936; x_wconf 89' lang='lat' dir='ltr'><strong>Domini,</strong></span> <span class='ocrx_word' id='word_1_631' title='bbox 1199 1907 1226 1930; x_wconf 87' lang='lat' dir='ltr'><strong>et</strong></span> <span class='ocrx_word' id='word_1_632' title='bbox 1243 1903 1324 1930; x_wconf 81' lang='lat' dir='ltr'><strong>Aioth</strong></span> <span class='ocrx_word' id='word_1_633' title='bbox 1340 1909 1465 1930; x_wconf 82' lang='lat' dir='ltr'><strong>mortuus</strong></span> <span class='ocrx_word' id='word_1_634' title='bbox 1478 1908 1531 1931; x_wconf 86' lang='lat' dir='ltr'><strong>est.</strong></span> <span class='ocrx_word' id='word_1_635' title='bbox 1548 1912 1558 1930; x_wconf 75' lang='grc' dir='ltr'><strong><em>ι</em></strong></span> <span class='ocrx_word' id='word_1_636' title='bbox 1579 1903 1711 1931; x_wconf 88' lang='lat' dir='ltr'><strong>Servatur</strong></span> <span class='ocrx_word' id='word_1_637' title='bbox 1723 1905 1850 1932; x_wconf 89' lang='lat' dir='ltr'><strong>nimirum</strong></span> 
     </span>
    </p>
   </div>
   <div class='ocr_carea' id='block_1_86' title="bbox 1060 1948 1851 1984">
    <p class='ocr_par' dir='ltr' id='par_1_86' title="bbox 1060 1948 1851 1984">
     <span class='ocr_line' id='line_1_87' title="bbox 1060 1948 1851 1984; baseline 0.003 -9"><span class='ocrx_word' id='word_1_638' title='bbox 1060 1948 1087 1975; x_wconf 91' lang='lat' dir='ltr'><strong>in</strong></span> <span class='ocrx_word' id='word_1_639' title='bbox 1101 1948 1145 1976; x_wconf 91' lang='lat' dir='ltr'><strong>his</strong></span> <span class='ocrx_word' id='word_1_640' title='bbox 1166 1949 1250 1976; x_wconf 91' lang='lat' dir='ltr'><strong>etiam</strong></span> <span class='ocrx_word' id='word_1_641' title='bbox 1270 1948 1314 1976; x_wconf 88' lang='lat' dir='ltr'><strong>illa</strong></span> <span class='ocrx_word' id='word_1_642' title='bbox 1328 1949 1498 1981; x_wconf 85' lang='lat' dir='ltr'><strong>observatio,</strong></span> <span class='ocrx_word' id='word_1_643' title='bbox 1514 1957 1597 1984; x_wconf 88' lang='lat' dir='ltr'><strong>quant</strong></span> <span class='ocrx_word' id='word_1_644' title='bbox 1609 1950 1637 1977; x_wconf 92' lang='lat' dir='ltr'><strong>in</strong></span> <span class='ocrx_word' id='word_1_645' title='bbox 1661 1951 1851 1984; x_wconf 79' lang='lat' dir='ltr'><strong>superioribus</strong></span> 
     </span>
    </p>
   </div>
   <div class='ocr_carea' id='block_1_87' title="bbox 1059 1994 1851 2030">
    <p class='ocr_par' dir='ltr' id='par_1_87' title="bbox 1059 1994 1851 2030">
     <span class='ocr_line' id='line_1_88' title="bbox 1059 1994 1851 2030; baseline 0.004 -9"><span class='ocrx_word' id='word_1_646' title='bbox 1059 1994 1271 2029; x_wconf 86' lang='lat' dir='ltr'><strong>designavimus,</strong></span> <span class='ocrx_word' id='word_1_647' title='bbox 1285 1995 1347 2030; x_wconf 90' lang='lat' dir='ltr'><strong>quia</strong></span> <span class='ocrx_word' id='word_1_648' title='bbox 1368 2002 1417 2030; x_wconf 92' lang='lat' dir='ltr'><strong>pro</strong></span> <span class='ocrx_word' id='word_1_649' title='bbox 1430 1996 1549 2030; x_wconf 84' lang='lat' dir='ltr'><strong>peccatis</strong></span> <span class='ocrx_word' id='word_1_650' title='bbox 1564 1995 1655 2030; x_wconf 87' lang='lat' dir='ltr'><strong>populi</strong></span> <span class='ocrx_word' id='word_1_651' title='bbox 1672 1997 1795 2024; x_wconf 88' lang='lat' dir='ltr'><strong>ntoritur</strong></span> <span class='ocrx_word' id='word_1_652' title='bbox 1808 1997 1851 2024; x_wconf 88' lang='lat' dir='ltr'><strong>bo-</strong></span> 
     </span>
    </p>
   </div>
   <div class='ocr_carea' id='block_1_88' title="bbox 1059 2040 1851 2077">
    <p class='ocr_par' dir='ltr' id='par_1_88' title="bbox 1059 2040 1851 2077">
     <span class='ocr_line' id='line_1_89' title="bbox 1059 2040 1851 2077; baseline 0.003 -11"><span class='ocrx_word' id='word_1_653' title='bbox 1059 2048 1110 2067; x_wconf 92' lang='lat' dir='ltr'><strong>nus</strong></span> <span class='ocrx_word' id='word_1_654' title='bbox 1125 2040 1217 2075; x_wconf 91' lang='lat' dir='ltr'><strong>populi</strong></span> <span class='ocrx_word' id='word_1_655' title='bbox 1231 2041 1296 2068; x_wconf 91' lang='lat' dir='ltr'><strong>dux.</strong></span> <span class='ocrx_word' id='word_1_656' title='bbox 1314 2040 1382 2068; x_wconf 91' lang='lat' dir='ltr'><strong>Cum</strong></span> <span class='ocrx_word' id='word_1_657' title='bbox 1394 2041 1465 2068; x_wconf 88' lang='lat' dir='ltr'><strong>euittt</strong></span> <span class='ocrx_word' id='word_1_658' title='bbox 1478 2041 1580 2077; x_wconf 89' lang='lat' dir='ltr'><strong>indigni</strong></span> <span class='ocrx_word' id='word_1_659' title='bbox 1594 2041 1696 2070; x_wconf 85' lang='lat' dir='ltr'><strong>fuerint</strong></span> <span class='ocrx_word' id='word_1_660' title='bbox 1710 2042 1816 2075; x_wconf 79' lang='lat' dir='ltr'><strong>eﬁ&#39;ecti,</strong></span> <span class='ocrx_word' id='word_1_661' title='bbox 1827 2047 1851 2069; x_wconf 76' lang='lat' dir='ltr'><strong>et</strong></span> 
     </span>
    </p>
   </div>
   <div class='ocr_carea' id='block_1_89' title="bbox 1057 2086 1852 2124">
    <p class='ocr_par' dir='ltr' id='par_1_89' title="bbox 1057 2086 1852 2124">
     <span class='ocr_line' id='line_1_90' title="bbox 1057 2086 1852 2124; baseline 0.001 -10"><span class='ocrx_word' id='word_1_662' title='bbox 1057 2086 1172 2114; x_wconf 78' lang='lat' dir='ltr'><strong>fecerint</strong></span> <span class='ocrx_word' id='word_1_663' title='bbox 1186 2087 1333 2121; x_wconf 83' lang='lat' dir='ltr'><strong>malignum</strong></span> <span class='ocrx_word' id='word_1_664' title='bbox 1350 2088 1376 2115; x_wconf 92' lang='lat' dir='ltr'><strong>in</strong></span> <span class='ocrx_word' id='word_1_665' title='bbox 1400 2093 1548 2124; x_wconf 89' lang='lat' dir='ltr'><strong>conspectu</strong></span> <span class='ocrx_word' id='word_1_666' title='bbox 1565 2088 1671 2116; x_wconf 87' lang='lat' dir='ltr'><strong>Domini</strong></span> <span class='ocrx_word' id='word_1_667' title='bbox 1686 2108 1694 2121; x_wconf 90' lang='lat'><strong>,</strong></span> <span class='ocrx_word' id='word_1_668' title='bbox 1709 2089 1852 2117; x_wconf 80' lang='lat' dir='ltr'><strong>auferetur</strong></span> 
     </span>
    </p>
   </div>
   <div class='ocr_carea' id='block_1_90' title="bbox 1058 2132 1850 2170">
    <p class='ocr_par' dir='ltr' id='par_1_90' title="bbox 1058 2132 1850 2170">
     <span class='ocr_line' id='line_1_91' title="bbox 1058 2132 1850 2170; baseline 0.003 -11"><span class='ocrx_word' id='word_1_669' title='bbox 1058 2132 1091 2160; x_wconf 91' lang='lat' dir='ltr'><strong>ab</strong></span> <span class='ocrx_word' id='word_1_670' title='bbox 1103 2132 1144 2160; x_wconf 88' lang='lat' dir='ltr'><strong>eis</strong></span> <span class='ocrx_word' id='word_1_671' title='bbox 1158 2133 1240 2160; x_wconf 90' lang='lat' dir='ltr'><strong>homo</strong></span> <span class='ocrx_word' id='word_1_672' title='bbox 1255 2133 1313 2160; x_wconf 87' lang='lat' dir='ltr'><strong>Dei.</strong></span> <span class='ocrx_word' id='word_1_673' title='bbox 1332 2133 1387 2161; x_wconf 88' lang='lat' dir='ltr'><strong>Sed</strong></span> <span class='ocrx_word' id='word_1_674' title='bbox 1397 2134 1463 2161; x_wconf 89' lang='lat' dir='ltr'><strong>dicit</strong></span> <span class='ocrx_word' id='word_1_675' title='bbox 1478 2134 1593 2162; x_wconf 80' lang='lat' dir='ltr'><strong>fortasse</strong></span> <span class='ocrx_word' id='word_1_676' title='bbox 1607 2135 1727 2170; x_wconf 86' lang='lat' dir='ltr'><strong>populus</strong></span> <span class='ocrx_word' id='word_1_677' title='bbox 1739 2141 1850 2164; x_wconf 84' lang='lat' dir='ltr'><strong>noster:</strong></span> 
     </span>
    </p>
   </div>
   <div class='ocr_carea' id='block_1_91' title="bbox 225 2169 1851 2217">
    <p class='ocr_par' dir='ltr' id='par_1_91' title="bbox 225 2169 1851 2217">
     <span class='ocr_line' id='line_1_92' title="bbox 225 2169 1851 2217; baseline 0.001 -9"><span class='ocrx_word' id='word_1_678' title='bbox 225 2190 234 2208; x_wconf 81' lang='grc' dir='ltr'>ι</span> <span class='ocrx_word' id='word_1_679' title='bbox 251 2179 339 2207; x_wconf 87' lang='lat' dir='ltr'><strong>incola</strong></span> <span class='ocrx_word' id='word_1_680' title='bbox 364 2185 414 2213; x_wconf 88' lang='lat' dir='ltr'><strong>ego</strong></span> <span class='ocrx_word' id='word_1_681' title='bbox 428 2184 489 2204; x_wconf 88' lang='lat' dir='ltr'><strong>sum</strong></span> <span class='ocrx_word' id='word_1_682' title='bbox 516 2176 588 2211; x_wconf 90' lang='lat' dir='ltr'><strong>apud</strong></span> <span class='ocrx_word' id='word_1_683' title='bbox 609 2182 634 2203; x_wconf 84' lang='lat' dir='ltr'><strong>te</strong></span> <span class='ocrx_word' id='word_1_684' title='bbox 660 2176 686 2203; x_wconf 91' lang='lat' dir='ltr'><strong>itt</strong></span> <span class='ocrx_word' id='word_1_685' title='bbox 712 2181 783 2203; x_wconf 85' lang='lat' dir='ltr'><strong>terra</strong></span> <span class='ocrx_word' id='word_1_686' title='bbox 798 2180 825 2203; x_wconf 90' lang='lat' dir='ltr'><strong>et</strong></span> <span class='ocrx_word' id='word_1_687' title='bbox 848 2177 1007 2211; x_wconf 81' lang='lat' dir='ltr'><strong>peregrinus</strong></span> <span class='ocrx_word' id='word_1_688' title='bbox 1022 2169 1044 2197; x_wconf 84' lang='grc' dir='ltr'><strong>Ῑ)</strong></span> <span class='ocrx_word' id='word_1_689' title='bbox 1059 2178 1172 2212; x_wconf 84' lang='lat' dir='ltr'><strong>Quando</strong></span> <span class='ocrx_word' id='word_1_690' title='bbox 1188 2177 1307 2206; x_wconf 83' lang='lat' dir='ltr'><strong>Ecclesia</strong></span> <span class='ocrx_word' id='word_1_691' title='bbox 1323 2178 1369 2205; x_wconf 84' lang='lat' dir='ltr'><strong>Dei</strong></span> <span class='ocrx_word' id='word_1_692' title='bbox 1383 2180 1442 2207; x_wconf 88' lang='lat' dir='ltr'><strong>sine</strong></span> <span class='ocrx_word' id='word_1_693' title='bbox 1453 2179 1546 2214; x_wconf 85' lang='lat' dir='ltr'><strong>judice</strong></span> <span class='ocrx_word' id='word_1_694' title='bbox 1561 2181 1624 2208; x_wconf 71' lang='lat' dir='ltr'><strong>est?</strong></span> <span class='ocrx_word' id='word_1_695' title='bbox 1640 2169 1761 2209; x_wconf 86' lang='lat' dir='ltr'><strong>Etiamsi</strong></span> <span class='ocrx_word' id='word_1_696' title='bbox 1776 2182 1851 2217; x_wconf 90' lang='lat' dir='ltr'><strong>prior</strong></span> 
     </span>
    </p>
   </div>
   <div class='ocr_carea' id='block_1_92' title="bbox 220 2221 1007 2258">
    <p class='ocr_par' dir='ltr' id='par_1_92' title="bbox 220 2221 1007 2258">
     <span class='ocr_line' id='line_1_93' title="bbox 220 2221 1007 2258; baseline -0.004 -4"><span class='ocrx_word' id='word_1_697' title='bbox 220 2227 292 2254; x_wconf 87' lang='lat' dir='ltr'><strong>sicut</strong></span> <span class='ocrx_word' id='word_1_698' title='bbox 315 2231 410 2252; x_wconf 90' lang='lat' dir='ltr'><strong>omnes</strong></span> <span class='ocrx_word' id='word_1_699' title='bbox 425 2227 516 2258; x_wconf 85' lang='lat' dir='ltr'><strong>patres</strong></span> <span class='ocrx_word' id='word_1_700' title='bbox 534 2223 596 2249; x_wconf 89' lang='lat' dir='ltr'><strong>tttci.</strong></span> <span class='ocrx_word' id='word_1_701' title='bbox 612 2231 621 2248; x_wconf 76' lang='grc' dir='ltr'><strong><em>ι</em></strong></span> <span class='ocrx_word' id='word_1_702' title='bbox 642 2222 676 2249; x_wconf 85' lang='lat' dir='ltr'><strong>Et</strong></span> <span class='ocrx_word' id='word_1_703' title='bbox 690 2221 763 2249; x_wconf 92' lang='lat' dir='ltr'><strong>ltunc</strong></span> <span class='ocrx_word' id='word_1_704' title='bbox 787 2229 851 2257; x_wconf 83' lang='lat' dir='ltr'><strong>ergo</strong></span> <span class='ocrx_word' id='word_1_705' title='bbox 877 2221 1007 2258; x_wconf 83' lang='lat' dir='ltr'><strong>Semegar</strong></span> 
     </span>
    </p>
   </div>
   <div class='ocr_carea' id='block_1_93' title="bbox 220 2266 1004 2304">
    <p class='ocr_par' dir='ltr' id='par_1_93' title="bbox 220 2266 1004 2304">
     <span class='ocr_line' id='line_1_94' title="bbox 220 2266 1004 2304; baseline -0.006 -5"><span class='ocrx_word' id='word_1_706' title='bbox 220 2276 332 2299; x_wconf 87' lang='lat' dir='ltr'><strong>sanctus</strong></span> <span class='ocrx_word' id='word_1_707' title='bbox 345 2269 463 2304; x_wconf 88' lang='lat' dir='ltr'><strong>Spiritus</strong></span> <span class='ocrx_word' id='word_1_708' title='bbox 478 2268 513 2295; x_wconf 87' lang='lat' dir='ltr'><strong>ibi</strong></span> <span class='ocrx_word' id='word_1_709' title='bbox 530 2267 646 2294; x_wconf 85' lang='lat' dir='ltr'><strong>incolatu</strong></span> <span class='ocrx_word' id='word_1_710' title='bbox 664 2266 739 2299; x_wconf 88' lang='lat' dir='ltr'><strong>dicit,</strong></span> <span class='ocrx_word' id='word_1_711' title='bbox 762 2266 789 2293; x_wconf 90' lang='lat' dir='ltr'><strong>id</strong></span> <span class='ocrx_word' id='word_1_712' title='bbox 803 2271 844 2293; x_wconf 88' lang='lat' dir='ltr'><strong>est</strong></span> <span class='ocrx_word' id='word_1_713' title='bbox 861 2267 913 2294; x_wconf 90' lang='lat' dir='ltr'><strong>hic.</strong></span> <span class='ocrx_word' id='word_1_714' title='bbox 928 2268 1004 2301; x_wconf 89' lang='lat' dir='ltr'><strong>Quod</strong></span> 
     </span>
    </p>
   </div>
   <div class='ocr_carea' id='block_1_94' title="bbox 219 2312 1006 2350">
    <p class='ocr_par' dir='ltr' id='par_1_94' title="bbox 219 2312 1006 2350">
     <span class='ocr_line' id='line_1_95' title="bbox 219 2312 1006 2350; baseline -0.005 -5"><span class='ocrx_word' id='word_1_715' title='bbox 219 2318 291 2345; x_wconf 90' lang='lat' dir='ltr'><strong>enim</strong></span> <span class='ocrx_word' id='word_1_716' title='bbox 305 2320 398 2344; x_wconf 87' lang='lat' dir='ltr'><strong>sancto</strong></span> <span class='ocrx_word' id='word_1_717' title='bbox 413 2313 525 2350; x_wconf 87' lang='lat' dir='ltr'><strong>Spiritui</strong></span> <span class='ocrx_word' id='word_1_718' title='bbox 540 2313 585 2347; x_wconf 88' lang='lat' dir='ltr'><strong>qui</strong></span> <span class='ocrx_word' id='word_1_719' title='bbox 600 2312 626 2339; x_wconf 91' lang='lat' dir='ltr'><strong>in</strong></span> <span class='ocrx_word' id='word_1_720' title='bbox 642 2312 718 2339; x_wconf 71' lang='lat' dir='ltr'><strong>ccelis</strong></span> <span class='ocrx_word' id='word_1_721' title='bbox 734 2317 774 2339; x_wconf 86' lang='lat' dir='ltr'><strong>est</strong></span> <span class='ocrx_word' id='word_1_722' title='bbox 785 2331 792 2343; x_wconf 89' lang='lat'><strong>,</strong></span> <span class='ocrx_word' id='word_1_723' title='bbox 810 2312 845 2339; x_wconf 88' lang='lat' dir='ltr'><strong>ibi</strong></span> <span class='ocrx_word' id='word_1_724' title='bbox 861 2316 912 2345; x_wconf 83' lang='lat' dir='ltr'><strong>cst,</strong></span> <span class='ocrx_word' id='word_1_725' title='bbox 929 2313 1006 2341; x_wconf 83' lang='lat' dir='ltr'><strong>nobis</strong></span> 
     </span>
    </p>
   </div>
   <div class='ocr_carea' id='block_1_95' title="bbox 221 2357 1003 2395">
    <p class='ocr_par' dir='ltr' id='par_1_95' title="bbox 221 2357 1003 2395">
     <span class='ocr_line' id='line_1_96' title="bbox 221 2357 1003 2395; baseline -0.006 -4"><span class='ocrx_word' id='word_1_726' title='bbox 221 2365 265 2391; x_wconf 89' lang='lat' dir='ltr'><strong>hic</strong></span> <span class='ocrx_word' id='word_1_727' title='bbox 279 2369 329 2390; x_wconf 79' lang='lat' dir='ltr'><strong>est.</strong></span> <span class='ocrx_word' id='word_1_728' title='bbox 344 2361 412 2395; x_wconf 86' lang='lat' dir='ltr'><strong>Quid</strong></span> <span class='ocrx_word' id='word_1_729' title='bbox 424 2367 490 2395; x_wconf 84' lang='lat' dir='ltr'><strong>ergo</strong></span> <span class='ocrx_word' id='word_1_730' title='bbox 504 2359 604 2386; x_wconf 92' lang='lat' dir='ltr'><strong>dicitur</strong></span> <span class='ocrx_word' id='word_1_731' title='bbox 619 2358 653 2385; x_wconf 90' lang='lat' dir='ltr'><strong>de</strong></span> <span class='ocrx_word' id='word_1_732' title='bbox 667 2357 816 2392; x_wconf 74' lang='lat' dir='ltr'><strong>Semegar?</strong></span> <span class='ocrx_word' id='word_1_733' title='bbox 832 2367 841 2384; x_wconf 74' lang='grc' dir='ltr'>ι</span> <span class='ocrx_word' id='word_1_734' title='bbox 856 2357 1003 2393; x_wconf 79' lang='lat' dir='ltr'><strong>Percussit,</strong></span> 
     </span>
    </p>
   </div>
   <div class='ocr_carea' id='block_1_96' title="bbox 220 2403 1003 2444">
    <p class='ocr_par' dir='ltr' id='par_1_96' title="bbox 220 2403 1003 2444">
     <span class='ocr_line' id='line_1_97' title="bbox 220 2403 1003 2444; baseline -0.008 -7"><span class='ocrx_word' id='word_1_735' title='bbox 220 2410 307 2444; x_wconf 90' lang='lat' dir='ltr'><strong>inquit</strong></span> <span class='ocrx_word' id='word_1_736' title='bbox 327 2407 361 2441; x_wconf 80' lang='grc'><strong>³⁸,</strong></span> <span class='ocrx_word' id='word_1_737' title='bbox 379 2405 536 2441; x_wconf 81' lang='lat' dir='ltr'><strong>Allophylos</strong></span> <span class='ocrx_word' id='word_1_738' title='bbox 552 2404 579 2432; x_wconf 91' lang='lat' dir='ltr'><strong>itt</strong></span> <span class='ocrx_word' id='word_1_739' title='bbox 601 2403 741 2431; x_wconf 82' lang='lat' dir='ltr'><strong>sexcentis</strong></span> <span class='ocrx_word' id='word_1_740' title='bbox 757 2403 822 2430; x_wconf 91' lang='lat' dir='ltr'><strong>viris</strong></span> <span class='ocrx_word' id='word_1_741' title='bbox 834 2423 843 2436; x_wconf 85' lang='lat'><strong>,</strong></span> <span class='ocrx_word' id='word_1_742' title='bbox 864 2403 891 2431; x_wconf 92' lang='lat' dir='ltr'><strong>in</strong></span> <span class='ocrx_word' id='word_1_743' title='bbox 912 2404 982 2432; x_wconf 84' lang='lat' dir='ltr'><strong>stiva</strong></span> <span class='ocrx_word' id='word_1_744' title='bbox 994 2424 1003 2438; x_wconf 90' lang='lat'><strong>,</strong></span> 
     </span>
    </p>
   </div>
   <div class='ocr_carea' id='block_1_97' title="bbox 219 2447 1004 2490">
    <p class='ocr_par' dir='ltr' id='par_1_97' title="bbox 219 2447 1004 2490">
     <span class='ocr_line' id='line_1_98' title="bbox 219 2447 1004 2490; baseline -0.005 -8"><span class='ocrx_word' id='word_1_745' title='bbox 219 2456 261 2483; x_wconf 90' lang='lat' dir='ltr'><strong>vel</strong></span> <span class='ocrx_word' id='word_1_746' title='bbox 282 2455 350 2490; x_wconf 80' lang='lat' dir='ltr'><strong>pede</strong></span> <span class='ocrx_word' id='word_1_747' title='bbox 374 2452 468 2480; x_wconf 89' lang='lat' dir='ltr'><strong>aratri.</strong></span> <span class='ocrx_word' id='word_1_748' title='bbox 483 2460 493 2477; x_wconf 73' lang='grc' dir='ltr'><strong><em>ι</em></strong></span> <span class='ocrx_word' id='word_1_749' title='bbox 513 2449 593 2478; x_wconf 79' lang='lat' dir='ltr'><strong>Aliud</strong></span> <span class='ocrx_word' id='word_1_750' title='bbox 610 2456 696 2482; x_wconf 84' lang='lat' dir='ltr'><strong>genus</strong></span> <span class='ocrx_word' id='word_1_751' title='bbox 719 2447 807 2476; x_wconf 86' lang='lat' dir='ltr'><strong>laudis</strong></span> <span class='ocrx_word' id='word_1_752' title='bbox 829 2449 856 2476; x_wconf 90' lang='lat' dir='ltr'><strong>in</strong></span> <span class='ocrx_word' id='word_1_753' title='bbox 873 2449 1004 2485; x_wconf 87' lang='lat' dir='ltr'><strong>Sentegar</strong></span> 
     </span>
    </p>
   </div>
   <div class='ocr_carea' id='block_1_98' title="bbox 271 2505 815 2542">
    <p class='ocr_par' dir='ltr' id='par_1_98' title="bbox 271 2505 815 2542">
     <span class='ocr_line' id='line_1_99' title="bbox 271 2505 815 2542; baseline -0.017 -1"><span class='ocrx_word' id='word_1_754' title='bbox 271 2514 294 2531; x_wconf 83' lang='lat'><strong>&quot;</strong></span> <span class='ocrx_word' id='word_1_755' title='bbox 325 2513 402 2540; x_wconf 80' lang='lat' dir='ltr'><strong>Joau.</strong></span> <span class='ocrx_word' id='word_1_756' title='bbox 418 2518 474 2542; x_wconf 79' lang='lat' dir='ltr'><strong>xtv,</strong></span> <span class='ocrx_word' id='word_1_757' title='bbox 487 2509 514 2536; x_wconf 82' lang='lat'><strong>6.</strong></span> <span class='ocrx_word' id='word_1_758' title='bbox 546 2508 568 2524; x_wconf 82' lang='lat'>“</span> <span class='ocrx_word' id='word_1_759' title='bbox 581 2507 672 2534; x_wconf 78' lang='lat' dir='ltr'><strong>Matth.</strong></span> <span class='ocrx_word' id='word_1_760' title='bbox 692 2514 757 2538; x_wconf 81' lang='lat' dir='ltr'><strong>xxv,</strong></span> <span class='ocrx_word' id='word_1_761' title='bbox 769 2505 815 2532; x_wconf 74' lang='grc'><strong>21.</strong></span> 
     </span>
    </p>
   </div>
   <div class='ocr_carea' id='block_1_99' title="bbox 218 2540 986 2579">
    <p class='ocr_par' dir='ltr' id='par_1_99' title="bbox 218 2540 986 2579">
     <span class='ocr_line' id='line_1_100' title="bbox 218 2540 986 2579; baseline -0.009 -1"><span class='ocrx_word' id='word_1_762' title='bbox 218 2550 262 2578; x_wconf 72' lang='grc'><strong>62.</strong></span> <span class='ocrx_word' id='word_1_763' title='bbox 300 2549 322 2565; x_wconf 78' lang='grc'>⁸⁸</span> <span class='ocrx_word' id='word_1_764' title='bbox 336 2547 385 2576; x_wconf 84' lang='lat' dir='ltr'><strong>Gal</strong></span> <span class='ocrx_word' id='word_1_765' title='bbox 402 2554 438 2579; x_wconf 87' lang='lat' dir='ltr'><strong>vt,</strong></span> <span class='ocrx_word' id='word_1_766' title='bbox 456 2540 497 2572; x_wconf 69' lang='grc' dir='ltr'><strong>Η.</strong></span> <span class='ocrx_word' id='word_1_767' title='bbox 535 2544 557 2559; x_wconf 71' lang='grc'><strong>⁸³</strong></span> <span class='ocrx_word' id='word_1_768' title='bbox 573 2543 645 2571; x_wconf 82' lang='lat' dir='ltr'><strong>Psal.</strong></span> <span class='ocrx_word' id='word_1_769' title='bbox 660 2550 714 2574; x_wconf 72' lang='lat' dir='ltr'><strong>XCI,</strong></span> <span class='ocrx_word' id='word_1_770' title='bbox 727 2543 756 2569; x_wconf 84' lang='lat'><strong>7.</strong></span> <span class='ocrx_word' id='word_1_771' title='bbox 792 2542 815 2557; x_wconf 65' lang='grc' dir='ltr'>δ’</span> <span class='ocrx_word' id='word_1_772' title='bbox 828 2540 888 2569; x_wconf 74' lang='lat' dir='ltr'><strong>Iud.</strong></span> <span class='ocrx_word' id='word_1_773' title='bbox 905 2550 942 2575; x_wconf 88' lang='lat' dir='ltr'><strong>tv,</strong></span> <span class='ocrx_word' id='word_1_774' title='bbox 959 2544 986 2571; x_wconf 79' lang='grc' dir='ltr'>Ι.</span> 
     </span>
    </p>
   </div>
   <div class='ocr_carea' id='block_1_100' title="bbox 252 2612 901 2653">
    <p class='ocr_par' dir='ltr' id='par_1_100' title="bbox 252 2612 901 2653">
     <span class='ocr_line' id='line_1_101' title="bbox 252 2612 901 2653; baseline -0.011 -6"><span class='ocrx_word' id='word_1_775' title='bbox 252 2619 308 2653; x_wconf 78' lang='lat'><strong>(5&#39;7)</strong></span> <span class='ocrx_word' id='word_1_776' title='bbox 326 2617 389 2644; x_wconf 83' lang='lat' dir='ltr'><strong>Mss.</strong></span> <span class='ocrx_word' id='word_1_777' title='bbox 408 2625 417 2641; x_wconf 74' lang='grc' dir='ltr'>ι</span> <span class='ocrx_word' id='word_1_778' title='bbox 434 2615 516 2653; x_wconf 80' lang='lat' dir='ltr'><strong>viam.</strong></span> <span class='ocrx_word' id='word_1_779' title='bbox 535 2623 544 2640; x_wconf 74' lang='grc' dir='ltr'><strong><em>ι</em></strong></span> <span class='ocrx_word' id='word_1_780' title='bbox 560 2613 636 2641; x_wconf 91' lang='lat' dir='ltr'><strong>Libb.</strong></span> <span class='ocrx_word' id='word_1_781' title='bbox 654 2613 730 2653; x_wconf 82' lang='lat' dir='ltr'><strong>editi,</strong></span> <span class='ocrx_word' id='word_1_782' title='bbox 747 2612 869 2653; x_wconf 73' lang='lat' dir='ltr'><strong>c_vit;_tnt.</strong></span> <span class='ocrx_word' id='word_1_783' title='bbox 893 2624 901 2640; x_wconf 72' lang='grc' dir='ltr'>ι</span> 
     </span>
    </p>
   </div>
   <div class='ocr_carea' id='block_1_101' title="bbox 252 2648 994 2689">
    <p class='ocr_par' dir='ltr' id='par_1_101' title="bbox 252 2648 994 2689">
     <span class='ocr_line' id='line_1_102' title="bbox 252 2648 994 2689; baseline -0.003 -11"><span class='ocrx_word' id='word_1_784' title='bbox 326 2651 459 2685; x_wconf 80' lang='lat' dir='ltr'><strong>Aioth,qui</strong></span> <span class='ocrx_word' id='word_1_785' title='bbox 473 2650 660 2689; x_wconf 72' lang='lat' dir='ltr'><strong>interpretatur</strong></span> <span class='ocrx_word' id='word_1_786' title='bbox 675 2649 745 2677; x_wconf 80' lang='lat' dir='ltr'><strong>laus.</strong></span> <span class='ocrx_word' id='word_1_787' title='bbox 761 2648 788 2689; x_wconf 77' lang='lat' dir='ltr'><strong>Itt</strong></span> <span class='ocrx_word' id='word_1_788' title='bbox 806 2648 917 2689; x_wconf 44' lang='lat' dir='ltr'><strong>ll&#39;ebrmo</strong></span> <span class='ocrx_word' id='word_1_789' title='bbox 932 2650 994 2689; x_wconf 43' lang='lat' dir='ltr'><strong>set-i1</strong></span> 
     </span>
    </p>
   </div>
   <div class='ocr_carea' id='block_1_102' title="bbox 217 2685 998 2724">
    <p class='ocr_par' dir='ltr' id='par_1_102' title="bbox 217 2685 998 2724">
     <span class='ocr_line' id='line_1_103' title="bbox 217 2685 998 2724; baseline -0.003 -10"><span class='ocrx_word' id='word_1_790' title='bbox 217 2685 350 2724; x_wconf 48' lang='lat' dir='ltr'><strong>ptunt&#39;est</strong></span> <span class='ocrx_word' id='word_1_791' title='bbox 361 2693 430 2718; x_wconf 60' lang='lat' dir='ltr'><strong>“nm;</strong></span> <span class='ocrx_word' id='word_1_792' title='bbox 441 2705 449 2718; x_wconf 95' lang='lat'><strong>,</strong></span> <span class='ocrx_word' id='word_1_793' title='bbox 466 2686 549 2724; x_wconf 71' lang='lat' dir='ltr'><strong>quod</strong></span> <span class='ocrx_word' id='word_1_794' title='bbox 560 2692 656 2724; x_wconf 82' lang='lat' dir='ltr'><strong>nomen</strong></span> <span class='ocrx_word' id='word_1_795' title='bbox 673 2685 807 2718; x_wconf 88' lang='lat' dir='ltr'><strong>quontodo</strong></span> <span class='ocrx_word' id='word_1_796' title='bbox 825 2685 998 2718; x_wconf 83' lang='lat' dir='ltr'><strong>interpretari</strong></span> 
     </span>
    </p>
   </div>
   <div class='ocr_carea' id='block_1_103' title="bbox 236 2720 613 2752">
    <p class='ocr_par' dir='ltr' id='par_1_103' title="bbox 236 2720 613 2752">
     <span class='ocr_line' id='line_1_104' title="bbox 236 2720 613 2752; baseline -0.008 -3"><span class='ocrx_word' id='word_1_797' title='bbox 236 2723 304 2749; x_wconf 86' lang='lat' dir='ltr'><strong>ossit</strong></span> <span class='ocrx_word' id='word_1_798' title='bbox 321 2732 330 2747; x_wconf 77' lang='grc' dir='ltr'>ι</span> <span class='ocrx_word' id='word_1_799' title='bbox 346 2722 415 2752; x_wconf 83' lang='lat' dir='ltr'><strong>laus,</strong></span> <span class='ocrx_word' id='word_1_800' title='bbox 433 2729 441 2745; x_wconf 75' lang='grc' dir='ltr'>ι</span> <span class='ocrx_word' id='word_1_801' title='bbox 460 2728 512 2747; x_wconf 89' lang='lat' dir='ltr'><strong>ttou</strong></span> <span class='ocrx_word' id='word_1_802' title='bbox 526 2720 613 2746; x_wconf 75' lang='lat' dir='ltr'><strong>rideo.</strong></span> 
     </span>
    </p>
   </div>
   <div class='ocr_carea' id='block_1_104' title="bbox 254 2753 998 2791">
    <p class='ocr_par' dir='ltr' id='par_1_104' title="bbox 254 2753 998 2791">
     <span class='ocr_line' id='line_1_105' title="bbox 254 2753 998 2791; baseline -0.005 -8"><span class='ocrx_word' id='word_1_803' title='bbox 254 2757 310 2791; x_wconf 73' lang='lat'><strong>(59)</strong></span> <span class='ocrx_word' id='word_1_804' title='bbox 325 2755 410 2791; x_wconf 72' lang='lat' dir='ltr'><strong>Eglon</strong></span> <span class='ocrx_word' id='word_1_805' title='bbox 423 2755 571 2789; x_wconf 76' lang='lat' dir='ltr'><strong>tgratmhm,</strong></span> <span class='ocrx_word' id='word_1_806' title='bbox 585 2754 629 2788; x_wconf 87' lang='lat' dir='ltr'><strong>qui</strong></span> <span class='ocrx_word' id='word_1_807' title='bbox 644 2754 834 2791; x_wconf 70' lang='lat' dir='ltr'><strong>interpretatur</strong></span> <span class='ocrx_word' id='word_1_808' title='bbox 848 2758 950 2779; x_wconf 68' lang='lat' dir='ltr'><strong>rotatu:</strong></span> <span class='ocrx_word' id='word_1_809' title='bbox 960 2753 998 2784; x_wconf 76' lang='lat' dir='ltr'><strong>uel</strong></span> 
     </span>
    </p>
   </div>
   <div class='ocr_carea' id='block_1_105' title="bbox 219 2788 997 2834">
    <p class='ocr_par' dir='ltr' id='par_1_105' title="bbox 219 2788 997 2834">
     <span class='ocr_line' id='line_1_106' title="bbox 219 2788 997 2834; baseline -0.001 -7"><span class='ocrx_word' id='word_1_810' title='bbox 219 2788 313 2829; x_wconf 67' lang='lat' dir='ltr'><strong>orbita.</strong></span> <span class='ocrx_word' id='word_1_811' title='bbox 330 2788 365 2827; x_wconf 54' lang='lat' dir='ltr'><strong>Et</strong></span> <span class='ocrx_word' id='word_1_812' title='bbox 378 2788 440 2827; x_wconf 65' lang='grc' dir='ltr'><strong>ίνιπ</strong></span> <span class='ocrx_word' id='word_1_813' title='bbox 466 2809 474 2825; x_wconf 77' lang='grc' dir='ltr'>ι</span> <span class='ocrx_word' id='word_1_814' title='bbox 489 2800 629 2832; x_wconf 84' lang='lat' dir='ltr'><strong>rotundus,</strong></span> <span class='ocrx_word' id='word_1_815' title='bbox 649 2809 657 2824; x_wconf 78' lang='grc' dir='ltr'>ι</span> <span class='ocrx_word' id='word_1_816' title='bbox 673 2805 719 2826; x_wconf 83' lang='lat' dir='ltr'><strong>aut</strong></span> <span class='ocrx_word' id='word_1_817' title='bbox 731 2789 799 2834; x_wconf 60' lang='lat'><strong>.1513:</strong></span> <span class='ocrx_word' id='word_1_818' title='bbox 813 2807 821 2824; x_wconf 71' lang='grc' dir='ltr'>ι</span> <span class='ocrx_word' id='word_1_819' title='bbox 839 2798 997 2834; x_wconf 84' lang='lat' dir='ltr'><strong>plaustrum,</strong></span> 
     </span>
    </p>
   </div>
   <div class='ocr_carea' id='block_1_106' title="bbox 219 2835 436 2869">
    <p class='ocr_par' dir='ltr' id='par_1_106' title="bbox 219 2835 436 2869">
     <span class='ocr_line' id='line_1_107' title="bbox 219 2835 436 2869; baseline -0.014 -6"><span class='ocrx_word' id='word_1_820' title='bbox 219 2840 290 2869; x_wconf 72' lang='lat' dir='ltr'><strong>tota,</strong></span> <span class='ocrx_word' id='word_1_821' title='bbox 307 2835 404 2863; x_wconf 85' lang='lat' dir='ltr'><strong>orbita.</strong></span> <span class='ocrx_word' id='word_1_822' title='bbox 427 2845 436 2861; x_wconf 78' lang='grc' dir='ltr'>ι</span> 
     </span>
    </p>
   </div>
   <div class='ocr_carea' id='block_1_107' title="bbox 862 2506 1643 2544">
    <p class='ocr_par' dir='ltr' id='par_1_107' title="bbox 862 2506 1643 2544">
     <span class='ocr_line' id='line_1_108' title="bbox 862 2506 1643 2544; baseline 0.005 -10"><span class='ocrx_word' id='word_1_823' title='bbox 862 2506 883 2544; x_wconf 55' lang='grc'><strong>³7</strong></span> <span class='ocrx_word' id='word_1_824' title='bbox 899 2506 970 2534; x_wconf 81' lang='lat' dir='ltr'><strong>Psal.</strong></span> <span class='ocrx_word' id='word_1_825' title='bbox 985 2516 1058 2544; x_wconf 86' lang='lat' dir='ltr'><strong>cxtx,</strong></span> <span class='ocrx_word' id='word_1_826' title='bbox 1076 2508 1126 2541; x_wconf 84' lang='lat' dir='ltr'><strong>l9;</strong></span> <span class='ocrx_word' id='word_1_827' title='bbox 1150 2506 1223 2536; x_wconf 82' lang='lat' dir='ltr'><strong>Psal.</strong></span> <span class='ocrx_word' id='word_1_828' title='bbox 1239 2516 1333 2542; x_wconf 81' lang='lat' dir='ltr'><strong>xxxtx,</strong></span> <span class='ocrx_word' id='word_1_829' title='bbox 1351 2509 1392 2537; x_wconf 78' lang='lat' dir='ltr'><strong>l5.</strong></span> <span class='ocrx_word' id='word_1_830' title='bbox 1431 2509 1452 2525; x_wconf 81' lang='grc'><strong>³³</strong></span> <span class='ocrx_word' id='word_1_831' title='bbox 1464 2507 1525 2537; x_wconf 87' lang='lat' dir='ltr'><strong>Jud.</strong></span> <span class='ocrx_word' id='word_1_832' title='bbox 1542 2512 1583 2544; x_wconf 88' lang='lat' dir='ltr'><strong>tti,</strong></span> <span class='ocrx_word' id='word_1_833' title='bbox 1598 2511 1643 2538; x_wconf 82' lang='lat' dir='ltr'><strong>3i.</strong></span> 
     </span>
    </p>
   </div>
   <div class='ocr_carea' id='block_1_108' title="bbox 1058 2223 1851 2256">
    <p class='ocr_par' dir='ltr' id='par_1_108' title="bbox 1058 2223 1851 2256">
     <span class='ocr_line' id='line_1_109' title="bbox 1058 2223 1851 2256; baseline 0.004 -6"><span class='ocrx_word' id='word_1_834' title='bbox 1058 2223 1209 2256; x_wconf 79' lang='lat' dir='ltr'><strong>defecerit,</strong></span> <span class='ocrx_word' id='word_1_835' title='bbox 1228 2224 1297 2251; x_wconf 89' lang='lat' dir='ltr'><strong>alter</strong></span> <span class='ocrx_word' id='word_1_836' title='bbox 1314 2225 1467 2253; x_wconf 87' lang='lat' dir='ltr'><strong>adltihetttr.</strong></span> <span class='ocrx_word' id='word_1_837' title='bbox 1493 2227 1630 2254; x_wconf 82' lang='lat' dir='ltr'><strong>Audacter</strong></span> <span class='ocrx_word' id='word_1_838' title='bbox 1653 2226 1787 2255; x_wconf 79' lang='lat' dir='ltr'><strong>fortassis</strong></span> <span class='ocrx_word' id='word_1_839' title='bbox 1802 2227 1851 2254; x_wconf 82' lang='lat' dir='ltr'><strong>ali-</strong></span> 
     </span>
    </p>
   </div>
   <div class='ocr_carea' id='block_1_109' title="bbox 1057 2268 1850 2306">
    <p class='ocr_par' dir='ltr' id='par_1_109' title="bbox 1057 2268 1850 2306">
     <span class='ocr_line' id='line_1_110' title="bbox 1057 2268 1850 2306; baseline 0.004 -11"><span class='ocrx_word' id='word_1_840' title='bbox 1057 2268 1123 2303; x_wconf 91' lang='lat' dir='ltr'><strong>quid</strong></span> <span class='ocrx_word' id='word_1_841' title='bbox 1146 2269 1276 2303; x_wconf 87' lang='lat' dir='ltr'><strong>dicimus,</strong></span> <span class='ocrx_word' id='word_1_842' title='bbox 1294 2274 1383 2298; x_wconf 90' lang='lat' dir='ltr'><strong>tamen</strong></span> <span class='ocrx_word' id='word_1_843' title='bbox 1409 2272 1479 2304; x_wconf 90' lang='lat' dir='ltr'><strong>qttod</strong></span> <span class='ocrx_word' id='word_1_844' title='bbox 1503 2271 1632 2306; x_wconf 88' lang='lat' dir='ltr'><strong>scriptunt</strong></span> <span class='ocrx_word' id='word_1_845' title='bbox 1652 2278 1696 2300; x_wconf 86' lang='lat' dir='ltr'><strong>est</strong></span> <span class='ocrx_word' id='word_1_846' title='bbox 1716 2273 1850 2300; x_wconf 89' lang='lat' dir='ltr'><strong>dicimus.</strong></span> 
     </span>
    </p>
   </div>
   <div class='ocr_carea' id='block_1_110' title="bbox 1056 2313 1852 2353">
    <p class='ocr_par' dir='ltr' id='par_1_110' title="bbox 1056 2313 1852 2353">
     <span class='ocr_line' id='line_1_111' title="bbox 1056 2313 1852 2353; baseline 0.009 -14"><span class='ocrx_word' id='word_1_847' title='bbox 1056 2313 1116 2341; x_wconf 77' lang='lat' dir='ltr'><strong>Non</strong></span> <span class='ocrx_word' id='word_1_848' title='bbox 1132 2321 1240 2348; x_wconf 87' lang='lat' dir='ltr'><strong>semper</strong></span> <span class='ocrx_word' id='word_1_849' title='bbox 1255 2316 1381 2351; x_wconf 88' lang='lat' dir='ltr'><strong>princeps</strong></span> <span class='ocrx_word' id='word_1_850' title='bbox 1395 2316 1485 2351; x_wconf 90' lang='lat' dir='ltr'><strong>populi</strong></span> <span class='ocrx_word' id='word_1_851' title='bbox 1505 2322 1531 2344; x_wconf 91' lang='lat' dir='ltr'><strong>et</strong></span> <span class='ocrx_word' id='word_1_852' title='bbox 1547 2317 1676 2345; x_wconf 64' lang='lat' dir='ltr'><strong>Ecclesiae</strong></span> <span class='ocrx_word' id='word_1_853' title='bbox 1697 2318 1789 2353; x_wconf 77' lang='lat' dir='ltr'><strong>iudex</strong></span> <span class='ocrx_word' id='word_1_854' title='bbox 1806 2325 1852 2353; x_wconf 82' lang='lat' dir='ltr'><strong>per</strong></span> 
     </span>
    </p>
   </div>
   <div class='ocr_carea' id='block_1_111' title="bbox 1059 2359 1851 2400">
    <p class='ocr_par' dir='ltr' id='par_1_111' title="bbox 1059 2359 1851 2400">
     <span class='ocr_line' id='line_1_112' title="bbox 1059 2359 1851 2400; baseline 0.009 -14"><span class='ocrx_word' id='word_1_855' title='bbox 1059 2359 1106 2387; x_wconf 85' lang='lat' dir='ltr'><strong>Dei</strong></span> <span class='ocrx_word' id='word_1_856' title='bbox 1121 2359 1263 2387; x_wconf 82' lang='lat' dir='ltr'><strong>arbitrium</strong></span> <span class='ocrx_word' id='word_1_857' title='bbox 1278 2361 1367 2394; x_wconf 83' lang='lat' dir='ltr'><strong>datur,</strong></span> <span class='ocrx_word' id='word_1_858' title='bbox 1384 2363 1431 2389; x_wconf 86' lang='lat' dir='ltr'><strong>sed</strong></span> <span class='ocrx_word' id='word_1_859' title='bbox 1445 2367 1526 2397; x_wconf 90' lang='lat' dir='ltr'><strong>prout</strong></span> <span class='ocrx_word' id='word_1_860' title='bbox 1537 2364 1634 2391; x_wconf 85' lang='lat' dir='ltr'><strong>merita</strong></span> <span class='ocrx_word' id='word_1_861' title='bbox 1649 2370 1748 2392; x_wconf 87' lang='lat' dir='ltr'><strong>nostra</strong></span> <span class='ocrx_word' id='word_1_862' title='bbox 1765 2365 1851 2400; x_wconf 58' lang='lat' dir='ltr'><strong>depov</strong></span> 
     </span>
    </p>
   </div>
   <div class='ocr_carea' id='block_1_112' title="bbox 1058 2405 1851 2443">
    <p class='ocr_par' dir='ltr' id='par_1_112' title="bbox 1058 2405 1851 2443">
     <span class='ocr_line' id='line_1_113' title="bbox 1058 2405 1851 2443; baseline 0.008 -12"><span class='ocrx_word' id='word_1_863' title='bbox 1058 2409 1147 2432; x_wconf 89' lang='lat' dir='ltr'><strong>scunt.</strong></span> <span class='ocrx_word' id='word_1_864' title='bbox 1163 2405 1192 2432; x_wconf 89' lang='lat' dir='ltr'><strong>Si</strong></span> <span class='ocrx_word' id='word_1_865' title='bbox 1208 2405 1270 2432; x_wconf 85' lang='lat' dir='ltr'><strong>ntali</strong></span> <span class='ocrx_word' id='word_1_866' title='bbox 1289 2410 1352 2433; x_wconf 89' lang='lat' dir='ltr'><strong>suttt</strong></span> <span class='ocrx_word' id='word_1_867' title='bbox 1373 2412 1450 2434; x_wconf 89' lang='lat' dir='ltr'><strong>actus</strong></span> <span class='ocrx_word' id='word_1_868' title='bbox 1469 2407 1565 2441; x_wconf 87' lang='lat' dir='ltr'><strong>ttostri,</strong></span> <span class='ocrx_word' id='word_1_869' title='bbox 1581 2413 1607 2435; x_wconf 88' lang='lat' dir='ltr'><strong>et</strong></span> <span class='ocrx_word' id='word_1_870' title='bbox 1623 2416 1776 2443; x_wconf 85' lang='lat' dir='ltr'><strong>operantur</strong></span> <span class='ocrx_word' id='word_1_871' title='bbox 1793 2418 1851 2436; x_wconf 84' lang='lat' dir='ltr'><strong>tua-</strong></span> 
     </span>
    </p>
   </div>
   <div class='ocr_carea' id='block_1_113' title="bbox 1057 2450 1852 2491">
    <p class='ocr_par' dir='ltr' id='par_1_113' title="bbox 1057 2450 1852 2491">
     <span class='ocr_line' id='line_1_114' title="bbox 1057 2450 1852 2491; baseline 0.005 -14"><span class='ocrx_word' id='word_1_872' title='bbox 1057 2450 1158 2486; x_wconf 86' lang='lat' dir='ltr'><strong>lignum</strong></span> <span class='ocrx_word' id='word_1_873' title='bbox 1174 2451 1201 2478; x_wconf 95' lang='lat' dir='ltr'><strong>in</strong></span> <span class='ocrx_word' id='word_1_874' title='bbox 1215 2457 1360 2486; x_wconf 82' lang='lat' dir='ltr'><strong>conspectu</strong></span> <span class='ocrx_word' id='word_1_875' title='bbox 1376 2452 1481 2480; x_wconf 88' lang='lat' dir='ltr'><strong>Domini</strong></span> <span class='ocrx_word' id='word_1_876' title='bbox 1496 2473 1503 2486; x_wconf 91' lang='lat'><strong>,</strong></span> <span class='ocrx_word' id='word_1_877' title='bbox 1526 2454 1625 2481; x_wconf 90' lang='lat' dir='ltr'><strong>dantur</strong></span> <span class='ocrx_word' id='word_1_878' title='bbox 1638 2456 1719 2483; x_wconf 86' lang='lat' dir='ltr'><strong>nobis</strong></span> <span class='ocrx_word' id='word_1_879' title='bbox 1745 2457 1852 2491; x_wconf 79' lang='lat' dir='ltr'><strong>princi—</strong></span> 
     </span>
    </p>
   </div>
   <div class='ocr_carea' id='block_1_114' title="bbox 1682 2511 1850 2545">
    <p class='ocr_par' dir='ltr' id='par_1_114' title="bbox 1682 2511 1850 2545">
     <span class='ocr_line' id='line_1_115' title="bbox 1682 2511 1850 2545; baseline -0.006 -6"><span class='ocrx_word' id='word_1_880' title='bbox 1682 2511 1705 2528; x_wconf 79' lang='lat'><strong><em>&quot;</em></strong></span> <span class='ocrx_word' id='word_1_881' title='bbox 1721 2511 1794 2540; x_wconf 86' lang='lat' dir='ltr'><strong>Luc.</strong></span> <span class='ocrx_word' id='word_1_882' title='bbox 1813 2519 1850 2545; x_wconf 78' lang='grc' dir='ltr'><strong>ιι,</strong></span> 
     </span>
    </p>
   </div>
   <div class='ocr_carea' id='block_1_115' title="bbox 1088 2613 1849 2651">
    <p class='ocr_par' dir='ltr' id='par_1_115' title="bbox 1088 2613 1849 2651">
     <span class='ocr_line' id='line_1_116' title="bbox 1088 2613 1849 2651; baseline -0.001 -9"><span class='ocrx_word' id='word_1_883' title='bbox 1088 2614 1145 2651; x_wconf 88' lang='grc'><strong>(60)</strong></span> <span class='ocrx_word' id='word_1_884' title='bbox 1162 2614 1208 2651; x_wconf 81' lang='lat' dir='ltr'><strong>Sic</strong></span> <span class='ocrx_word' id='word_1_885' title='bbox 1222 2622 1287 2651; x_wconf 87' lang='lat' dir='ltr'><strong>mss.</strong></span> <span class='ocrx_word' id='word_1_886' title='bbox 1302 2613 1375 2642; x_wconf 72' lang='lat' dir='ltr'><strong>Libri</strong></span> <span class='ocrx_word' id='word_1_887' title='bbox 1390 2620 1479 2642; x_wconf 81' lang='lat' dir='ltr'><strong>autem</strong></span> <span class='ocrx_word' id='word_1_888' title='bbox 1492 2616 1581 2647; x_wconf 84' lang='lat' dir='ltr'><strong>cditt.,</strong></span> <span class='ocrx_word' id='word_1_889' title='bbox 1601 2624 1610 2641; x_wconf 74' lang='grc' dir='ltr'><strong>ε</strong></span> <span class='ocrx_word' id='word_1_890' title='bbox 1630 2615 1849 2651; x_wconf 77' lang='lat' dir='ltr'><strong>Madianitarunt</strong></span> 
     </span>
    </p>
   </div>
   <div class='ocr_carea' id='block_1_116' title="bbox 1052 2650 1848 2687">
    <p class='ocr_par' dir='ltr' id='par_1_116' title="bbox 1052 2650 1848 2687">
     <span class='ocr_line' id='line_1_117' title="bbox 1052 2650 1848 2687; baseline 0 -10"><span class='ocrx_word' id='word_1_891' title='bbox 1052 2650 1152 2687; x_wconf 57' lang='lat' dir='ltr'><strong>regem.</strong></span> <span class='ocrx_word' id='word_1_892' title='bbox 1177 2650 1330 2687; x_wconf 61' lang='lat' dir='ltr'><strong>Madiattita;</strong></span> <span class='ocrx_word' id='word_1_893' title='bbox 1346 2655 1438 2687; x_wconf 64' lang='lat' dir='ltr'><strong>autent</strong></span> <span class='ocrx_word' id='word_1_894' title='bbox 1453 2651 1670 2687; x_wconf 71' lang='lat' dir='ltr'><strong>interpretantur</strong></span> <span class='ocrx_word' id='word_1_895' title='bbox 1690 2652 1788 2678; x_wconf 77' lang='lat' dir='ltr'><strong>ﬂuxus</strong></span> <span class='ocrx_word' id='word_1_896' title='bbox 1808 2650 1848 2687; x_wconf 64' lang='lat' dir='ltr'><strong>vel</strong></span> 
     </span>
    </p>
   </div>
   <div class='ocr_carea' id='block_1_117' title="bbox 1050 2685 1849 2717">
    <p class='ocr_par' dir='ltr' id='par_1_117' title="bbox 1050 2685 1849 2717">
     <span class='ocr_line' id='line_1_118' title="bbox 1050 2685 1849 2717; baseline -0.001 -6"><span class='ocrx_word' id='word_1_897' title='bbox 1050 2685 1154 2712; x_wconf 72' lang='lat' dir='ltr'><strong>eﬂ‘usio.</strong></span> <span class='ocrx_word' id='word_1_898' title='bbox 1175 2694 1184 2710; x_wconf 83' lang='lat' dir='ltr'><strong>I</strong></span> <span class='ocrx_word' id='word_1_899' title='bbox 1209 2685 1348 2717; x_wconf 79' lang='lat' dir='ltr'><strong>Quomodo</strong></span> <span class='ocrx_word' id='word_1_900' title='bbox 1373 2685 1494 2712; x_wconf 77' lang='lat' dir='ltr'><strong>Moabita:</strong></span> <span class='ocrx_word' id='word_1_901' title='bbox 1515 2692 1560 2712; x_wconf 86' lang='lat' dir='ltr'><strong>aut</strong></span> <span class='ocrx_word' id='word_1_902' title='bbox 1582 2685 1744 2713; x_wconf 68' lang='lat' dir='ltr'><strong>Madiattitae</strong></span> <span class='ocrx_word' id='word_1_903' title='bbox 1770 2685 1849 2712; x_wconf 82' lang='lat' dir='ltr'><strong>reddi</strong></span> 
     </span>
    </p>
   </div>
   <div class='ocr_carea' id='block_1_118' title="bbox 1051 2719 1612 2754">
    <p class='ocr_par' dir='ltr' id='par_1_118' title="bbox 1051 2719 1612 2754">
     <span class='ocr_line' id='line_1_119' title="bbox 1051 2719 1612 2754; baseline 0 -7"><span class='ocrx_word' id='word_1_904' title='bbox 1051 2720 1155 2754; x_wconf 81' lang='lat' dir='ltr'><strong>possint</strong></span> <span class='ocrx_word' id='word_1_905' title='bbox 1171 2719 1257 2746; x_wconf 81' lang='lat' dir='ltr'><strong>fluxus</strong></span> <span class='ocrx_word' id='word_1_906' title='bbox 1273 2719 1314 2746; x_wconf 81' lang='lat' dir='ltr'><strong>vel</strong></span> <span class='ocrx_word' id='word_1_907' title='bbox 1331 2719 1441 2751; x_wconf 79' lang='lat' dir='ltr'><strong>clTusio,</strong></span> <span class='ocrx_word' id='word_1_908' title='bbox 1458 2728 1510 2747; x_wconf 88' lang='lat' dir='ltr'><strong>tton</strong></span> <span class='ocrx_word' id='word_1_909' title='bbox 1525 2721 1612 2747; x_wconf 83' lang='lat' dir='ltr'><strong>video.</strong></span> 
     </span>
    </p>
   </div>
   <div class='ocr_carea' id='block_1_119' title="bbox 1087 2754 1851 2788">
    <p class='ocr_par' dir='ltr' id='par_1_119' title="bbox 1087 2754 1851 2788">
     <span class='ocr_line' id='line_1_120' title="bbox 1087 2754 1851 2788; baseline 0.001 -5"><span class='ocrx_word' id='word_1_910' title='bbox 1087 2754 1143 2788; x_wconf 80' lang='grc'><strong>(61)</strong></span> <span class='ocrx_word' id='word_1_911' title='bbox 1159 2755 1343 2788; x_wconf 69' lang='grc' dir='ltr'><strong>δεηιεραῐντιιιί</strong></span> <span class='ocrx_word' id='word_1_912' title='bbox 1356 2755 1542 2788; x_wconf 69' lang='lat' dir='ltr'><strong>inirrprelatur</strong></span> <span class='ocrx_word' id='word_1_913' title='bbox 1556 2756 1591 2782; x_wconf 73' lang='lat' dir='ltr'><strong>ibi</strong></span> <span class='ocrx_word' id='word_1_914' title='bbox 1608 2755 1725 2784; x_wconf 77' lang='lat' dir='ltr'><strong>advcnu.</strong></span> <span class='ocrx_word' id='word_1_915' title='bbox 1740 2756 1784 2783; x_wconf 73' lang='lat' dir='ltr'><strong>El</strong></span> <span class='ocrx_word' id='word_1_916' title='bbox 1805 2758 1851 2784; x_wconf 58' lang='grc' dir='ltr'><strong>ΞΣ</strong></span> 
     </span>
    </p>
   </div>
   <div class='ocr_carea' id='block_1_120' title="bbox 1053 2789 1416 2819">
    <p class='ocr_par' dir='ltr' id='par_1_120' title="bbox 1053 2789 1416 2819">
     <span class='ocr_line' id='line_1_121' title="bbox 1053 2789 1416 2819; baseline -0.003 -3"><span class='ocrx_word' id='word_1_917' title='bbox 1053 2798 1063 2816; x_wconf 70' lang='grc' dir='ltr'><strong>ε</strong></span> <span class='ocrx_word' id='word_1_918' title='bbox 1079 2790 1113 2817; x_wconf 88' lang='lat' dir='ltr'><strong>ibi</strong></span> <span class='ocrx_word' id='word_1_919' title='bbox 1127 2799 1136 2816; x_wconf 72' lang='lat' dir='ltr'><strong>t</strong></span> <span class='ocrx_word' id='word_1_920' title='bbox 1161 2794 1188 2817; x_wconf 90' lang='lat' dir='ltr'><strong>ct</strong></span> <span class='ocrx_word' id='word_1_921' title='bbox 1202 2794 1238 2819; x_wconf 78' lang='lat' dir='ltr'><strong>&#39;u</strong></span> <span class='ocrx_word' id='word_1_922' title='bbox 1253 2800 1262 2814; x_wconf 76' lang='grc' dir='ltr'>ι</span> <span class='ocrx_word' id='word_1_923' title='bbox 1279 2789 1390 2816; x_wconf 74' lang='lat' dir='ltr'><strong>advena.</strong></span> <span class='ocrx_word' id='word_1_924' title='bbox 1407 2799 1416 2815; x_wconf 73' lang='grc' dir='ltr'><strong><em>ι</em></strong></span> 
     </span>
    </p>
   </div>
  </div>
