1896 3052
88 103 141 129 969

620 105 652 132 IN
672 105 802 134 LIBRUM
819 106 966 135 ιυῡιςωι
983 108 1125 136 ΗΟΜΙΙᾸΑ
1144 108 1175 135 Υ.

1667 115 1718 141 υῖθ

88 171 139 198 pes
151 163 303 192 secundum
319 171 366 192 cor
385 168 517 196 nostrum,
534 169 561 192 et
582 165 632 193 hoc
650 166 697 193 tibi
712 166 744 193 de
760 165 880 201 Scriptu-
895 170 918 198 Α
934 166 972 193 illi
990 174 1049 202 quae
1066 167 1225 195 clamaverit
1241 168 1274 195 ad
1303 168 1457 203 Dominum,
1481 172 1629 199 suscitetur
1655 181 1717 208 pro-

91 209 130 237 ris
150 209 282 244 probabo.
300 210 369 238 Audi
388 219 505 247 namque
520 213 591 247 quod
608 212 738 240 Dominus
753 214 820 240 dixit
836 214 857 229 "
871 223 877 240 :

91 263 102 280 ε
120 255 252 282 Fecerunt
262 255 312 283 sibi
328 264 429 289 regem,
441 261 467 284 et
481 265 535 284 non
547 265 596 292 per
611 265 664 291 tne,
677 262 703 284 et
717 258 877 293 principem,

87 304 116 327 et
132 307 184 326 non
203 308 252 334 per
266 302 411 329 consilium
426 309 526 330 meum.
543 312 552 329 ι
573 303 605 331 Ει
617 303 668 331 hoc
683 304 784 332 dictutn
802 305 876 332 vide-

90 350 135 372 tur
152 345 186 373 de
199 345 264 373 Saul
283 346 345 379 illo,
361 355 440 381 quem
457 348 551 382 utique
569 348 626 383 ipse
642 348 773 377 Dominus
790 349 878 384 elege-

89 397 144 424 rat,
160 396 186 419 ct
203 399 293 426 regem
319 393 378 421 fieri
391 393 528 428 jusserat:
550 395 597 422 sed
620 395 748 430 quoniam
766 403 820 423 non
836 404 878 424 se-

87 439 207 466 cundutn
223 439 389 467 voluntatem
406 441 470 474 Dei,
491 444 539 469 sed
557 443 706 470 secundum
724 443 877 477 peccatoris

86 486 178 521 populi
195 487 320 513 meritum
335 485 422 513 fuerat
441 486 561 518 electus,
577 492 657 522 negat
671 495 733 515 eum
749 495 810 515 cum
827 496 876 516 sua

86 533 228 559 voluntate
239 552 247 565 ,
264 532 307 559 vel
323 532 436 560 consilio
451 533 638 560 constitutum.
660 532 725 560 Tale
747 542 811 568 ergo
827 534 876 562 ali-

85 578 153 611 quid
171 579 356 613 intelligamus
370 579 452 606 etiatn
472 579 498 606 in
517 579 647 608 Ecclesiis
662 580 731 612 fieri,
750 582 813 616 quia
826 589 875 617 pro

86 623 193 650 meritis
207 623 296 658 populi
311 644 318 656 ,
338 629 385 650 aut
399 625 425 651 in
438 625 522 653 verbo
537 630 564 653 et
581 633 663 661 opere
683 631 779 662 potens
790 636 805 655 a
820 628 875 656 Deo

87 669 217 696 tribuitur
239 675 330 697 rector
343 670 472 698 Ecclesia!
486 691 493 703 ,
519 676 566 699 aut
581 672 604 700 si
620 673 768 708 malignum
793 673 874 702 faciat

85 715 202 750 populus
218 716 243 742 in
267 722 411 750 conspectu
429 717 535 744 Domini
550 737 559 751 ,
575 718 636 745 talis
653 719 778 747 Ecclesiae
791 720 873 754 judex

83 763 168 788 datur
181 781 188 793 ,
206 761 255 788 sub
270 769 324 796 quo
338 763 436 789 famem
458 768 487 790 et
512 764 586 791 sitim
604 766 717 800 populus
735 767 871 800 patiatur,

86 815 97 832 ι
114 814 168 833 non
183 806 281 833 famctn
298 808 376 841 panis
387 827 394 841 ,
412 815 500 842 neque
513 809 585 836 sitim
601 817 694 845 aquae,
709 812 755 839 sed
773 812 871 840 famem

84 853 214 880 audiendi
229 854 341 880 verbum
358 854 465 882 Domini
481 855 512 882 ⁸⁸.
530 866 539 882 ι
557 856 594 884 Ita
607 864 672 892 ergo
688 866 736 885 nos
749 866 870 894 agamus,
889 841 909 870 Β

83 903 112 924 et
128 898 164 925 ita
181 906 301 931 oremus.
320 907 354 926 ne
370 907 489 934 unquam
506 909 556 929 nos
576 902 666 930 tliviua
681 903 828 939 indignatio
845 907 870 933 in

82 944 161 971 verbi
177 945 246 972 fatue
266 946 427 974 condemnet
445 955 476 974 ac
490 947 552 980 siti,
574 955 608 975 ne
627 957 744 984 unquam
764 949 873 977 aufera-

83 994 130 1018 tur
144 997 158 1016 a
180 991 269 1023 nobis,
287 992 333 1026 qui
347 999 396 1019 nos
411 993 536 1021 verho’et
551 1001 632 1029 opere
644 995 771 1027 instruat,
786 996 830 1031 qtli
845 997 870 1023 in

83 1035 222 1069 moribus,
238 1042 266 1064 ct
279 1038 421 1065 honestate
435 1059 443 1072 ,
459 1040 504 1074 qui
520 1041 658 1074 patientia:
672 1049 703 1068 ac
717 1048 872 1069 mansuetu-

83 1082 155 1109 dinis
179 1082 327 1116 perfectum
348 1084 380 1111 de
401 1092 430 1112 se
445 1086 551 1120 populis
575 1091 685 1121 praestet
701 1088 867 1122 exemplum.

83 1126 152 1154 Nam
161 1128 183 1154 si
193 1135 242 1154 nos
252 1128 548 1164 fecerimusmaliguum
558 1131 582 1157 in
596 1138 742 1167 conspectu
753 1132 869 1165 Domini,

83 1173 110 1200 id
127 1179 179 1205 est,
193 1174 215 1200 si
229 1174 299 1201 male
311 1175 448 1209 egerimus
464 1195 472 1208 ,
485 1177 506 1203 si
524 1176 693 1205 voluntatem
709 1183 830 1206 nostratn
843 1185 870 1207 et

82 1226 135 1246 non
153 1219 199 1247 Dei
216 1220 332 1248 facimus
343 1242 350 1254 ,
366 1221 482 1249 moritur
498 1228 526 1250 et
543 1223 623 1251 nobis
639 1223 734 1257 Aioth,
748 1225 869 1253 aufertur

80 1269 108 1291 et
124 1264 266 1301 Semegar,
282 1271 310 1294 et
323 1269 482 1295 obscuratur
498 1268 557 1296 laus
573 1274 676 1302 nostra,
697 1271 829 1298 tradimur
841 1273 869 1299 in

81 1318 178 1339 manus
191 1311 269 1339 Jabiu
285 1313 356 1348 regis
376 1313 514 1342 Chanaan.
533 1314 611 1342 Jahin
627 1321 716 1344 autem
733 1317 868 1353 interpre-

81 1360 153 1383 tatur
170 1365 263 1385 unsu:
279 1358 337 1386 sive
349 1360 490 1393 prudentia
505 1360 571 1396 (62).
587 1360 615 1388 Si
637 1369 703 1397 ergo
719 1370 767 1391 nos
788 1372 798 1390 ε
813 1371 865 1391 non

80 1404 284 1438 probaverimus
301 1405 384 1433 Deum
406 1407 507 1435 habere
520 1408 548 1434 in
562 1408 668 1440 notitia,
683 1418 694 1435 ι
712 1409 796 1436 tradit
817 1417 866 1437 nos

81 1449 151 1477 Deus
170 1459 179 1476 t
210 1451 237 1478 in
255 1451 399 1485 reprohum
422 1461 530 1481 sensum
542 1473 549 1486 ,
572 1455 688 1489 repletos
707 1455 863 1489 iniquitate,

79 1496 210 1530 nequitia,
227 1496 419 1532 fornicatione,
437 1500 562 1534 avaritia,
580 1501 674 1536 plenos
689 1501 799 1533 invidia,
817 1502 864 1528 ho-
877 1512 898 1541 ε

78 1541 206 1573 micidiis,
230 1543 415 1577 contentione,
437 1545 516 1578 dolo,
541 1552 748 1581 susurratores,
773 1548 864 1575 detra-

76 1594 178 1621 ctores,
197 1588 253 1617 Deo
269 1589 394 1623 odibiles,
410 1593 634 1627 contumeliosos,
651 1595 794 1628 superbos,
808 1596 866 1623 ela-

75 1638 131 1666 tos.
147 1635 306 1669 parentibus
322 1643 374 1664 non
392 1638 562 1670 obedientes,
584 1639 787 1674 incompositos,
805 1641 864 1669 sine

73 1679 187 1712 affectu,
203 1682 262 1708 sine
277 1682 460 1710 misericordia
474 1683 507 1712 ".
520 1693 530 1711 ›
542 1683 623 1712 Vides
633 1685 678 1719 qui
690 1686 744 1713 sint
759 1691 787 1713 et
797 1694 863 1721 qua-

73 1725 115 1753 les
131 1727 177 1761 qui
192 1728 335 1755 traduntur
347 1728 374 1755 in
389 1729 532 1763 reprobutn
547 1738 668 1763 sensum,
683 1732 729 1766 qui
746 1732 860 1760 tradun-

74 1776 121 1799 tur
132 1772 212 1799 Jabin
223 1774 337 1809 principi
350 1774 580 1804 Chananaeorunt.

109 1817 194 1854 468
211 1818 238 1845 4.
259 1828 268 1845 t
283 1819 316 1846 Et
336 1821 461 1856 princeps
474 1841 482 1854 ,
498 1822 586 1856 inquit
605 1823 638 1856 ",
660 1823 762 1851 militite
783 1823 861 1852 Jabin

71 1870 130 1890 erat
156 1864 261 1898 Sisara,
283 1869 309 1891 et
329 1865 386 1900 ipse
401 1867 540 1894 habitabat
557 1867 583 1894 in
603 1868 712 1896 Arisoth
731 1871 861 1904 gentium.

70 1913 99 1934 et
113 1912 191 1935 erant
208 1910 232 1935 ei
248 1910 376 1944 nongenti
402 1918 498 1938 currus
516 1911 611 1940 ferrei.
629 1913 662 1940 Et
678 1914 862 1942 clamaverunt

71 1953 106 1980 ad
124 1954 266 1981 Dotninum
284 1955 331 1982 filii
346 1953 439 1984 lsr'ael.
455 1966 464 1983 ι
483 1957 570 1984 Etiam
585 1959 652 1986 etin
668 1959 720 1986 hoc
735 1959 862 1987 similiter

69 2000 116 2028 illa
132 2008 215 2034 quam
241 2003 366 2035 superius
394 2004 606 2039 designavimus,
631 2007 787 2034 obserVatio
811 2016 860 2034 ctr-

67 2048 200 2078 stoditur.
212 2048 276 2082 quia
290 2049 543 2078 nesciuntclamare
556 2052 589 2078 ad
604 2051 746 2079 Dominum
761 2053 807 2080 filii
824 2054 861 2080 ls-

67 2092 128 2120 raet
144 2092 197 2119 nisi
219 2100 279 2120 cum
301 2094 392 2121 traditi
412 2094 513 2123 fuerint
537 2096 563 2123 in
587 2105 683 2125 manus
701 2097 782 2126 Jahin
795 2119 803 2131 ,
819 2099 859 2126 rel

66 2147 131 2167 cum
156 2138 246 2167 afﬂicti
263 2147 312 2174 per
332 2140 390 2174 ejus
411 2141 514 2168 militiae
535 2143 686 2177 principem
712 2143 832 2170 Sisararn
848 2164 856 2176 ,

932 211 1021 245 phetia
1045 220 1104 247 quae
1129 218 1169 240 est
1196 213 1222 240 in
1240 213 1323 250 figura
1351 215 1497 249 Debhone,
1519 222 1546 245 et
1568 220 1716 247 secundum

931 258 1081 292 prophetiae
1097 259 1232 293 gratiam,
1249 265 1275 287 ct
1293 261 1512 296 intelligentiam,
1530 264 1570 290 vel
1586 264 1718 292 Ecclesia:

929 303 1042 338 populus
1055 304 1231 339 gubernetur,
1244 306 1285 333 vel
1298 308 1380 334 etiam
1395 316 1491 336 sensus
1504 310 1717 346 uniuscujusque

929 349 1026 377 tuentis
1041 354 1068 376 et
1085 350 1183 378 anima:
1201 357 1320 386 regatur,
1339 360 1387 388 per
1402 353 1493 382 Jcsum
1508 354 1646 383 Christum
1665 356 1715 383 Do-

927 394 1031 422 minum
1047 401 1170 425 nostrum
1181 419 1188 432 ,
1204 399 1247 426 ctti
1262 404 1303 427 est
1319 400 1404 435 gloria
1420 406 1446 429 et
1463 401 1604 437 imperium
1622 403 1648 430 in
1666 411 1716 430 sa:-

928 440 987 467 cula
1003 441 1176 471 steculorum.
1195 443 1292 473 Amen.

1226 500 1366 529 HOMILIA
1391 503 1422 531 ν.

997 541 1035 570 οι
1048 543 1179 580 Debbora,
1193 552 1216 574 et
1233 546 1351 580 Burach,
1369 555 1392 576 et
1403 549 1491 584 Jaltel,
1505 557 1527 578 et
1541 551 1643 580 Sisara.

964 588 987 615 ι.
1006 589 1044 617 De
1056 592 1251 625 quaestionibus
1267 594 1300 620 ad
1324 595 1487 629 qurestioues
1500 616 1507 628 ,
1521 602 1549 624 et
1566 598 1599 625 de
1617 606 1712 627 sacra-

927 634 1025 661 mentis
1048 635 1082 662 ad
1099 642 1269 665 sacramenta
1295 640 1460 668 transitnus:
1479 645 1506 669 et
1531 649 1591 670 cum
1614 645 1656 671 vix
1681 653 1712 673 ac

925 677 1068 707 difﬁculter
1089 681 1175 716 prima
1192 690 1307 719 quaeque
1334 685 1510 720 explanamus
1523 707 1531 720 ,
1559 689 1712 718 difﬁcilibus

925 722 1076 752 dilliciliora
1092 727 1260 760 succedunt,
1283 736 1343 763 qua:
1358 737 1409 758 non
1431 735 1486 758 tam
1503 733 1602 767 ingenii
1617 734 1712 763 facun-

926 767 968 794 dia
996 769 1155 805 indigeant,
1180 780 1262 808 quam
1280 775 1378 803 divinae
1396 778 1491 811 gratiae
1517 781 1710 815 aspirationem

925 814 1073 849 requirant.
1102 816 1166 845 Sine
1192 819 1276 846 dubio
1300 821 1372 848 enim
1402 824 1517 858 requirit
1544 814 1709 860 auditorem,

923 861 1050 893 quoniam
1069 863 1178 896 quidem
1202 867 1336 893 sententia
1353 873 1395 894 est
1408 871 1521 903 apostoli
1540 871 1634 905 Pauli,
1649 882 1710 909 qum

923 905 989 933 dicit
1001 906 1023 922 “
1036 916 1042 934 :
1065 917 1074 934 ι
1087 907 1181 937 Omnis
1201 911 1335 945 scriptura
1352 913 1480 943 divinitus
1495 916 1623 951 inspirata
1635 939 1642 952 ,
1655 905 1710 947 uti-

922 952 957 979 lis
973 959 1016 980 est
1030 955 1063 982 ad
1086 955 1257 990 docendum,
1275 959 1307 986 ad
1326 959 1519 996 irtcrepandtrm
1532 984 1539 997 ,
1557 965 1590 992 ad
1605 966 1708 994 doctri-

922 1006 983 1025 nam
995 1007 1055 1034 quae
1069 1006 1110 1028 est
1126 1003 1153 1029 in
1169 1002 1285 1038 justitia.
1302 1014 1311 1031 ›
1328 1005 1397 1039 Quid
1418 1016 1483 1042 ergo
1497 1008 1591 1038 habeat
1607 1012 1633 1039 iu
1647 1020 1708 1041 sese

921 1044 971 1072 ista
985 1044 1135 1081 Scriptura,
1149 1055 1230 1083 quam
1243 1049 1301 1077 sine
1315 1051 1395 1079 dubio
1408 1057 1436 1080 et
1449 1053 1533 1088 ipsam
1547 1055 1706 1090 inspiratam

920 1089 1048 1118 divinitus
1068 1092 1248 1126 confitemur,
1263 1095 1334 1128 quod
1352 1096 1429 1123 nobis
1447 1098 1479 1124 ad
1493 1089 1646 1127 doctrinam
1662 1108 1708 1129 ce-

920 1135 983 1167 dat,
1000 1138 1072 1170 quod
1088 1137 1121 1164 ad
1139 1138 1364 1174 increpationem,
1379 1143 1451 1176 quod
1471 1144 1504 1171 ad
1521 1145 1705 1180 disciplinam,

919 1181 991 1214 quod
1015 1183 1048 1209 ad
1069 1181 1223 1216 justitiam.
1256 1184 1410 1221 diligentius
1433 1194 1474 1215 cst
1502 1188 1704 1225 inquirendum.

918 1225 988 1258 Quid
1003 1228 1075 1254 enim
1095 1229 1173 1256 nobis
1190 1236 1224 1257 ex
1240 1230 1291 1258 hoc
1309 1233 1459 1266 confertur,
1478 1235 1500 1262 si
1517 1235 1638 1270 legamus
1654 1238 1705 1266 hoc

918 1272 988 1306 quod
1001 1273 1142 1300 recitatum
1153 1277 1206 1307 est,
1219 1274 1244 1301 id
1259 1280 1309 1308 est,
1321 1278 1391 1310 quod
1405 1287 1415 1304 ‹
1428 1278 1560 1314 Debbora,
1574 1282 1660 1318 inquit
1670 1284 1703 1316 ⁸⁵,

917 1317 1015 1344 mulier
1029 1319 1214 1354 prophetissa,
1232 1328 1302 1348 uxor
1313 1321 1476 1357 Laphidoth,
1493 1325 1547 1360 ipsa
1562 1317 1704 1362 judicabat

917 1362 998 1389 Israel
1016 1363 1060 1391 illo
1079 1369 1211 1400 tempore,
1227 1371 1253 1393 et
1278 1367 1345 1401 ipsa,
1363 1368 1463 1403 inqttit,
1483 1370 1605 1400 Debbora
1621 1377 1701 1403 sede-

916 1406 961 1434 bat
978 1408 1029 1435 sub
1052 1408 1140 1443 paltna
1165 1410 1236 1438 inter
1251 1412 1368 1440 medium
1395 1414 1491 1448 ﬂama,
1509 1422 1536 1444 et
1555 1417 1626 1447 inter
1648 1429 1705 1449 me-

915 1453 987 1480 dium
1004 1454 1108 1489 Bethel,
1124 1456 1150 1482 in
1172 1462 1263 1484 monte
1284 1457 1410 1493 Ephrem.
1427 1464 1454 1487 et
1471 1463 1654 1492 ascendebant
1668 1468 1702 1493 ad

916 1506 974 1526 eam
990 1499 1036 1527 filii
1048 1500 1140 1533 Israel,
1156 1506 1185 1529 ut
1202 1502 1407 1536 judicarentur?
1418 1515 1427 1531 ι
1446 1506 1513 1534 Tum
1526 1508 1624 1538 deinde
1638 1513 1702 1545 quid

917 1545 993 1573 nobis
1012 1546 1173 1575 eruditionis
1187 1568 1195 1581 ,
1221 1554 1268 1575 aut
1293 1549 1426 1579 doetrinte
1442 1572 1449 1584 ,
1468 1558 1514 1580 aut
1536 1554 1646 1588 justiti:
1669 1566 1701 1586 ea

914 1591 1058 1619 conferunt
1079 1601 1139 1628 qum
1155 1599 1306 1629 sequuntur
1319 1616 1326 1628 ,
1349 1596 1401 1623 vel,
1417 1597 1451 1624 de
1469 1597 1573 1627 Barach
1584 1621 1591 1633 ,
1610 1602 1652 1629 vel
1668 1604 1703 1631 de

914 1636 1002 1669 Jahel,
1017 1637 1058 1664 vel
1073 1638 1155 1666 etiam
1172 1639 1205 1666 de
1222 1639 1315 1667 Sisara
1335 1641 1403 1669 duce
1416 1643 1519 1672 militia:
1532 1643 1632 1673 Jabin?

947 1682 976 1709 ‘2.
994 1682 1139 1711 Videamus
1156 1691 1222 1719 ergo
1236 1692 1269 1712 ne
1284 1685 1353 1713 forte
1370 1694 1419 1721 per
1443 1688 1500 1716 haec
1520 1689 1632 1725 digitum
1648 1692 1700 1720 ali-

913 1729 976 1763 quid
991 1729 1060 1757 sicut
1074 1735 1101 1758 et
1113 1729 1261 1765 Scripturis
1278 1733 1395 1766 caeteris,
1412 1734 1446 1762 de
1459 1739 1641 1765 sacramentis
1655 1747 1698 1766 se-

913 1775 1077 1802 cretioribus
1094 1775 1252 1804 doceamur.
1268 1777 1361 1806 Primo
1374 1779 1424 1807 hoc
1439 1779 1538 1814 ipsum,
1552 1784 1624 1817 quod
1637 1791 1699 1812 eum

913 1819 1019 1854 plurimi
1035 1820 1141 1854 judices
1156 1821 1208 1849 viri
1229 1822 1256 1849 in
1275 1822 1357 1850 Israel
1372 1823 1457 1852 fuisse
1478 1825 1650 1862 referuntur,
1665 1830 1700 1857 de

913 1864 986 1891 nullo
1002 1865 1111 1892 illorum
1129 1867 1240 1900 dicitur,
1257 1868 1319 1902 quia
1336 1869 1468 1904 propheta
1485 1871 1564 1899 fuerit
1575 1892 1584 1906 ,
1599 1874 1649 1902 nisi
1665 1875 1699 1904 de

912 1909 1034 1938 Debbora
1054 1911 1178 1940 muliere.
1197 1912 1313 1941 Praestat
1327 1919 1354 1941 et
1367 1914 1393 1942 in
1416 1915 1466 1943 hoc
1481 1925 1533 1944 non
1556 1919 1696 1948 minimam

911 1956 1124 1984 consolationem
1140 1958 1284 1986 mulierum
1310 1960 1386 1987 sexui
1411 1961 1493 1988 etiam
1509 1963 1595 1997 prima
1614 1965 1698 2000 ipsius

911 2004 1009 2032 littera:
1025 2004 1108 2032 facies
1119 2025 1126 2038 ,
1151 2011 1178 2033 et
1193 2012 1323 2041 pravocat
1347 2016 1393 2036 eas
1409 2009 1448 2037 uti
1464 2018 1633 2046 nequaquam
1648 2023 1698 2050 pro

911 2051 1068 2080 infirmitate
1078 2060 1160 2080 sexus
1177 2054 1323 2088 desperent
1340 2056 1422 2082 etiam
1441 2059 1589 2093 prephctia:
1602 2062 1697 2095 gratiae

910 2105 1023 2133 capaces
1041 2107 1072 2126 se
1091 2100 1148 2127 tieri
1166 2107 1255 2135 posse.
1273 2102 1319 2128 sed
1346 2102 1517 2139 intelligant,
1535 2111 1562 2132 et
1583 2108 1697 2135 credant

909 2144 980 2178 quod
1003 2148 1122 2171 meretur
1139 2145 1210 2173 hanc
1235 2147 1352 2181 gratiam
1378 2149 1483 2183 paritas
1501 2152 1617 2184 mentis,
1641 2161 1694 2180 non

69 2194 80 2211 ε
95 2185 139 2212 cui
154 2190 242 2217 erant,
257 2186 353 2220 inquit,
368 2187 495 2221 nongenti
511 2195 610 2215 currus
625 2188 718 2222 ferrei,
733 2199 743 2215 ι
758 2190 857 2223 quibus
873 2184 894 2211 Ι)
909 2189 1052 2217 diversitas
1067 2197 1159 2218 sexus.
1175 2190 1228 2218 Sed
1245 2192 1385 2220 videamus
1400 2195 1465 2228 quid
1480 2196 1562 2224 etiam
1584 2198 1695 2225 interio-

65 2232 174 2259 scilicet
197 2231 363 2266 aﬂligcretur
384 2232 497 2267 populus
513 2233 588 2260 durae
611 2234 737 2262 cervicis.
762 2235 854 2263 Sisara

64 2286 159 2307 autem
184 2281 379 2316 interpretatur
402 2283 466 2309 visio
482 2283 540 2317 equi
556 2282 623 2319 (65).
650 2283 704 2311 Isle
723 2289 763 2311 est
782 2285 853 2312 enirn

63 2325 196 2352 animalis
207 2344 215 2357 ,
233 2334 285 2353 non
301 2327 441 2360 spiritalis,
456 2328 502 2362 qui
524 2336 576 2355 non
594 2329 665 2356 videt
681 2330 732 2356 nisi
749 2336 780 2356 ea
795 2338 854 2364 qua:

63 2370 194 2398 auirnalis
207 2377 280 2400 sunt.
293 2372 351 2407 Ipse
363 2379 406 2401 est
420 2373 479 2407 ejus
491 2374 570 2407 visio,
585 2375 641 2409 ipse
654 2383 760 2411 semper
771 2376 854 2403 intui-

63 2421 121 2444 tus.
139 2416 172 2444 Et
191 2418 252 2445 ideo
266 2427 371 2454 semper
398 2420 524 2448 animalis
549 2422 629 2449 homo
641 2441 649 2454 ,
666 2427 693 2449 et
712 2423 735 2450 is
753 2423 797 2458 qtti
813 2431 856 2451 se-

62 2463 185 2491 cundum
199 2472 311 2493 carnem
326 2471 378 2500 est,
391 2469 565 2503 persequitur
576 2476 637 2495 eum
649 2469 694 2503 qui
706 2469 854 2497 secundum

61 2510 193 2544 spiritum
209 2515 263 2543 est,
283 2512 371 2540 donec
386 2514 518 2548 spiritalis
533 2514 682 2549 intelligat,
703 2519 730 2542 et
751 2515 853 2542 exarui-

60 2560 112 2583 net
122 2556 216 2583 omnia
231 2556 294 2588 ".et
309 2558 442 2595 intelligat
458 2561 532 2587 unde
544 2561 595 2588 sibi
611 2561 648 2588 sit
661 2561 789 2588 auxilium
807 2561 854 2588 do-

60 2604 230 2637 poscendum
242 2624 250 2636 ,
265 2609 293 2631 et
310 2605 409 2633 clamet
423 2607 456 2633 ad
473 2606 615 2634 Dominum
630 2615 636 2632 :
656 2608 741 2634 donec
755 2607 852 2635 anima:

97 2649 120 2686 ff
132 2652 199 2686 Qse.
231 2657 300 2686 rut,
312 2651 339 2678 4.
396 2652 420 2668 “
433 2653 515 2680 Amos
531 2661 590 2686 \‘Ilt,
618 2653 659 2680 ii.

713 2654 736 2669 "
757 2653 836 2680 Rom.
850 2661 856 2680 ι
872 2673 880 2686 ,

911 2235 949 2262 ris
973 2235 1157 2271 intelligentia:
1183 2237 1299 2271 respirat
1322 2245 1463 2266 arcantrm.
1489 2240 1611 2269 Debbora
1637 2245 1694 2278 apis

910 2283 1103 2316 interpretatur
1117 2283 1175 2310 sive
1200 2283 1303 2318 loquela
1318 2283 1386 2319 (64).
1404 2284 1457 2313 Sed
1480 2286 1535 2321 jam
1558 2292 1584 2315 et
1602 2289 1627 2315 in
1649 2296 1696 2316 su-

907 2328 1058 2361 perioribus
1071 2328 1187 2355 diximus
1206 2331 1277 2364 quod
1293 2329 1415 2357 Dehbora
1429 2330 1454 2357 in
1473 2332 1620 2367 prophetia:
1637 2334 1693 2361 for-

908 2382 951 2401 ma
968 2374 1124 2409 accipienda
1142 2375 1195 2407 sit,
1217 2382 1277 2411 quae
1291 2381 1332 2403 est
1348 2378 1416 2412 apis.
1437 2378 1549 2406 Certum
1575 2387 1693 2420 namque

906 2425 947 2447 est
966 2421 1037 2455 quod
1052 2421 1140 2448 onmis
1154 2422 1297 2456 prophetia
1314 2430 1411 2450 suaves
1426 2424 1548 2451 caelestis
1563 2425 1692 2453 doctrinae

908 2466 1003 2498 favos,
1023 2470 1050 2493 et
1073 2465 1162 2493 dulcia
1193 2467 1278 2494 divini
1305 2467 1403 2502 eloquii
1431 2469 1508 2495 mella
1533 2476 1690 2504 componat.

907 2511 983 2539 Unde
1008 2517 1034 2539 et
1053 2511 1135 2539 David
1153 2513 1269 2540 canebat
1286 2513 1380 2540 dicens
1406 2513 1445 2540 '°:
1464 2522 1474 2540 t
1493 2514 1577 2548 Quam
1601 2516 1689 2543 dulcia

905 2558 1026 2587 faucibus
1042 2559 1110 2586 meis
1129 2558 1236 2593 eloquia
1253 2563 1313 2592 tua,
1335 2566 1416 2594 super
1433 2559 1484 2587 mel
1500 2565 1528 2587 et
1543 2561 1632 2588 favum
1647 2563 1690 2590 ori

905 2612 975 2632 meo.
988 2614 997 2630 ι
1016 2604 1049 2632 Et
1062 2604 1159 2632 iterum
1172 2603 1235 2631 alibi
1249 2604 1313 2632 dicit
1326 2604 1359 2637 ",
1371 2603 1471 2637 judicia
1487 2603 1531 2632 Dei
1547 2613 1557 2630 ι
1570 2606 1688 2640 pretiosa

904 2652 1002 2680 28-5l.
1053 2650 1077 2666 ιο
1099 2649 1160 2676 Jud.
1189 2657 1226 2681 tv,
1251 2648 1278 2682 2,
1306 2647 1334 2675 5.
1405 2648 1428 2664 ⁸⁷
1455 2648 1465 2676 l
1489 2648 1550 2676 Cor.
1580 2657 1610 2683 tt,
1642 2651 1687 2678 l5.

57 2684 83 2700 δ’
95 2684 115 2711 ll
130 2684 203 2712 Tim.
220 2693 260 2717 tn,
271 2685 314 2713 i6.
352 2686 374 2702 δ’
387 2686 448 2715 Jud.
466 2695 503 2721 tv,
518 2688 546 2722 4,
564 2684 590 2716 5.
629 2688 651 2705 '°
667 2687 739 2716 Psul.
755 2697 829 2720 cxtx.
845 2689 854 2715 i

944 2687 965 2703 "
977 2685 1048 2713 Psal.
1061 2693 1119 2717 ιη,
1136 2685 1179 2712 Η.

95 2733 153 2771 (62)
176 2733 257 2760 labia
273 2740 360 2762 autent
385 2736 577 2770 interpretatur
592 2744 682 2764 sensus
706 2737 759 2764 sive
783 2745 846 2771 pra.

56 2769 161 2796 dentia.
182 2770 200 2795 Α
219 2773 265 2812 ῇι
278 2779 287 2796 t
305 2769 464 2805 intelligere,
484 2772 594 2799 sentire.
611 2780 620 2797 ι

94 2815 153 2849 (65)
167 2814 261 2842 Sisara
278 2820 365 2841 autem
385 2815 573 2850 interpretatur
592 2817 657 2844 visio
669 2817 738 2849 equi.
755 2817 772 2844 Λ
790 2822 849 2847 nm

240 2864 378 2893 PATROL.
401 2863 458 2893 (ia.
484 2863 553 2895 XII.

904 2745 914 2761 ς
932 2734 1020 2762 vidit:
1037 2738 1065 2760 et
1082 2737 1133 2763 D'ID
1156 2740 1166 2757 ι
1179 2739 1273 2767 equus.
1291 2741 1299 2756 r

938 2780 994 2815 (64)
1012 2778 1130 2815 Debbora
1143 2777 1200 2809 apis
1221 2778 1409 2815 interpretatur
1421 2777 1474 2804 sive
1488 2777 1601 2812 loquela.
1621 2777 1687 2814 Apis

904 2823 918 2843 ιι
931 2811 1015 2848 ήτῐτ,
1043 2814 1149 2851 loquela
1164 2821 1179 2841 a
1206 2817 1262 2841 ’δι-γ
1281 2821 1289 2837 ι
1313 2811 1417 2840 locutus
1431 2816 1482 2839 cst.
1507 2824 1515 2838 ι

1468 2860 1503 2889 31
