1896 3052
195 117 245 143 971

922 114 1085 145 ORIGENIS

1772 115 1820 143 919

193 181 259 202 esse
275 180 356 209 super
369 180 465 201 aurum
481 193 488 206 ,
506 178 533 200 et
550 173 665 208 lapidem
681 173 829 208 pretiosum
845 171 958 200 multum
973 191 980 204 ,
996 175 1020 203 Α
1034 179 1095 198 cum
1111 171 1254 206 prophetia
1279 170 1378 198 falsum
1403 175 1455 199 est.
1477 170 1536 198 Non
1558 171 1630 198 enim
1647 171 1736 198 secuti
1764 177 1822 199 sunt

197 225 225 247 et
239 219 359 247 dulciora
375 225 456 253 super
469 218 519 246 mel
535 223 562 246 et
576 218 677 246 favum.
701 227 711 245 ι

233 265 261 292 '5.
278 265 332 292 Sed
344 269 371 292 et
383 264 447 291 illud
461 264 675 295 consideremus.
691 263 735 291 ubi
752 263 873 291 residere
884 263 983 291 dicitur

196 311 350 346 prophetia,
367 315 394 337 et
410 309 453 336 ubi
475 309 549 337 locus
562 309 621 343 ejus
633 316 694 337 esse
706 309 883 337 describitur.
901 317 911 334 I
928 309 983 336 Sub

199 356 300 390 palma,
317 355 404 389 inquit
418 355 452 386 δ’,
468 354 537 382 inter
551 355 669 382 medium
685 354 781 386 Bama,
798 358 826 382 et
844 353 915 381 inter
929 361 985 380 me-

200 401 273 428 dium
292 399 394 427 Bcthel.
407 409 416 425 ι
434 397 490 427 Sub
508 399 596 434 palma
614 400 705 427 sedem
729 399 809 426 habet
824 398 962 434 prophetia
975 417 983 429 ,

198 447 262 481 quia
279 455 288 471 ι
300 445 398 480 justus,
412 445 499 480 inquit
513 445 595 472 David
607 445 640 477 ",
657 445 726 472 sicut
738 444 826 480 palma
839 443 956 476 ﬂorebit,
972 453 981 470 ι

199 501 248 528 per
263 493 316 520 hoc
331 491 402 525 quod
418 491 474 518 suis
489 490 703 518 institutionibus
717 490 853 518 eruditum
870 490 986 524 prophe-

200 539 236 564 tia
254 537 377 572 perducit
394 537 427 563 ad
444 536 560 571 palmam
578 543 700 571 supernae
717 535 867 563 vocationis
883 535 940 567 Dei,
959 535 984 562 in

196 583 308 611 Christo
329 582 392 610 Jesu
410 582 524 610 Domino
542 587 644 610 nostro.
665 582 739 610 Inter
763 582 878 610 medium
895 586 985 609 autem

200 629 297 661 Bama,
313 633 340 656 et
357 628 428 655 inter
443 626 561 654 medium
579 627 673 655 Bethel
695 627 790 655 sedere
805 628 917 655 dicitur.
932 626 987 654 Ra-

201 683 244 703 ma
259 675 451 708 interpretatur
461 673 573 706 excelsa,
584 672 677 700 Bcthel
689 673 781 700 domus
798 672 844 699 Dei
858 672 925 708 (65).
941 671 988 699 Vi-

196 721 260 748 dete
272 721 298 747 in
312 719 410 754 quibus
423 718 488 746 locis
501 717 621 746 residere
634 718 732 745 dicitur
747 718 900 753 prophetia,
916 718 987 745 inter

199 765 306 794 excelsa
331 769 359 791 et
381 764 490 790 domum
517 763 573 790 Dei.
601 762 672 790 Nihil
687 763 759 790 enim
783 763 988 796 humile,nihil

199 810 349 845 (injectum,
369 808 436 836 nihil
452 808 504 836 vile
521 816 584 843 erga
600 808 750 843 prophetia:
765 808 857 836 sedem
874 809 987 844 reperiri

1036 218 1218 253 prophetiam,
1229 222 1258 245 ut
1273 218 1417 245 crederent
1427 218 1451 245 ei
1464 219 1497 245 de
1508 225 1562 252 quo
1580 218 1669 245 omnis
1684 218 1821 252 prophetia

1036 264 1193 298 praescripta
1208 268 1250 291 est
1266 272 1280 290 a
1293 263 1414 292 Christo.
1446 263 1594 299 Propterea
1617 272 1684 297 ergo
1700 264 1770 292 dicit
1790 264 1820 290 ad

1036 318 1098 338 eum
1115 311 1238 338 Debbora
1258 311 1282 326 "
1298 319 1303 337 :
1326 319 1335 335 ι
1350 309 1395 337 Ibo
1415 314 1516 338 tecum.
1533 309 1730 337 Verumtamen
1746 311 1822 342 scito,

1037 354 1100 386 quia
1113 361 1167 381 non
1183 354 1236 381 erit
1256 354 1391 388 primatus
1404 358 1466 382 tuus
1483 354 1510 381 in
1526 354 1568 381 via
1584 355 1635 381 hac
1650 362 1734 389 quam
1755 355 1821 382 ince-

1038 399 1089 432 dis,
1101 400 1146 426 sed
1159 399 1184 427 in
1197 407 1277 426 manu
1289 399 1412 426 mulieris
1425 399 1513 426 tradet
1526 398 1654 426 Dominus
1667 398 1801 425 Sisaram.
1813 407 1822 424 ι

1040 443 1186 471 Evidenter
1201 444 1320 471 ostendit
1333 444 1398 478 quia
1419 451 1472 471 non
1490 444 1545 470 erit
1565 443 1635 477 apud
1651 443 1727 470 illum
1741 451 1823 478 popu-

1039 488 1093 515 lum
1109 488 1254 523 primatus,
1272 495 1321 515 nec
1336 487 1505 523 permanebit
1531 488 1599 522 apud
1621 495 1683 515 eum
1706 488 1825 515 victortz

1039 534 1140 569 palma,
1163 534 1209 562 sed
1235 534 1261 561 in
1286 542 1367 561 manu
1384 533 1523 567 mulieris,
1548 533 1591 561 cui
1618 541 1716 561 nomen
1739 533 1826 565 Jahcl,

1043 581 1167 608 tradetur
1180 580 1285 607 Sisara.
1301 580 1469 607 Describitur
1484 585 1574 607 autem
1589 581 1662 614 quod
1676 581 1825 607 secundum

1041 626 1279 653 commonitionem
1299 625 1440 657 Debborae,
1466 626 1492 652 id
1511 629 1553 652 est
1568 626 1730 660 prophetiae,
1757 626 1826 653 inse-

1040 676 1171 706 queretur
1187 671 1291 698 Barach
1303 671 1454 706 principem
1465 671 1669 707 Allophylorum
1687 671 1826 699 Sisaram:

1041 723 1069 745 et
1085 718 1141 752 ipse
1154 717 1261 752 quidem
1273 724 1335 744 eum
1350 717 1583 751 comprehendere
1597 725 1650 744 non
1666 718 1767 752 potuit,
1781 717 1826 744 sed

1042 764 1163 791 occurrit
1182 764 1206 791 ei
1230 763 1343 799 fugienti
1373 763 1470 791 mulier
1491 763 1642 797 alienigena
1659 762 1736 790 Jahel
1748 784 1756 795 ,
1771 771 1830 798 quae

1043 809 1139 837 mulier
1152 809 1228 844 prius
1252 817 1312 836 cum
1330 816 1363 836 eo
1377 809 1560 836 amicitiarum
1580 808 1669 836 fiedus
1685 809 1828 836 habuerat.

201 860 288 890 potest
304 866 309 881 :
326 854 398 881 sicut
411 857 437 880 et
452 853 580 880 Salomon
597 852 773 880 nihilominus
788 853 928 888 sapientia;
942 861 986 881 se-
1004 853 1024 882 Β
1039 854 1079 881 Ad
1098 862 1179 889 quant
1193 854 1237 881 ille
1249 862 1311 881 cum
1326 853 1490 881 declinasset
1504 853 1605 881 latendi
1616 853 1718 888 gratia,
1732 861 1828 888 nquam

201 901 262 928 dem
285 899 443 926 describens
455 918 463 931 ,
479 898 546 926 dicit
562 898 595 925 de
607 906 648 931 ea,
666 899 737 933 quod
753 899 794 926 vel
809 900 837 926 in»
850 901 934 935 portis
950 901 988 928 ci-

200 946 315 974 vitatum
333 944 456 976 assistat,
473 944 513 970 vel
531 944 557 971 in
572 951 712 972 murorum
725 945 859 973 mmnibus
876 946 988 980 habitet,

201 990 244 1018 vel
272 990 299 1017 in
317 990 378 1017 altis
404 989 523 1017 turribus
548 989 634 1017 libere
654 995 725 1024 agat.
744 990 801 1018 Hoc
823 998 888 1026 ergo
911 993 990 1019 modo

202 1035 354 1072 prophetia,
375 1042 435 1070 qum
453 1043 525 1062 nunc
543 1035 569 1062 in
589 1035 711 1063 Debbora
730 1037 904 1070 describitur,
919 1037 990 1064 inter

202 1082 310 1108 domum
328 1080 387 1113 Dei,
402 1085 429 1106 et
446 1081 518 1107 inter
533 1080 641 1108 excelsa
663 1081 764 1108 dicitur
779 1082 914 1109 habitare.
931 1082 988 1109 Non

202 1126 273 1153 enim
289 1133 338 1152 nos
363 1125 441 1152 docet
462 1133 521 1160 qua:
535 1133 618 1160 super
634 1132 733 1153 terram
759 1131 822 1154 sunt
846 1135 968 1163 quaerere
980 1148 988 1160 ,

201 1171 248 1198 sed
261 1179 321 1206 qua:
335 1171 361 1198 in
375 1171 454 1198 cmlis
469 1175 533 1197 sunt
544 1176 571 1198 et
586 1171 613 1198 in
628 1171 755 1205 excelsis,
779 1182 788 1198 ι
803 1173 847 1200 ubi
866 1173 990 1201 Christus

201 1221 244 1245 est
265 1217 292 1244 in
311 1216 406 1244 dextra
421 1216 468 1243 Dei
483 1215 580 1243 sedens
599 1216 641 1244 “:
658 1226 668 1243 ι
695 1218 760 1245 illuc
782 1225 830 1246 nos
849 1219 989 1253 prophetia

206 1262 334 1289 hortatur
356 1261 524 1293 ascendere,
545 1261 608 1288 illuc
636 1261 784 1297 discipulos
806 1264 914 1291 molitur
940 1264 990 1291 im-

202 1314 316 1342 ponere.

238 1353 266 1380 5.
288 1352 351 1379 Haec
374 1359 439 1387 ergo
455 1351 544 1386 primo
567 1352 699 1385 omnium,
718 1353 806 1388 inquit
818 1354 853 1388 ",
880 1363 890 1380 ι
905 1355 988 1388 misit,

203 1405 231 1426 et
250 1398 359 1426 vocavit
380 1398 413 1425 ad
437 1405 467 1424 se
491 1396 606 1424 Barach.
633 1407 643 1424 ι
668 1398 772 1427 Barach
796 1399 992 1436 interpretatur

204 1443 354 1471 coruscatio
372 1443 439 1479 (66).
456 1443 616 1470 Coruscatio
629 1451 694 1471 vero
707 1449 748 1471 est
762 1452 822 1479 quze
839 1446 919 1473 habet
933 1446 991 1481 qui-

203 1489 265 1516 dem
294 1488 399 1520 lucem,
428 1488 474 1515 sed
502 1495 554 1515 non
583 1493 747 1516 manentem.
780 1490 820 1517 Ad
856 1491 989 1519 modicum

203 1533 286 1570 ‘69
314 1534 387 1560 enim
410 1533 540 1567 temporis
566 1533 719 1567 resplendet
749 1539 776 1562 et
803 1535 914 1563 desiuit.
942 1537 991 1564 Hic

203 1585 268 1612 ergo
290 1577 393 1605 Burach
411 1577 477 1604 mihi
502 1577 608 1604 videtur
633 1577 747 1605 formam
772 1586 869 1613 gerere
897 1581 990 1614 populi

204 1623 316 1658 prioris,
331 1623 376 1658 qui
393 1622 479 1656 primo
496 1622 617 1649 omnium
635 1630 682 1657 per
697 1624 866 1658 prophetiatn
880 1631 992 1654 vocatus

205 1673 258 1700 est,
272 1672 300 1694 et
314 1667 444 1694 invitantur
461 1667 493 1693 ad
507 1667 640 1694 audienda
655 1668 765 1702 eloquia
781 1670 838 1704 Dei,
851 1675 878 1698 et
894 1671 992 1699 divinae

203 1713 274 1750 legis
286 1720 397 1739 numera
414 1712 558 1746 capienda,
579 1713 625 1748 qui
645 1714 888 1750 rcfulsitquidem,
909 1721 936 1744 et
959 1718 992 1745 ad

207 1759 274 1794 legis
293 1758 464 1793 splendorem
483 1758 517 1785 ad
537 1759 621 1787 breve
638 1765 743 1796 tempus
762 1763 927 1795 coruscavit,
944 1763 991 1790 sed

208 1812 260 1832 non
288 1804 332 1831 diu
363 1804 525 1838 permansit,
556 1813 606 1832 nec
631 1808 789 1834 continuum
813 1807 881 1835 lucis
905 1809 994 1843 potuit

207 1851 333 1878 obtinere
351 1850 494 1885 fulgorem.
516 1852 584 1879 Cum
605 1859 669 1888 ergo
685 1853 798 1882 dixisset
817 1854 942 1882 Debbora
957 1857 993 1882 ad

206 1894 321 1928 Barach,
336 1895 361 1922 id
376 1900 417 1922 est
428 1896 569 1930 prophetia
585 1897 618 1923 ad
638 1897 757 1932 priorem
771 1898 909 1932 populum,
928 1899 991 1933 quia

210 1949 219 1966 ι
237 1941 284 1968 tibi
301 1941 428 1975 praecepit
443 1941 572 1969 Dominus
587 1942 656 1971 Deus
672 1942 752 1971 Israel
765 1963 772 1976 ,
788 1948 814 1970 et
830 1949 855 1971 ιιι
876 1945 993 1972 ascende

201 1987 233 2028 in
252 1991 369 2013 montem
388 1986 508 2020 Thabor,
536 1992 564 2014 et
591 1989 685 2023 accipe
711 1990 806 2016 decem
830 1989 915 2016 millia
936 1989 992 2025 (67)

207 2032 328 2059 virorum
356 2032 392 2065 ",
407 2042 416 2058 ι
445 2038 471 2060 et
495 2034 598 2069 reliqua
624 2042 684 2069 quae
711 2035 813 2069 scripta
827 2040 909 2068 sunt,
927 2036 992 2070 quid

206 2078 379 2113 responderit
393 2077 498 2105 Barach
516 2086 550 2106 ex
564 2087 682 2113 persona
702 2080 792 2114 populi
819 2080 852 2107 ad
871 2082 992 2116 prophe-

207 2124 273 2150 tiam
299 2123 460 2151 videamus:
478 2133 487 2150 ι
502 2124 560 2151 Non
575 2145 582 2158 ,
600 2125 687 2159 inquit
707 2125 740 2157 ⁵⁷,
770 2127 926 2160 ascendant,
939 2127 991 2154 nisi

205 2163 234 2196 tu
247 2171 401 2198 ascenderis
413 2177 529 2202 mecum,
546 2171 609 2205 quia
625 2172 716 2208 nescio
736 2172 806 2199 diem
821 2173 846 2199 in
860 2179 911 2207 qua
929 2173 991 2199 utit—

208 2221 245 2243 tet
265 2216 396 2243 Dominus
421 2217 546 2252 angelum
567 2224 645 2244 suum
670 2225 784 2245 meeum.
797 2227 806 2244 ι
832 2217 911 2246 Vides
928 2226 992 2254 ergo

207 2261 344 2296 quomodo
368 2262 422 2288 illis
439 2262 577 2296 prioribus
598 2263 740 2297 prophetia
765 2263 862 2290 detulit
882 2263 992 2298 eloquia

208 2307 267 2339 Dei,
281 2312 309 2334 et
331 2307 383 2334 illis
399 2307 464 2334 dicit
484 2307 545 2334 data
561 2315 622 2335 esse
635 2313 767 2344 prarcepta
792 2313 820 2336 ut
842 2309 993 2336 ascendant

208 2353 234 2380 in
248 2357 365 2379 montem
378 2360 385 2378 :
404 2353 451 2380 sed
463 2358 594 2381 excusant
613 2358 640 2380 et
653 2354 755 2387 dicttnt,
766 2354 823 2382 Non
836 2356 993 2387 ascendam,

211 2397 262 2424 nisi
272 2396 429 2425 ascenderis
448 2402 474 2426 et
500 2402 527 2426 tu
551 2406 668 2426 mecum.
701 2392 734 2426 Et
754 2400 788 2426 de
817 2401 994 2428 excusatione

208 2438 422 2478 quidemverum
444 2447 495 2477 est,
524 2444 571 2471 sed
595 2444 629 2471 de
656 2445 869 2476 reprmnissione
895 2445 993 2472 falsum

207 2496 259 2518 est.
288 2489 365 2523 Quod
382 2491 455 2518 enim
470 2497 523 2518 non
550 2491 733 2518 ascenderunt
753 2491 779 2517 iu
803 2496 920 2518 montcnt
936 2491 993 2523 Dei,

209 2543 302 2562 verum
322 2541 379 2569 cst;
402 2536 473 2570 quod
498 2540 588 2563 autem
608 2536 771 2571 pollicentur
786 2544 815 2564 se
835 2544 996 2565 ascensurus

247 2582 268 2597 "
279 2582 339 2610 Jud.
357 2590 393 2616 tv,
412 2583 438 2610 5.

209 2617 232 2633 “
247 2617 407 2651 Psal.xxxu,
435 2617 461 2645 9.
501 2617 523 2634 ”
555 2618 648 2645 Matth.
669 2627 716 2651 vn,
744 2619 787 2646 Η.

244 2665 300 2701 (65)
326 2665 409 2692 lluma
432 2666 620 2701 interpretatur
639 2667 764 2697 excelsa;
790 2667 881 2694 Bethel
902 2671 994 2696 domus

209 2701 268 2726 Dei.
283 2700 367 2727 Rama
378 2702 486 2728 excelsa
502 2707 607 2732 ann-1;
623 2701 716 2729 Bcthel
735 2707 823 2729 autem
837 2704 933 2730 domus
947 2704 994 2732 Dei

210 2754 224 2772 ιι
235 2750 286 2776 nt:
296 2747 366 2780 quod
382 2753 432 2780 est,
450 2757 458 2772 ι
474 2749 579 2780 domns,
595 2758 603 2773 ι
618 2753 644 2775 et
655 2740 692 2778 ΒΝ
705 2758 713 2774 ι
731 2750 808 2777 Deus.
825 2759 833 2775 ι

211 2780 420 2842 “Stigmata
440 2783 627 2818 interpretatur
645 2784 803 2812 coruscatio.
818 2785 908 2826 Ap't:
922 2786 993 2820 quod

485 2583 507 2598 ⁵³
519 2582 591 2610 Psal.
604 2583 723 2616 xctt,12.
762 2583 785 2599 ⁵⁸
798 2583 902 2612 Coloss.
915 2593 956 2618 ut,
967 2585 993 2618 1,
1003 2585 1030 2612 2.

1040 899 1165 934 poposcit
1193 903 1222 926 ut
1245 898 1361 932 biberet,
1379 899 1426 926 sed
1441 899 1475 926 ab
1492 898 1536 925 illa
1562 899 1634 926 lacte
1651 903 1766 933 potatus
1780 903 1829 925 est.

1041 946 1074 973 Et
1099 953 1162 973 cum
1186 952 1247 972 eum
1272 945 1299 971 in
1327 944 1438 972 latebris
1461 945 1632 976 collocasset,
1658 952 1692 972 ac
1715 945 1831 978 pellibus

1040 990 1246 1025 adopernisset,
1265 994 1326 1024 post
1348 990 1406 1017 haec
1420 989 1511 1024 palum
1529 989 1626 1016 malleo
1642 989 1769 1016 adactum
1785 996 1831 1023 per

1041 1034 1099 1068 ejus
1116 1034 1199 1062 malas
1218 1034 1260 1061 vel
1284 1034 1409 1061 maxillas
1422 1034 1526 1061 defixit.
1551 1034 1584 1061 Et
1600 1038 1664 1061 tunc
1683 1041 1831 1062 occurrens

1041 1080 1185 1107 insectanti
1215 1079 1318 1106 Barach
1345 1085 1481 1107 mortuum
1513 1079 1569 1113 jam
1602 1085 1630 1107 et
1662 1085 1829 1114 prostratum

1042 1125 1163 1154 ostendit
1179 1125 1310 1153 Sisaram.

1076 1172 1104 1201 5.
1124 1171 1194 1205 Quid
1209 1179 1274 1207 ergo
1288 1172 1366 1199 nobis
1387 1172 1551 1200 sacramenti
1567 1173 1656 1200 omnis
1676 1173 1727 1199 iste
1740 1172 1829 1199 histo-

1042 1218 1089 1245 ria:
1113 1223 1205 1245 textus
1225 1217 1363 1245 ostendit?
1384 1216 1461 1244 Jahel
1491 1217 1589 1244 mulier
1612 1217 1775 1252 alienigena,
1799 1217 1831 1243 de

1041 1271 1094 1298 qua
1112 1263 1252 1298 prophetia
1268 1263 1337 1290 dixit
1348 1262 1418 1297 quod
1432 1262 1458 1289 in
1470 1269 1550 1289 manu
1562 1262 1683 1290 mulieris
1696 1261 1743 1289 ﬁet
1754 1262 1832 1289 victo-

1042 1310 1094 1342 ria,
1109 1309 1222 1344 tiguram
1238 1313 1311 1335 tenet
1322 1307 1459 1340 Ecclesiae,
1471 1315 1533 1342 quae
1544 1315 1576 1334 ea
1590 1307 1688 1334 alienis
1703 1307 1828 1341 gentibus

1040 1360 1206 1390 congregata
1230 1359 1284 1382 est.
1301 1353 1499 1389 interpretatur
1523 1358 1614 1382 autem
1637 1349 1714 1381 Jahel
1737 1361 1829 1381 uacen-

1041 1401 1080 1427 sio
1105 1400 1161 1436 (68)
1176 1410 1183 1427 ε
1199 1400 1262 1435 quia
1284 1407 1379 1427 revera
1406 1407 1458 1426 nun
1480 1404 1520 1427 est
1541 1399 1596 1426 alia
1619 1398 1747 1427 ascensio
1772 1406 1823 1434 qua

1041 1447 1204 1474 ascendatur
1216 1446 1250 1473 ad
1263 1447 1372 1479 cretum,
1389 1446 1438 1473 nisi
1462 1453 1509 1481 per
1525 1445 1675 1473 Ecclesiam
1693 1445 1827 1472 multifor-

1043 1491 1095 1519 tnis
1110 1492 1253 1526 sapientiae
1269 1490 1328 1518 Dei.
1346 1491 1403 1525 Ipsa
1426 1496 1467 1518 est
1483 1498 1561 1525 ergo,
1576 1498 1635 1525 qua
1654 1491 1717 1517 dum
1734 1497 1749 1517 a
1768 1498 1829 1517 cor-

1046 1537 1184 1572 poralibus
1211 1537 1243 1564 ad
1269 1536 1404 1571 spiritalia
1416 1557 1425 1570 ,
1448 1541 1474 1564 et
1492 1544 1507 1564 a
1522 1536 1638 1564 terrenis
1653 1535 1778 1563 ascendit
1799 1535 1830 1562 ad

1046 1583 1181 1614 coelestia,
1197 1582 1334 1609 interfecit
1356 1582 1476 1610 Sisaram
1491 1601 1498 1614 ,
1518 1582 1552 1609 de
1568 1589 1621 1616 quo
1640 1581 1694 1615 iam
1710 1582 1831 1616 superius

1046 1628 1173 1659 diximus,
1187 1627 1258 1661 quod
1271 1626 1420 1654 carnalium
1433 1626 1575 1659 vitiorum,
1591 1631 1619 1654 et
1629 1625 1759 1654 animalis
1769 1646 1777 1658 ι
1791 1625 1831 1653 vel

1045 1673 1136 1701 stolidi
1165 1673 1221 1709 (69)
1242 1673 1359 1701 hominis
1391 1677 1464 1700 tenet
1490 1673 1625 1707 figuram,
1652 1674 1715 1707 quia
1740 1673 1830 1700 Sisara

1046 1718 1111 1745 uisio
1134 1718 1191 1752 equi
1217 1718 1426 1752 interpretatur.
1444 1719 1481 1746 De
1497 1725 1552 1753 quo
1567 1717 1708 1751 Scriptura
1718 1718 1785 1745 dicit
1799 1717 1830 1743 "z

1049 1772 1058 1789 ι
1073 1762 1161 1790 Nolite
1172 1763 1229 1789 fieri
1246 1762 1318 1789 sicut
1335 1770 1422 1798 equus
1441 1767 1469 1790 et
1486 1762 1574 1789 mulus
1587 1781 1595 1793 ,
1612 1763 1712 1796 quibus
1727 1770 1780 1788 non
1793 1766 1833 1789 est

1047 1808 1208 1836 intellectus.
1225 1818 1233 1834 ι
1252 1807 1317 1835 Palo
1331 1816 1396 1844 ergo
1413 1815 1473 1836 eum
1492 1808 1646 1840 interiecit,
1670 1808 1696 1835 id
1712 1813 1753 1835 est
1769 1808 1833 1842 ligni

1046 1854 1135 1881 crucis
1148 1854 1283 1886 acumine,
1303 1858 1330 1880 et
1343 1854 1443 1880 virtute
1457 1861 1520 1879 eum
1543 1853 1706 1887 prosternlt.
1728 1852 1761 1878 Et
1780 1860 1833 1879 non

1046 1899 1105 1926 sine
1134 1906 1216 1926 causa
1247 1898 1384 1925 maxillam
1412 1898 1472 1934 ejus
1502 1898 1565 1932 palo
1598 1897 1835 1925 transverberasse

1046 1945 1222 1972 describitur.
1249 1943 1315 1971 lllud
1331 1945 1404 1971 enim
1430 1952 1483 1976 os,
1508 1945 1582 1978 quod
1612 1944 1646 1971 de
1676 1943 1835 1970 carnalibus

1047 1989 1216 2023 loquebatur,
1246 1994 1273 2015 et
1302 1989 1346 2016 illa
1369 1989 1490 2016 doctrina
1517 1996 1577 2023 quae
1600 1988 1691 2016 carnis
1719 1988 1833 2023 gloriam

1046 2033 1217 2069 prmferebat,
1232 2034 1295 2068 quia
1314 2034 1340 2060 in
1362 2034 1467 2062 deliciis
1492 2040 1518 2061 et
1539 2034 1678 2069 voluptate
1691 2034 1834 2061 vivendum

1046 2080 1213 2113 sapientibus
1229 2079 1319 2107 saeculi
1335 2080 1531 2113 persuadebat,
1543 2085 1571 2106 et
1587 2080 1737 2106 humanutn
1751 2087 1835 2115 genus

1047 2125 1161 2152 luxuriae
1188 2125 1342 2153 adulatione
1360 2126 1527 2160 deceperat:
1545 2124 1608 2151 illud
1620 2144 1628 2158 ,
1653 2126 1764 2160 inquam
1780 2144 1788 2156 ,
1806 2132 1835 2151 os

1047 2170 1121 2205 ligno
1146 2171 1237 2198 crucis
1257 2170 1412 2198 cOnfoditur
1434 2175 1461 2198 et
1483 2170 1649 2202 terebratur,
1671 2171 1735 2204 quia
1765 2171 1835 2198 illam

1048 2217 1129 2250 viam,
1144 2225 1224 2252 quam
1244 2216 1415 2252 philosophia
1428 2218 1510 2244 latam
1525 2221 1552 2243 et
1566 2218 1715 2252 spatiosam
1733 2217 1833 2251 praedi-

1045 2269 1155 2290 caverat
1167 2263 1326 2297 voluptatis,
1351 2263 1422 2290 hanc
1448 2263 1575 2290 Christus
1596 2267 1700 2289 art-tam
1727 2268 1757 2289 et
1787 2270 1834 2288 an-

1046 2313 1152 2344 gustam
1182 2308 1261 2336 nobis
1288 2309 1358 2335 viam
1389 2308 1483 2336 salutis
1509 2309 1629 2336 ostendit
1648 2308 1682 2335 “.
1700 2308 1747 2335 Sic
1773 2315 1836 2343 ergo

1045 2354 1132 2384 Jahel.
1153 2355 1177 2381 id
1193 2359 1234 2382 est
1254 2355 1391 2387 Ecclesia,
1408 2355 1535 2382 vitiorum
1549 2355 1700 2390 principem
1714 2354 1834 2382 Sis-aram

1046 2402 1183 2429 obtectum
1200 2401 1334 2436 pellibus,
1350 2402 1376 2428 id
1405 2407 1446 2429 est
1474 2402 1656 2429 utembrorum
1688 2400 1835 2427 munifica.

1047 2448 1121 2474 tione
1137 2448 1264 2482 sopitum,
1277 2452 1380 2474 aeterno
1392 2445 1589 2474 traditsomno.
1605 2446 1732 2473 Occurrit
1745 2450 1835 2472 tamen

1047 2490 1133 2524 Jahel,
1157 2492 1183 2519 id
1202 2497 1243 2519 est
1268 2492 1400 2525 Ecclesia,
1418 2496 1477 2527 post
1495 2492 1547 2519 hoc
1570 2496 1598 2518 et
1624 2492 1709 2527 priori
1738 2490 1836 2525 pepnlo

1048 2537 1192 2565 insectanti
1232 2538 1364 2565 Sisaram.
1406 2537 1594 2564 lnscctabatur
1636 2537 1711 2564 euitn
1753 2536 1834 2563 Israel

1069 2585 1092 2601 ⁸⁸
1105 2585 1166 2613 Jud.
1181 2593 1219 2618 tv,
1233 2585 1259 2612 5.
1298 2585 1321 2601 ⁸⁸
1332 2584 1393 2612 Jud.
1406 2593 1442 2618 tv,
1456 2585 1482 2612 ϐ.
1521 2585 1541 2601 ³⁷
1553 2584 1615 2612 ibid.
1628 2585 1654 2613 8.
1693 2584 1717 2600 ⁵³
1730 2585 1795 2612 ibid.
1807 2584 1835 2612 ἓ.

1084 2668 1140 2703 (67)
1162 2668 1227 2696 Mss.
1253 2677 1262 2694 ι
1276 2667 1368 2695 decem
1395 2667 1487 2695 millia.
1502 2676 1512 2693 ι
1534 2666 1612 2694 Libb.
1645 2666 1722 2698 editi,
1747 2665 1835 2692 (duo-

1048 2703 1135 2731 decim
1151 2704 1243 2730 millia.
1259 2712 1268 2729 ι

1085 2739 1141 2772 (68)
1162 2738 1351 2778 interpretatur
1361 2741 1449 2765 autem
1468 2736 1548 2764 Jaltel
1570 2736 1700 2763 ascensio.
1723 2735 1765 2762 Ab
1783 2735 1817 2764 rt:

1053 2783 1062 2800 ι
1077 2774 1207 2800 ascendit.
1221 2782 1230 2797 I

1086 2808 1140 2844 (0'9)
1166 2807 1211 2836 γει
1226 2808 1327 2835 stolidi.
1353 2807 1427 2835 Unus
1446 2807 1531 2835 codex
1552 2814 1602 2834 ins.
1629 2815 1638 2832 ι
1654 2805 1696 2832 vel
1711 2804 1808 2833 choici.
1824 2812 1832 2829 ι
