1896 3052
117 125 168 153 973

646 125 680 154 IN
697 126 827 154 LIBRUM
843 127 994 155 JUDICUM
1015 127 1158 156 HOMILIA
1176 129 1217 156 Vl.

1685 134 1741 161 974

117 184 336 219 legetujustitite.
350 185 396 212 sed
409 184 435 212 in
453 185 540 220 legem
556 192 610 212 non
625 186 760 220 pervenit.
779 186 905 214 Occurrit
920 189 941 217 Α
956 191 982 213 et
1011 192 1109 215 caetera
1135 196 1196 222 quae
1223 191 1333 215 sanctus
1358 188 1503 222 Apostolus
1531 181 1675 218 enumerat
1705 192 1744 222 οδ,

117 236 181 264 ergo
196 229 317 258 Ecclesia
334 230 417 258 etiam
433 231 500 266 ipsi,
514 237 543 259 et
555 232 674 260 ostendit
688 233 713 259 ei
727 239 795 266 opus
810 240 900 265 suum,

116 276 237 305 ostendit
254 276 397 304 victoriam
414 282 629 306 consummatam
641 297 650 311 ,
678 283 760 313 atque
774 279 799 306 in
819 280 902 307 socie-

117 325 201 349 tatem
236 329 296 348 eum
324 323 452 357 prostrati
483 323 570 351 hostis
603 324 710 350 invitat.
739 323 837 351 Verum
860 330 902 352 est

115 368 188 395 enim
203 367 277 400 illud,
301 368 375 402 quod
392 369 538 404 Apostolus
562 369 589 396 in
615 369 763 397 n0vissitno
780 375 901 404 tempore

115 413 181 440 dicit
195 413 330 445 futurum,
345 414 409 448 quia
425 421 487 441 cum
506 415 646 448 plenitudo
670 415 790 449 gentium
805 415 900 442 subiti-

116 458 232 490 troierit,
249 463 312 486 tunc
327 459 417 487 omnis
441 459 522 487 lsrael
547 460 639 487 salvus
658 460 703 487 ﬁet
717 460 750 485 ⁵³.
777 460 820 487 Fit
836 468 901 495 ergo

115 505 224 538 quidem
241 505 407 540 primatusin
421 513 501 533 manu
519 505 640 533 mulieris
655 506 825 541 alienigeme,
847 514 899 533 non

115 554 208 577 tamen
223 549 375 577 excluditur
391 558 405 576 a
419 550 559 577 consortio
572 549 664 585 gloria:
679 550 762 577 etiam
777 548 880 575 Baraclt
893 569 900 580 ,

115 595 161 629 qui
177 595 251 630 prior
263 595 372 630 quidem
389 600 520 630 coeperat,
535 595 582 623 sed
598 596 762 623 novissimus
776 595 902 630 pervenit

115 641 149 667 ad
164 641 255 668 ﬁttem.
285 641 341 668 lmo
355 642 419 669 dum
434 641 478 672 ille
495 641 631 677 pervenit,
656 641 734 668 Jahel
751 640 900 676 alienigena

114 692 322 722 praetereuntem
336 687 535 722 quodammodo
550 687 691 715 victoriam
705 687 784 721 rapit.
800 686 900 714 Eadem

115 731 203 760 forma
219 732 357 766 praecessit
372 733 456 760 etiam
479 732 505 760 in
527 732 599 761 Esau
620 737 648 761 et
663 732 747 760 Jacob
760 731 900 760 fratribus.

117 777 186 804 Dum
203 777 275 804 enim
290 777 361 804 Esau
375 781 494 805 sectatur
505 778 635 813 agrestia,
656 778 719 805 dum
734 782 857 805 moratur
875 777 901 804 in

119 822 246 855 saltibus,
263 823 431 857 praeveniens
443 823 536 856 Jacob,
552 828 578 851 et
590 823 710 851 mulieris
723 823 858 856 consiliis,
874 822 900 850 id

114 873 159 896 est
177 868 283 901 matris,
307 870 471 904 compositos
489 870 559 905 patri
574 869 692 898 offerens
707 870 796 902 cibos,
812 870 900 898 bene-

116 913 246 941 dictionis
257 913 391 947 primatus
406 914 521 950 accepit.
534 914 581 942 Sic
596 920 623 942 et
636 915 662 942 in
679 915 826 950 Evangelio
837 924 900 951 per-

115 964 197 993 gente
218 959 331 987 Domino
345 961 377 986 ad
403 960 487 987 tiliam
503 960 635 995 principis
653 968 799 996 synagoga:
814 963 901 990 susci-

116 1005 246 1036 taudant,
271 1005 440 1040 praeveniens
464 1005 561 1032 mulier
585 1013 645 1040 qua:
667 1005 738 1032 ﬂuxu
761 1007 901 1042 sanguinis

116 1050 268 1083 laborabat,
294 1050 364 1079 ﬁdeli
391 1055 463 1078 taan
490 1051 565 1086 prior
593 1052 769 1086 consequitur
796 1053 901 1081 sanita-

115 1099 170 1121 tem
175 1114 182 1122 ι

151 1141 178 1168 6.
199 1141 276 1173 Quod
292 1141 314 1168 si
333 1142 415 1169 etiam
431 1141 494 1169 inde
507 1141 697 1176 requirenduttt
710 1141 811 1176 aliquid
828 1143 903 1170 vide-

115 1190 164 1212 tnr
174 1194 189 1212 a
204 1187 378 1222 diligentibus
392 1187 573 1219 auditoribus,
590 1187 663 1222 quod
690 1187 758 1215 lacte
773 1195 834 1216 eum
853 1196 902 1224 po-

116 1237 191 1259 tasse
205 1232 317 1265 dicitur,
336 1240 396 1259 cum
413 1232 458 1259 ille
483 1239 580 1267 aquam
599 1233 780 1267 poposcisset,
807 1234 901 1262 videa-

115 1285 177 1305 tnus
198 1285 231 1304 ne
257 1277 326 1305 forte
352 1278 500 1305 secundum
521 1278 650 1313 mysticus
676 1278 716 1306 vel
742 1278 902 1313 allegoricas

116 1323 184 1358 legis
207 1323 465 1358 interpretationes,
493 1323 546 1351 tale
561 1323 662 1358 aliquid
694 1324 776 1351 etiam
798 1325 831 1352 de
851 1325 902 1352 hoc

114 1370 202 1405 possit
216 1370 333 1397 ostendi.
349 1369 439 1397 Lactis
456 1369 531 1396 cibus
544 1376 605 1396 esse
621 1368 722 1400 dicitur
739 1369 766 1397 in
783 1369 903 1404 Scriptu-

113 1416 155 1444 ris
169 1415 272 1443 sanctis
290 1415 324 1447 ",
342 1415 428 1450 printa
449 1414 507 1442 haec
533 1414 645 1442 moralis
662 1414 817 1447 institutio,
842 1422 903 1449 qua:

115 1461 311 1496 incipientibus
340 1460 413 1488 velut
435 1459 556 1494 parvulis
598 1460 726 1487 traditur.
750 1459 808 1487 Non
829 1460 900 1487 enim

115 1510 143 1536 in
159 1507 247 1535 initiis
257 1508 349 1534 statim
368 1506 510 1541 discipulis
527 1506 560 1533 de
575 1506 715 1540 profundis
732 1510 758 1534 et
773 1507 902 1535 secretio-
916 1520 937 1549 α

114 1555 194 1582 ribus
205 1553 366 1581 tradendum
387 1557 429 1580 est
446 1553 636 1584 sacramentis,
657 1553 704 1581 sed
722 1561 827 1580 morum
843 1561 903 1581 cor-

115 1600 222 1633 reptio,
238 1599 393 1627 emendatio
415 1598 575 1634 disciplima,
594 1598 728 1633 religiosa:
754 1606 903 1627 conversa-

114 1645 210 1679 tionis,
222 1650 249 1673 οι
263 1644 393 1679 simplicis
407 1644 467 1671 ﬁdei
485 1644 574 1679 prima
587 1644 628 1671 eis
640 1644 776 1671 elementa
791 1644 904 1673 tradun-

115 1697 171 1720 tur.
194 1692 266 1719 Istud
283 1696 324 1719 est
337 1690 466 1718 Ecclesiae
481 1691 534 1723 lac,
550 1690 608 1718 lucc
631 1690 825 1725 incipientibus
844 1699 905 1726 par—

113 1739 239 1766 vulorum
254 1737 340 1772 prima
352 1741 415 1765 sunt
433 1737 580 1764 elementa.
611 1735 664 1765 Sed
692 1737 744 1764 iste
772 1737 849 1765 cibus
870 1737 903 1764 iis

113 1783 200 1820 470
210 1783 318 1818 quidetn
338 1783 382 1816 qui
396 1783 431 1810 ad
447 1783 546 1810 bonum
560 1782 720 1816 proﬁciendi
734 1783 904 1818 pr0positum

113 1835 227 1864 gerunt,
241 1828 324 1855 vitam
351 1828 446 1855 tribuit
464 1831 492 1855 et
515 1828 630 1854 salutem
648 1836 655 1854 :
671 1827 704 1862 iis
720 1835 784 1856 vero
808 1828 906 1862 quibus

113 1873 255 1902 contraria
280 1873 398 1908 placent,
415 1873 514 1907 quibus
532 1873 650 1905 luxuria,
663 1873 757 1906 libido,
779 1874 904 1905 avaritia,

114 1927 143 1948 et
168 1920 261 1947 omnis
287 1919 412 1954 impietas
437 1918 514 1946 cordi
537 1923 590 1950 est,
606 1917 758 1951 lmjusmodi
784 1918 905 1946 doctrina

115 1973 215 1993 necem
227 1970 253 1992 et
269 1964 410 1992 interitum
429 1967 549 1998 praestat.
565 1962 611 1990 Sic
622 1970 687 1998 ergo
708 1963 748 1995 ﬁt,
763 1968 791 1990 ut
805 1970 837 1990 ex
853 1963 904 1995 itis,

113 2017 201 2045 atque
215 2010 309 2037 iisdem
324 2009 393 2036 cibis
405 2008 503 2044 quibus
517 2007 627 2035 aluntur
648 2008 722 2040 boni,
739 2007 906 2035 snﬁ'ocentur

114 2057 202 2090 mali;
226 2061 252 2083 et
279 2056 305 2083 in
324 2063 378 2091 quo
393 2055 445 2090 piis
463 2054 518 2081 vita
541 2058 593 2087 est,
611 2053 646 2081 ibi
661 2054 697 2081 sit
713 2054 803 2088 impiis
820 2062 903 2082 mors.

115 2103 241 2138 Denique
257 2100 421 2135 utesemplo
439 2107 482 2127 res
497 2107 578 2134 quam
593 2099 707 2127 dicimus
724 2100 831 2134 planior
848 2100 905 2133 ﬁat,

117 2158 127 2175 I
143 2149 263 2176 vinumr
294 2155 376 2175 sanos
403 2152 431 2174 et
456 2146 598 2173 commode
618 2145 746 2180 degentes
767 2145 860 2180 juvat,
879 2151 906 2173 et

115 2195 192 2221 sicut
220 2193 361 2228 Scriptura
377 2192 443 2220 dicit
455 2191 490 2224 ",
516 2200 526 2216 ε
540 2198 589 2219 cor
610 2179 726 2218 hominis
740 2200 750 2219 ι
769 2179 908 2219 duntaxat
922 2179 946 2208 Ῑ)

118 2249 127 2266 ι
143 2239 283 2272 laetiﬁcat,
298 2247 308 2264 ι
334 2237 552 2265 febricitantibus
580 2245 656 2269 vero,
673 2237 696 2264 si
721 2237 905 2271 sumpserint,

114 2285 269 2321 perniciem
295 2283 423 2312 continuo
447 2288 475 2310 et
492 2283 631 2310 interitum
661 2283 740 2317 parit.
769 2282 808 2310 ita
821 2283 852 2310 ﬁt
877 2289 905 2311 ut

113 2331 216 2357 cadent
233 2335 276 2356 res
290 2329 385 2356 eodem
400 2328 478 2355 modo
495 2333 613 2362 sumpta,
628 2328 674 2355 nni
692 2327 799 2362 quidem
812 2328 906 2360 vitam,

114 2376 166 2404 alii
185 2380 276 2402 autent
289 2374 414 2403 conferat
427 2380 550 2405 mortem.
565 2375 610 2403 Sic
624 2380 688 2407 ergo
701 2372 906 2406 intelligendum

115 2427 159 2450 est
179 2425 208 2448 et
219 2420 340 2449 Sisaram
356 2421 436 2451 istum
452 2420 596 2450 animalem
612 2419 767 2451 hominem,
784 2422 811 2445 et
827 2417 906 2445 vitio—

117 2475 183 2496 rum
197 2467 357 2502 principem,
370 2474 418 2502 per
429 2466 579 2495 doctrinam
592 2464 731 2496 Ecclesia,
749 2471 832 2499 quam
850 2471 904 2490 tton

114 2521 153 2541 ex
178 2513 232 2540 ﬁde
251 2513 388 2548 suscepit,
410 2513 583 2539 exstinctum.
612 2510 664 2537 Sed
689 2513 716 2537 ct
741 2516 908 2543 unaquteque

116 2560 215 2587 anima
235 2559 302 2586 satis
315 2562 376 2593 agat
392 2558 461 2585 lacte
476 2556 633 2591 evangelico
656 2559 737 2589 atque
759 2555 907 2589 apostolico

115 2604 216 2639 sopire
228 2603 255 2631 in
263 2603 409 2638 semetipso
418 2607 446 2631 et
457 2603 633 2636 exstinguere
649 2601 782 2633 Sisaram.
795 2600 824 2628 Si
837 2601 908 2627 enim

117 2658 171 2685 per
189 2650 249 2677 hac
262 2649 375 2677 edoctus
399 2649 461 2684 quis
487 2647 695 2676 mortilicaverit
721 2647 842 2674 membra
862 2655 910 2674 sua

117 2703 184 2732 quae
200 2700 264 2723 sunt
284 2703 366 2730 super
387 2700 497 2725 terram,
519 2695 673 2726 avaritiam,
691 2692 910 2725 fornicationem,

158 2742 181 2757 ⁶¹
198 2740 279 2768 Rom.
293 2749 334 2774 ιι,
348 2741 394 2768 9.6.
440 2741 462 2757 "
478 2739 562 2768 lCor.
577 2747 620 2773 ut,
631 2739 659 2767 2.

119 2777 143 2793 ⁸³
160 2776 225 2803 Jud.
239 2784 265 2807 ν,
282 2776 312 2803 2.

707 2738 729 2754 ⁸³
741 2738 813 2768 Psal.
830 2746 883 2772 crv,
905 2739 947 2767 15.

953 231 1074 259 Sisaram
1087 233 1113 260 in
1130 232 1276 268 semetipso
1290 233 1426 260 videbitur
1442 235 1591 270 peremisse
1604 255 1611 267 ,
1635 241 1664 264 ut
1684 238 1742 265 haec:

953 285 1004 305 non
1021 277 1106 305 solunt
1122 278 1149 305 in
1164 286 1279 313 persona
1294 278 1421 306 Ecclesia:
1433 281 1627 312 consummari,
1643 289 1739 309 verum

952 321 1033 348 etiam
1049 323 1237 357 unusquisque
1255 323 1280 350 in
1299 330 1346 350 sua
1361 323 1452 351 anima
1469 326 1595 352 ostendat
1608 325 1715 360 impleri
1731 333 1741 354 :

951 367 1035 401 quia,
1058 368 1129 395 sicut
1147 368 1274 401 diximus,
1308 373 1413 403 emptus
1438 375 1480 397 est
1507 370 1617 405 quidem
1644 372 1739 400 Sisara

953 412 1080 440 insectari
1093 422 1107 440 a
1125 414 1222 449 populo
1236 414 1332 449 priori,
1347 415 1528 451 interemptus
1543 422 1634 445 autem
1650 426 1664 445 a
1680 426 1742 446 tnu-

952 456 1018 484 licre
1030 465 1060 485 ac
1077 458 1197 486 Ecclesia
1217 459 1337 494 gentium
1348 478 1356 491 ,
1373 464 1401 487 et
1416 461 1442 487 in
1455 468 1535 488 manu
1551 462 1608 497 ejus
1619 462 1681 490 data
1699 467 1743 491 est

954 503 1043 537 palma
1064 504 1196 532 victoriis.
1211 505 1237 532 In
1253 506 1488 535 consummatione
1502 509 1635 541 omniunt,
1649 509 1676 536 id
1699 506 1742 537 est

954 547 979 574 in
992 547 1044 575 ﬁne
1058 549 1158 582 steculi,
1175 550 1255 577 etiam
1278 551 1414 578 canticum
1439 552 1552 580 Domino
1579 555 1738 582 cantabitur

953 600 1000 627 per
1026 595 1186 628 Debboram,
1211 595 1237 623 in
1259 604 1312 631 qtto
1335 596 1467 631 primatus
1495 600 1602 633 quidem
1630 600 1739 627 dabitur

952 638 1027 666 Jahel
1046 640 1175 668 Ecclesia:
1193 643 1314 677 gentium
1331 649 1338 668 :
1357 650 1407 670 nee
1424 647 1512 672 tamen
1533 644 1664 673 Debborae
1680 646 1740 674 laus

953 685 1077 712 silebitur
1091 694 1098 712 :
1117 687 1163 714 sed
1179 693 1206 715 et
1219 688 1313 722 primis
1324 693 1350 716 et
1366 690 1521 718 novissimis
1534 691 1656 719 victoriae
1669 700 1739 728 prte-

954 731 1037 757 ntium
1062 731 1181 766 dabitur,
1215 740 1264 768 per
1297 733 1389 762 Jesnm
1422 735 1560 764 Christum
1595 737 1736 767 Dominum

954 781 1089 809 ttostrunt,
1111 778 1155 805 cui
1181 783 1223 805 cst
1242 779 1329 814 gloria
1356 785 1384 808 et
1410 781 1552 816 imperium
1581 783 1607 810 in
1639 785 1737 812 saecula

954 821 1125 849 saeculorum.
1146 822 1244 850 Amen.

1244 868 1384 898 HOMlLlA
1406 872 1448 899 Vi.

1078 913 1115 940 De
1136 915 1237 942 cantico
1258 916 1326 950 quod
1346 918 1460 944 cantauit
1481 917 1610 948 Debborn.

989 958 1012 984 l.
1036 958 1129 986 Sisara
1152 967 1212 988 cum
1229 961 1352 988 exercitu
1376 969 1425 989 suo
1449 967 1476 991 et
1493 965 1619 993 curribus
1642 966 1740 995 ferreis

952 1003 1049 1036 quibus
1063 1004 1202 1039 impugnat
1215 1006 1342 1040 populum
1362 1007 1420 1039 Dei,
1436 1015 1581 1043 superatus
1596 1016 1650 1045 est,
1669 1014 1739 1047 quod

953 1048 988 1074 ita
1009 1048 1129 1078 futurum
1153 1051 1294 1085 prophetia
1323 1053 1480 1086 prmeecinil
1503 1062 1552 1089 per
1573 1056 1736 1085 Debboram.

954 1092 985 1119 Et
996 1098 1171 1130 posteaquam
1187 1096 1214 1123 in
1228 1104 1309 1124 manu
1322 1099 1443 1126 mulieris
1458 1100 1529 1128 facta
1553 1102 1667 1130 victoria
1686 1109 1738 1138 est,

953 1138 1087 1170 canticum
1103 1139 1173 1167 istud
1187 1141 1308 1169 Debbora
1321 1161 1328 1174 ,
1347 1143 1421 1170 velut
1437 1145 1558 1174 victoria:
1574 1147 1658 1182 ipsius
1677 1149 1738 1177 lau-

953 1183 1024 1217 dem,
1040 1185 1172 1213 cecinisse
1191 1188 1385 1222 prtescribitnr.
1403 1190 1500 1218 Verum
1521 1192 1544 1219 si
1567 1194 1741 1223 meminimus

953 1235 1045 1256 eorum
1061 1237 1120 1265 qua:
1143 1231 1170 1258 in
1195 1233 1380 1266 superioribus
1407 1235 1481 1262 dicta
1506 1242 1569 1264 suttt
1591 1240 1739 1267 secundum

954 1274 1096 1308 mysticam
1114 1276 1241 1310 formant,
1259 1286 1319 1312 quae
1344 1284 1385 1307 est
1408 1280 1494 1315 ﬁgura
1519 1281 1664 1317 Debborae,
1681 1292 1741 1319 quae

953 1320 1033 1346 etiam
1052 1320 1166 1354 Barach,
1186 1324 1250 1358 quid
1277 1325 1403 1359 imaginis
1428 1331 1520 1354 teneat
1537 1327 1615 1356 Jahel
1631 1331 1738 1363 mulier,

953 1373 1013 1400 quac
1025 1366 1210 1395 adversarium
1226 1369 1316 1404 populi
1332 1370 1379 1398 Dei
1395 1371 1451 1399 sola
1466 1372 1572 1408 dejecit,
1588 1382 1647 1408 quas
1657 1376 1740 1404 etiam

947 1413 1043 1448 imago
1058 1415 1093 1442 sit
1110 1414 1208 1442 Sisara:
1223 1416 1319 1449 ipsius,
1349 1417 1392 1451 qui
1418 1425 1433 1445 a
1455 1419 1569 1447 muliere
1589 1421 1739 1457 alienigena

954 1457 1018 1493 ligni
1037 1459 1137 1488 virtute
1159 1464 1313 1495 prostratus
1338 1468 1380 1489 est
1397 1472 1402 1489 :
1419 1463 1595 1498 intelligimus
1611 1466 1669 1494 haec
1679 1475 1738 1495 om-

954 1505 998 1531 nia
1024 1511 1194 1533 sacramenta
1212 1515 1273 1535 esse
1285 1528 1292 1541 ,
1309 1515 1369 1544 qua:
1392 1508 1418 1535 in
1437 1509 1594 1538 novissimis
1610 1513 1740 1546 tempori-

956 1549 1016 1581 bus,
1033 1554 1059 1576 et
1077 1549 1103 1577 in
1118 1550 1171 1578 line
1189 1552 1280 1579 saeculi
1304 1560 1352 1587 per
1369 1553 1520 1581 Ecclesiam
1546 1562 1738 1584 consummau-

957 1599 1010 1628 tur,
1026 1600 1053 1622 et
1076 1596 1102 1623 in
1117 1597 1223 1625 cantico
1251 1598 1300 1626 hoc
1321 1599 1391 1627 velut
1414 1601 1529 1634 epinicia
1552 1601 1621 1636 ejus,
1652 1602 1678 1629 id
1701 1609 1743 1631 est

956 1641 1075 1669 victoriae
1109 1642 1215 1669 laudem
1246 1651 1305 1671 esse
1336 1645 1510 1680 descriptam,
1542 1647 1613 1675 illius
1641 1648 1744 1676 scilicet

957 1686 1085 1720 temporis
1113 1694 1175 1715 cum
1206 1689 1394 1717 «novissimus
1428 1691 1553 1719 inimicus
1587 1693 1742 1722 destruetur

959 1739 1031 1759 mors
1045 1732 1067 1747 “
1085 1752 1091 1759 .
1112 1741 1120 1757 ι
1149 1731 1226 1760 Tunc
1239 1734 1310 1760 enini
1332 1735 1476 1763 exsultabit
1493 1736 1627 1770 Debbora,
1651 1738 1678 1766 id
1701 1744 1743 1766 est

957 1777 1104 1804 exsultabit
1128 1775 1213 1810 gloria
1241 1779 1409 1814 prophetiae,
1432 1781 1494 1814 quia
1520 1789 1581 1816 quae
1606 1784 1739 1817 praedixit.

958 1821 1064 1857 impleta
1096 1826 1166 1850 sunt.
1201 1824 1277 1851 Tunc
1305 1824 1401 1856 Jahel,
1425 1825 1451 1852 id
1475 1830 1517 1853 est
1539 1827 1657 1855 Ecclesia
1685 1829 1742 1864 (70)

959 1868 1062 1894 hostem
1087 1875 1256 1896 communem
1274 1870 1394 1896 outuium
1416 1870 1574 1904 superabit:
1592 1876 1619 1898 et
1635 1877 1741 1905 postea-

958 1920 1039 1946 quam
1052 1913 1190 1947 plenitudo
1202 1915 1322 1952 gentium
1341 1915 1487 1947 introierit,
1502 1920 1566 1943 tunc
1581 1920 1609 1943 et
1624 1917 1740 1949 Barach,

958 1958 984 1985 id
999 1964 1042 1986 est
1055 1960 1175 1994 reliquus
1187 1959 1270 1988 israel
1282 1982 1289 1992 ,
1304 1960 1396 1988 salvus
1407 1961 1453 1988 ﬁet
1467 1961 1490 1976 ’θ
1504 1966 1532 1989 et
1545 1962 1570 1989 itt
1584 1963 1741 1991 societatem

959 2004 1078 2033 victorias
1095 2006 1250 2041 recipietur.
1280 2006 1357 2033 Tunc
1380 2013 1456 2042 ergo,
1474 2007 1496 2034 si
1518 2008 1742 2042 dignil'uerimus,

958 2051 1039 2079 etiam
1077 2060 1126 2079 ttos
1160 2052 1330 2080 cantabimus
1357 2052 1494 2080 canticum
1519 2053 1590 2082 istud
1614 2054 1743 2082 refertum

958 2098 1081 2133 mysticis
1094 2103 1121 2125 et
1134 2098 1302 2133 propheticis
1324 2099 1505 2126 sacramentis
1515 2120 1522 2131 ,
1537 2106 1570 2126 ex
1584 2099 1684 2134 quibus
1697 2108 1745 2135 per

959 2143 1063 2179 singula
1074 2144 1211 2172 discutere
1224 2148 1322 2173 cuncta
1340 2145 1469 2179 temporis
1492 2152 1546 2172 non
1567 2150 1620 2174 est.
1642 2145 1738 2173 Brevi-

960 2195 1044 2220 tatem
1075 2197 1193 2225 namque
1208 2190 1346 2218 auditores
1359 2190 1489 2218 Ecclesia:
1503 2191 1627 2229 diligunt.
1652 2191 1744 2220 Pauca

960 2240 1048 2263 tamen
1064 2235 1105 2262 vel
1116 2235 1149 2263 de
1160 2235 1300 2272 principiis
1315 2234 1372 2269 ejus
1385 2235 1560 2268 disserentes.
1573 2237 1614 2264 vel
1626 2238 1742 2270 sparsim

959 2289 991 2308 ex
1005 2289 1037 2308 eo
1048 2280 1173 2309 ﬂosculos
1188 2281 1328 2316 eligentes,
1344 2281 1539 2309 consolationis
1551 2282 1653 2316 aliquid
1669 2285 1745 2311 audi-

961 2328 1066 2355 toribus
1080 2327 1176 2355 aﬂerre
1199 2327 1380 2359 tentabimus,
1399 2328 1440 2354 vel
1464 2328 1644 2362 nosmetipsos
1664 2335 1745 2355 exer-

960 2380 1033 2406 cere,
1061 2378 1087 2400 et
1115 2373 1241 2400 meditari
1272 2377 1301 2399 ut
1325 2372 1380 2407 apti
1406 2373 1556 2401 elﬁciamur
1567 2373 1600 2400 ad
1616 2374 1744 2400 Debboras

960 2419 1093 2446 canticum
1109 2418 1318 2446 deeantandum.

995 2465 1022 2492 2.
1041 2475 1049 2490 I
1064 2464 1091 2491 in
1106 2464 1271 2499 incipiendo,
1286 2464 1422 2499 principes
1437 2464 1462 2491 in
1479 2464 1572 2495 Israel,
1583 2464 1608 2490 itt
1623 2463 1745 2490 volunta-

962 2513 1044 2543 tibus,
1063 2510 1166 2545 populi,
1180 2509 1332 2537 benedicitc
1352 2509 1495 2536 Dominum
1510 2509 1558 2535 “.t
1577 2508 1744 2542 Benedictio,

961 2557 1056 2591 inquit,
1073 2563 1126 2590 qua
1142 2555 1326 2582 benedicimus
1347 2555 1508 2587 Dominum,
1529 2554 1565 2581 sit
1585 2553 1611 2580 in
1633 2553 1746 2580 exordio

962 2602 1113 2637 principum
1134 2601 1160 2628 itt
1174 2600 1264 2634 israel,
1282 2605 1337 2626 tum
1354 2600 1450 2627 deinde
1463 2605 1490 2628 ct
1510 2600 1536 2627 itt
1559 2599 1745 2626 voluntatibus

963 2647 1062 2683 populi.
1082 2646 1159 2678 Verbi
1175 2646 1261 2683 gratia
1275 2653 1352 2673 :cum
1367 2646 1483 2681 primum
1496 2645 1639 2680 incipimus
1652 2645 1746 2672 vertite

964 2694 996 2720 ad
1013 2693 1060 2719 Dt-i
1072 2692 1187 2723 cultum,
1203 2699 1266 2718 cum
1282 2691 1388 2718 initium
1414 2691 1490 2719 verbi
1512 2690 1559 2718 Dei
1575 2696 1602 2718 et
1616 2691 1745 2718 doctrina:

992 2738 1014 2754 °"
1030 2737 1087 2766 Coi.
1104 2745 1143 2772 ιιι,
1158 2736 1186 2764 5.
1225 2736 1247 2752 “
1262 2736 1271 2763 Ι
1288 2737 1351 2764 Cor.
1368 2744 1412 2771 xv,
1427 2736 1472 2764 ‘26.
1511 2737 1534 2753 “
1551 2737 1628 2765 liom.
1648 2744 1685 2769 xt,
1700 2735 1745 2764 26.

157 2821 219 2854 (70)
240 2821 304 2848 Mss.
322 2830 331 2847 ι
348 2820 424 2849 Tunc
437 2819 526 2854 Jahel,
542 2821 569 2847 id
587 2823 627 2847 est
644 2818 776 2846 Ecclesia.
793 2828 802 2845 ι
818 2819 895 2846 Libb.
912 2819 988 2851 editi,
1006 2827 1015 2844 ι
1032 2823 1095 2846 tunc
1109 2819 1200 2853 itaque
1219 2817 1350 2846 Ecclesia.
1370 2828 1378 2843 ι
