1896 3052
175 126 239 157 κῖῚδ

906 126 1069 157 ORIGENIS

1754 134 1797 162 916

179 187 306 216 ets-leuis
330 187 488 221 accipimus,
507 194 521 214 a
539 185 706 221 principibus
721 184 804 214 Israel
820 186 871 214 ista
893 186 972 214 nobis
985 185 1010 213 Δ
1023 185 1175 218 cbarltstis,
1192 193 1202 212 t
1217 187 1244 213 et
1260 183 1363 221 galeam
1381 195 1391 213 ι
1410 183 1586 215 nihilominus
1603 196 1612 214 ι
1629 186 1725 217 salutis
1740 192 1797 217 acri.

185 233 263 260 initia
279 232 445 267 capessenda
462 236 536 259 eunt.
556 231 694 265 Principes
708 235 799 258 autem
818 229 920 264 Israel,
941 229 969 257 id

180 285 227 307 est
254 278 344 314 populi
371 277 529 310 Christiani,
559 277 670 313 angelos
689 276 862 311 accipiendos
882 280 967 312 puto,

185 333 254 359 quos
274 325 368 352 adesse
392 323 522 350 Dominus
548 323 614 350 dicit
634 323 780 358 unicuique
800 323 910 351 minimo
941 323 967 350 in

185 370 317 402 Ecclesia,
335 370 379 403 qui
395 369 476 396 etiam
494 376 602 403 semper
621 369 712 396 videre
729 369 857 396 dicuntur
871 369 966 397 faciem

186 416 273 444 Patris
286 415 331 450 qui
351 415 377 442 in
393 414 470 442 caelis
487 419 529 442 est
544 414 576 442 “.
596 414 647 450 Ipsi
662 422 727 450 ergo
742 419 804 442 sunt
818 415 966 450 principes,

183 467 210 490 ct
234 462 268 489 ab
297 461 362 496 ipsis
384 460 461 488 nobis
485 465 548 488 sunt
576 462 706 488 sumenda
723 461 866 496 principia.
887 461 965 489 Verbi

182 507 270 544 gratia
287 516 294 535 :
311 507 333 534 si
359 511 402 534 eat
420 507 481 541 quis
501 514 568 541 puer
593 505 626 533 ad
651 506 770 539 scholas,
797 515 812 535 a
837 507 966 541 magistro

182 553 290 588 quidem
309 552 468 587 suscipitur.
482 557 509 579 et
532 551 649 580 eilicitur
662 552 734 579 illius
753 552 872 580 doctoris
885 552 966 580 disci-

182 599 272 634 pulus,
294 599 343 626 sed
364 606 416 625 non
432 597 522 625 statim
545 597 664 626 discendi
680 598 713 625 ab
725 598 783 632 ipso
800 602 965 632 praeceptore

181 645 266 673 sumit
288 645 430 672 exordium
448 653 454 671 :
471 645 518 671 sed
551 651 611 671 cum
627 644 661 671 ab
686 651 719 671 eo
740 644 829 678 prima
859 647 964 671 tantum

180 689 313 716 elementa
323 688 485 723 susceperit,
497 688 613 715 traditur
627 688 688 716 aliis
700 689 874 721 erutlieudus,
886 694 915 717 ut
929 690 964 717 ita

177 735 279 768 'dicam,
291 734 392 762 scholae
408 734 492 768 ipsius
518 733 688 769 principibus
705 743 713 762 ι
730 739 759 761 ut
773 742 835 762 cum
858 735 892 762 ab
912 735 965 763 illis

178 785 310 815 quantum
330 781 356 807 in
372 779 427 807 illis
442 784 485 807 est
497 778 579 807 fuerit
595 780 723 813 edoctus,
749 785 776 808 et
797 789 858 808 cum
877 782 964 816 prima

179 827 250 862 apud
267 834 313 854 eos
326 826 479 861 deposuerit
497 825 648 853 rudimenta
660 846 667 859 ,
682 831 738 853 tum
754 827 861 854 demum
880 828 964 863 ipsius

175 874 300 901 ductoris
322 872 485 908 perfectiora
515 876 648 906 praecepta
673 873 813 907 suscipiat.
841 873 878 901 Ita
898 881 963 909 ergo

168 919 263 946 etiam
281 925 354 946 nunc
367 917 567 945 institutionum
580 922 734 945 nostrarum
746 918 823 945 initia
838 924 964 954 repetens

174 965 317 1000 prophetia
334 964 417 997 dicit,
435 963 506 998 qttod
525 971 586 990 cum
611 972 625 990 ιι
652 964 822 998 principibus
847 965 964 999 coeperi-

174 1019 240 1040 mus
257 1010 325 1048 (Ἠ),
345 1010 388 1037 vel
404 1009 541 1045 principes
554 1009 688 1043 cmperint
702 1010 810 1045 operari
828 1010 855 1037 in
872 1011 961 1044 nobis,

176 1059 275 1086 deinde
291 1064 341 1083 nos
362 1055 498 1083 voluntate
510 1060 536 1082 el
552 1056 691 1090 proposito
704 1056 902 1090 subsequamur
915 1065 922 1083 :
936 1062 963 1084 et

177 1103 249 1131 aucti
262 1101 439 1136 profectibus,
457 1101 496 1128 sic
516 1101 549 1128 ad
573 1101 786 1128 benedicendum
798 1101 855 1135 jam
873 1102 961 1136 ipsutn

173 1147 486 1177 ‘Dominum‘veniamus.
507 1147 561 1174 Sed
574 1147 713 1174 videamus
729 1147 793 1181 quid
805 1148 870 1175 dicit
884 1157 890 1174 :
910 1158 919 1174 ι
932 1147 961 1175 ln

172 1193 343 1228 incipiendo,
361 1193 447 1227 inquit
465 1193 497 1223 ",
510 1192 647 1227 principes
665 1193 691 1219 in
707 1192 815 1219 Israela
831 1193 960 1228 Initiaju-

176 1239 234 1266 vari
245 1238 435 1274 aprincipibus
442 1237 581 1264 dicuntur:
591 1243 651 1271 post
663 1237 721 1264 lucc
730 1245 793 1265 vero
800 1239 854 1272 iam
867 1239 961 1265 volun-

177 1290 231 1313 tate
243 1283 350 1319 propria
365 1289 392 1309 et
407 1282 546 1317 proposito
558 1282 702 1308 nitendum
716 1288 757 1310 est
768 1302 776 1315 ,
798 1286 828 1310 ut
848 1283 960 1310 benedi-

172 1331 390 1359 cereDominum
401 1328 640 1356 mereatuunNam
650 1330 795 1364 etpopulus
807 1330 889 1358 Israel
898 1338 960 1358 cum

174 1375 393 1411 inciperet’exire
402 1375 434 1402 de
440 1374 566 1410 Egypto,
575 1375 729 1403 et’trausire
743 1383 818 1403 mare
827 1376 959 1409 Rubrum,

175 1422 243 1450 nihil
256 1422 340 1457 ipsius
352 1421 464 1456 proprio
478 1420 580 1452 labore,
591 1421 637 1448 sed
649 1425 733 1447 totqu
749 1428 798 1455 per
812 1421 959 1456 principes,

177 1469 201 1495 id
215 1472 255 1495 est
264 1475 311 1501 per
322 1466 433 1501 angelos
443 1467 586 1501 agebatur.
597 1466 718 1500 Denique
728 1467 766 1493 sic
778 1466 844 1493 dicit
852 1466 959 1501 Moyses

175 1512 297 1549 ad'571
314 1511 439 1547 populum
454 1520 461 1538 :
480 1510 567 1543 (Vos,
584 1511 711 1545 inquit",
721 1511 855 1543 tacebitis,
867 1517 892 1539 et
906 1511 958 1539 Do-

175 1558 264 1584 minus
283 1556 411 1592 pugnabit
433 1563 481 1590 pro
497 1556 584 1583 vobis.
606 1564 616 1582 ι
631 1556 730 1591 ‘Aperte
754 1556 825 1583 enim
848 1557 959 1590 angelus

168 1608 294 1630 vastator
308 1609 357 1636 pro
370 1601 411 1629 eis
432 1609 566 1637 pugnasse
586 1601 749 1629 describitur
764 1602 797 1634 ",
811 1603 859 1637 qui
875 1602 956 1638 (Egy’

164 1648 290 1682 .ptiorum
302 1647 410 1681 quidem
423 1646 600 1681 primogenita
612 1646 748 1674 interemit
759 1656 766 1673 :
779 1646 959 1675 lsraeiitarum

170 1700 238 1720 vero
263 1699 312 1719 nec
332 1699 415 1727 pecus
438 1691 546 1727 quidem
567 1692 665 1718 umtire
689 1691 762 1719 fecit.
776 1692 880 1720 'Verum
907 1702 960 1721 non

165 1745 280 1772 temper
293 1739 500 1772 exspectandum
523 1741 610 1764 estut
634 1737 720 1772 angeli
745 1745 794 1772 pro
816 1739 894 1766 nobis
911 1747 960 1774 pu-

169 1789 272 1819 gnent,
292 1785 338 1811 sed
368 1784 394 1810 in
419 1783 569 1817 ittcipiendo
598 1785 794 1816 tantummodo,
821 1784 847 1811 id
868 1790 911 1812 est
933 1786 960 1813 itt

167 1829 258 1856 initiis
283 1829 399 1860 nostris,
427 1837 443 1856 a
471 1829 637 1863 principibus
663 1829 765 1864 angelis
790 1830 959 1865 adjuvantur.

172 1875 307 1902 Caeterum
323 1882 449 1909 processu
464 1874 594 1909 temporis
607 1879 712 1909 oportet
727 1875 809 1902 etiam
825 1883 873 1903 nos
887 1876 961 1911 ipsos

173 1921 250 1948 exire
273 1924 392 1948 artnatns
416 1921 448 1947 ad
470 1920 573 1955 praelia.
598 1921 669 1947 Ante
696 1921 767 1947 enim
789 1928 870 1955 quam
891 1921 960 1949 bella

174 1966 321 1998 discamus,
338 1970 483 2000 antequam
508 1972 610 2000 pugnas
634 1964 740 1993 Domini
764 1973 860 2000 parare
877 1966 961 1994 medi-

174 2016 274 2043 temur,
298 2018 313 2037 a
332 2011 513 2045 principibus
537 2010 640 2045 angelis
665 2011 857 2044 sublevatnur;
884 2017 961 2039 aute-

174 2063 253 2090 quam
278 2055 365 2089 'panis
391 2055 511 2083 caelestis
537 2063 735 2090 consequamur
758 2064 905 2091 annonam,
934 2062 962 2085 et

174 2101 301 2129 carnibus
313 2100 560 2135 Agni-itnmaculati
578 2101 719 2134 satientur,
734 2107 877 2138 antequam
891 2111 961 2131 vero:

174 2147 237 2174 vitis
257 2154 318 2181 qua:
341 2146 463 2174 ascendit
485 2146 518 2173 de
540 2146 630 2174 radice
657 2147 740 2175 David
764 2149 895 2184 sanguine
920 2149 961 2177 in-

174 2192 322 2223 ebriemur,
342 2191 429 2219 donec
456 2191 559 2226 parvuli
584 2199 687 2225 sumus,
715 2197 739 2221 et
759 2193 828 2221 lacte
848 2194 956 2228 alimur,
976 2211 997 2238 ο

174 2243 202 2265 et
225 2237 363 2265 initiorum
386 2236 487 2264 Christi
505 2244 657 2265 sermonem
681 2243 813 2272 tenemus,
831 2244 958 2275 tanquam

174 2283 279 2318 parvuli
292 2283 342 2310 sub
352 2282 575 2317 procuratoribus
587 2283 705 2318 agimus,
720 2288 747 2311 et
759 2284 896 2312 actoribus
911 2294 960 2313 au-

174 2329 253 2363 gells.
270 2327 322 2356 Ubi
344 2336 410 2355 vero
436 2328 492 2363 jam
516 2328 617 2356 militia:
642 2329 762 2357 ctelestis
785 2337 959 2359 sacramenta

174 2373 352 2409 gnstavimus,
368 2377 395 2401 et
413 2381 482 2408 pane
500 2374 562 2401 vitae
581 2373 673 2401 refecti
689 2381 791 2406 sumus.
806 2376 867 2403 audi
892 2384 960 2410 quo-

175 2418 254 2446 modo
268 2425 316 2452 per
327 2417 506 2453 apostolicam
525 2416 616 2445 tubam
633 2418 797 2445 suscitantur
809 2419 841 2446 ad
856 2419 958 2454 pradia.

133 2485 138 2489 .
173 2463 276 2498 Ingenti
289 2470 405 2498 namque
416 2471 481 2491 voce
491 2463 589 2490 Paulus
599 2462 697 2491 clamat
708 2464 741 2491 ad
754 2471 803 2491 nos
817 2465 908 2492 dicens
918 2465 957 2491 "':

175 2519 186 2536 ι
204 2509 309 2537 lnduite
327 2517 375 2537 vos
391 2517 465 2536 arma
484 2509 540 2542 Dei,
561 2514 591 2536 ut
615 2509 725 2544 possitis
740 2514 813 2538 stare
829 2511 960 2538 adversus

173 2556 300 2584 astutiam
317 2557 426 2584 diaboli.
446 2564 456 2582 ι
470 2555 527 2583 Νοιι
548 2563 598 2582 nos
612 2555 681 2582 ultra
698 2556 799 2590 patitur
819 2557 892 2584 velut
910 2557 959 2584 sub

173 2603 224 2631 alis
241 2603 399 2630 laetantium
417 2602 473 2637 (72)
492 2601 611 2636 latitare,
634 2602 726 2628 invitat
745 2609 794 2629 nos
815 2603 848 2629 ad
872 2607 960 2629 certa-

173 2649 410 2683 minumcampos;
424 2658 432 2674 ι
444 2648 556 2681 induite,
569 2657 578 2674 ι
590 2647 676 2682 inquit
690 2647 724 2680 ⁷³,
736 2654 783 2674 vos
797 2655 805 2672 ι
822 2647 932 2673 loricam
947 2656 957 2672 ι

206 2704 228 2719 ⁸⁸
241 2704 334 2731 Matth.
355 2713 432 2736 xvut,
449 2704 493 2732 10.
536 2704 558 2720 θ’
575 2703 637 2731 .Iutl.
656 2712 682 2736 v,
699 2703 726 2730 Ξ.

173 2737 197 2753 ⁷⁸
208 2737 270 2766 Jud.
284 2747 310 2771 v,
326 2739 354 2766 2.
391 2740 414 2755 ⁷⁵
429 2741 492 2767 ibid.
509 2740 536 2767 5.

209 2795 264 2830 (ιιι
283 2795 452 2831 σωριτὶηιιιε.
483 2797 562 2825 Deest
581 2796 606 2823 in
623 2795 688 2824 libb.
704 2796 794 2829 editis,
814 2800 900 2824 exstat
923 2796 949 2823 in

175 2837 240 2857 IIISS.

769 2703 792 2719 7°
812 2703 894 2730 Exod.
919 2703 1029 2735 xtv,I5.
1066 2704 1086 2719 "
1108 2703 1261 2738 Exodaxtt.
1300 2703 1322 2719 "
1338 2703 1435 2738 Ephes.
1453 2710 1491 2736 vt,
1506 2702 1549 2730 ll.

574 2739 597 2754 "
612 2738 622 2765 ι
637 2738 695 2766 Pet.
715 2746 744 2771 ιι,
762 2738 790 2765 9.
828 2737 849 2753 ⁷⁷
866 2739 950 2772 Apoc.
965 2745 1022 2771 xix,
1039 2738 1082 2765 ιϐ.
1120 2738 1179 2754 ⁷⁸·⁷³
1191 2737 1285 2765 Matth.
1298 2745 1336 2770 xi,
1354 2738 1397 2765 l5.

1020 231 1086 266 pite,
1098 230 1144 258 sed
1158 235 1185 258 et
1198 230 1325 265 gladium,
1341 231 1437 266 inquit,
1449 233 1572 267 spiritus,
1591 242 1601 259 ι
1613 238 1641 261 et
1654 240 1737 268 super
1752 244 1800 263 om-

1020 277 1063 304 nia
1076 286 1085 303 ι
1101 283 1207 312 scutum
1226 278 1297 310 lldei,
1313 278 1339 305 in
1355 285 1410 312 quo
1420 279 1541 314 possitis,
1555 279 1602 312 ait,
1617 280 1708 307 omnia
1719 281 1800 316 jacuit

1019 324 1130 360 maligni
1157 325 1233 360 ignea
1263 325 1444 361 exstinguere.
1465 335 1477 352 ι
1494 325 1576 354 Vides
1591 335 1656 362 ergo
1674 327 1801 362 quomodo

1017 371 1106 398 omnia
1122 378 1170 405 per
1185 371 1307 398 ordinem
1326 371 1403 404 ﬁunt,
1420 377 1447 400 et
1469 373 1536 400 nihil
1554 373 1696 400 confusum
1714 373 1742 400 in
1757 381 1800 408 po-

1018 415 1080 450 pulo
1097 415 1154 449 Dei,
1169 416 1236 443 nihil
1251 416 1459 451 incompositum
1480 422 1528 444 aut
1546 422 1740 452 praeposterum
1760 425 1801 453 ge-

1017 461 1096 488 ritur.
1117 460 1146 488 ln
1170 461 1325 496 incipiendo
1340 463 1477 498 principes
1493 462 1612 497 juvant:
1626 471 1686 490 cum
1703 463 1802 498 adjutus

1017 507 1119 541 lueris,
1146 513 1174 535 et
1205 515 1220 535 a
1250 508 1418 543 principibus
1447 509 1580 541 eruditus,
1603 509 1659 543 jam
1685 509 1734 536 tibi
1751 510 1802 544 ipse

1016 558 1112 588 sponte
1130 557 1157 580 et
1177 553 1316 580 voluntate
1334 557 1391 586 tua,
1417 562 1477 588 qua:
1493 554 1610 582 didicisti
1636 561 1651 581 a
1675 555 1800 590 principi-

1017 599 1079 630 bus.
1096 604 1170 633 gerc.
1189 597 1272 625 Recte
1290 597 1362 624 enim
1381 598 1499 626 decoctis
1518 598 1674 633 principiis,
1697 598 1800 632 deposi-

1016 645 1104 678 tisque
1133 643 1293 672 rudimentis
1319 649 1418 672 nostra:
1441 640 1637 672 committimur
1663 644 1800 675 voluntati,

1015 694 1044 717 ut
1059 689 1099 717 vel
1119 689 1177 716 laus
1199 689 1287 716 meriti
1315 690 1362 722 sit,
1382 697 1441 725 qua:
1462 695 1554 717 nostra
1572 690 1672 717 virtute
1691 691 1800 725 quzesita

1015 740 1066 769 est,
1082 735 1126 763 vel
1151 735 1230 770 culpa
1258 736 1320 772 jure
1345 736 1382 764 sit
1402 740 1504 768 nostra,
1529 743 1588 770 quae
1612 743 1660 770 per
1684 742 1800 763 nostram

1014 783 1088 810 venit
1103 782 1249 817 ignaviam.
1268 781 1330 809 Haec
1349 790 1398 817 pro
1417 790 1450 809 eo
1474 783 1546 816 quod
1560 782 1690 817 scriptum
1704 786 1746 809 est
1757 781 1779 797 ’⁵
1795 787 1801 804 2

1017 836 1026 853 ι
1042 827 1070 854 In
1089 827 1251 861 incipiendo,
1269 828 1405 862 principes
1417 827 1443 854 in
1459 826 1552 861 Israel,
1566 827 1592 854 in
1609 827 1800 856 voluntatibus.

1018 873 1120 908 populi,
1134 873 1286 901 benedicite
1300 873 1455 901 Dominum.
1474 882 1483 899 ι

1052 919 1080 945 5.
1095 917 1159 946 Post
1179 918 1236 946 haec
1259 923 1348 945 autem
1371 918 1438 945 dicit
1450 918 1473 934 ⁷⁸
1488 927 1494 946 :
1511 927 1520 944 ι
1540 918 1645 951 Audite,
1670 925 1764 953 reges,
1779 923 1804 944 ct

1016 964 1127 991 auribus
1143 963 1286 999 percipite,
1304 968 1429 999 satrapae.
1456 964 1571 992 Domino
1592 965 1720 995 cantabo,
1736 963 1803 997 psal-

1016 1010 1068 1037 Iam
1086 1010 1139 1038 Deo
1153 1010 1244 1038 Israel.
1259 1019 1270 1037 ι
1287 1011 1394 1042 Audite,
1420 1011 1517 1045 inquit,
1540 1019 1627 1046 rcges.
1652 1010 1741 1046 Reges
1760 1018 1803 1045 ap-

1015 1055 1097 1089 pellat
1120 1063 1167 1083 eos
1187 1056 1231 1090 qui
1249 1059 1434 1083 convocantur
1459 1056 1492 1082 ad
1514 1056 1675 1083 audiendum
1693 1055 1802 1083 verbum

1015 1100 1073 1127 Dei.
1094 1100 1215 1133 Exsulta,
1239 1100 1337 1135 popule
1365 1100 1424 1133 Dei,
1448 1100 1561 1128 audiens
1585 1106 1636 1128 tua:
1657 1101 1803 1128 nobilitatis

1016 1146 1142 1181 insignia.
1160 1146 1200 1173 Tu
1215 1146 1320 1173 vocaris
1339 1146 1372 1172 ad
1395 1147 1557 1174 audiendum
1575 1146 1686 1173 verbum
1703 1146 1762 1179 Dei,
1778 1150 1803 1173 et

1015 1198 1067 1218 non
1081 1196 1110 1218 ut
1129 1191 1215 1226 plebs,
1232 1192 1279 1219 sed
1297 1196 1325 1218 ut
1341 1199 1388 1219 rex
1404 1192 1520 1219 vocaris.
1537 1191 1596 1219 Tibi
1617 1193 1689 1219 enim
1705 1193 1802 1219 dictum

1014 1241 1056 1264 est
1067 1236 1091 1252 ⁷⁸
1105 1245 1112 1263 :
1127 1245 1136 1262 ι
1154 1236 1244 1265 Genus
1272 1236 1364 1272 regale
1389 1241 1417 1264 et
1441 1237 1625 1265 sacerdmale:
1643 1239 1757 1272 populus
1778 1237 1802 1264 iu

1014 1282 1234 1316 acquisitiouem.
1256 1291 1266 1309 ι
1285 1282 1347 1310 Ideo
1367 1283 1429 1317 quia
1451 1290 1498 1310 vos
1520 1291 1597 1317 reges
1613 1284 1692 1315 estis,
1710 1284 1803 1311 merito

998 1356 1000 1358 τ
1014 1334 1061 1354 rex
1075 1331 1167 1354 noster
1177 1327 1301 1355 Christus
1316 1327 1444 1356 Dominus
1461 1337 1470 1354 ι
1489 1336 1534 1356 rex
1553 1338 1562 1355 ι
1580 1329 1679 1356 dicitur
1694 1329 1717 1346 τ’
1735 1338 1745 1356 ι
1761 1336 1802 1357 re-

1013 1381 1086 1409 gum,
1101 1378 1127 1401 et
1144 1373 1272 1400 Dominus
1289 1374 1496 1402 dominantium.
1518 1383 1527 1400 ι
1542 1374 1596 1402 Sed
1621 1375 1693 1402 sicut
1716 1374 1803 1402 exsul<

1015 1419 1079 1445 tatis
1095 1418 1128 1445 de
1144 1418 1292 1446 nobilitatis
1306 1424 1404 1446 vestrae
1420 1419 1508 1452 titulo,
1525 1419 1560 1446 ita
1574 1419 1679 1447 discere
1700 1420 1802 1447 debetis

1012 1462 1077 1497 quid
1097 1463 1201 1497 agendo
1226 1464 1408 1498 unusquisque
1432 1468 1550 1491 vestrum
1576 1464 1622 1492 iiat
1645 1472 1705 1492 rex.
1728 1465 1802 1500 Quod

1013 1509 1089 1536 vobis
1107 1509 1141 1536 ita
1160 1509 1279 1536 breviter
1295 1509 1431 1536 definiam.
1447 1509 1546 1545 [legem
1564 1514 1589 1536 te
1607 1511 1729 1538 omnium
1745 1519 1803 1539 esse

1011 1554 1086 1587 facit,
1100 1555 1121 1581 si
1139 1559 1232 1589 regnet
1242 1554 1367 1581 Christus
1385 1555 1410 1581 in
1437 1559 1473 1581 te.
1501 1555 1556 1582 ilex
1579 1563 1696 1593 namque
1722 1564 1736 1582 a
1762 1565 1803 1584 re-

1010 1601 1096 1634 gendo
1110 1600 1198 1627 dictus
1214 1604 1265 1627 est.
1279 1599 1307 1627 Si
1323 1607 1388 1636 ergo
1402 1606 1429 1628 et
1444 1601 1470 1628 in
1492 1604 1519 1628 te
1533 1600 1639 1628 animus
1656 1607 1765 1636 regnat,
1778 1608 1803 1628 et

1010 1653 1106 1681 corpus
1130 1646 1308 1679 obtemperat,
1333 1646 1355 1673 si
1380 1647 1616 1681 concttpisceutias
1640 1648 1736 1674 carnis
1756 1649 1804 1675 sub

1008 1692 1099 1726 jngum
1116 1691 1220 1727 imperii
1236 1692 1272 1718 tui
1291 1692 1391 1724 mittas,
1407 1692 1429 1719 si
1445 1692 1568 1719 vitiorqu
1582 1698 1678 1728 gentes
1697 1693 1805 1721 sobrie-

1012 1738 1076 1764 tatis
1096 1742 1146 1764 tuae
1163 1737 1249 1765 frenis
1264 1738 1425 1765 aretioribus
1445 1746 1569 1772 premas,
1587 1739 1686 1766 merito
1703 1746 1750 1766 rex
1767 1739 1805 1766 di-

1008 1783 1091 1816 vceris,
1104 1783 1148 1817 qui
1169 1787 1195 1810 te
1213 1787 1285 1810 recte
1308 1788 1389 1818 agere.
1416 1784 1535 1811 noveris.
1559 1783 1626 1811 Cum
1649 1791 1716 1820 ergo
1745 1784 1804 1811 talis

1007 1827 1096 1855 lueris
1111 1826 1238 1861 eiectus,
1264 1828 1345 1863 digne
1367 1832 1396 1855 ut
1423 1836 1470 1856 rex
1494 1830 1526 1856 ad
1553 1829 1687 1856 audienda
1714 1831 1803 1857 divina

1014 1872 1097 1899 verba
1115 1872 1264 1899 vocaberis.
1280 1872 1336 1901 Hoc
1354 1881 1418 1900 vero
1433 1875 1504 1908 quod
1517 1875 1703 1908 subsequitur,
1721 1877 1806 1910 inagis

1011 1925 1173 1952 corporeum
1192 1917 1291 1952 aliquid
1313 1919 1424 1951 indicat,
1448 1920 1518 1954 quod
1539 1920 1625 1947 dicit:
1650 1929 1661 1947 ι
1687 1921 1807 1949 Auribus

1011 1964 1153 1998 pcreipite,
1176 1971 1272 1991 omnes
1294 1969 1419 2000 satrapae.
1441 1975 1451 1991 ι
1472 1965 1547 1993 Sicut
1566 1967 1638 1993 enim
1660 1967 1807 1995 inferiores

1012 2013 1075 2035 sunt
1091 2008 1199 2043 regibus
1214 2014 1340 2044 satrapae,
1355 2010 1390 2036 ita
1408 2014 1436 2037 et
1453 2010 1564 2038 auribus
1578 2011 1721 2046 percipere
1740 2012 1806 2039 iui'e-

1013 2054 1068 2081 rius
1087 2054 1193 2081 videtur
1207 2061 1267 2082 esse
1288 2063 1369 2090 quam
1396 2056 1499 2083 audire.
1518 2057 1617 2084 Audire
1639 2065 1761 2093 namque
1774 2059 1807 2084 ad

1012 2099 1169 2127 interiorem
1189 2101 1307 2135 pertinet
1327 2101 1474 2134 hominem,
1491 2102 1560 2129 sicut
1574 2107 1601 2129 et
1617 2101 1750 2130 Dominus
1765 2103 1807 2130 di-

1011 2145 1089 2172 cebat
1099 2145 1174 2172 "'7':
1189 2154 1197 2171 t
1211 2145 1261 2179 Qui
1279 2146 1359 2173 habet
1374 2153 1453 2174 aures
1463 2147 1600 2179 audiendi,
1612 2148 1715 2176 audiat.
1730 2157 1741 2174 ι
1752 2149 1807 2176 Au-

1013 2192 1087 2218 ribus
1102 2199 1167 2218 vcro
1183 2191 1330 2226 percipere,
1350 2191 1382 2219 ad
1402 2193 1566 2220 exteriorem
1588 2197 1616 2220 et
1631 2195 1805 2228 corporalem

1012 2238 1130 2273 pertinet
1146 2237 1277 2264 auditum.
1297 2237 1357 2265 Ideo
1380 2244 1445 2272 ergo
1469 2243 1496 2266 et
1517 2238 1561 2265 hic
1587 2238 1623 2265 illi
1644 2239 1690 2273 qui
1713 2240 1808 2266 audite

1012 2284 1144 2311 deberent
1157 2291 1234 2318 reges
1243 2282 1380 2316 dicuntur,
1394 2284 1441 2318 qui
1454 2291 1518 2311 vero
1528 2283 1640 2311 auribus
1654 2284 1807 2319 percipere,

1013 2334 1131 2363 satrapae
1145 2328 1324 2363 appellantur.
1346 2337 1356 2354 ι
1374 2327 1429 2363 Ego
1450 2328 1562 2355 Domino
1579 2329 1711 2362 cantabo,
1734 2329 1807 2364 psal-

1013 2373 1067 2400 lam
1094 2374 1148 2400 Deo
1167 2372 1259 2400 Israel.
1278 2382 1287 2399 ι
1303 2372 1377 2400 Beati
1400 2378 1463 2401 sunt
1484 2374 1529 2408 qui
1556 2379 1672 2408 possunt
1695 2381 1808 2401 cantare

1014 2418 1149 2446 canticum
1180 2417 1302 2445 Domino.
1333 2418 1399 2446 Cum
1426 2418 1546 2446 redimus
1572 2419 1606 2445 ad
1636 2418 1805 2453 Scripturas,

1014 2463 1097 2490 multa
1113 2464 1216 2491 cantica
1238 2464 1324 2491 sacris
1342 2464 1469 2491 mandata
1488 2464 1674 2491 voluminibus
1700 2464 1805 2491 inverti-

1014 2519 1084 2538 mus.
1103 2510 1238 2538 Habemus
1255 2511 1388 2545 integrum
1404 2510 1528 2538 volumen
1548 2512 1581 2538 de
1602 2511 1723 2539 Canticis
1738 2519 1802 2538 can-

1013 2557 1126 2583 ticorum
1148 2556 1289 2590 scriptum.
1318 2555 1389 2583 Ecce
1410 2560 1437 2582 et
1462 2556 1488 2582 in
1512 2557 1563 2583 hoc
1587 2555 1656 2583 libro
1679 2555 1803 2583 Judicuzn

1013 2601 1144 2628 habemus
1165 2601 1317 2633 canticum,
1338 2606 1365 2628 et
1388 2601 1414 2628 in
1434 2600 1558 2628 Nunteris
1574 2602 1712 2628 canticum
1735 2600 1803 2628 scri-

1013 2651 1087 2682 ptum
1101 2651 1153 2678 est,
1168 2651 1196 2674 et
1213 2647 1239 2673 iu
1256 2647 1481 2680 Deuteronomio,
1500 2652 1527 2674 et
1550 2647 1576 2673 iu
1600 2646 1710 2679 Exodo,
1729 2651 1757 2674 et
1778 2646 1804 2672 in

1586 2703 1609 2718 "
1625 2702 1693 2730 ibid.
1710 2701 1803 2729 I346.

1039 2795 1095 2831 (72)
1118 2795 1192 2822 Velut
1209 2795 1256 2821 sub
1273 2795 1324 2822 ali:
1340 2794 1507 2821 laetantium.
1531 2793 1594 2831 Iltec
1613 2793 1803 2822 desiderantur

1013 2830 1136 2859 inlibris
1154 2835 1233 2858 antea
1253 2831 1342 2863 editis,
1364 2830 1411 2857 sed
1426 2834 1533 2857 exstant
1550 2830 1576 2856 in
1591 2836 1662 2856 mss.
