1896 3052
94 96 147 125 977

627 98 660 126 IN
680 99 810 128 LIBRUM
826 99 864 127 JU
873 97 983 126 DICUM
993 97 1134 127 IIOMIIJA
1147 98 1203 126 VII.

1664 101 1719 131 978

95 157 183 191 primo
204 155 358 191 Regnorum
378 156 455 184 libro.
483 157 512 184 In
535 158 621 192 primo
644 159 725 186 etiam
745 158 883 192 Paralipo-
898 158 921 186 Α
935 156 1032 184 sedens
1046 165 1127 192 super
1140 158 1245 185 asinam
1258 157 1472 193 resplendentem
1484 159 1625 187 Dominum
1641 161 1720 188 bene-

95 209 207 234 tuenon,
232 207 260 230 et
288 202 315 229 in
337 201 398 229 aliis
427 202 518 230 multis
548 203 613 232 locis
636 204 756 232 invenies
777 205 881 231 cantica

95 249 184 276 divina
196 255 256 276 esse
269 247 413 282 descripta.
424 247 468 275 Ait
480 257 549 284 ergo
556 251 613 277 haec
625 258 676 277 vox
685 250 751 284 justi
767 259 774 277 :
790 259 800 276 ‹
816 249 872 285 Ego

96 293 211 321 Domino
232 294 367 328 cantabo,
390 294 502 328 psallam
524 295 578 322 Deo
600 294 691 322 Israel.
721 304 732 321 ι
747 294 812 339 Qui:
832 302 882 330 ρυ-

96 343 137 366 tas
158 339 195 366 Ita
214 346 322 366 canora:
338 341 411 368 vocis
430 345 483 372 est,
498 345 525 368 et
546 340 583 367 ita
603 341 714 375 spiritus
730 341 790 375 puri
806 348 882 367 meu-

95 383 186 416 tisque
198 384 321 416 sincera,
339 389 368 412 ut
382 385 438 420 (75)
450 385 585 413 cantilena
602 386 662 420 ejus
680 386 797 413 divinum
812 385 884 413 dele-

95 432 172 456 ctare
186 429 271 463 possit
284 429 424 457 auditum?
441 429 487 457 Ille
506 430 627 465 profecto
648 435 699 463 est,
719 432 763 465 qui
780 431 882 458 nullum

97 480 209 500 raucum
225 474 305 502 hahet
324 475 350 502 in
363 483 392 503 se
405 476 508 510 peccati
528 483 634 508 sonum,
647 477 692 511 qui
716 476 781 504 nihil
797 476 882 504 oﬂ‘en-

96 518 183 546 sionis
198 519 223 546 in
240 519 341 554 lingua,
355 520 421 547 nihil
440 521 630 548 crassitudinis
647 521 673 548 in
693 521 787 556 spiritu
802 522 882 557 gerit,

97 566 141 593 illc
161 569 249 601 potest
261 567 374 595 dicere:
390 576 399 593 ι
420 567 475 602 Ego
496 567 609 595 Dotnino
630 568 755 601 can'abo,
772 568 882 603 psallam

95 611 152 639 Deo
165 611 259 640 Israel.
276 622 286 639 ›

131 657 158 684 4.
171 657 271 685 Verum
282 659 345 692 quia
359 659 591 687 continuationem
603 659 702 687 cantici
716 666 763 694 per
778 659 883 693 singula

96 710 150 730 non
167 704 337 732 occurrimus
352 704 498 738 explicare,
515 704 703 738 interpolando
723 705 817 732 saltem
842 712 884 732 se.

95 748 164 776 riem
190 748 326 780 lectionis.
348 749 486 777 videamus
501 750 565 785 quid
580 754 621 777 est
640 750 711 785 quod
724 750 789 778 dicit
800 750 859 767 ⁸⁶⁶⁸¹
875 760 882 778 :

97 803 108 820 ο
127 793 181 821 Cor
191 801 280 822 meum
294 795 328 822 ad
342 802 373 822 ea
385 803 444 830 qum
458 796 588 831 disposita
606 802 669 824 sunt
682 796 747 824 huic
763 796 856 824 Israel.
871 806 880 823 ι

95 838 154 867 Hoc
167 839 247 866 modo
258 839 364 867 videtur
379 840 450 874 quod
463 840 528 868 dicit
543 848 550 867 :
562 841 616 869 Cor
631 850 729 874 meum,
739 847 765 869 et
778 842 884 869 animus

97 891 183 918 meus,
194 890 222 912 et
236 893 333 913 sensus
346 893 432 918 meus,
446 890 474 913 et
485 891 539 914 tota
557 895 633 915 mens
646 895 705 915 mea
719 889 752 915 ad
765 887 830 915 illud
843 887 884 915 in-

96 929 193 962 tendit,
216 934 243 957 et
263 930 329 958 illud
351 931 480 966 prospicit
503 932 574 966 quod
601 932 760 967 dispositum
787 937 840 965 est,
857 937 885 960 et

94 974 167 1009 quod
181 981 360 1009 prmparatum
374 981 416 1004 est
433 976 515 1004 Israel
529 985 536 1004 :
554 977 618 1005 illud
638 981 692 1004 tota
709 983 800 1005 mente
819 985 883 1012 pro-

93 1019 182 1053 spicio
193 1019 264 1054 quod
278 1020 398 1048 futurum
414 1025 464 1048 est.
479 1022 507 1049 Si
524 1023 596 1050 enim
613 1023 646 1050 ad
662 1022 725 1051 illud
742 1023 884 1051 intendero

94 1064 228 1097 animum,
245 1065 336 1093 omnia
357 1073 418 1102 quze
440 1067 466 1094 in
494 1068 546 1095 hoc
573 1067 673 1095 mundo
698 1072 771 1100 sunt,
787 1068 883 1096 ducam

96 1118 109 1136 ι
141 1114 172 1136 ιιι
183 1114 315 1143 stercora,
336 1116 365 1138 ut
388 1112 526 1140 Christum
548 1113 717 1141 Iucrifaciam
743 1112 778 1145 ⁸³,
805 1122 814 1140 ι
838 1114 884 1148 qui

95 1155 259 1190 praeparavit
273 1155 318 1182 illa
331 1157 421 1184 omnia
443 1165 502 1192 qua:
519 1166 528 1184 ι
544 1158 638 1186 oculus
662 1165 714 1186 non
736 1158 813 1192 vidit,
834 1166 885 1187 nec

95 1200 172 1227 auris
189 1200 303 1234 audivit,
323 1208 372 1229 nec
387 1201 413 1229 in
435 1209 482 1229 cor
497 1203 614 1231 hominis
634 1203 765 1235 ascendit,
779 1204 814 1231 iis
837 1204 882 1238 qui

95 1244 211 1279 diligunt
226 1251 286 1272 eum
299 1245 332 1274 ⁸³.
353 1255 364 1272 ι
380 1246 434 1273 Cor
459 1254 535 1282 ergo,
556 1247 661 1283 inquit,
678 1255 766 1276 meum
789 1249 823 1276 ad
838 1249 884 1276 illa

95 1291 263 1319 extenditur.
288 1291 344 1319 Non
361 1292 432 1320 enim
459 1293 547 1321 adhuc
569 1293 717 1321 humanum
738 1302 787 1322 cor
808 1302 882 1330 gem,

97 1343 190 1371 neque
204 1344 264 1372 qua“.
277 1338 377 1373 cogito,
397 1339 544 1367 secundum
559 1340 694 1368 hominem
714 1341 818 1375 cogito;
837 1342 884 1369 sed

96 1383 162 1416 quia
175 1383 323 1411 secundum
350 1383 518 1419 Scripturam
540 1385 558 1413 ii
582 1386 615 1413 ad
638 1393 706 1421 quos
721 1394 812 1414 sermo
836 1387 885 1415 Dei

97 1429 141 1462 ﬁt,
153 1429 189 1456 dii
202 1434 274 1464 sunt,
288 1438 337 1459 nec
349 1438 400 1467 ego
414 1431 471 1460 haec
487 1431 615 1466 humana,
630 1434 678 1462 sed
689 1433 779 1462 divina
795 1438 885 1462 mente

95 1476 244 1510 prospicio.

134 1522 217 1559 5.72
239 1523 266 1551 5.
293 1532 303 1549 ι
335 1523 462 1552 Potentes
483 1525 591 1560 populi,
617 1526 769 1554 benedicite
793 1526 885 1554 Domi-

96 1576 177 1601 num,
195 1569 241 1603 qui
262 1569 423 1598 ascendistis
442 1577 524 1605 super
541 1571 662 1606 jumenta
677 1571 712 1599 “.
734 1581 743 1598 ι
762 1572 831 1605 Quid
844 1577 888 1599 est

95 1613 256 1642 ascendisse
267 1622 349 1650 super
363 1615 533 1650 jumentumI
547 1617 649 1652 Corpus
670 1617 720 1645 hoc
736 1625 824 1645 meum
843 1618 885 1654 ju-

95 1665 221 1688 mentum
237 1665 279 1688 est
295 1669 303 1688 :
318 1660 353 1688 ad
368 1661 552 1695 adjumentum
571 1663 642 1690 enim
665 1667 692 1690 et
710 1663 744 1691 ad
763 1664 887 1691 ministe-

95 1707 169 1734 rium
189 1706 282 1733 datum
296 1711 357 1734 est:
377 1715 426 1742 ego
449 1712 539 1735 autem
561 1715 632 1741 sum,
659 1709 686 1737 id
713 1714 755 1737 est
775 1710 888 1738 interior

96 1751 193 1783 homo,
210 1751 256 1785 qui
273 1752 381 1779 escendi
401 1759 483 1787 super
505 1752 657 1786 iumentum
679 1754 741 1787 hoc,
763 1755 806 1785 cui
822 1755 888 1783 dici-

95 1802 155 1830 tur,
171 1802 200 1824 ut
217 1797 373 1826 benedicam
391 1797 545 1826 Dominum.
566 1800 594 1827 Si
618 1808 682 1834 ergo
708 1808 772 1829 vere
791 1809 887 1829 ascen-

95 1843 163 1870 disti
179 1851 261 1877 supra
275 1851 383 1879 corpus,
397 1848 425 1871 et
439 1845 561 1879 superior
574 1844 687 1874 eﬂ‘ectus
701 1846 890 1882 corporalibus

95 1889 252 1921 desideriis,
277 1894 306 1917 et
328 1894 416 1918 motus
445 1891 566 1924 corporis
588 1891 625 1918 tui
650 1891 725 1919 freno
747 1894 846 1921 montis
862 1898 890 1922 et

94 1934 241 1962 interioris
271 1935 388 1962 hominis
421 1935 604 1963 moderamine
631 1937 828 1971 gubernantur,
856 1939 890 1966 de

96 1984 126 2007 te
141 1979 255 2012 dicitur,
266 1980 329 2015 quia
343 1980 490 2008 ascendisti
505 1988 587 2015 super
598 1981 748 2015 jumentum
765 1984 827 2017 hoc,
845 1985 888 2011 cui

94 2026 213 2058 dicitur,
238 2030 268 2052 ut
294 2026 440 2054 benedicas
467 2027 621 2055 Dominum.
647 2028 716 2062 Quid
736 2033 824 2057 autem
847 2035 889 2059 est

91 2072 173 2108 quod
189 2072 330 2107 sequitur?
346 2083 355 2098 ι
375 2072 463 2108 Super
486 2072 619 2107 vehicula,
635 2073 723 2108 inquit
744 2075 778 2108 ⁸⁸,
791 2076 889 2103 seden-

92 2122 154 2150 tes,
167 2122 196 2145 et
208 2125 291 2153 super
311 2119 401 2146 asinas
427 2117 600 2153 refulgentes.
617 2127 626 2144 ›
641 2117 709 2152 Quid
731 2120 782 2147 sibi
797 2121 890 2148 viden-

933 203 1033 235 dicerc,
1048 208 1075 231 et
1094 205 1120 231 in
1141 203 1228 231 medio
1249 203 1395 232 laetantium
1419 205 1529 233 laudare
1547 206 1640 234 Deum.
1654 214 1663 231 ι
1680 205 1717 233 Ibi

933 247 1035 275 dabunt
1060 249 1179 283 justitias
1202 249 1315 276 Domino
1327 250 1363 276 ".
1381 259 1391 276 ι
1409 249 1577 278 Sacriﬁcium
1604 251 1719 279 Domino

934 293 998 320 illud
1015 299 1055 321 est
1076 294 1250 328 acccptabile,
1270 295 1340 330 qttod
1366 297 1392 322 in
1408 295 1514 329 justitia
1533 296 1646 324 offertur
1663 296 1718 325 Do-

933 339 1006 366 mino
1023 343 1049 366 et
1067 341 1202 374 aequitate.
1227 340 1260 367 Et
1281 340 1341 368 ideo
1365 341 1463 368 dicitur
1474 341 1495 357 "’
1510 353 1516 370 ;
1531 350 1541 368 ι
1559 341 1629 369 Justi
1653 349 1720 370 con-

934 383 1024 411 fortati
1037 390 1098 412 sunt
1110 387 1136 412 In
1149 385 1239 413 Israel.
1257 394 1266 411 ›
1283 385 1310 412 In
1326 385 1386 413 aliis
1399 386 1507 420 quidem
1523 387 1659 421 gentibus,
1671 387 1718 422 qui

933 430 1054 464 corporis
1067 431 1162 458 robore
1180 431 1304 458 fortiores
1318 437 1389 464 sunt,
1404 432 1440 459 illi
1459 437 1582 466 potentes
1594 433 1719 460 dicuntur

933 475 959 502 in
974 475 1066 510 przelio
1081 486 1086 502 ε
1101 475 1126 502 in
1145 475 1225 503 Israel
1241 483 1304 503 vero
1318 477 1363 510 qui
1373 476 1502 511 justiores
1523 481 1595 510 sunt,
1608 477 1656 512 ipsi
1671 485 1723 512 po-

935 521 1067 548 tentiores
1085 520 1213 547 dicuntur
1241 521 1267 548 in
1291 521 1370 549 bellis
1385 531 1392 548 :
1407 521 1469 556 quia
1489 522 1594 556 justitia
1612 523 1720 552 etiamsi

933 566 1036 593 viribus
1057 566 1165 593 infirma
1181 566 1228 599 sit,
1244 567 1327 594 vincit
1339 575 1346 594 :
1358 566 1487 600 injustitia
1501 568 1636 599 vero,etsi
1651 567 1719 596 mule-

934 617 976 639 tos
995 617 1022 639 et
1043 612 1145 640 validos
1168 617 1330 647 pugnatores
1355 613 1469 645 haheat,
1490 617 1644 647 superatur.
1671 611 1718 640 Sic

934 656 1015 691 igitur
1028 657 1054 683 in
1065 657 1116 684 hac
1129 661 1208 691 gente
1222 662 1323 690 nostra,
1343 657 1369 684 id
1389 662 1430 685 est
1445 657 1472 684 in
1487 657 1584 693 popqu
1599 657 1657 690 Dei,
1671 664 1722 692 per.

932 702 1062 737 justitiam
1091 710 1270 738 superamus,
1297 707 1343 731 aut
1371 711 1419 739 per
1448 703 1606 738 iniustitiam
1632 703 1721 730 Vinci-

935 755 1005 775 mur.

970 793 995 820 6.
1011 803 1020 820 ι
1041 793 1172 828 Exsurge,
1194 794 1316 822 Debbora
1327 814 1336 827 ,
1360 801 1476 829 exsurge
1488 798 1515 822 et
1531 794 1630 822 suscita
1651 794 1726 822 dena.

935 838 1017 866 millia
1028 839 1117 873 populi
1125 839 1321 874 ".iProphelia
1333 840 1440 874 quando
1451 839 1590 874 exsurgit?
1599 837 1724 866 Profecto

934 884 960 912 in
974 885 1089 912 adventu
1104 884 1211 912 Domini
1227 894 1234 913 :
1247 890 1275 912 et
1289 893 1341 913 non
1357 885 1442 912 solum
1457 886 1514 920 ipsa
1528 885 1659 920 exsurgit,
1672 885 1719 912 sed

933 935 960 958 et
977 930 1088 964 populos
1107 931 1221 958 suscitat
1237 931 1271 958 ad
1295 931 1470 958 credendum.
1484 940 1494 957 ι
1514 931 1653 965 Captivam
1669 929 1720 956 du-

933 977 988 1004 cito
996 976 1189 1011 captivitatem,
1201 977 1236 1004 Iili
1247 977 1418 1005 Abinoem".
1427 987 1436 1003 ι
1446 976 1576 1004 Abinoem
1588 975 1720 1009 responsio

933 1022 1016 1056 patris
1038 1022 1315 1058 interpretatum“).
1334 1023 1419 1058 lIujus
1443 1023 1514 1050 filius
1537 1027 1578 1050 est
1604 1021 1720 1048 Barach.

934 1067 1120 1102 Captivitatem
1134 1068 1168 1096 de
1181 1069 1301 1096 hostibus
1317 1070 1416 1104 capiet,
1430 1069 1474 1104 qui
1493 1067 1612 1096 caelestis
1632 1067 1724 1095 Patris

934 1120 1061 1148 responsa
1075 1114 1235 1141 servaVerit.
1252 1123 1261 1139 ι
1279 1113 1402 1146 Domine,
1421 1112 1530 1140 humilia
1549 1112 1614 1139 mihi
1628 1111 1722 1139 fortia.-

936 1166 979 1186 res
990 1166 1032 1186 me
1044 1159 1079 1187 '°.
1096 1168 1105 1185 ι
1121 1158 1176 1187 Vox
1189 1160 1240 1187 ista
1254 1159 1372 1187 fidelium
1385 1164 1436 1192 est,
1452 1158 1638 1187 confitentium
1656 1158 1722 1185 sitn-

935 1203 1041 1239 pliciter
1054 1204 1181 1233 fortiores
1192 1212 1253 1233 esse
1265 1205 1389 1232 inimicos
1405 1212 1479 1237 suos,
1493 1205 1635 1232 adversum
1654 1209 1724 1237 quos

935 1250 1013 1277 nobis
1031 1258 1118 1286 pugna
1140 1255 1167 1279 et
1187 1255 1322 1278 certatnen
1343 1255 1385 1279 est
1402 1259 1409 1278 :
1431 1250 1494 1285 quia
1513 1257 1565 1277 non
1584 1253 1628 1275 est
1645 1246 1722 1275 nobis

935 1303 1023 1331 pugna
1042 1297 1171 1325 adversus
1185 1305 1296 1325 carnem
1308 1303 1335 1325 et
1348 1297 1517 1332 sanguinem.
1529 1294 1654 1329 Alioquin
1669 1301 1721 1321 non

934 1347 1007 1371 esset
1024 1343 1101 1371 nobis
1117 1343 1212 1371 fortior
1227 1343 1408 1371 adversarius.
1423 1342 1476 1370 Sed
1492 1340 1618 1376 quoniam
1629 1340 1723 1367 adver-

936 1397 995 1417 sum
1013 1389 1181 1424 principatus
1195 1393 1222 1417 et
1246 1393 1403 1424 potestates,
1423 1392 1451 1415 et
1469 1388 1612 1416 adversum
1629 1385 1721 1413 mundi

935 1435 1016 1470 hujus
1035 1440 1154 1463 rectures
1177 1435 1360 1467 tenebrarum,
1375 1438 1403 1461 et
1421 1434 1563 1461 adversum
1587 1431 1722 1468 spiritalia

898 1491 919 1520 α
937 1481 1062 1516 nequitia:
1089 1484 1131 1509 est
1161 1480 1314 1512 luctamen,
1344 1479 1444 1508 idcirco
1474 1479 1539 1506 dicit
1564 1478 1722 1513 propheta:

939 1537 948 1554 ι
964 1527 1093 1560 Domine,
1117 1527 1228 1555 humilia
1252 1527 1317 1554 mihi
1342 1525 1468 1554 fortiores
1492 1532 1543 1552 me.
1559 1523 1723 1558 sQuomodo

936 1574 1009 1602 enim
1021 1581 1074 1602 non
1087 1573 1145 1601 haec
1157 1577 1230 1601 tanta
1247 1573 1389 1608 spirituum
1401 1573 1451 1604 vis,
1462 1571 1540 1607 longe
1551 1571 1586 1598 sit
1606 1570 1723 1598 humane

937 1619 1081 1655 fragilitate
1101 1619 1307 1647 vehementior?
1330 1618 1383 1646 Sed
1409 1618 1435 1645 iu
1459 1625 1492 1644 eo
1517 1616 1588 1643 Deus
1613 1615 1724 1649 adjuvat

938 1665 1120 1692 inﬁrmitatem
1144 1668 1279 1696 nostram,
1301 1663 1327 1690 iu
1355 1671 1408 1697 quo
1429 1662 1496 1689 dicit
1516 1660 1659 1696 Apostolus
1673 1659 1697 1677 “
1715 1669 1723 1686 :

939 1720 948 1737 ι
970 1710 1065 1738 Omnia
1082 1717 1191 1745 possunt
1205 1710 1231 1736 in
1246 1716 1279 1736 eo
1293 1709 1339 1743 qui
1353 1716 1395 1735 me
1416 1707 1561 1738 confortat,
1577 1716 1591 1733 ι.
1602 1705 1723 1733 Christo.

938 1756 1005 1784 Sunt
1018 1756 1076 1782 istae
1089 1755 1197 1789 quidem
1220 1755 1334 1781 virtutes
1356 1752 1484 1780 fortiores
1500 1751 1596 1778 nobis:
1612 1750 1659 1778 sed
1675 1750 1725 1778 ite-

938 1808 997 1828 rum
1012 1800 1057 1834 qui
1070 1800 1096 1827 in
1109 1799 1186 1826 nobis
1205 1803 1246 1825 est
1261 1797 1395 1829 Christus.
1413 1802 1440 1824 et
1451 1795 1589 1824 confortat
1607 1802 1669 1827 nos,
1684 1798 1725 1822 est

937 1845 1057 1874 omnium
1074 1844 1186 1876 fortior;
1207 1843 1250 1871 cui
1268 1848 1309 1871 est
1329 1842 1417 1878 gloria
1429 1847 1456 1870 et
1474 1841 1616 1876 imperium
1634 1840 1660 1868 in
1678 1848 1731 1868 sas,

938 1892 998 1919 cuia
1016 1890 1185 1919 saeculorum.
1203 1889 1298 1916 Amen.

1222 1946 1362 1975 IIOMILIA
1384 1945 1440 1973 VII.

938 1993 977 2022 De
996 2002 1026 2022 eo
1047 1993 1116 2029 quod
1142 1990 1429 2053 ιναηιιαιίὶκῧὲαηξιὶἰ
1456 1989 1543 2016 Israel
1572 1990 1599 2016 in
1631 1995 1734 2014 munus.

975 2075 1001 2102 I.
1012 2073 1134 2108 Quiescit
1149 2077 1220 2100 terra
1235 2071 1320 2099 donec
1333 2070 1446 2105 quiescit
1460 2072 1612 2104 peccaturo.
1625 2066 1724 2095 Moverl

941 2123 1031 2147 autem
1045 2119 1146 2147 dicitur
1156 2122 1238 2150 terra,
1254 2117 1305 2144 hoc
1315 2120 1368 2148 est,
1381 2116 1398 2142 ii
1413 2115 1459 2149 qui
1472 2114 1594 2141 habitant
1611 2117 1726 2144 terram,

92 2171 146 2192 tur
161 2171 224 2192 esse
237 2164 319 2191 asina;
343 2163 525 2198 refulgentes?
551 2164 621 2192 Dicit
641 2167 713 2194 enim
737 2167 887 2201 Scriptura,
905 2158 927 2186 Ῑ)
941 2173 1002 2194 cum
1013 2166 1118 2193 anilitas
1133 2164 1270 2192 hominum
1288 2169 1396 2189 movere
1409 2159 1559 2194 coeperint,
1580 2163 1607 2185 et
1622 2163 1727 2192 pertur-

92 2210 163 2245 quia
181 2214 306 2244 oporteat
320 2209 481 2238 benedicere
494 2210 638 2238 Dominum
659 2218 706 2239 eos
730 2212 775 2247 qui
791 2213 888 2241 sedent

92 2262 184 2289 super
210 2255 332 2283 vehicula
356 2260 384 2284 et
407 2265 489 2292 super
513 2259 604 2286 asinas
628 2258 802 2294 refulgentes.
824 2259 886 2287 Mihi

91 2302 176 2329 velut
198 2302 225 2329 in
246 2302 315 2330 locis
338 2304 376 2330 ita
399 2302 551 2332 didit-ilibus
570 2303 624 2332 tale
643 2305 744 2339 aliquid
758 2305 886 2333 videtur:

91 2357 161 2376 cum
174 2348 326 2382 iumentum
345 2350 406 2383 hoc,
421 2350 447 2377 id
469 2355 510 2378 est
528 2358 628 2386 corpus
645 2358 745 2382 meum,
759 2350 809 2378 sub
823 2351 889 2386 jugo

92 2394 207 2421 venerit
218 2395 293 2422 verbi
310 2395 366 2428 Dei,
384 2401 448 2424 tunc
465 2396 617 2425 vehiculum
632 2396 754 2431 corporis
769 2396 820 2424 mei
845 2404 889 2424 rc-

90 2438 245 2474 splendere
259 2439 385 2474 incipiet;
408 2445 436 2468 et
458 2441 535 2469 asina
554 2441 621 2474 haec,
637 2439 664 2468 id
681 2445 723 2468 est
740 2448 803 2468 caro
819 2448 889 2474 mea,

92 2491 166 2514 tunc
183 2485 319 2521 refulgere
334 2486 448 2519 dicetur,
467 2494 528 2514 cum
550 2487 684 2514 castitatis
703 2493 736 2513 ac
753 2486 890 2521 pudicitiae

91 2531 185 2560 fuerit
197 2531 340 2566 splendore
351 2532 488 2560 decorata.
503 2532 535 2559 Et
549 2532 586 2559 ita
599 2537 672 2559 recte
686 2530 781 2559 dicitur
798 2532 889 2560 anima

941 2212 1007 2239 bare
1024 2215 1143 2246 peccata.
1161 2209 1195 2237 Et
1217 2208 1278 2236 ideo
1294 2207 1424 2242 scriptum
1439 2211 1482 2233 cst
1504 2205 1555 2232 hoc
1571 2203 1642 2239 quod
1657 2209 1739 2231 tuine,

940 2264 1060 2292 praesens
1076 2256 1155 2283 lectio
1167 2255 1298 2283 continet.
1316 2261 1326 2279 ι
1343 2253 1376 2280 Ει
1388 2251 1500 2287 quievit,
1514 2250 1643 2285 inquit“,
1655 2253 1733 2276 terra

940 2301 1119 2337 quadraginta
1135 2300 1224 2329 annis.
1239 2299 1272 2327 Et
1283 2298 1405 2326 fecerunt
1420 2297 1466 2324 lilii
1483 2296 1565 2324 Israel
1579 2294 1726 2329 malignum

942 2347 968 2374 in
985 2351 1129 2381 conspectu
1146 2345 1263 2377 Domini,
1275 2348 1302 2372 et
1318 2343 1429 2370 tradidit
1447 2349 1495 2369 cos
1512 2341 1537 2369 in
1560 2348 1656 2368 manus
1673 2339 1728 2366 Ma-

941 2393 1003 2421 dian
1027 2392 1106 2420 annis
1127 2395 1240 2426 septem,
1263 2394 1290 2418 et
1315 2389 1428 2417 invaluit
1450 2387 1554 2415 Madian
1580 2393 1661 2420 super
1686 2385 1727 2412 Is-

941 2439 998 2467 rael
1013 2438 1045 2466 ".
1065 2448 1076 2465 ι
1092 2438 1158 2466 Dum
1181 2442 1253 2465 esset
1274 2444 1339 2471 ergo
1357 2435 1459 2471 justitia
1479 2434 1505 2461 in
1530 2438 1615 2464 terra.
1638 2431 1666 2458 id
1686 2436 1729 2458 est

941 2486 968 2512 in
986 2485 1019 2512 iis
1035 2484 1080 2520 qui
1100 2484 1228 2511 habitant.
1245 2487 1356 2514 terram,
1370 2481 1506 2516 quievisse
1521 2478 1618 2505 dicitur
1633 2481 1725 2510 terra;

942 2539 1003 2558 cum
1019 2538 1082 2559 vero
1100 2531 1213 2558 increvit
1227 2528 1366 2563 iniquitas,
1387 2531 1414 2554 et
1436 2525 1559 2553 fecerunt
1576 2524 1632 2560 (75)
1647 2524 1726 2551 mali,

135 2612 347 2645 “'“Jud.v,9.
378 2614 401 2630 ⁸¹
416 2613 482 2641 Phil.
493 2613 569 2644 nl,8.
595 2612 786 2644 "ICor.n,9.
814 2612 882 2640 "Jun

957 2613 984 2643 9,
1003 2611 1044 2639 I0.
1075 2612 1098 2629 ⁸⁵
1112 2611 1230 2639 ἰ1)ἰι1.10.
1259 2609 1411 2638 “ibid.II.
1441 2608 1538 2637 "ibid.
1568 2607 1724 2638 "ibid.l2.

88 2650 120 2666 ⁸⁹
143 2649 210 2676 ibid.
247 2647 271 2664 '°
286 2648 352 2676 ibid.
369 2649 410 2676 I5.
447 2649 469 2664 "
484 2648 582 2683 Philip.
593 2655 630 2681 Iv,
646 2648 690 2675 I5.
727 2648 750 2664 ”
764 2646 825 2674 Jud.
843 2656 869 2681 ν,
884 2649 930 2677 52.
967 2648 990 2664 ”
1002 2647 1104 2679 dudm,
1121 2647 1146 2674 I.

138 2694 196 2730 (75)
212 2693 258 2722 Sic
272 2702 337 2722 mss.
354 2694 426 2722 Libri
442 2702 506 2722 vero
521 2695 597 2728 editi,
609 2704 618 2721 ι
636 2694 672 2722 ita
691 2694 803 2729 spiritus
817 2701 888 2728 purae

89 2730 211 2760 montis,
227 2730 275 2762 qui
291 2730 398 2757 sincere
413 2734 503 2762 canat,
519 2734 557 2756 ut.
580 2739 588 2756 ι

136 2764 196 2799 (71)
210 2763 334 2792 Αὺῐηοεπι
362 2765 495 2798 responsio
516 2764 598 2797 patris
624 2764 818 2798 iulerprefalur.
835 2763 890 2791 Me-

90 2802 157 2829 lius
190 2804 360 2832 verlcrelur,
387 2808 396 2824 ‹
428 2799 571 2826 ammnitas
603 2799 708 2834 patris,
734 2809 743 2825 ›
782 2799 814 2825 ab
839 2803 891 2829 nu:

947 2703 956 2719 ι
980 2694 1134 2726 ammnilas,
1158 2702 1167 2719 ι
1187 2697 1265 2722 etate
1282 2701 1292 2717 ‹
1310 2695 1396 2726 pater.
1416 2701 1425 2717 ι

980 2729 1036 2764 (75)
1053 2729 1115 2761 Ms.,
1129 2724 1140 2753 ἰ
1159 2724 1332 2764 increvit"...
1358 2726 1488 2754 fecerunt.
1519 2735 1528 2752 ›
1550 2724 1626 2754 Libb.
1650 2724 1734 2759 editi,

945 2775 952 2790 ι
976 2762 1166 2793 increverit....
1186 2762 1308 2790 fecerint.
1330 2770 1339 2786 )
