  <div class='ocr_page' id='page_1' title='image "/cluster/home/n/w/nwhite01/storage/ocr_20150623/12/njp.32101077772422/517.png"; bbox 0 0 1896 3052; ppageno 0'>
   <div class='ocr_carea' id='block_1_1' title="bbox 181 127 231 156">
    <p class='ocr_par' dir='ltr' id='par_1_1' title="bbox 181 127 231 156">
     <span class='ocr_line' id='line_1_1' title="bbox 181 127 231 156; baseline 0.04 -2"><span class='ocrx_word' id='word_1_1' title='bbox 181 127 231 156; x_wconf 75' lang='lat'><strong>979</strong></span> 
     </span>
    </p>
   </div>
   <div class='ocr_carea' id='block_1_2' title="bbox 901 122 1060 151">
    <p class='ocr_par' dir='ltr' id='par_1_2' title="bbox 901 122 1060 151">
     <span class='ocr_line' id='line_1_2' title="bbox 901 122 1060 151; baseline -0.006 0"><span class='ocrx_word' id='word_1_2' title='bbox 901 122 1060 151; x_wconf 74' lang='lat' dir='ltr'><strong>ORIGENIS</strong></span> 
     </span>
    </p>
   </div>
   <div class='ocr_carea' id='block_1_3' title="bbox 1749 121 1793 150">
    <p class='ocr_par' dir='ltr' id='par_1_3' title="bbox 1749 121 1793 150">
     <span class='ocr_line' id='line_1_3' title="bbox 1749 121 1793 150; baseline -0.023 0"><span class='ocrx_word' id='word_1_3' title='bbox 1749 121 1793 150; x_wconf 69' lang='lat'><strong>980</strong></span> 
     </span>
    </p>
   </div>
   <div class='ocr_carea' id='block_1_4' title="bbox 181 180 1793 221">
    <p class='ocr_par' dir='ltr' id='par_1_4' title="bbox 181 180 1793 221">
     <span class='ocr_line' id='line_1_4' title="bbox 181 180 1793 221; baseline -0.001 -9"><span class='ocrx_word' id='word_1_4' title='bbox 181 193 264 221; x_wconf 82' lang='lat' dir='ltr'><strong>gnum</strong></span> <span class='ocrx_word' id='word_1_5' title='bbox 283 185 309 212; x_wconf 91' lang='lat' dir='ltr'><strong>iu</strong></span> <span class='ocrx_word' id='word_1_6' title='bbox 325 190 471 221; x_wconf 82' lang='lat' dir='ltr'><strong>conspectu</strong></span> <span class='ocrx_word' id='word_1_7' title='bbox 487 185 604 217; x_wconf 85' lang='lat' dir='ltr'><strong>Domini,</strong></span> <span class='ocrx_word' id='word_1_8' title='bbox 619 194 628 210; x_wconf 84' lang='grc'><strong><em>‹</em></strong></span> <span class='ocrx_word' id='word_1_9' title='bbox 649 189 712 212; x_wconf 88' lang='lat' dir='ltr'><strong>tunc</strong></span> <span class='ocrx_word' id='word_1_10' title='bbox 733 183 852 216; x_wconf 88' lang='lat' dir='ltr'><strong>tradidit,</strong></span> <span class='ocrx_word' id='word_1_11' title='bbox 872 183 968 217; x_wconf 86' lang='lat' dir='ltr'><strong>inquit,</strong></span> <span class='ocrx_word' id='word_1_12' title='bbox 985 181 1006 209; x_wconf 83' lang='grc' dir='ltr'><strong>Α</strong></span> <span class='ocrx_word' id='word_1_13' title='bbox 1023 180 1136 209; x_wconf 78' lang='lat' dir='ltr'><strong>libenter</strong></span> <span class='ocrx_word' id='word_1_14' title='bbox 1150 182 1288 214; x_wconf 83' lang='lat' dir='ltr'><strong>ascendat,</strong></span> <span class='ocrx_word' id='word_1_15' title='bbox 1307 182 1456 217; x_wconf 84' lang='lat' dir='ltr'><strong>depereunt</strong></span> <span class='ocrx_word' id='word_1_16' title='bbox 1475 182 1564 210; x_wconf 86' lang='lat' dir='ltr'><strong>omnia</strong></span> <span class='ocrx_word' id='word_1_17' title='bbox 1578 189 1639 218; x_wconf 72' lang='lat' dir='ltr'><strong>quae</strong></span> <span class='ocrx_word' id='word_1_18' title='bbox 1653 182 1729 216; x_wconf 84' lang='lat' dir='ltr'><strong>prius</strong></span> <span class='ocrx_word' id='word_1_19' title='bbox 1744 182 1793 210; x_wconf 80' lang='lat' dir='ltr'><strong>fue-</strong></span> 
     </span>
    </p>
   </div>
   <div class='ocr_carea' id='block_1_5' title="bbox 181 230 962 263">
    <p class='ocr_par' dir='ltr' id='par_1_5' title="bbox 181 230 962 263">
     <span class='ocr_line' id='line_1_5' title="bbox 181 230 962 263; baseline -0.005 -5"><span class='ocrx_word' id='word_1_20' title='bbox 181 237 230 258; x_wconf 85' lang='lat' dir='ltr'><strong>eos</strong></span> <span class='ocrx_word' id='word_1_21' title='bbox 255 230 385 258; x_wconf 84' lang='lat' dir='ltr'><strong>Dominus</strong></span> <span class='ocrx_word' id='word_1_22' title='bbox 409 231 436 258; x_wconf 94' lang='lat' dir='ltr'><strong>in</strong></span> <span class='ocrx_word' id='word_1_23' title='bbox 466 236 561 258; x_wconf 84' lang='lat' dir='ltr'><strong>manus</strong></span> <span class='ocrx_word' id='word_1_24' title='bbox 589 230 695 257; x_wconf 79' lang='lat' dir='ltr'><strong>Madian</strong></span> <span class='ocrx_word' id='word_1_25' title='bbox 721 230 797 257; x_wconf 88' lang='lat' dir='ltr'><strong>annis</strong></span> <span class='ocrx_word' id='word_1_26' title='bbox 816 233 929 263; x_wconf 88' lang='lat' dir='ltr'><strong>septem.</strong></span> <span class='ocrx_word' id='word_1_27' title='bbox 953 237 962 253; x_wconf 82' lang='grc' dir='ltr'><strong>ι</strong></span> 
     </span>
    </p>
   </div>
   <div class='ocr_carea' id='block_1_6' title="bbox 183 273 966 309">
    <p class='ocr_par' dir='ltr' id='par_1_6' title="bbox 183 273 966 309">
     <span class='ocr_line' id='line_1_6' title="bbox 183 273 966 309; baseline -0.005 -6"><span class='ocrx_word' id='word_1_28' title='bbox 183 276 238 303; x_wconf 87' lang='lat' dir='ltr'><strong>Nec</strong></span> <span class='ocrx_word' id='word_1_29' title='bbox 253 276 380 303; x_wconf 89' lang='lat' dir='ltr'><strong>dicuntur</strong></span> <span class='ocrx_word' id='word_1_30' title='bbox 401 276 547 304; x_wconf 88' lang='lat' dir='ltr'><strong>invaluisse</strong></span> <span class='ocrx_word' id='word_1_31' title='bbox 567 275 719 302; x_wconf 72' lang='lat' dir='ltr'><strong>Madianitze</strong></span> <span class='ocrx_word' id='word_1_32' title='bbox 743 282 822 309; x_wconf 83' lang='lat' dir='ltr'><strong>super</strong></span> <span class='ocrx_word' id='word_1_33' title='bbox 839 273 966 309; x_wconf 85' lang='lat' dir='ltr'><strong>populum</strong></span> 
     </span>
    </p>
   </div>
   <div class='ocr_carea' id='block_1_7' title="bbox 183 320 967 357">
    <p class='ocr_par' dir='ltr' id='par_1_7' title="bbox 183 320 967 357">
     <span class='ocr_line' id='line_1_7' title="bbox 183 320 967 357; baseline -0.004 -9"><span class='ocrx_word' id='word_1_34' title='bbox 183 322 299 353; x_wconf 86' lang='lat' dir='ltr'><strong>Domini,</strong></span> <span class='ocrx_word' id='word_1_35' title='bbox 320 322 406 349; x_wconf 83' lang='lat' dir='ltr'><strong>donec</strong></span> <span class='ocrx_word' id='word_1_36' title='bbox 432 327 566 357; x_wconf 74' lang='lat' dir='ltr'><strong>praecepta</strong></span> <span class='ocrx_word' id='word_1_37' title='bbox 590 322 695 350; x_wconf 86' lang='lat' dir='ltr'><strong>Domini</strong></span> <span class='ocrx_word' id='word_1_38' title='bbox 713 321 825 356; x_wconf 86' lang='lat' dir='ltr'><strong>populus</strong></span> <span class='ocrx_word' id='word_1_39' title='bbox 848 320 967 347; x_wconf 81' lang='lat' dir='ltr'><strong>custodi-</strong></span> 
     </span>
    </p>
   </div>
   <div class='ocr_carea' id='block_1_8' title="bbox 181 366 969 403">
    <p class='ocr_par' dir='ltr' id='par_1_8' title="bbox 181 366 969 403">
     <span class='ocr_line' id='line_1_8' title="bbox 181 366 969 403; baseline -0.004 -9"><span class='ocrx_word' id='word_1_40' title='bbox 181 368 230 395; x_wconf 88' lang='lat' dir='ltr'><strong>vit.</strong></span> <span class='ocrx_word' id='word_1_41' title='bbox 245 368 311 395; x_wconf 89' lang='lat' dir='ltr'><strong>Cum</strong></span> <span class='ocrx_word' id='word_1_42' title='bbox 329 375 392 396; x_wconf 75' lang='lat' dir='ltr'><strong>vero</strong></span> <span class='ocrx_word' id='word_1_43' title='bbox 408 369 545 403; x_wconf 75' lang='lat' dir='ltr'><strong>negligere</strong></span> <span class='ocrx_word' id='word_1_44' title='bbox 561 368 643 402; x_wconf 76' lang='lat' dir='ltr'><strong>cmpit</strong></span> <span class='ocrx_word' id='word_1_45' title='bbox 660 367 785 394; x_wconf 78' lang='lat' dir='ltr'><strong>mandata</strong></span> <span class='ocrx_word' id='word_1_46' title='bbox 806 366 907 397; x_wconf 89' lang='lat' dir='ltr'><strong>divina,</strong></span> <span class='ocrx_word' id='word_1_47' title='bbox 924 372 969 391; x_wconf 91' lang='lat' dir='ltr'><strong>ro-</strong></span> 
     </span>
    </p>
   </div>
   <div class='ocr_carea' id='block_1_9' title="bbox 182 409 965 441">
    <p class='ocr_par' dir='ltr' id='par_1_9' title="bbox 182 409 965 441">
     <span class='ocr_line' id='line_1_9' title="bbox 182 409 965 441; baseline -0.004 -1"><span class='ocrx_word' id='word_1_48' title='bbox 182 414 287 440; x_wconf 85' lang='lat' dir='ltr'><strong>bustior</strong></span> <span class='ocrx_word' id='word_1_49' title='bbox 299 417 326 440; x_wconf 89' lang='lat' dir='ltr'><strong>et</strong></span> <span class='ocrx_word' id='word_1_50' title='bbox 338 413 453 441; x_wconf 80' lang='lat' dir='ltr'><strong>validior</strong></span> <span class='ocrx_word' id='word_1_51' title='bbox 468 413 564 441; x_wconf 70' lang='lat' dir='ltr'><strong>effecta</strong></span> <span class='ocrx_word' id='word_1_52' title='bbox 577 419 617 440; x_wconf 86' lang='lat' dir='ltr'><strong>est</strong></span> <span class='ocrx_word' id='word_1_53' title='bbox 628 413 758 440; x_wconf 78' lang='lat' dir='ltr'><strong>adversus</strong></span> <span class='ocrx_word' id='word_1_54' title='bbox 773 420 834 439; x_wconf 91' lang='lat' dir='ltr'><strong>eum</strong></span> <span class='ocrx_word' id='word_1_55' title='bbox 847 409 965 439; x_wconf 72' lang='lat' dir='ltr'><strong>hostium</strong></span> 
     </span>
    </p>
   </div>
   <div class='ocr_carea' id='block_1_10' title="bbox 182 458 967 494">
    <p class='ocr_par' dir='ltr' id='par_1_10' title="bbox 182 458 967 494">
     <span class='ocr_line' id='line_1_10' title="bbox 182 458 967 494; baseline -0.003 -9"><span class='ocrx_word' id='word_1_56' title='bbox 182 465 287 486; x_wconf 80' lang='lat' dir='ltr'><strong>manus.</strong></span> <span class='ocrx_word' id='word_1_57' title='bbox 306 459 339 486; x_wconf 87' lang='lat' dir='ltr'><strong>Et</strong></span> <span class='ocrx_word' id='word_1_58' title='bbox 360 458 503 487; x_wconf 84' lang='lat' dir='ltr'><strong>adversum</strong></span> <span class='ocrx_word' id='word_1_59' title='bbox 523 460 631 494; x_wconf 87' lang='lat' dir='ltr'><strong>quidem</strong></span> <span class='ocrx_word' id='word_1_60' title='bbox 655 458 729 485; x_wconf 92' lang='lat' dir='ltr'><strong>illum</strong></span> <span class='ocrx_word' id='word_1_61' title='bbox 746 459 863 493; x_wconf 86' lang='lat' dir='ltr'><strong>priorem</strong></span> <span class='ocrx_word' id='word_1_62' title='bbox 882 465 967 492; x_wconf 54' lang='lat' dir='ltr'><strong>popuo</strong></span> 
     </span>
    </p>
   </div>
   <div class='ocr_carea' id='block_1_11' title="bbox 180 503 965 540">
    <p class='ocr_par' dir='ltr' id='par_1_11' title="bbox 180 503 965 540">
     <span class='ocr_line' id='line_1_11' title="bbox 180 503 965 540; baseline 0 -9"><span class='ocrx_word' id='word_1_63' title='bbox 180 503 236 531; x_wconf 88' lang='lat' dir='ltr'><strong>Ium</strong></span> <span class='ocrx_word' id='word_1_64' title='bbox 255 504 411 538; x_wconf 80' lang='lat' dir='ltr'><strong>corporales</strong></span> <span class='ocrx_word' id='word_1_65' title='bbox 431 505 605 540; x_wconf 78' lang='lat' dir='ltr'><strong>insurgebant</strong></span> <span class='ocrx_word' id='word_1_66' title='bbox 625 505 734 537; x_wconf 82' lang='lat' dir='ltr'><strong>hostes,</strong></span> <span class='ocrx_word' id='word_1_67' title='bbox 756 511 817 531; x_wconf 87' lang='lat' dir='ltr'><strong>cum</strong></span> <span class='ocrx_word' id='word_1_68' title='bbox 836 503 965 538; x_wconf 86' lang='lat' dir='ltr'><strong>deliquis-</strong></span> 
     </span>
    </p>
   </div>
   <div class='ocr_carea' id='block_1_12' title="bbox 181 548 967 585">
    <p class='ocr_par' dir='ltr' id='par_1_12' title="bbox 181 548 967 585">
     <span class='ocr_line' id='line_1_12' title="bbox 181 548 967 585; baseline -0.001 -9"><span class='ocrx_word' id='word_1_69' title='bbox 181 554 241 582; x_wconf 84' lang='lat' dir='ltr'><strong>set;</strong></span> <span class='ocrx_word' id='word_1_70' title='bbox 258 550 400 577; x_wconf 85' lang='lat' dir='ltr'><strong>adversum</strong></span> <span class='ocrx_word' id='word_1_71' title='bbox 415 557 464 577; x_wconf 89' lang='lat' dir='ltr'><strong>nos</strong></span> <span class='ocrx_word' id='word_1_72' title='bbox 479 555 579 580; x_wconf 86' lang='lat' dir='ltr'><strong>autem.</strong></span> <span class='ocrx_word' id='word_1_73' title='bbox 595 550 639 585; x_wconf 89' lang='lat' dir='ltr'><strong>qui</strong></span> <span class='ocrx_word' id='word_1_74' title='bbox 655 549 735 577; x_wconf 83' lang='lat' dir='ltr'><strong>Israel</strong></span> <span class='ocrx_word' id='word_1_75' title='bbox 753 548 898 577; x_wconf 87' lang='lat' dir='ltr'><strong>secundum</strong></span> <span class='ocrx_word' id='word_1_76' title='bbox 911 549 967 584; x_wconf 89' lang='lat' dir='ltr'><strong>spi-</strong></span> 
     </span>
    </p>
   </div>
   <div class='ocr_carea' id='block_1_13' title="bbox 181 594 966 630">
    <p class='ocr_par' dir='ltr' id='par_1_13' title="bbox 181 594 966 630">
     <span class='ocr_line' id='line_1_13' title="bbox 181 594 966 630; baseline 0.001 -10"><span class='ocrx_word' id='word_1_77' title='bbox 181 594 263 621; x_wconf 82' lang='lat' dir='ltr'><strong>ritum</strong></span> <span class='ocrx_word' id='word_1_78' title='bbox 284 594 340 630; x_wconf 81' lang='lat'><strong>(76)</strong></span> <span class='ocrx_word' id='word_1_79' title='bbox 359 595 491 629; x_wconf 88' lang='lat' dir='ltr'><strong>dicimur,</strong></span> <span class='ocrx_word' id='word_1_80' title='bbox 523 595 654 630; x_wconf 79' lang='lat' dir='ltr'><strong>spiritalis</strong></span> <span class='ocrx_word' id='word_1_81' title='bbox 679 596 738 622; x_wconf 86' lang='lat' dir='ltr'><strong>sine</strong></span> <span class='ocrx_word' id='word_1_82' title='bbox 771 594 853 622; x_wconf 90' lang='lat' dir='ltr'><strong>dubio</strong></span> <span class='ocrx_word' id='word_1_83' title='bbox 881 594 966 622; x_wconf 87' lang='lat' dir='ltr'><strong>hostis</strong></span> 
     </span>
    </p>
   </div>
   <div class='ocr_carea' id='block_1_14' title="bbox 184 639 965 675">
    <p class='ocr_par' dir='ltr' id='par_1_14' title="bbox 184 639 965 675">
     <span class='ocr_line' id='line_1_14' title="bbox 184 639 965 675; baseline -0.001 -8"><span class='ocrx_word' id='word_1_84' title='bbox 184 639 310 675; x_wconf 88' lang='lat' dir='ltr'><strong>insurgit,</strong></span> <span class='ocrx_word' id='word_1_85' title='bbox 339 645 366 668; x_wconf 89' lang='lat' dir='ltr'><strong>et</strong></span> <span class='ocrx_word' id='word_1_86' title='bbox 392 647 453 669; x_wconf 89' lang='lat' dir='ltr'><strong>cttm</strong></span> <span class='ocrx_word' id='word_1_87' title='bbox 479 642 603 668; x_wconf 90' lang='lat' dir='ltr'><strong>mandata</strong></span> <span class='ocrx_word' id='word_1_88' title='bbox 630 640 677 668; x_wconf 86' lang='lat' dir='ltr'><strong>Dei</strong></span> <span class='ocrx_word' id='word_1_89' title='bbox 702 640 878 675; x_wconf 78' lang='lat' dir='ltr'><strong>negligimus,</strong></span> <span class='ocrx_word' id='word_1_90' title='bbox 905 647 965 666; x_wconf 88' lang='lat' dir='ltr'><strong>cum</strong></span> 
     </span>
    </p>
   </div>
   <div class='ocr_carea' id='block_1_15' title="bbox 180 684 967 719">
    <p class='ocr_par' dir='ltr' id='par_1_15' title="bbox 180 684 967 719">
     <span class='ocr_line' id='line_1_15' title="bbox 180 684 967 719; baseline 0 -7"><span class='ocrx_word' id='word_1_91' title='bbox 180 684 319 713; x_wconf 82' lang='lat' dir='ltr'><strong>Christum</strong></span> <span class='ocrx_word' id='word_1_92' title='bbox 336 687 544 719; x_wconf 88' lang='lat' dir='ltr'><strong>contemnimus,</strong></span> <span class='ocrx_word' id='word_1_93' title='bbox 557 686 673 713; x_wconf 81' lang='lat' dir='ltr'><strong>validior</strong></span> <span class='ocrx_word' id='word_1_94' title='bbox 687 685 830 712; x_wconf 88' lang='lat' dir='ltr'><strong>adversum</strong></span> <span class='ocrx_word' id='word_1_95' title='bbox 847 692 895 712; x_wconf 90' lang='lat' dir='ltr'><strong>nos</strong></span> <span class='ocrx_word' id='word_1_96' title='bbox 913 691 967 712; x_wconf 88' lang='lat' dir='ltr'><strong>ma-</strong></span> 
     </span>
    </p>
   </div>
   <div class='ocr_carea' id='block_1_16' title="bbox 180 731 968 759">
    <p class='ocr_par' dir='ltr' id='par_1_16' title="bbox 180 731 968 759">
     <span class='ocr_line' id='line_1_16' title="bbox 180 731 968 759; baseline -0.001 -1"><span class='ocrx_word' id='word_1_97' title='bbox 180 738 230 758; x_wconf 90' lang='lat' dir='ltr'><strong>nus</strong></span> <span class='ocrx_word' id='word_1_98' title='bbox 249 731 400 759; x_wconf 70' lang='lat' dir='ltr'><strong>dtemonum</strong></span> <span class='ocrx_word' id='word_1_99' title='bbox 413 731 528 759; x_wconf 78' lang='lat' dir='ltr'><strong>eﬂicitur</strong></span> <span class='ocrx_word' id='word_1_100' title='bbox 546 741 552 759; x_wconf 91' lang='lat'><strong><em>:</em></strong></span> <span class='ocrx_word' id='word_1_101' title='bbox 569 736 595 759; x_wconf 89' lang='lat' dir='ltr'><strong>et</strong></span> <span class='ocrx_word' id='word_1_102' title='bbox 611 731 743 758; x_wconf 78' lang='lat' dir='ltr'><strong>tradimur</strong></span> <span class='ocrx_word' id='word_1_103' title='bbox 753 731 834 759; x_wconf 89' lang='lat' dir='ltr'><strong>etiam</strong></span> <span class='ocrx_word' id='word_1_104' title='bbox 853 738 901 758; x_wconf 90' lang='lat' dir='ltr'><strong>nos</strong></span> <span class='ocrx_word' id='word_1_105' title='bbox 917 731 968 757; x_wconf 90' lang='lat' dir='ltr'><strong>ini-</strong></span> 
     </span>
    </p>
   </div>
   <div class='ocr_carea' id='block_1_17' title="bbox 181 777 659 813">
    <p class='ocr_par' dir='ltr' id='par_1_17' title="bbox 181 777 659 813">
     <span class='ocr_line' id='line_1_17' title="bbox 181 777 659 813; baseline 0.002 -10"><span class='ocrx_word' id='word_1_106' title='bbox 181 777 270 808; x_wconf 84' lang='lat' dir='ltr'><strong>micis,</strong></span> <span class='ocrx_word' id='word_1_107' title='bbox 283 784 344 804; x_wconf 91' lang='lat' dir='ltr'><strong>cum</strong></span> <span class='ocrx_word' id='word_1_108' title='bbox 361 778 513 805; x_wconf 83' lang='lat' dir='ltr'><strong>deserimur</strong></span> <span class='ocrx_word' id='word_1_109' title='bbox 527 786 541 804; x_wconf 87' lang='lat' dir='ltr'><strong>a</strong></span> <span class='ocrx_word' id='word_1_110' title='bbox 560 779 659 813; x_wconf 88' lang='lat' dir='ltr'><strong>gratia.</strong></span> 
     </span>
    </p>
   </div>
   <div class='ocr_carea' id='block_1_18' title="bbox 214 821 967 856">
    <p class='ocr_par' dir='ltr' id='par_1_18' title="bbox 214 821 967 856">
     <span class='ocr_line' id='line_1_18' title="bbox 214 821 967 856; baseline -0.003 -7"><span class='ocrx_word' id='word_1_111' title='bbox 214 822 241 848; x_wconf 74' lang='grc' dir='ltr'><strong>Ξ.</strong></span> <span class='ocrx_word' id='word_1_112' title='bbox 258 821 312 849; x_wconf 89' lang='lat' dir='ltr'><strong>Sed</strong></span> <span class='ocrx_word' id='word_1_113' title='bbox 329 822 469 849; x_wconf 81' lang='lat' dir='ltr'><strong>videamus</strong></span> <span class='ocrx_word' id='word_1_114' title='bbox 481 822 545 856; x_wconf 89' lang='lat' dir='ltr'><strong>quid</strong></span> <span class='ocrx_word' id='word_1_115' title='bbox 560 823 658 850; x_wconf 85' lang='lat' dir='ltr'><strong>accidit</strong></span> <span class='ocrx_word' id='word_1_116' title='bbox 670 823 720 856; x_wconf 84' lang='lat' dir='ltr'><strong>eis,</strong></span> <span class='ocrx_word' id='word_1_117' title='bbox 735 822 782 856; x_wconf 88' lang='lat' dir='ltr'><strong>qui</strong></span> <span class='ocrx_word' id='word_1_118' title='bbox 798 821 889 848; x_wconf 82' lang='lat' dir='ltr'><strong>traditi</strong></span> <span class='ocrx_word' id='word_1_119' title='bbox 905 825 967 847; x_wconf 88' lang='lat' dir='ltr'><strong>sunt</strong></span> 
     </span>
    </p>
   </div>
   <div class='ocr_carea' id='block_1_19' title="bbox 180 866 968 902">
    <p class='ocr_par' dir='ltr' id='par_1_19' title="bbox 180 866 968 902">
     <span class='ocr_line' id='line_1_19' title="bbox 180 866 968 902; baseline -0.003 -8"><span class='ocrx_word' id='word_1_120' title='bbox 180 874 228 900; x_wconf 82' lang='lat' dir='ltr'><strong>pro</strong></span> <span class='ocrx_word' id='word_1_121' title='bbox 244 868 363 901; x_wconf 82' lang='lat' dir='ltr'><strong>peccatis</strong></span> <span class='ocrx_word' id='word_1_122' title='bbox 378 867 442 894; x_wconf 88' lang='lat' dir='ltr'><strong>suis.</strong></span> <span class='ocrx_word' id='word_1_123' title='bbox 465 876 475 893; x_wconf 74' lang='grc' dir='ltr'><strong>ι</strong></span> <span class='ocrx_word' id='word_1_124' title='bbox 492 868 524 894; x_wconf 85' lang='grc' dir='ltr'>Ει</span> <span class='ocrx_word' id='word_1_125' title='bbox 546 867 690 902; x_wconf 85' lang='lat' dir='ltr'><strong>fugerunt,</strong></span> <span class='ocrx_word' id='word_1_126' title='bbox 716 867 850 902; x_wconf 80' lang='lat' dir='ltr'><strong>inquit“,</strong></span> <span class='ocrx_word' id='word_1_127' title='bbox 866 866 912 893; x_wconf 86' lang='lat' dir='ltr'><strong>ﬁlii</strong></span> <span class='ocrx_word' id='word_1_128' title='bbox 930 866 968 893; x_wconf 90' lang='lat' dir='ltr'><strong>Is-</strong></span> 
     </span>
    </p>
   </div>
   <div class='ocr_carea' id='block_1_20' title="bbox 181 912 969 948">
    <p class='ocr_par' dir='ltr' id='par_1_20' title="bbox 181 912 969 948">
     <span class='ocr_line' id='line_1_20' title="bbox 181 912 969 948; baseline 0 -9"><span class='ocrx_word' id='word_1_129' title='bbox 181 913 236 940; x_wconf 88' lang='lat' dir='ltr'><strong>rael</strong></span> <span class='ocrx_word' id='word_1_130' title='bbox 253 920 268 939; x_wconf 90' lang='lat' dir='ltr'><strong>a</strong></span> <span class='ocrx_word' id='word_1_131' title='bbox 283 913 352 940; x_wconf 78' lang='lat' dir='ltr'><strong>facie</strong></span> <span class='ocrx_word' id='word_1_132' title='bbox 365 912 470 940; x_wconf 81' lang='lat' dir='ltr'><strong>Madian</strong></span> <span class='ocrx_word' id='word_1_133' title='bbox 485 920 532 947; x_wconf 88' lang='lat' dir='ltr'><strong>per</strong></span> <span class='ocrx_word' id='word_1_134' title='bbox 545 917 619 948; x_wconf 86' lang='lat' dir='ltr'><strong>septa</strong></span> <span class='ocrx_word' id='word_1_135' title='bbox 634 913 659 940; x_wconf 92' lang='lat' dir='ltr'><strong>in</strong></span> <span class='ocrx_word' id='word_1_136' title='bbox 675 913 858 945; x_wconf 85' lang='lat' dir='ltr'><strong>montibus,et</strong></span> <span class='ocrx_word' id='word_1_137' title='bbox 869 912 895 939; x_wconf 92' lang='lat' dir='ltr'><strong>in</strong></span> <span class='ocrx_word' id='word_1_138' title='bbox 907 918 969 946; x_wconf 86' lang='lat' dir='ltr'><strong>spe-</strong></span> 
     </span>
    </p>
   </div>
   <div class='ocr_carea' id='block_1_21' title="bbox 179 957 970 991">
    <p class='ocr_par' dir='ltr' id='par_1_21' title="bbox 179 957 970 991">
     <span class='ocr_line' id='line_1_21' title="bbox 179 957 970 991; baseline -0.001 -7"><span class='ocrx_word' id='word_1_139' title='bbox 179 957 278 990; x_wconf 89' lang='lat' dir='ltr'><strong>Iuncis,</strong></span> <span class='ocrx_word' id='word_1_140' title='bbox 286 962 313 985; x_wconf 92' lang='lat' dir='ltr'><strong>et</strong></span> <span class='ocrx_word' id='word_1_141' title='bbox 324 958 350 984; x_wconf 92' lang='lat' dir='ltr'><strong>in</strong></span> <span class='ocrx_word' id='word_1_142' title='bbox 367 958 562 985; x_wconf 88' lang='lat' dir='ltr'><strong>munitionibus</strong></span> <span class='ocrx_word' id='word_1_143' title='bbox 574 966 581 991; x_wconf 88' lang='lat'><strong>;</strong></span> <span class='ocrx_word' id='word_1_144' title='bbox 593 963 619 986; x_wconf 90' lang='lat' dir='ltr'><strong>et</strong></span> <span class='ocrx_word' id='word_1_145' title='bbox 633 957 801 985; x_wconf 77' lang='lat' dir='ltr'><strong>efﬁciebatur</strong></span> <span class='ocrx_word' id='word_1_146' title='bbox 815 965 876 984; x_wconf 90' lang='lat' dir='ltr'><strong>cum</strong></span> <span class='ocrx_word' id='word_1_147' title='bbox 892 957 970 984; x_wconf 89' lang='lat' dir='ltr'><strong>semi-</strong></span> 
     </span>
    </p>
   </div>
   <div class='ocr_carea' id='block_1_22' title="bbox 179 1002 970 1035">
    <p class='ocr_par' dir='ltr' id='par_1_22' title="bbox 179 1002 970 1035">
     <span class='ocr_line' id='line_1_22' title="bbox 179 1002 970 1035; baseline -0.003 -5"><span class='ocrx_word' id='word_1_148' title='bbox 179 1007 273 1031; x_wconf 87' lang='lat' dir='ltr'><strong>nasset</strong></span> <span class='ocrx_word' id='word_1_149' title='bbox 285 1003 328 1030; x_wconf 90' lang='lat' dir='ltr'><strong>vir</strong></span> <span class='ocrx_word' id='word_1_150' title='bbox 342 1003 436 1035; x_wconf 90' lang='lat' dir='ltr'><strong>Israel,</strong></span> <span class='ocrx_word' id='word_1_151' title='bbox 449 1003 631 1031; x_wconf 82' lang='lat' dir='ltr'><strong>ascendebant</strong></span> <span class='ocrx_word' id='word_1_152' title='bbox 644 1002 748 1030; x_wconf 78' lang='lat' dir='ltr'><strong>Madian</strong></span> <span class='ocrx_word' id='word_1_153' title='bbox 766 1008 793 1030; x_wconf 93' lang='lat' dir='ltr'><strong>et</strong></span> <span class='ocrx_word' id='word_1_154' title='bbox 807 1002 927 1035; x_wconf 82' lang='lat' dir='ltr'><strong>Amalec,</strong></span> <span class='ocrx_word' id='word_1_155' title='bbox 942 1006 970 1029; x_wconf 89' lang='lat' dir='ltr'><strong>et</strong></span> 
     </span>
    </p>
   </div>
   <div class='ocr_carea' id='block_1_23' title="bbox 180 1047 968 1083">
    <p class='ocr_par' dir='ltr' id='par_1_23' title="bbox 180 1047 968 1083">
     <span class='ocr_line' id='line_1_23' title="bbox 180 1047 968 1083; baseline 0 -9"><span class='ocrx_word' id='word_1_156' title='bbox 180 1047 226 1075; x_wconf 88' lang='lat' dir='ltr'><strong>tllii</strong></span> <span class='ocrx_word' id='word_1_157' title='bbox 239 1048 358 1076; x_wconf 89' lang='lat' dir='ltr'><strong>Orientis</strong></span> <span class='ocrx_word' id='word_1_158' title='bbox 372 1056 455 1083; x_wconf 85' lang='lat' dir='ltr'><strong>super</strong></span> <span class='ocrx_word' id='word_1_159' title='bbox 469 1056 525 1082; x_wconf 90' lang='lat' dir='ltr'><strong>eos,</strong></span> <span class='ocrx_word' id='word_1_160' title='bbox 538 1054 565 1076; x_wconf 89' lang='lat' dir='ltr'><strong>et</strong></span> <span class='ocrx_word' id='word_1_161' title='bbox 576 1049 802 1083; x_wconf 82' lang='lat' dir='ltr'><strong>superveniebant</strong></span> <span class='ocrx_word' id='word_1_162' title='bbox 817 1048 867 1080; x_wconf 88' lang='lat' dir='ltr'><strong>eis,</strong></span> <span class='ocrx_word' id='word_1_163' title='bbox 880 1052 906 1075; x_wconf 91' lang='lat' dir='ltr'><strong>et</strong></span> <span class='ocrx_word' id='word_1_164' title='bbox 919 1055 968 1075; x_wconf 77' lang='lat' dir='ltr'><strong>ex-</strong></span> 
     </span>
    </p>
   </div>
   <div class='ocr_carea' id='block_1_24' title="bbox 180 1093 969 1129">
    <p class='ocr_par' dir='ltr' id='par_1_24' title="bbox 180 1093 969 1129">
     <span class='ocr_line' id='line_1_24' title="bbox 180 1093 969 1129; baseline 0 -9"><span class='ocrx_word' id='word_1_165' title='bbox 180 1093 359 1122; x_wconf 87' lang='lat' dir='ltr'><strong>terminabant</strong></span> <span class='ocrx_word' id='word_1_166' title='bbox 368 1102 462 1122; x_wconf 85' lang='lat' dir='ltr'><strong>omnes</strong></span> <span class='ocrx_word' id='word_1_167' title='bbox 475 1095 578 1122; x_wconf 88' lang='lat' dir='ltr'><strong>fructus</strong></span> <span class='ocrx_word' id='word_1_168' title='bbox 592 1099 684 1126; x_wconf 72' lang='lat' dir='ltr'><strong>terrae,</strong></span> <span class='ocrx_word' id='word_1_169' title='bbox 693 1101 832 1129; x_wconf 84' lang='lat' dir='ltr'><strong>usquequo</strong></span> <span class='ocrx_word' id='word_1_170' title='bbox 843 1093 969 1129; x_wconf 89' lang='lat' dir='ltr'><strong>perveni-</strong></span> 
     </span>
    </p>
   </div>
   <div class='ocr_carea' id='block_1_25' title="bbox 178 1139 969 1175">
    <p class='ocr_par' dir='ltr' id='par_1_25' title="bbox 178 1139 969 1175">
     <span class='ocr_line' id='line_1_25' title="bbox 178 1139 969 1175; baseline 0 -9"><span class='ocrx_word' id='word_1_171' title='bbox 178 1144 254 1166; x_wconf 87' lang='lat' dir='ltr'><strong>retur</strong></span> <span class='ocrx_word' id='word_1_172' title='bbox 264 1139 289 1167; x_wconf 92' lang='lat' dir='ltr'><strong>in</strong></span> <span class='ocrx_word' id='word_1_173' title='bbox 301 1139 414 1167; x_wconf 86' lang='lat' dir='ltr'><strong>Gazam.</strong></span> <span class='ocrx_word' id='word_1_174' title='bbox 425 1149 434 1166; x_wconf 79' lang='grc' dir='ltr'><strong>ι</strong></span> <span class='ocrx_word' id='word_1_175' title='bbox 445 1140 506 1167; x_wconf 68' lang='grc' dir='ltr'>Ιιᾶιε</span> <span class='ocrx_word' id='word_1_176' title='bbox 513 1141 620 1175; x_wconf 89' lang='lat' dir='ltr'><strong>quidem</strong></span> <span class='ocrx_word' id='word_1_177' title='bbox 630 1140 844 1175; x_wconf 85' lang='lat' dir='ltr'><strong>patiebatnrille,</strong></span> <span class='ocrx_word' id='word_1_178' title='bbox 852 1139 898 1175; x_wconf 89' lang='lat' dir='ltr'><strong>qui</strong></span> <span class='ocrx_word' id='word_1_179' title='bbox 910 1143 969 1167; x_wconf 89' lang='lat' dir='ltr'><strong>erat</strong></span> 
     </span>
    </p>
   </div>
   <div class='ocr_carea' id='block_1_26' title="bbox 176 1185 966 1219">
    <p class='ocr_par' dir='ltr' id='par_1_26' title="bbox 176 1185 966 1219">
     <span class='ocr_line' id='line_1_26' title="bbox 176 1185 966 1219; baseline 0.003 -8"><span class='ocrx_word' id='word_1_180' title='bbox 176 1186 326 1212; x_wconf 88' lang='lat' dir='ltr'><strong>secundum</strong></span> <span class='ocrx_word' id='word_1_181' title='bbox 344 1192 454 1213; x_wconf 89' lang='lat' dir='ltr'><strong>carnem</strong></span> <span class='ocrx_word' id='word_1_182' title='bbox 477 1185 570 1213; x_wconf 91' lang='lat' dir='ltr'><strong>Israel.</strong></span> <span class='ocrx_word' id='word_1_183' title='bbox 598 1185 756 1214; x_wconf 86' lang='lat' dir='ltr'><strong>Seminabal</strong></span> <span class='ocrx_word' id='word_1_184' title='bbox 781 1191 897 1219; x_wconf 83' lang='lat' dir='ltr'><strong>terram,</strong></span> <span class='ocrx_word' id='word_1_185' title='bbox 919 1186 966 1213; x_wconf 88' lang='lat' dir='ltr'><strong>sed</strong></span> 
     </span>
    </p>
   </div>
   <div class='ocr_carea' id='block_1_27' title="bbox 177 1231 968 1266">
    <p class='ocr_par' dir='ltr' id='par_1_27' title="bbox 177 1231 968 1266">
     <span class='ocr_line' id='line_1_27' title="bbox 177 1231 968 1266; baseline 0.004 -10"><span class='ocrx_word' id='word_1_186' title='bbox 177 1231 303 1264; x_wconf 86' lang='lat' dir='ltr'><strong>quoniam</strong></span> <span class='ocrx_word' id='word_1_187' title='bbox 313 1238 362 1266; x_wconf 92' lang='lat' dir='ltr'><strong>pro</strong></span> <span class='ocrx_word' id='word_1_188' title='bbox 371 1232 490 1265; x_wconf 83' lang='lat' dir='ltr'><strong>peccatis</strong></span> <span class='ocrx_word' id='word_1_189' title='bbox 498 1232 555 1258; x_wconf 90' lang='lat' dir='ltr'><strong>suis</strong></span> <span class='ocrx_word' id='word_1_190' title='bbox 568 1232 682 1258; x_wconf 91' lang='lat' dir='ltr'><strong>traditus</strong></span> <span class='ocrx_word' id='word_1_191' title='bbox 693 1236 753 1258; x_wconf 88' lang='lat' dir='ltr'><strong>erat</strong></span> <span class='ocrx_word' id='word_1_192' title='bbox 766 1232 968 1266; x_wconf 73' lang='lat' dir='ltr'><strong>insurgentibus</strong></span> 
     </span>
    </p>
   </div>
   <div class='ocr_carea' id='block_1_28' title="bbox 178 1275 966 1311">
    <p class='ocr_par' dir='ltr' id='par_1_28' title="bbox 178 1275 966 1311">
     <span class='ocr_line' id='line_1_28' title="bbox 178 1275 966 1311; baseline 0.003 -10"><span class='ocrx_word' id='word_1_193' title='bbox 178 1275 312 1307; x_wconf 86' lang='lat' dir='ltr'><strong>inimicis,</strong></span> <span class='ocrx_word' id='word_1_194' title='bbox 333 1283 384 1310; x_wconf 91' lang='lat' dir='ltr'><strong>pro</strong></span> <span class='ocrx_word' id='word_1_195' title='bbox 402 1276 524 1310; x_wconf 76' lang='lat' dir='ltr'><strong>frugibus</strong></span> <span class='ocrx_word' id='word_1_196' title='bbox 541 1277 741 1311; x_wconf 85' lang='lat' dir='ltr'><strong>corruptionem</strong></span> <span class='ocrx_word' id='word_1_197' title='bbox 760 1277 888 1304; x_wconf 81' lang='lat' dir='ltr'><strong>metebat.</strong></span> <span class='ocrx_word' id='word_1_198' title='bbox 910 1275 966 1303; x_wconf 89' lang='lat' dir='ltr'><strong>No-</strong></span> 
     </span>
    </p>
   </div>
   <div class='ocr_carea' id='block_1_29' title="bbox 177 1320 965 1356">
    <p class='ocr_par' dir='ltr' id='par_1_29' title="bbox 177 1320 965 1356">
     <span class='ocr_line' id='line_1_29' title="bbox 177 1320 965 1356; baseline 0.003 -9"><span class='ocrx_word' id='word_1_199' title='bbox 177 1321 220 1348; x_wconf 87' lang='lat' dir='ltr'><strong>bis</strong></span> <span class='ocrx_word' id='word_1_200' title='bbox 233 1328 297 1347; x_wconf 79' lang='lat' dir='ltr'><strong>vero</strong></span> <span class='ocrx_word' id='word_1_201' title='bbox 307 1320 353 1355; x_wconf 92' lang='lat' dir='ltr'><strong>qui</strong></span> <span class='ocrx_word' id='word_1_202' title='bbox 366 1321 514 1348; x_wconf 82' lang='lat' dir='ltr'><strong>secundum</strong></span> <span class='ocrx_word' id='word_1_203' title='bbox 533 1322 657 1356; x_wconf 88' lang='lat' dir='ltr'><strong>spiritum</strong></span> <span class='ocrx_word' id='word_1_204' title='bbox 679 1322 762 1350; x_wconf 86' lang='lat' dir='ltr'><strong>Israel</strong></span> <span class='ocrx_word' id='word_1_205' title='bbox 784 1322 965 1355; x_wconf 85' lang='lat' dir='ltr'><strong>nominamur,</strong></span> 
     </span>
    </p>
   </div>
   <div class='ocr_carea' id='block_1_30' title="bbox 179 1366 966 1401">
    <p class='ocr_par' dir='ltr' id='par_1_30' title="bbox 179 1366 966 1401">
     <span class='ocr_line' id='line_1_30' title="bbox 179 1366 966 1401; baseline 0.001 -8"><span class='ocrx_word' id='word_1_206' title='bbox 179 1366 243 1400; x_wconf 87' lang='lat' dir='ltr'><strong>quid</strong></span> <span class='ocrx_word' id='word_1_207' title='bbox 257 1366 312 1393; x_wconf 85' lang='lat' dir='ltr'><strong>tale</strong></span> <span class='ocrx_word' id='word_1_208' title='bbox 323 1366 445 1393; x_wconf 86' lang='lat' dir='ltr'><strong>accidere</strong></span> <span class='ocrx_word' id='word_1_209' title='bbox 464 1371 553 1400; x_wconf 88' lang='lat' dir='ltr'><strong>potest</strong></span> <span class='ocrx_word' id='word_1_210' title='bbox 570 1367 783 1394; x_wconf 82' lang='lat' dir='ltr'><strong>consideremus.</strong></span> <span class='ocrx_word' id='word_1_211' title='bbox 799 1367 846 1394; x_wconf 84' lang='lat' dir='ltr'><strong>Est</strong></span> <span class='ocrx_word' id='word_1_212' title='bbox 857 1368 966 1401; x_wconf 89' lang='lat' dir='ltr'><strong>quando</strong></span> 
     </span>
    </p>
   </div>
   <div class='ocr_carea' id='block_1_31' title="bbox 181 1411 964 1447">
    <p class='ocr_par' dir='ltr' id='par_1_31' title="bbox 181 1411 964 1447">
     <span class='ocr_line' id='line_1_31' title="bbox 181 1411 964 1447; baseline 0.001 -9"><span class='ocrx_word' id='word_1_213' title='bbox 181 1411 260 1447; x_wconf 57' lang='lat'><strong>573</strong></span> <span class='ocrx_word' id='word_1_214' title='bbox 276 1411 451 1444; x_wconf 89' lang='lat' dir='ltr'><strong>seminamus,</strong></span> <span class='ocrx_word' id='word_1_215' title='bbox 472 1416 498 1439; x_wconf 90' lang='lat' dir='ltr'><strong>et</strong></span> <span class='ocrx_word' id='word_1_216' title='bbox 515 1420 568 1439; x_wconf 87' lang='lat' dir='ltr'><strong>non</strong></span> <span class='ocrx_word' id='word_1_217' title='bbox 583 1417 697 1446; x_wconf 86' lang='lat' dir='ltr'><strong>possunt</strong></span> <span class='ocrx_word' id='word_1_218' title='bbox 721 1412 822 1440; x_wconf 85' lang='lat' dir='ltr'><strong>inimici</strong></span> <span class='ocrx_word' id='word_1_219' title='bbox 839 1420 964 1439; x_wconf 87' lang='lat' dir='ltr'><strong>corrum-</strong></span> 
     </span>
    </p>
   </div>
   <div class='ocr_carea' id='block_1_32' title="bbox 178 1456 965 1492">
    <p class='ocr_par' dir='ltr' id='par_1_32' title="bbox 178 1456 965 1492">
     <span class='ocr_line' id='line_1_32' title="bbox 178 1456 965 1492; baseline 0 -8"><span class='ocrx_word' id='word_1_220' title='bbox 178 1463 244 1490; x_wconf 77' lang='lat' dir='ltr'><strong>pere</strong></span> <span class='ocrx_word' id='word_1_221' title='bbox 260 1456 364 1483; x_wconf 89' lang='lat' dir='ltr'><strong>semina</strong></span> <span class='ocrx_word' id='word_1_222' title='bbox 382 1463 442 1490; x_wconf 69' lang='lat' dir='ltr'><strong>qua:</strong></span> <span class='ocrx_word' id='word_1_223' title='bbox 455 1456 633 1489; x_wconf 87' lang='lat' dir='ltr'><strong>seminamus,</strong></span> <span class='ocrx_word' id='word_1_224' title='bbox 646 1464 700 1484; x_wconf 90' lang='lat' dir='ltr'><strong>non</strong></span> <span class='ocrx_word' id='word_1_225' title='bbox 720 1461 836 1492; x_wconf 88' lang='lat' dir='ltr'><strong>possunt</strong></span> <span class='ocrx_word' id='word_1_226' title='bbox 851 1458 908 1492; x_wconf 90' lang='lat' dir='ltr'><strong>apri</strong></span> <span class='ocrx_word' id='word_1_227' title='bbox 924 1458 965 1484; x_wconf 82' lang='lat' dir='ltr'><strong>in-</strong></span> 
     </span>
    </p>
   </div>
   <div class='ocr_carea' id='block_1_33' title="bbox 1019 228 1791 263">
    <p class='ocr_par' dir='ltr' id='par_1_33' title="bbox 1019 228 1791 263">
     <span class='ocr_line' id='line_1_33' title="bbox 1019 228 1791 263; baseline 0 -9"><span class='ocrx_word' id='word_1_228' title='bbox 1019 233 1078 255; x_wconf 80' lang='lat' dir='ltr'><strong>rant</strong></span> <span class='ocrx_word' id='word_1_229' title='bbox 1096 229 1122 254; x_wconf 93' lang='lat' dir='ltr'><strong>in</strong></span> <span class='ocrx_word' id='word_1_230' title='bbox 1143 229 1240 255; x_wconf 84' lang='lat' dir='ltr'><strong>horreo</strong></span> <span class='ocrx_word' id='word_1_231' title='bbox 1257 229 1431 255; x_wconf 81' lang='lat' dir='ltr'><strong>conscientiae</strong></span> <span class='ocrx_word' id='word_1_232' title='bbox 1454 231 1629 263; x_wconf 78' lang='lat' dir='ltr'><strong>congregata.</strong></span> <span class='ocrx_word' id='word_1_233' title='bbox 1650 228 1791 262; x_wconf 78' lang='lat' dir='ltr'><strong>Propterea</strong></span> 
     </span>
    </p>
   </div>
   <div class='ocr_carea' id='block_1_34' title="bbox 1017 274 1793 309">
    <p class='ocr_par' dir='ltr' id='par_1_34' title="bbox 1017 274 1793 309">
     <span class='ocr_line' id='line_1_34' title="bbox 1017 274 1793 309; baseline 0 -8"><span class='ocrx_word' id='word_1_234' title='bbox 1017 282 1081 309; x_wconf 75' lang='lat' dir='ltr'><strong>ergo</strong></span> <span class='ocrx_word' id='word_1_235' title='bbox 1099 274 1245 309; x_wconf 62' lang='lat' dir='ltr'><strong>Scriptura:</strong></span> <span class='ocrx_word' id='word_1_236' title='bbox 1261 279 1364 302; x_wconf 65' lang='lat' dir='ltr'><strong>sanctae</strong></span> <span class='ocrx_word' id='word_1_237' title='bbox 1382 275 1460 301; x_wconf 85' lang='lat' dir='ltr'><strong>nobis</strong></span> <span class='ocrx_word' id='word_1_238' title='bbox 1475 274 1609 302; x_wconf 78' lang='lat' dir='ltr'><strong>servanda</strong></span> <span class='ocrx_word' id='word_1_239' title='bbox 1625 274 1793 301; x_wconf 85' lang='lat' dir='ltr'><strong>commonitio</strong></span> 
     </span>
    </p>
   </div>
   <div class='ocr_carea' id='block_1_35' title="bbox 1017 320 1793 354">
    <p class='ocr_par' dir='ltr' id='par_1_35' title="bbox 1017 320 1793 354">
     <span class='ocr_line' id='line_1_35' title="bbox 1017 320 1793 354; baseline -0.001 -6"><span class='ocrx_word' id='word_1_240' title='bbox 1017 326 1059 348; x_wconf 87' lang='lat' dir='ltr'><strong>est</strong></span> <span class='ocrx_word' id='word_1_241' title='bbox 1075 321 1191 354; x_wconf 68' lang='lat' dir='ltr'><strong>dicentis</strong></span> <span class='ocrx_word' id='word_1_242' title='bbox 1200 321 1224 337; x_wconf 81' lang='lat'><strong><em>“</em></strong></span> <span class='ocrx_word' id='word_1_243' title='bbox 1238 330 1245 348; x_wconf 76' lang='grc' dir='ltr'>ε</span> <span class='ocrx_word' id='word_1_244' title='bbox 1265 330 1273 346; x_wconf 87' lang='lat' dir='ltr'><strong>t</strong></span> <span class='ocrx_word' id='word_1_245' title='bbox 1287 320 1365 348; x_wconf 88' lang='lat' dir='ltr'><strong>Omni</strong></span> <span class='ocrx_word' id='word_1_246' title='bbox 1382 321 1505 348; x_wconf 84' lang='lat' dir='ltr'><strong>custodia</strong></span> <span class='ocrx_word' id='word_1_247' title='bbox 1524 328 1602 348; x_wconf 85' lang='lat' dir='ltr'><strong>serva</strong></span> <span class='ocrx_word' id='word_1_248' title='bbox 1624 325 1699 347; x_wconf 91' lang='lat' dir='ltr'><strong>tuum</strong></span> <span class='ocrx_word' id='word_1_249' title='bbox 1718 328 1771 348; x_wconf 84' lang='lat' dir='ltr'><strong>cor.</strong></span> <span class='ocrx_word' id='word_1_250' title='bbox 1784 330 1793 346; x_wconf 80' lang='grc' dir='ltr'><strong>ι</strong></span> 
     </span>
    </p>
   </div>
   <div class='ocr_carea' id='block_1_36' title="bbox 1018 365 1795 399">
    <p class='ocr_par' dir='ltr' id='par_1_36' title="bbox 1018 365 1795 399">
     <span class='ocr_line' id='line_1_36' title="bbox 1018 365 1795 399; baseline -0.001 -7"><span class='ocrx_word' id='word_1_251' title='bbox 1018 365 1231 393; x_wconf 87' lang='lat' dir='ltr'><strong>Custodicndum</strong></span> <span class='ocrx_word' id='word_1_252' title='bbox 1252 370 1295 392; x_wconf 89' lang='lat' dir='ltr'><strong>est</strong></span> <span class='ocrx_word' id='word_1_253' title='bbox 1315 365 1395 399; x_wconf 85' lang='lat' dir='ltr'><strong>igitur</strong></span> <span class='ocrx_word' id='word_1_254' title='bbox 1413 373 1461 392; x_wconf 93' lang='lat' dir='ltr'><strong>cor</strong></span> <span class='ocrx_word' id='word_1_255' title='bbox 1485 366 1519 392; x_wconf 88' lang='lat' dir='ltr'><strong>ab</strong></span> <span class='ocrx_word' id='word_1_256' title='bbox 1534 365 1607 392; x_wconf 89' lang='lat' dir='ltr'><strong>omni</strong></span> <span class='ocrx_word' id='word_1_257' title='bbox 1632 369 1754 399; x_wconf 84' lang='lat' dir='ltr'><strong>peccato,</strong></span> <span class='ocrx_word' id='word_1_258' title='bbox 1771 369 1795 391; x_wconf 89' lang='lat' dir='ltr'><strong>ct</strong></span> 
     </span>
    </p>
   </div>
   <div class='ocr_carea' id='block_1_37' title="bbox 1018 409 1793 445">
    <p class='ocr_par' dir='ltr' id='par_1_37' title="bbox 1018 409 1793 445">
     <span class='ocr_line' id='line_1_37' title="bbox 1018 409 1793 445; baseline 0 -9"><span class='ocrx_word' id='word_1_259' title='bbox 1018 410 1152 444; x_wconf 66' lang='lat' dir='ltr'><strong>praecipue</strong></span> <span class='ocrx_word' id='word_1_260' title='bbox 1176 411 1204 438; x_wconf 94' lang='lat' dir='ltr'><strong>in</strong></span> <span class='ocrx_word' id='word_1_261' title='bbox 1225 414 1346 444; x_wconf 87' lang='lat' dir='ltr'><strong>tempore</strong></span> <span class='ocrx_word' id='word_1_262' title='bbox 1369 410 1576 445; x_wconf 87' lang='lat' dir='ltr'><strong>persecutionis.</strong></span> <span class='ocrx_word' id='word_1_263' title='bbox 1603 409 1632 437; x_wconf 89' lang='lat' dir='ltr'><strong>Si</strong></span> <span class='ocrx_word' id='word_1_264' title='bbox 1661 409 1705 437; x_wconf 90' lang='lat' dir='ltr'><strong>cui</strong></span> <span class='ocrx_word' id='word_1_265' title='bbox 1729 410 1793 437; x_wconf 89' lang='lat' dir='ltr'><strong>enim</strong></span> 
     </span>
    </p>
   </div>
   <div class='ocr_carea' id='block_1_38' title="bbox 1018 455 1795 492">
    <p class='ocr_par' dir='ltr' id='par_1_38' title="bbox 1018 455 1795 492">
     <span class='ocr_line' id='line_1_38' title="bbox 1018 455 1795 492; baseline -0.001 -8"><span class='ocrx_word' id='word_1_266' title='bbox 1018 457 1135 490; x_wconf 87' lang='lat' dir='ltr'><strong>accidat,</strong></span> <span class='ocrx_word' id='word_1_267' title='bbox 1151 461 1181 484; x_wconf 90' lang='lat' dir='ltr'><strong>ut</strong></span> <span class='ocrx_word' id='word_1_268' title='bbox 1205 456 1231 484; x_wconf 92' lang='lat' dir='ltr'><strong>in</strong></span> <span class='ocrx_word' id='word_1_269' title='bbox 1255 455 1346 491; x_wconf 86' lang='lat' dir='ltr'><strong>aliquo</strong></span> <span class='ocrx_word' id='word_1_270' title='bbox 1372 456 1480 490; x_wconf 90' lang='lat' dir='ltr'><strong>quidem</strong></span> <span class='ocrx_word' id='word_1_271' title='bbox 1508 461 1629 490; x_wconf 87' lang='lat' dir='ltr'><strong>tempore</strong></span> <span class='ocrx_word' id='word_1_272' title='bbox 1652 461 1795 492; x_wconf 79' lang='lat' dir='ltr'><strong>congreget</strong></span> 
     </span>
    </p>
   </div>
   <div class='ocr_carea' id='block_1_39' title="bbox 1018 501 1796 537">
    <p class='ocr_par' dir='ltr' id='par_1_39' title="bbox 1018 501 1796 537">
     <span class='ocr_line' id='line_1_39' title="bbox 1018 501 1796 537; baseline -0.003 -7"><span class='ocrx_word' id='word_1_273' title='bbox 1018 502 1122 530; x_wconf 84' lang='lat' dir='ltr'><strong>fructus</strong></span> <span class='ocrx_word' id='word_1_274' title='bbox 1136 502 1261 537; x_wconf 75' lang='lat' dir='ltr'><strong>justitize,</strong></span> <span class='ocrx_word' id='word_1_275' title='bbox 1281 501 1425 536; x_wconf 84' lang='lat' dir='ltr'><strong>conquirat</strong></span> <span class='ocrx_word' id='word_1_276' title='bbox 1441 509 1522 535; x_wconf 84' lang='lat' dir='ltr'><strong>opera</strong></span> <span class='ocrx_word' id='word_1_277' title='bbox 1538 501 1681 533; x_wconf 89' lang='lat' dir='ltr'><strong>virtutum,</strong></span> <span class='ocrx_word' id='word_1_278' title='bbox 1700 506 1727 528; x_wconf 90' lang='lat' dir='ltr'><strong>et</strong></span> <span class='ocrx_word' id='word_1_279' title='bbox 1744 509 1796 528; x_wconf 88' lang='lat' dir='ltr'><strong>om-</strong></span> 
     </span>
    </p>
   </div>
   <div class='ocr_carea' id='block_1_40' title="bbox 1019 547 1794 584">
    <p class='ocr_par' dir='ltr' id='par_1_40' title="bbox 1019 547 1794 584">
     <span class='ocr_line' id='line_1_40' title="bbox 1019 547 1794 584; baseline -0.003 -8"><span class='ocrx_word' id='word_1_280' title='bbox 1019 547 1098 576; x_wconf 82' lang='lat' dir='ltr'><strong>nibus</strong></span> <span class='ocrx_word' id='word_1_281' title='bbox 1119 556 1149 576; x_wconf 87' lang='lat' dir='ltr'><strong>se</strong></span> <span class='ocrx_word' id='word_1_282' title='bbox 1164 549 1368 584; x_wconf 89' lang='lat' dir='ltr'><strong>probatissimis</strong></span> <span class='ocrx_word' id='word_1_283' title='bbox 1387 548 1494 575; x_wconf 80' lang='lat' dir='ltr'><strong>excolat</strong></span> <span class='ocrx_word' id='word_1_284' title='bbox 1510 548 1670 582; x_wconf 69' lang='lat' dir='ltr'><strong>disciplinis,</strong></span> <span class='ocrx_word' id='word_1_285' title='bbox 1694 548 1721 575; x_wconf 94' lang='lat' dir='ltr'><strong>in</strong></span> <span class='ocrx_word' id='word_1_286' title='bbox 1737 555 1794 582; x_wconf 87' lang='lat' dir='ltr'><strong>per-</strong></span> 
     </span>
    </p>
   </div>
   <div class='ocr_carea' id='block_1_41' title="bbox 1017 593 1795 628">
    <p class='ocr_par' dir='ltr' id='par_1_41' title="bbox 1017 593 1795 628">
     <span class='ocr_line' id='line_1_41' title="bbox 1017 593 1795 628; baseline -0.003 -7"><span class='ocrx_word' id='word_1_287' title='bbox 1017 594 1166 621; x_wconf 79' lang='lat' dir='ltr'><strong>secutionis</strong></span> <span class='ocrx_word' id='word_1_288' title='bbox 1187 601 1253 622; x_wconf 87' lang='lat' dir='ltr'><strong>vero</strong></span> <span class='ocrx_word' id='word_1_289' title='bbox 1269 599 1392 628; x_wconf 84' lang='lat' dir='ltr'><strong>tempore</strong></span> <span class='ocrx_word' id='word_1_290' title='bbox 1415 594 1529 628; x_wconf 76' lang='lat' dir='ltr'><strong>deneget</strong></span> <span class='ocrx_word' id='word_1_291' title='bbox 1548 593 1642 624; x_wconf 83' lang='lat' dir='ltr'><strong>ﬁdem,</strong></span> <span class='ocrx_word' id='word_1_292' title='bbox 1662 594 1714 620; x_wconf 87' lang='lat' dir='ltr'><strong>iste</strong></span> <span class='ocrx_word' id='word_1_293' title='bbox 1735 600 1795 620; x_wconf 87' lang='lat' dir='ltr'><strong>eon-</strong></span> 
     </span>
    </p>
   </div>
   <div class='ocr_carea' id='block_1_42' title="bbox 1017 638 1795 672">
    <p class='ocr_par' dir='ltr' id='par_1_42' title="bbox 1017 638 1795 672">
     <span class='ocr_line' id='line_1_42' title="bbox 1017 638 1795 672; baseline -0.001 -6"><span class='ocrx_word' id='word_1_294' title='bbox 1017 639 1074 666; x_wconf 89' lang='lat' dir='ltr'><strong>dita</strong></span> <span class='ocrx_word' id='word_1_295' title='bbox 1096 640 1185 666; x_wconf 88' lang='lat' dir='ltr'><strong>omnia</strong></span> <span class='ocrx_word' id='word_1_296' title='bbox 1220 639 1382 672; x_wconf 83' lang='lat' dir='ltr'><strong>evacuavit,</strong></span> <span class='ocrx_word' id='word_1_297' title='bbox 1407 646 1440 666; x_wconf 83' lang='lat' dir='ltr'><strong>ex</strong></span> <span class='ocrx_word' id='word_1_298' title='bbox 1472 638 1598 665; x_wconf 87' lang='lat' dir='ltr'><strong>omnibus</strong></span> <span class='ocrx_word' id='word_1_299' title='bbox 1623 638 1795 665; x_wconf 80' lang='lat' dir='ltr'><strong>facultatibus</strong></span> 
     </span>
    </p>
   </div>
   <div class='ocr_carea' id='block_1_43' title="bbox 1016 682 1797 719">
    <p class='ocr_par' dir='ltr' id='par_1_43' title="bbox 1016 682 1797 719">
     <span class='ocr_line' id='line_1_43' title="bbox 1016 682 1797 719; baseline -0.001 -8"><span class='ocrx_word' id='word_1_300' title='bbox 1016 685 1073 712; x_wconf 84' lang='lat' dir='ltr'><strong>suis</strong></span> <span class='ocrx_word' id='word_1_301' title='bbox 1088 685 1176 712; x_wconf 89' lang='lat' dir='ltr'><strong>nudus</strong></span> <span class='ocrx_word' id='word_1_302' title='bbox 1192 689 1305 719; x_wconf 88' lang='lat' dir='ltr'><strong>repente</strong></span> <span class='ocrx_word' id='word_1_303' title='bbox 1325 689 1352 712; x_wconf 87' lang='lat' dir='ltr'><strong>et</strong></span> <span class='ocrx_word' id='word_1_304' title='bbox 1366 683 1455 712; x_wconf 88' lang='lat' dir='ltr'><strong>inanis</strong></span> <span class='ocrx_word' id='word_1_305' title='bbox 1473 682 1586 710; x_wconf 77' lang='lat' dir='ltr'><strong>eﬂ&#39;ccttts</strong></span> <span class='ocrx_word' id='word_1_306' title='bbox 1601 687 1652 714; x_wconf 81' lang='lat' dir='ltr'><strong>est,</strong></span> <span class='ocrx_word' id='word_1_307' title='bbox 1671 683 1735 717; x_wconf 82' lang='lat' dir='ltr'><strong>quia</strong></span> <span class='ocrx_word' id='word_1_308' title='bbox 1757 683 1797 711; x_wconf 86' lang='lat' dir='ltr'><strong>diu</strong></span> 
     </span>
    </p>
   </div>
   <div class='ocr_carea' id='block_1_44' title="bbox 1017 728 1798 764">
    <p class='ocr_par' dir='ltr' id='par_1_44' title="bbox 1017 728 1798 764">
     <span class='ocr_line' id='line_1_44' title="bbox 1017 728 1798 764; baseline -0.004 -7"><span class='ocrx_word' id='word_1_309' title='bbox 1017 731 1163 764; x_wconf 60' lang='lat' dir='ltr'><strong>quaesitus.</strong></span> <span class='ocrx_word' id='word_1_310' title='bbox 1189 734 1217 757; x_wconf 87' lang='lat' dir='ltr'><strong>et</strong></span> <span class='ocrx_word' id='word_1_311' title='bbox 1241 729 1325 758; x_wconf 88' lang='lat' dir='ltr'><strong>multo</strong></span> <span class='ocrx_word' id='word_1_312' title='bbox 1346 730 1392 757; x_wconf 91' lang='lat' dir='ltr'><strong>vix</strong></span> <span class='ocrx_word' id='word_1_313' title='bbox 1416 729 1510 756; x_wconf 86' lang='lat' dir='ltr'><strong>labore</strong></span> <span class='ocrx_word' id='word_1_314' title='bbox 1536 729 1686 760; x_wconf 87' lang='lat' dir='ltr'><strong>collectus,</strong></span> <span class='ocrx_word' id='word_1_315' title='bbox 1712 728 1798 755; x_wconf 87' lang='lat' dir='ltr'><strong>subito</strong></span> 
     </span>
    </p>
   </div>
   <div class='ocr_carea' id='block_1_45' title="bbox 1017 774 1796 810">
    <p class='ocr_par' dir='ltr' id='par_1_45' title="bbox 1017 774 1796 810">
     <span class='ocr_line' id='line_1_45' title="bbox 1017 774 1796 810; baseline -0.003 -7"><span class='ocrx_word' id='word_1_316' title='bbox 1017 777 1106 804; x_wconf 89' lang='lat' dir='ltr'><strong>omnis</strong></span> <span class='ocrx_word' id='word_1_317' title='bbox 1120 775 1221 803; x_wconf 78' lang='lat' dir='ltr'><strong>eﬂ&#39;ustts</strong></span> <span class='ocrx_word' id='word_1_318' title='bbox 1236 781 1277 804; x_wconf 86' lang='lat' dir='ltr'><strong>est</strong></span> <span class='ocrx_word' id='word_1_319' title='bbox 1293 776 1389 804; x_wconf 88' lang='lat' dir='ltr'><strong>labor:</strong></span> <span class='ocrx_word' id='word_1_320' title='bbox 1407 780 1434 803; x_wconf 89' lang='lat' dir='ltr'><strong>et</strong></span> <span class='ocrx_word' id='word_1_321' title='bbox 1450 776 1521 803; x_wconf 87' lang='lat' dir='ltr'><strong>sicut</strong></span> <span class='ocrx_word' id='word_1_322' title='bbox 1538 775 1604 803; x_wconf 88' lang='lat' dir='ltr'><strong>dicit</strong></span> <span class='ocrx_word' id='word_1_323' title='bbox 1619 775 1754 810; x_wconf 83' lang='lat' dir='ltr'><strong>propheta</strong></span> <span class='ocrx_word' id='word_1_324' title='bbox 1765 774 1796 808; x_wconf 65' lang='lat'><strong>&#39;7,</strong></span> 
     </span>
    </p>
   </div>
   <div class='ocr_carea' id='block_1_46' title="bbox 1022 820 1799 857">
    <p class='ocr_par' dir='ltr' id='par_1_46' title="bbox 1022 820 1799 857">
     <span class='ocr_line' id='line_1_46' title="bbox 1022 820 1799 857; baseline -0.003 -9"><span class='ocrx_word' id='word_1_325' title='bbox 1022 830 1031 847; x_wconf 75' lang='grc' dir='ltr'><strong>ε</strong></span> <span class='ocrx_word' id='word_1_326' title='bbox 1045 829 1139 849; x_wconf 90' lang='lat' dir='ltr'><strong>omnes</strong></span> <span class='ocrx_word' id='word_1_327' title='bbox 1153 822 1266 857; x_wconf 63' lang='lat' dir='ltr'><strong>iustitiae</strong></span> <span class='ocrx_word' id='word_1_328' title='bbox 1284 821 1342 856; x_wconf 86' lang='lat' dir='ltr'><strong>ejus</strong></span> <span class='ocrx_word' id='word_1_329' title='bbox 1355 828 1422 856; x_wconf 88' lang='lat' dir='ltr'><strong>quas</strong></span> <span class='ocrx_word' id='word_1_330' title='bbox 1442 820 1517 853; x_wconf 83' lang='lat' dir='ltr'><strong>fecit,</strong></span> <span class='ocrx_word' id='word_1_331' title='bbox 1533 827 1588 848; x_wconf 89' lang='lat' dir='ltr'><strong>non</strong></span> <span class='ocrx_word' id='word_1_332' title='bbox 1606 827 1799 847; x_wconf 87' lang='lat' dir='ltr'><strong>commemora-</strong></span> 
     </span>
    </p>
   </div>
   <div class='ocr_carea' id='block_1_47' title="bbox 1022 864 1799 903">
    <p class='ocr_par' dir='ltr' id='par_1_47' title="bbox 1022 864 1799 903">
     <span class='ocr_line' id='line_1_47' title="bbox 1022 864 1799 903; baseline -0.004 -8"><span class='ocrx_word' id='word_1_333' title='bbox 1022 868 1154 895; x_wconf 69' lang='lat' dir='ltr'><strong>buntur.)</strong></span> <span class='ocrx_word' id='word_1_334' title='bbox 1177 867 1324 903; x_wconf 82' lang='lat' dir='ltr'><strong>Propterea</strong></span> <span class='ocrx_word' id='word_1_335' title='bbox 1344 874 1422 902; x_wconf 81' lang='lat' dir='ltr'><strong>ergo,</strong></span> <span class='ocrx_word' id='word_1_336' title='bbox 1433 866 1543 896; x_wconf 80' lang='lat' dir='ltr'><strong>fratres,</strong></span> <span class='ocrx_word' id='word_1_337' title='bbox 1555 866 1733 900; x_wconf 86' lang='lat' dir='ltr'><strong>deprecemur</strong></span> <span class='ocrx_word' id='word_1_338' title='bbox 1754 864 1799 892; x_wconf 88' lang='lat' dir='ltr'><strong>Do-</strong></span> 
     </span>
    </p>
   </div>
   <div class='ocr_carea' id='block_1_48' title="bbox 1021 912 1800 943">
    <p class='ocr_par' dir='ltr' id='par_1_48' title="bbox 1021 912 1800 943">
     <span class='ocr_line' id='line_1_48' title="bbox 1021 912 1800 943; baseline -0.005 -2"><span class='ocrx_word' id='word_1_339' title='bbox 1021 914 1123 941; x_wconf 90' lang='lat' dir='ltr'><strong>minum</strong></span> <span class='ocrx_word' id='word_1_340' title='bbox 1138 913 1298 941; x_wconf 80' lang='lat' dir='ltr'><strong>confitentes</strong></span> <span class='ocrx_word' id='word_1_341' title='bbox 1310 913 1333 940; x_wconf 90' lang='lat' dir='ltr'><strong>ei</strong></span> <span class='ocrx_word' id='word_1_342' title='bbox 1350 912 1535 940; x_wconf 81' lang='lat' dir='ltr'><strong>infirmitatem</strong></span> <span class='ocrx_word' id='word_1_343' title='bbox 1554 916 1688 943; x_wconf 88' lang='lat' dir='ltr'><strong>nostram,</strong></span> <span class='ocrx_word' id='word_1_344' title='bbox 1706 918 1741 938; x_wconf 89' lang='lat' dir='ltr'><strong>ne</strong></span> <span class='ocrx_word' id='word_1_345' title='bbox 1754 918 1800 938; x_wconf 82' lang='lat' dir='ltr'><strong>nos</strong></span> 
     </span>
    </p>
   </div>
   <div class='ocr_carea' id='block_1_49' title="bbox 1021 957 1800 989">
    <p class='ocr_par' dir='ltr' id='par_1_49' title="bbox 1021 957 1800 989">
     <span class='ocr_line' id='line_1_49' title="bbox 1021 957 1800 989; baseline -0.004 -3"><span class='ocrx_word' id='word_1_346' title='bbox 1021 960 1109 986; x_wconf 90' lang='lat' dir='ltr'><strong>tradat</strong></span> <span class='ocrx_word' id='word_1_347' title='bbox 1125 959 1152 986; x_wconf 93' lang='lat' dir='ltr'><strong>in</strong></span> <span class='ocrx_word' id='word_1_348' title='bbox 1169 966 1264 986; x_wconf 91' lang='lat' dir='ltr'><strong>manus</strong></span> <span class='ocrx_word' id='word_1_349' title='bbox 1281 958 1397 989; x_wconf 81' lang='lat' dir='ltr'><strong>Madian,</strong></span> <span class='ocrx_word' id='word_1_350' title='bbox 1412 965 1445 985; x_wconf 88' lang='lat' dir='ltr'><strong>ne</strong></span> <span class='ocrx_word' id='word_1_351' title='bbox 1458 957 1548 985; x_wconf 87' lang='lat' dir='ltr'><strong>tradat</strong></span> <span class='ocrx_word' id='word_1_352' title='bbox 1567 957 1664 985; x_wconf 87' lang='lat' dir='ltr'><strong>bestiis</strong></span> <span class='ocrx_word' id='word_1_353' title='bbox 1683 957 1800 984; x_wconf 88' lang='lat' dir='ltr'><strong>animam</strong></span> 
     </span>
    </p>
   </div>
   <div class='ocr_carea' id='block_1_50' title="bbox 1020 1001 1800 1035">
    <p class='ocr_par' dir='ltr' id='par_1_50' title="bbox 1020 1001 1800 1035">
     <span class='ocr_line' id='line_1_50' title="bbox 1020 1001 1800 1035; baseline -0.004 -5"><span class='ocrx_word' id='word_1_354' title='bbox 1020 1003 1192 1030; x_wconf 89' lang='lat' dir='ltr'><strong>c0nlitentem</strong></span> <span class='ocrx_word' id='word_1_355' title='bbox 1208 1002 1270 1035; x_wconf 87' lang='lat' dir='ltr'><strong>sibi,</strong></span> <span class='ocrx_word' id='word_1_356' title='bbox 1284 1009 1318 1029; x_wconf 90' lang='lat' dir='ltr'><strong>ne</strong></span> <span class='ocrx_word' id='word_1_357' title='bbox 1338 1009 1388 1029; x_wconf 87' lang='lat' dir='ltr'><strong>nos</strong></span> <span class='ocrx_word' id='word_1_358' title='bbox 1400 1001 1490 1028; x_wconf 82' lang='lat' dir='ltr'><strong>tradat</strong></span> <span class='ocrx_word' id='word_1_359' title='bbox 1504 1001 1531 1027; x_wconf 91' lang='lat' dir='ltr'><strong>in</strong></span> <span class='ocrx_word' id='word_1_360' title='bbox 1551 1008 1648 1027; x_wconf 86' lang='lat' dir='ltr'><strong>manus</strong></span> <span class='ocrx_word' id='word_1_361' title='bbox 1663 1005 1800 1035; x_wconf 87' lang='lat' dir='ltr'><strong>potentum</strong></span> 
     </span>
    </p>
   </div>
   <div class='ocr_carea' id='block_1_51' title="bbox 1019 1047 1800 1082">
    <p class='ocr_par' dir='ltr' id='par_1_51' title="bbox 1019 1047 1800 1082">
     <span class='ocr_line' id='line_1_51' title="bbox 1019 1047 1800 1082; baseline -0.003 -7"><span class='ocrx_word' id='word_1_362' title='bbox 1019 1055 1114 1075; x_wconf 87' lang='lat' dir='ltr'><strong>eorum</strong></span> <span class='ocrx_word' id='word_1_363' title='bbox 1128 1048 1176 1082; x_wconf 90' lang='lat' dir='ltr'><strong>qui</strong></span> <span class='ocrx_word' id='word_1_364' title='bbox 1192 1048 1294 1081; x_wconf 88' lang='lat' dir='ltr'><strong>dicunt,</strong></span> <span class='ocrx_word' id='word_1_365' title='bbox 1308 1047 1422 1080; x_wconf 86' lang='lat' dir='ltr'><strong>Quando</strong></span> <span class='ocrx_word' id='word_1_366' title='bbox 1436 1047 1527 1075; x_wconf 83' lang='lat' dir='ltr'><strong>veniet</strong></span> <span class='ocrx_word' id='word_1_367' title='bbox 1548 1051 1653 1081; x_wconf 87' lang='lat' dir='ltr'><strong>tempus</strong></span> <span class='ocrx_word' id='word_1_368' title='bbox 1678 1051 1707 1073; x_wconf 95' lang='lat' dir='ltr'><strong>ut</strong></span> <span class='ocrx_word' id='word_1_369' title='bbox 1727 1047 1800 1074; x_wconf 86' lang='lat' dir='ltr'><strong>detur</strong></span> 
     </span>
    </p>
   </div>
   <div class='ocr_carea' id='block_1_52' title="bbox 1019 1093 1799 1129">
    <p class='ocr_par' dir='ltr' id='par_1_52' title="bbox 1019 1093 1799 1129">
     <span class='ocr_line' id='line_1_52' title="bbox 1019 1093 1799 1129; baseline -0.003 -8"><span class='ocrx_word' id='word_1_370' title='bbox 1019 1094 1096 1122; x_wconf 88' lang='lat' dir='ltr'><strong>nobis</strong></span> <span class='ocrx_word' id='word_1_371' title='bbox 1115 1099 1235 1129; x_wconf 85' lang='lat' dir='ltr'><strong>potestas</strong></span> <span class='ocrx_word' id='word_1_372' title='bbox 1259 1094 1387 1121; x_wconf 82' lang='lat' dir='ltr'><strong>adversus</strong></span> <span class='ocrx_word' id='word_1_373' title='bbox 1404 1094 1586 1127; x_wconf 87' lang='lat' dir='ltr'><strong>Christianos,</strong></span> <span class='ocrx_word' id='word_1_374' title='bbox 1603 1093 1715 1128; x_wconf 84' lang='lat' dir='ltr'><strong>quando</strong></span> <span class='ocrx_word' id='word_1_375' title='bbox 1746 1098 1799 1120; x_wconf 83' lang='lat' dir='ltr'><strong>tra-</strong></span> 
     </span>
    </p>
   </div>
   <div class='ocr_carea' id='block_1_53' title="bbox 1018 1139 1799 1174">
    <p class='ocr_par' dir='ltr' id='par_1_53' title="bbox 1018 1139 1799 1174">
     <span class='ocr_line' id='line_1_53' title="bbox 1018 1139 1799 1174; baseline -0.001 -7"><span class='ocrx_word' id='word_1_376' title='bbox 1018 1140 1117 1167; x_wconf 83' lang='lat' dir='ltr'><strong>dentur</strong></span> <span class='ocrx_word' id='word_1_377' title='bbox 1131 1141 1157 1168; x_wconf 92' lang='lat' dir='ltr'><strong>in</strong></span> <span class='ocrx_word' id='word_1_378' title='bbox 1171 1148 1267 1168; x_wconf 91' lang='lat' dir='ltr'><strong>manus</strong></span> <span class='ocrx_word' id='word_1_379' title='bbox 1282 1144 1388 1167; x_wconf 90' lang='lat' dir='ltr'><strong>nostras</strong></span> <span class='ocrx_word' id='word_1_380' title='bbox 1404 1139 1449 1166; x_wconf 90' lang='lat' dir='ltr'><strong>isti</strong></span> <span class='ocrx_word' id='word_1_381' title='bbox 1466 1139 1512 1174; x_wconf 91' lang='lat' dir='ltr'><strong>qui</strong></span> <span class='ocrx_word' id='word_1_382' title='bbox 1528 1146 1557 1166; x_wconf 88' lang='lat' dir='ltr'><strong>se</strong></span> <span class='ocrx_word' id='word_1_383' title='bbox 1574 1139 1668 1167; x_wconf 91' lang='lat' dir='ltr'><strong>dicunt</strong></span> <span class='ocrx_word' id='word_1_384' title='bbox 1689 1140 1799 1173; x_wconf 84' lang='lat' dir='ltr'><strong>habere,</strong></span> 
     </span>
    </p>
   </div>
   <div class='ocr_carea' id='block_1_54' title="bbox 1019 1185 1801 1221">
    <p class='ocr_par' dir='ltr' id='par_1_54' title="bbox 1019 1185 1801 1221">
     <span class='ocr_line' id='line_1_54' title="bbox 1019 1185 1801 1221; baseline 0 -8"><span class='ocrx_word' id='word_1_385' title='bbox 1019 1186 1059 1213; x_wconf 82' lang='lat' dir='ltr'><strong>vel</strong></span> <span class='ocrx_word' id='word_1_386' title='bbox 1077 1193 1157 1213; x_wconf 86' lang='lat' dir='ltr'><strong>nosse</strong></span> <span class='ocrx_word' id='word_1_387' title='bbox 1175 1187 1277 1213; x_wconf 81' lang='lat' dir='ltr'><strong>Deum?</strong></span> <span class='ocrx_word' id='word_1_388' title='bbox 1294 1186 1370 1220; x_wconf 86' lang='lat' dir='ltr'><strong>Quod</strong></span> <span class='ocrx_word' id='word_1_389' title='bbox 1385 1190 1413 1213; x_wconf 89' lang='lat' dir='ltr'><strong>et</strong></span> <span class='ocrx_word' id='word_1_390' title='bbox 1435 1186 1457 1213; x_wconf 83' lang='lat' dir='ltr'><strong>si</strong></span> <span class='ocrx_word' id='word_1_391' title='bbox 1477 1185 1627 1218; x_wconf 87' lang='lat' dir='ltr'><strong>tradamur,</strong></span> <span class='ocrx_word' id='word_1_392' title='bbox 1647 1191 1676 1213; x_wconf 87' lang='lat' dir='ltr'><strong>et</strong></span> <span class='ocrx_word' id='word_1_393' title='bbox 1691 1193 1801 1221; x_wconf 87' lang='lat' dir='ltr'><strong>accepe-</strong></span> 
     </span>
    </p>
   </div>
   <div class='ocr_carea' id='block_1_55' title="bbox 1019 1231 1800 1266">
    <p class='ocr_par' dir='ltr' id='par_1_55' title="bbox 1019 1231 1800 1266">
     <span class='ocr_line' id='line_1_55' title="bbox 1019 1231 1800 1266; baseline 0 -8"><span class='ocrx_word' id='word_1_394' title='bbox 1019 1232 1074 1258; x_wconf 91' lang='lat' dir='ltr'><strong>rint</strong></span> <span class='ocrx_word' id='word_1_395' title='bbox 1089 1236 1251 1266; x_wconf 87' lang='lat' dir='ltr'><strong>potestatem</strong></span> <span class='ocrx_word' id='word_1_396' title='bbox 1268 1232 1365 1264; x_wconf 87' lang='lat' dir='ltr'><strong>nostri,</strong></span> <span class='ocrx_word' id='word_1_397' title='bbox 1378 1239 1486 1259; x_wconf 87' lang='lat' dir='ltr'><strong>oretnus</strong></span> <span class='ocrx_word' id='word_1_398' title='bbox 1502 1231 1624 1265; x_wconf 85' lang='lat' dir='ltr'><strong>accipere</strong></span> <span class='ocrx_word' id='word_1_399' title='bbox 1640 1239 1655 1258; x_wconf 85' lang='lat' dir='ltr'><strong>a</strong></span> <span class='ocrx_word' id='word_1_400' title='bbox 1676 1231 1733 1258; x_wconf 87' lang='lat' dir='ltr'><strong>Deo</strong></span> <span class='ocrx_word' id='word_1_401' title='bbox 1749 1232 1800 1258; x_wconf 82' lang='lat' dir='ltr'><strong>vir-</strong></span> 
     </span>
    </p>
   </div>
   <div class='ocr_carea' id='block_1_56' title="bbox 1020 1277 1799 1312">
    <p class='ocr_par' dir='ltr' id='par_1_56' title="bbox 1020 1277 1799 1312">
     <span class='ocr_line' id='line_1_56' title="bbox 1020 1277 1799 1312; baseline 0.001 -8"><span class='ocrx_word' id='word_1_402' title='bbox 1020 1281 1114 1310; x_wconf 89' lang='lat' dir='ltr'><strong>Iutem,</strong></span> <span class='ocrx_word' id='word_1_403' title='bbox 1131 1282 1160 1304; x_wconf 89' lang='lat' dir='ltr'><strong>ut</strong></span> <span class='ocrx_word' id='word_1_404' title='bbox 1176 1277 1312 1305; x_wconf 88' lang='lat' dir='ltr'><strong>sustinere</strong></span> <span class='ocrx_word' id='word_1_405' title='bbox 1325 1277 1480 1312; x_wconf 86' lang='lat' dir='ltr'><strong>possimus:</strong></span> <span class='ocrx_word' id='word_1_406' title='bbox 1494 1281 1522 1304; x_wconf 85' lang='grc' dir='ltr'><strong>ιιι</strong></span> <span class='ocrx_word' id='word_1_407' title='bbox 1536 1281 1562 1303; x_wconf 88' lang='lat' dir='ltr'><strong>et</strong></span> <span class='ocrx_word' id='word_1_408' title='bbox 1579 1277 1645 1304; x_wconf 89' lang='lat' dir='ltr'><strong>lides</strong></span> <span class='ocrx_word' id='word_1_409' title='bbox 1663 1282 1755 1304; x_wconf 85' lang='lat' dir='ltr'><strong>nostra</strong></span> <span class='ocrx_word' id='word_1_410' title='bbox 1775 1278 1799 1305; x_wconf 92' lang='lat' dir='ltr'><strong>in</strong></span> 
     </span>
    </p>
   </div>
   <div class='ocr_carea' id='block_1_57' title="bbox 1018 1322 1800 1357">
    <p class='ocr_par' dir='ltr' id='par_1_57' title="bbox 1018 1322 1800 1357">
     <span class='ocr_line' id='line_1_57' title="bbox 1018 1322 1800 1357; baseline -0.003 -7"><span class='ocrx_word' id='word_1_411' title='bbox 1018 1323 1150 1357; x_wconf 87' lang='lat' dir='ltr'><strong>pressuris</strong></span> <span class='ocrx_word' id='word_1_412' title='bbox 1166 1326 1192 1350; x_wconf 91' lang='lat' dir='ltr'><strong>et</strong></span> <span class='ocrx_word' id='word_1_413' title='bbox 1208 1322 1435 1350; x_wconf 83' lang='lat' dir='ltr'><strong>tribulationibus</strong></span> <span class='ocrx_word' id='word_1_414' title='bbox 1450 1322 1550 1349; x_wconf 90' lang='lat' dir='ltr'><strong>clarior</strong></span> <span class='ocrx_word' id='word_1_415' title='bbox 1569 1322 1626 1354; x_wconf 83' lang='lat' dir='ltr'><strong>fiat,</strong></span> <span class='ocrx_word' id='word_1_416' title='bbox 1641 1327 1671 1348; x_wconf 91' lang='lat' dir='ltr'><strong>ut</strong></span> <span class='ocrx_word' id='word_1_417' title='bbox 1692 1329 1741 1356; x_wconf 87' lang='lat' dir='ltr'><strong>per</strong></span> <span class='ocrx_word' id='word_1_418' title='bbox 1755 1329 1800 1356; x_wconf 80' lang='lat' dir='ltr'><strong>pa—</strong></span> 
     </span>
    </p>
   </div>
   <div class='ocr_carea' id='block_1_58' title="bbox 1017 1367 1800 1402">
    <p class='ocr_par' dir='ltr' id='par_1_58' title="bbox 1017 1367 1800 1402">
     <span class='ocr_line' id='line_1_58' title="bbox 1017 1367 1800 1402; baseline -0.001 -7"><span class='ocrx_word' id='word_1_419' title='bbox 1017 1369 1139 1396; x_wconf 89' lang='lat' dir='ltr'><strong>tientiam</strong></span> <span class='ocrx_word' id='word_1_420' title='bbox 1155 1373 1275 1396; x_wconf 89' lang='lat' dir='ltr'><strong>nostram</strong></span> <span class='ocrx_word' id='word_1_421' title='bbox 1292 1368 1400 1395; x_wconf 93' lang='lat' dir='ltr'><strong>illorum</strong></span> <span class='ocrx_word' id='word_1_422' title='bbox 1415 1371 1556 1402; x_wconf 85' lang='lat' dir='ltr'><strong>superetur</strong></span> <span class='ocrx_word' id='word_1_423' title='bbox 1571 1367 1750 1402; x_wconf 89' lang='lat' dir='ltr'><strong>impudentia,</strong></span> <span class='ocrx_word' id='word_1_424' title='bbox 1763 1373 1800 1399; x_wconf 88' lang='lat' dir='ltr'><strong>et,</strong></span> 
     </span>
    </p>
   </div>
   <div class='ocr_carea' id='block_1_59' title="bbox 1015 1413 1801 1448">
    <p class='ocr_par' dir='ltr' id='par_1_59' title="bbox 1015 1413 1801 1448">
     <span class='ocr_line' id='line_1_59' title="bbox 1015 1413 1801 1448; baseline -0.004 -6"><span class='ocrx_word' id='word_1_425' title='bbox 1015 1415 1086 1442; x_wconf 80' lang='lat' dir='ltr'><strong>sicut</strong></span> <span class='ocrx_word' id='word_1_426' title='bbox 1102 1415 1169 1441; x_wconf 81' lang='lat' dir='ltr'><strong>dixit</strong></span> <span class='ocrx_word' id='word_1_427' title='bbox 1182 1414 1324 1447; x_wconf 88' lang='lat' dir='ltr'><strong>Dominus,</strong></span> <span class='ocrx_word' id='word_1_428' title='bbox 1337 1414 1364 1441; x_wconf 91' lang='lat' dir='ltr'><strong>in</strong></span> <span class='ocrx_word' id='word_1_429' title='bbox 1379 1420 1470 1441; x_wconf 88' lang='lat' dir='ltr'><strong>nostra</strong></span> <span class='ocrx_word' id='word_1_430' title='bbox 1483 1413 1613 1447; x_wconf 84' lang='lat' dir='ltr'><strong>patientia</strong></span> <span class='ocrx_word' id='word_1_431' title='bbox 1627 1413 1801 1448; x_wconf 84' lang='lat' dir='ltr'><strong>acquiramus</strong></span> 
     </span>
    </p>
   </div>
   <div class='ocr_carea' id='block_1_60' title="bbox 1015 1457 1800 1492">
    <p class='ocr_par' dir='ltr' id='par_1_60' title="bbox 1015 1457 1800 1492">
     <span class='ocr_line' id='line_1_60' title="bbox 1015 1457 1800 1492; baseline -0.004 -6"><span class='ocrx_word' id='word_1_432' title='bbox 1015 1460 1124 1486; x_wconf 87' lang='lat' dir='ltr'><strong>animas</strong></span> <span class='ocrx_word' id='word_1_433' title='bbox 1148 1464 1258 1485; x_wconf 87' lang='lat' dir='ltr'><strong>nostras</strong></span> <span class='ocrx_word' id='word_1_434' title='bbox 1277 1458 1301 1474; x_wconf 76' lang='grc'><strong>’⁸</strong></span> <span class='ocrx_word' id='word_1_435' title='bbox 1322 1458 1410 1492; x_wconf 88' lang='lat' dir='ltr'><strong>:quia</strong></span> <span class='ocrx_word' id='word_1_436' title='bbox 1441 1466 1451 1483; x_wconf 76' lang='grc' dir='ltr'><strong>ι</strong></span> <span class='ocrx_word' id='word_1_437' title='bbox 1475 1457 1614 1484; x_wconf 87' lang='lat' dir='ltr'><strong>tribulatio</strong></span> <span class='ocrx_word' id='word_1_438' title='bbox 1643 1457 1800 1492; x_wconf 86' lang='lat' dir='ltr'><strong>patientiam</strong></span> 
     </span>
    </p>
   </div>
   <div class='ocr_carea' id='block_1_61' title="bbox 178 1500 1802 1538">
    <p class='ocr_par' dir='ltr' id='par_1_61' title="bbox 178 1500 1802 1538">
     <span class='ocr_line' id='line_1_61' title="bbox 178 1500 1802 1538; baseline 0 -10"><span class='ocrx_word' id='word_1_439' title='bbox 178 1500 272 1528; x_wconf 85' lang='lat' dir='ltr'><strong>sidiari</strong></span> <span class='ocrx_word' id='word_1_440' title='bbox 300 1501 411 1528; x_wconf 76' lang='lat' dir='ltr'><strong>cultura:</strong></span> <span class='ocrx_word' id='word_1_441' title='bbox 428 1506 546 1529; x_wconf 62' lang='lat' dir='ltr'><strong>nostra:</strong></span> <span class='ocrx_word' id='word_1_442' title='bbox 565 1507 607 1529; x_wconf 90' lang='lat' dir='ltr'><strong>est</strong></span> <span class='ocrx_word' id='word_1_443' title='bbox 629 1507 719 1530; x_wconf 89' lang='lat' dir='ltr'><strong>autem</strong></span> <span class='ocrx_word' id='word_1_444' title='bbox 743 1503 856 1537; x_wconf 90' lang='lat' dir='ltr'><strong>quando</strong></span> <span class='ocrx_word' id='word_1_445' title='bbox 880 1502 963 1530; x_wconf 83' lang='lat' dir='ltr'><strong>senti-</strong></span> <span class='ocrx_word' id='word_1_446' title='bbox 977 1505 999 1533; x_wconf 85' lang='lat' dir='ltr'><strong><em>C</em></strong></span> <span class='ocrx_word' id='word_1_447' title='bbox 1015 1509 1151 1538; x_wconf 88' lang='lat' dir='ltr'><strong>operatur,</strong></span> <span class='ocrx_word' id='word_1_448' title='bbox 1169 1503 1300 1538; x_wconf 87' lang='lat' dir='ltr'><strong>patientia</strong></span> <span class='ocrx_word' id='word_1_449' title='bbox 1314 1510 1378 1530; x_wconf 82' lang='lat' dir='ltr'><strong>vero</strong></span> <span class='ocrx_word' id='word_1_450' title='bbox 1398 1503 1599 1537; x_wconf 87' lang='lat' dir='ltr'><strong>probationem,</strong></span> <span class='ocrx_word' id='word_1_451' title='bbox 1616 1503 1743 1537; x_wconf 85' lang='lat' dir='ltr'><strong>probatio</strong></span> <span class='ocrx_word' id='word_1_452' title='bbox 1756 1510 1802 1529; x_wconf 92' lang='lat' dir='ltr'><strong>au-</strong></span> 
     </span>
    </p>
   </div>
   <div class='ocr_carea' id='block_1_62' title="bbox 179 1547 963 1582">
    <p class='ocr_par' dir='ltr' id='par_1_62' title="bbox 179 1547 963 1582">
     <span class='ocr_line' id='line_1_62' title="bbox 179 1547 963 1582; baseline 0.004 -10"><span class='ocrx_word' id='word_1_453' title='bbox 179 1553 275 1573; x_wconf 86' lang='lat' dir='ltr'><strong>namus</strong></span> <span class='ocrx_word' id='word_1_454' title='bbox 295 1550 323 1572; x_wconf 89' lang='lat' dir='ltr'><strong>et</strong></span> <span class='ocrx_word' id='word_1_455' title='bbox 344 1551 556 1580; x_wconf 90' lang='lat' dir='ltr'><strong>corrumpuntur</strong></span> <span class='ocrx_word' id='word_1_456' title='bbox 578 1555 638 1582; x_wconf 80' lang='lat' dir='ltr'><strong>quae</strong></span> <span class='ocrx_word' id='word_1_457' title='bbox 665 1548 840 1575; x_wconf 87' lang='lat' dir='ltr'><strong>seminamus.</strong></span> <span class='ocrx_word' id='word_1_458' title='bbox 864 1547 963 1575; x_wconf 85' lang='lat' dir='ltr'><strong>Paulus</strong></span> 
     </span>
    </p>
   </div>
   <div class='ocr_carea' id='block_1_63' title="bbox 178 1592 962 1625">
    <p class='ocr_par' dir='ltr' id='par_1_63' title="bbox 178 1592 962 1625">
     <span class='ocr_line' id='line_1_63' title="bbox 178 1592 962 1625; baseline 0.005 -8"><span class='ocrx_word' id='word_1_459' title='bbox 178 1599 227 1619; x_wconf 89' lang='lat' dir='ltr'><strong>nos</strong></span> <span class='ocrx_word' id='word_1_460' title='bbox 245 1592 384 1625; x_wconf 87' lang='lat' dir='ltr'><strong>apostolus</strong></span> <span class='ocrx_word' id='word_1_461' title='bbox 397 1592 430 1619; x_wconf 91' lang='lat' dir='ltr'><strong>de</strong></span> <span class='ocrx_word' id='word_1_462' title='bbox 444 1592 495 1620; x_wconf 90' lang='lat' dir='ltr'><strong>hac</strong></span> <span class='ocrx_word' id='word_1_463' title='bbox 515 1593 665 1620; x_wconf 86' lang='lat' dir='ltr'><strong>seminaudi</strong></span> <span class='ocrx_word' id='word_1_464' title='bbox 683 1593 781 1620; x_wconf 88' lang='lat' dir='ltr'><strong>doceat</strong></span> <span class='ocrx_word' id='word_1_465' title='bbox 801 1593 962 1621; x_wconf 66' lang='lat' dir='ltr'><strong>differentia.</strong></span> 
     </span>
    </p>
   </div>
   <div class='ocr_carea' id='block_1_64' title="bbox 179 1635 961 1672">
    <p class='ocr_par' dir='ltr' id='par_1_64' title="bbox 179 1635 961 1672">
     <span class='ocr_line' id='line_1_64' title="bbox 179 1635 961 1672; baseline 0.001 -9"><span class='ocrx_word' id='word_1_466' title='bbox 179 1635 246 1663; x_wconf 74' lang='lat' dir='ltr'><strong>Audi</strong></span> <span class='ocrx_word' id='word_1_467' title='bbox 262 1643 326 1670; x_wconf 85' lang='lat' dir='ltr'><strong>ergo</strong></span> <span class='ocrx_word' id='word_1_468' title='bbox 341 1636 399 1671; x_wconf 87' lang='lat' dir='ltr'><strong>ipse</strong></span> <span class='ocrx_word' id='word_1_469' title='bbox 412 1637 476 1671; x_wconf 83' lang='lat' dir='ltr'><strong>quid</strong></span> <span class='ocrx_word' id='word_1_470' title='bbox 491 1637 576 1664; x_wconf 89' lang='lat' dir='ltr'><strong>dicit:</strong></span> <span class='ocrx_word' id='word_1_471' title='bbox 593 1647 602 1662; x_wconf 75' lang='grc' dir='ltr'><strong>ι</strong></span> <span class='ocrx_word' id='word_1_472' title='bbox 617 1637 667 1670; x_wconf 83' lang='lat' dir='ltr'><strong>Qui</strong></span> <span class='ocrx_word' id='word_1_473' title='bbox 680 1638 808 1671; x_wconf 88' lang='lat' dir='ltr'><strong>seminat,</strong></span> <span class='ocrx_word' id='word_1_474' title='bbox 823 1638 911 1672; x_wconf 88' lang='lat' dir='ltr'><strong>inquit</strong></span> <span class='ocrx_word' id='word_1_475' title='bbox 928 1639 961 1670; x_wconf 85' lang='lat'><strong>&quot;,</strong></span> 
     </span>
    </p>
   </div>
   <div class='ocr_carea' id='block_1_65' title="bbox 180 1680 963 1718">
    <p class='ocr_par' dir='ltr' id='par_1_65' title="bbox 180 1680 963 1718">
     <span class='ocr_line' id='line_1_65' title="bbox 180 1680 963 1718; baseline 0.006 -12"><span class='ocrx_word' id='word_1_476' title='bbox 180 1680 206 1708; x_wconf 92' lang='lat' dir='ltr'><strong>in</strong></span> <span class='ocrx_word' id='word_1_477' title='bbox 226 1686 318 1713; x_wconf 90' lang='lat' dir='ltr'><strong>carne,</strong></span> <span class='ocrx_word' id='word_1_478' title='bbox 332 1681 364 1708; x_wconf 85' lang='lat' dir='ltr'><strong>de</strong></span> <span class='ocrx_word' id='word_1_479' title='bbox 377 1689 459 1708; x_wconf 88' lang='lat' dir='ltr'><strong>carne</strong></span> <span class='ocrx_word' id='word_1_480' title='bbox 475 1686 559 1709; x_wconf 87' lang='lat' dir='ltr'><strong>metet</strong></span> <span class='ocrx_word' id='word_1_481' title='bbox 581 1683 794 1716; x_wconf 87' lang='lat' dir='ltr'><strong>corruptionem.</strong></span> <span class='ocrx_word' id='word_1_482' title='bbox 811 1682 845 1709; x_wconf 85' lang='lat' dir='ltr'><strong>Et</strong></span> <span class='ocrx_word' id='word_1_483' title='bbox 859 1683 904 1718; x_wconf 88' lang='lat' dir='ltr'><strong>qui</strong></span> <span class='ocrx_word' id='word_1_484' title='bbox 922 1692 963 1711; x_wconf 83' lang='lat' dir='ltr'><strong>sc-</strong></span> 
     </span>
    </p>
   </div>
   <div class='ocr_carea' id='block_1_66' title="bbox 178 1725 960 1760">
    <p class='ocr_par' dir='ltr' id='par_1_66' title="bbox 178 1725 960 1760">
     <span class='ocr_line' id='line_1_66' title="bbox 178 1725 960 1760; baseline 0.004 -9"><span class='ocrx_word' id='word_1_485' title='bbox 178 1725 263 1752; x_wconf 84' lang='lat' dir='ltr'><strong>minat</strong></span> <span class='ocrx_word' id='word_1_486' title='bbox 277 1726 302 1751; x_wconf 91' lang='lat' dir='ltr'><strong>in</strong></span> <span class='ocrx_word' id='word_1_487' title='bbox 317 1725 423 1758; x_wconf 88' lang='lat' dir='ltr'><strong>spiritu,</strong></span> <span class='ocrx_word' id='word_1_488' title='bbox 437 1727 469 1754; x_wconf 86' lang='lat' dir='ltr'><strong>de</strong></span> <span class='ocrx_word' id='word_1_489' title='bbox 482 1727 577 1760; x_wconf 82' lang='lat' dir='ltr'><strong>spiritu</strong></span> <span class='ocrx_word' id='word_1_490' title='bbox 595 1731 680 1753; x_wconf 86' lang='lat' dir='ltr'><strong>metet</strong></span> <span class='ocrx_word' id='word_1_491' title='bbox 693 1727 775 1753; x_wconf 90' lang='lat' dir='ltr'><strong>vitam</strong></span> <span class='ocrx_word' id='word_1_492' title='bbox 794 1731 935 1754; x_wconf 70' lang='lat' dir='ltr'><strong>aeternam.</strong></span> <span class='ocrx_word' id='word_1_493' title='bbox 951 1737 960 1753; x_wconf 79' lang='grc' dir='ltr'><strong>ι</strong></span> 
     </span>
    </p>
   </div>
   <div class='ocr_carea' id='block_1_67' title="bbox 179 1769 963 1807">
    <p class='ocr_par' dir='ltr' id='par_1_67' title="bbox 179 1769 963 1807">
     <span class='ocr_line' id='line_1_67' title="bbox 179 1769 963 1807; baseline 0.003 -10"><span class='ocrx_word' id='word_1_494' title='bbox 179 1769 224 1798; x_wconf 88' lang='lat' dir='ltr'><strong>Isti</strong></span> <span class='ocrx_word' id='word_1_495' title='bbox 242 1777 306 1798; x_wconf 87' lang='lat' dir='ltr'><strong>sunt</strong></span> <span class='ocrx_word' id='word_1_496' title='bbox 328 1779 403 1806; x_wconf 84' lang='lat' dir='ltr'><strong>ergo,</strong></span> <span class='ocrx_word' id='word_1_497' title='bbox 422 1780 536 1807; x_wconf 92' lang='lat' dir='ltr'><strong>quorum</strong></span> <span class='ocrx_word' id='word_1_498' title='bbox 554 1772 657 1799; x_wconf 85' lang='lat' dir='ltr'><strong>semina</strong></span> <span class='ocrx_word' id='word_1_499' title='bbox 674 1771 827 1800; x_wconf 67' lang='lat' dir='ltr'><strong>Madianitse</strong></span> <span class='ocrx_word' id='word_1_500' title='bbox 842 1780 963 1800; x_wconf 88' lang='lat' dir='ltr'><strong>corrum-</strong></span> 
     </span>
    </p>
   </div>
   <div class='ocr_carea' id='block_1_68' title="bbox 179 1817 962 1854">
    <p class='ocr_par' dir='ltr' id='par_1_68' title="bbox 179 1817 962 1854">
     <span class='ocr_line' id='line_1_68' title="bbox 179 1817 962 1854; baseline 0.004 -10"><span class='ocrx_word' id='word_1_501' title='bbox 179 1822 263 1852; x_wconf 90' lang='lat' dir='ltr'><strong>punt,</strong></span> <span class='ocrx_word' id='word_1_502' title='bbox 288 1818 335 1852; x_wconf 90' lang='lat' dir='ltr'><strong>qui</strong></span> <span class='ocrx_word' id='word_1_503' title='bbox 361 1819 387 1845; x_wconf 94' lang='lat' dir='ltr'><strong>in</strong></span> <span class='ocrx_word' id='word_1_504' title='bbox 414 1825 496 1846; x_wconf 87' lang='lat' dir='ltr'><strong>carne</strong></span> <span class='ocrx_word' id='word_1_505' title='bbox 523 1819 668 1846; x_wconf 89' lang='lat' dir='ltr'><strong>seminanl.</strong></span> <span class='ocrx_word' id='word_1_506' title='bbox 692 1817 738 1845; x_wconf 77' lang='lat' dir='ltr'><strong>Isti</strong></span> <span class='ocrx_word' id='word_1_507' title='bbox 763 1823 825 1846; x_wconf 91' lang='lat' dir='ltr'><strong>sunt</strong></span> <span class='ocrx_word' id='word_1_508' title='bbox 847 1827 962 1854; x_wconf 90' lang='lat' dir='ltr'><strong>quorum</strong></span> 
     </span>
    </p>
   </div>
   <div class='ocr_carea' id='block_1_69' title="bbox 179 1862 962 1898">
    <p class='ocr_par' dir='ltr' id='par_1_69' title="bbox 179 1862 962 1898">
     <span class='ocr_line' id='line_1_69' title="bbox 179 1862 962 1898; baseline 0.003 -8"><span class='ocrx_word' id='word_1_509' title='bbox 179 1862 283 1891; x_wconf 79' lang='lat' dir='ltr'><strong>fructus</strong></span> <span class='ocrx_word' id='word_1_510' title='bbox 305 1864 532 1897; x_wconf 83' lang='lat' dir='ltr'><strong>exterminantur,</strong></span> <span class='ocrx_word' id='word_1_511' title='bbox 545 1869 572 1891; x_wconf 87' lang='lat' dir='ltr'><strong>et</strong></span> <span class='ocrx_word' id='word_1_512' title='bbox 589 1868 713 1898; x_wconf 87' lang='lat' dir='ltr'><strong>pereunt.</strong></span> <span class='ocrx_word' id='word_1_513' title='bbox 738 1863 783 1891; x_wconf 89' lang='lat' dir='ltr'><strong>Illa</strong></span> <span class='ocrx_word' id='word_1_514' title='bbox 808 1869 898 1892; x_wconf 80' lang='lat' dir='ltr'><strong>autent</strong></span> <span class='ocrx_word' id='word_1_515' title='bbox 919 1873 962 1892; x_wconf 87' lang='lat' dir='ltr'><strong>se-</strong></span> 
     </span>
    </p>
   </div>
   <div class='ocr_carea' id='block_1_70' title="bbox 177 1909 962 1945">
    <p class='ocr_par' dir='ltr' id='par_1_70' title="bbox 177 1909 962 1945">
     <span class='ocr_line' id='line_1_70' title="bbox 177 1909 962 1945; baseline 0.004 -10"><span class='ocrx_word' id='word_1_516' title='bbox 177 1909 262 1941; x_wconf 89' lang='lat' dir='ltr'><strong>mina,</strong></span> <span class='ocrx_word' id='word_1_517' title='bbox 276 1917 337 1944; x_wconf 72' lang='lat' dir='ltr'><strong>quae</strong></span> <span class='ocrx_word' id='word_1_518' title='bbox 352 1910 377 1936; x_wconf 94' lang='lat' dir='ltr'><strong>in</strong></span> <span class='ocrx_word' id='word_1_519' title='bbox 394 1910 490 1944; x_wconf 89' lang='lat' dir='ltr'><strong>spiritu</strong></span> <span class='ocrx_word' id='word_1_520' title='bbox 514 1910 692 1944; x_wconf 84' lang='lat' dir='ltr'><strong>seminantur,</strong></span> <span class='ocrx_word' id='word_1_521' title='bbox 707 1919 761 1938; x_wconf 91' lang='lat' dir='ltr'><strong>non</strong></span> <span class='ocrx_word' id='word_1_522' title='bbox 778 1915 892 1945; x_wconf 89' lang='lat' dir='ltr'><strong>possunt</strong></span> <span class='ocrx_word' id='word_1_523' title='bbox 905 1910 962 1938; x_wconf 82' lang='lat' dir='ltr'><strong>Ma-</strong></span> 
     </span>
    </p>
   </div>
   <div class='ocr_carea' id='block_1_71' title="bbox 177 1955 962 1991">
    <p class='ocr_par' dir='ltr' id='par_1_71' title="bbox 177 1955 962 1991">
     <span class='ocr_line' id='line_1_71' title="bbox 177 1955 962 1991; baseline 0.003 -9"><span class='ocrx_word' id='word_1_524' title='bbox 177 1955 285 1983; x_wconf 71' lang='lat' dir='ltr'><strong>dianitze</strong></span> <span class='ocrx_word' id='word_1_525' title='bbox 299 1963 484 1991; x_wconf 84' lang='lat' dir='ltr'><strong>corrumpere.</strong></span> <span class='ocrx_word' id='word_1_526' title='bbox 499 1955 556 1983; x_wconf 81' lang='lat' dir='ltr'><strong>Non</strong></span> <span class='ocrx_word' id='word_1_527' title='bbox 572 1957 646 1984; x_wconf 89' lang='lat' dir='ltr'><strong>enim</strong></span> <span class='ocrx_word' id='word_1_528' title='bbox 666 1961 780 1991; x_wconf 87' lang='lat' dir='ltr'><strong>possunt</strong></span> <span class='ocrx_word' id='word_1_529' title='bbox 798 1957 962 1985; x_wconf 58' lang='lat' dir='ltr'><strong>adversariae</strong></span> 
     </span>
    </p>
   </div>
   <div class='ocr_carea' id='block_1_72' title="bbox 176 2003 961 2038">
    <p class='ocr_par' dir='ltr' id='par_1_72' title="bbox 176 2003 961 2038">
     <span class='ocr_line' id='line_1_72' title="bbox 176 2003 961 2038; baseline -0.001 -7"><span class='ocrx_word' id='word_1_530' title='bbox 176 2008 322 2037; x_wconf 85' lang='lat' dir='ltr'><strong>potestates</strong></span> <span class='ocrx_word' id='word_1_531' title='bbox 342 2004 490 2032; x_wconf 89' lang='lat' dir='ltr'><strong>ascendere</strong></span> <span class='ocrx_word' id='word_1_532' title='bbox 511 2005 545 2030; x_wconf 90' lang='lat' dir='ltr'><strong>ad</strong></span> <span class='ocrx_word' id='word_1_533' title='bbox 565 2003 702 2038; x_wconf 86' lang='lat' dir='ltr'><strong>spiritales</strong></span> <span class='ocrx_word' id='word_1_534' title='bbox 726 2010 848 2038; x_wconf 91' lang='lat' dir='ltr'><strong>campos,</strong></span> <span class='ocrx_word' id='word_1_535' title='bbox 863 2007 890 2030; x_wconf 90' lang='lat' dir='ltr'><strong>et</strong></span> <span class='ocrx_word' id='word_1_536' title='bbox 912 2011 961 2031; x_wconf 90' lang='lat' dir='ltr'><strong>no-</strong></span> 
     </span>
    </p>
   </div>
   <div class='ocr_carea' id='block_1_73' title="bbox 175 2045 961 2081">
    <p class='ocr_par' dir='ltr' id='par_1_73' title="bbox 175 2045 961 2081">
     <span class='ocr_line' id='line_1_73' title="bbox 175 2045 961 2081; baseline 0.004 -10"><span class='ocrx_word' id='word_1_537' title='bbox 175 2045 243 2072; x_wconf 87' lang='lat' dir='ltr'><strong>valia</strong></span> <span class='ocrx_word' id='word_1_538' title='bbox 260 2047 372 2080; x_wconf 87' lang='lat' dir='ltr'><strong>spiritus</strong></span> <span class='ocrx_word' id='word_1_539' title='bbox 395 2051 528 2074; x_wconf 88' lang='lat' dir='ltr'><strong>temerare</strong></span> <span class='ocrx_word' id='word_1_540' title='bbox 553 2054 648 2074; x_wconf 90' lang='lat' dir='ltr'><strong>eorum</strong></span> <span class='ocrx_word' id='word_1_541' title='bbox 672 2047 717 2081; x_wconf 87' lang='lat' dir='ltr'><strong>qui</strong></span> <span class='ocrx_word' id='word_1_542' title='bbox 745 2054 799 2074; x_wconf 93' lang='lat' dir='ltr'><strong>non</strong></span> <span class='ocrx_word' id='word_1_543' title='bbox 823 2048 961 2075; x_wconf 88' lang='lat' dir='ltr'><strong>seminant</strong></span> 
     </span>
    </p>
   </div>
   <div class='ocr_carea' id='block_1_74' title="bbox 175 2089 962 2124">
    <p class='ocr_par' dir='ltr' id='par_1_74' title="bbox 175 2089 962 2124">
     <span class='ocr_line' id='line_1_74' title="bbox 175 2089 962 2124; baseline 0.003 -8"><span class='ocrx_word' id='word_1_544' title='bbox 175 2097 257 2123; x_wconf 89' lang='lat' dir='ltr'><strong>super</strong></span> <span class='ocrx_word' id='word_1_545' title='bbox 282 2090 388 2124; x_wconf 85' lang='lat' dir='ltr'><strong>spinas,</strong></span> <span class='ocrx_word' id='word_1_546' title='bbox 408 2090 456 2117; x_wconf 86' lang='lat' dir='ltr'><strong>sed</strong></span> <span class='ocrx_word' id='word_1_547' title='bbox 480 2091 611 2117; x_wconf 87' lang='lat' dir='ltr'><strong>innovant</strong></span> <span class='ocrx_word' id='word_1_548' title='bbox 639 2089 692 2118; x_wconf 89' lang='lat' dir='ltr'><strong>sibi</strong></span> <span class='ocrx_word' id='word_1_549' title='bbox 719 2090 824 2118; x_wconf 84' lang='lat' dir='ltr'><strong>novalia</strong></span> <span class='ocrx_word' id='word_1_550' title='bbox 839 2099 847 2118; x_wconf 89' lang='lat'><strong>:</strong></span> <span class='ocrx_word' id='word_1_551' title='bbox 863 2091 910 2118; x_wconf 89' lang='lat' dir='ltr'><strong>sed</strong></span> <span class='ocrx_word' id='word_1_552' title='bbox 935 2096 962 2118; x_wconf 92' lang='lat' dir='ltr'><strong>et</strong></span> 
     </span>
    </p>
   </div>
   <div class='ocr_carea' id='block_1_75' title="bbox 176 2135 960 2170">
    <p class='ocr_par' dir='ltr' id='par_1_75' title="bbox 176 2135 960 2170">
     <span class='ocr_line' id='line_1_75' title="bbox 176 2135 960 2170; baseline 0.003 -8"><span class='ocrx_word' id='word_1_553' title='bbox 176 2135 240 2162; x_wconf 90' lang='lat' dir='ltr'><strong>illud</strong></span> <span class='ocrx_word' id='word_1_554' title='bbox 258 2135 410 2162; x_wconf 89' lang='lat' dir='ltr'><strong>addendum</strong></span> <span class='ocrx_word' id='word_1_555' title='bbox 425 2139 485 2163; x_wconf 84' lang='lat' dir='ltr'><strong>est:</strong></span> <span class='ocrx_word' id='word_1_556' title='bbox 503 2135 563 2162; x_wconf 91' lang='lat' dir='ltr'><strong>volo</strong></span> <span class='ocrx_word' id='word_1_557' title='bbox 586 2136 658 2163; x_wconf 90' lang='lat' dir='ltr'><strong>enim</strong></span> <span class='ocrx_word' id='word_1_558' title='bbox 673 2140 699 2163; x_wconf 93' lang='lat' dir='ltr'><strong>et</strong></span> <span class='ocrx_word' id='word_1_559' title='bbox 715 2136 847 2170; x_wconf 83' lang='lat' dir='ltr'><strong>meipsum</strong></span> <span class='ocrx_word' id='word_1_560' title='bbox 873 2136 960 2164; x_wconf 87' lang='lat' dir='ltr'><strong>vobis-</strong></span> 
     </span>
    </p>
   </div>
   <div class='ocr_carea' id='block_1_76' title="bbox 174 2176 1000 2216">
    <p class='ocr_par' dir='ltr' id='par_1_76' title="bbox 174 2176 1000 2216">
     <span class='ocr_line' id='line_1_76' title="bbox 174 2176 1000 2216; baseline 0.002 -8"><span class='ocrx_word' id='word_1_561' title='bbox 174 2188 237 2208; x_wconf 92' lang='lat' dir='ltr'><strong>cum</strong></span> <span class='ocrx_word' id='word_1_562' title='bbox 255 2181 357 2215; x_wconf 89' lang='lat' dir='ltr'><strong>pariter</strong></span> <span class='ocrx_word' id='word_1_563' title='bbox 381 2188 557 2208; x_wconf 86' lang='lat' dir='ltr'><strong>commoncre</strong></span> <span class='ocrx_word' id='word_1_564' title='bbox 580 2181 614 2208; x_wconf 89' lang='lat' dir='ltr'><strong>de</strong></span> <span class='ocrx_word' id='word_1_565' title='bbox 637 2181 742 2209; x_wconf 89' lang='lat' dir='ltr'><strong>cautela</strong></span> <span class='ocrx_word' id='word_1_566' title='bbox 767 2182 911 2216; x_wconf 78' lang='lat' dir='ltr'><strong>seminum,</strong></span> <span class='ocrx_word' id='word_1_567' title='bbox 934 2188 961 2211; x_wconf 90' lang='lat' dir='ltr'><strong>et</strong></span> <span class='ocrx_word' id='word_1_568' title='bbox 978 2176 1000 2204; x_wconf 83' lang='grc' dir='ltr'><strong>ι)</strong></span> 
     </span>
    </p>
   </div>
   <div class='ocr_carea' id='block_1_77' title="bbox 175 2226 960 2263">
    <p class='ocr_par' dir='ltr' id='par_1_77' title="bbox 175 2226 960 2263">
     <span class='ocr_line' id='line_1_77' title="bbox 175 2226 960 2263; baseline 0.008 -11"><span class='ocrx_word' id='word_1_569' title='bbox 175 2226 338 2260; x_wconf 89' lang='lat' dir='ltr'><strong>spiritalium</strong></span> <span class='ocrx_word' id='word_1_570' title='bbox 353 2226 490 2254; x_wconf 88' lang='lat' dir='ltr'><strong>fructuum</strong></span> <span class='ocrx_word' id='word_1_571' title='bbox 501 2226 649 2261; x_wconf 73' lang='lat' dir='ltr'><strong>diligentia.</strong></span> <span class='ocrx_word' id='word_1_572' title='bbox 664 2227 836 2263; x_wconf 85' lang='lat' dir='ltr'><strong>Frequenter</strong></span> <span class='ocrx_word' id='word_1_573' title='bbox 849 2230 960 2263; x_wconf 89' lang='lat' dir='ltr'><strong>accidit,</strong></span> 
     </span>
    </p>
   </div>
   <div class='ocr_carea' id='block_1_78' title="bbox 175 2271 959 2309">
    <p class='ocr_par' dir='ltr' id='par_1_78' title="bbox 175 2271 959 2309">
     <span class='ocr_line' id='line_1_78' title="bbox 175 2271 959 2309; baseline 0.008 -12"><span class='ocrx_word' id='word_1_574' title='bbox 175 2277 206 2298; x_wconf 92' lang='lat' dir='ltr'><strong>ut</strong></span> <span class='ocrx_word' id='word_1_575' title='bbox 230 2271 329 2306; x_wconf 86' lang='lat' dir='ltr'><strong>aliquis</strong></span> <span class='ocrx_word' id='word_1_576' title='bbox 357 2272 384 2298; x_wconf 93' lang='lat' dir='ltr'><strong>in</strong></span> <span class='ocrx_word' id='word_1_577' title='bbox 412 2279 494 2306; x_wconf 91' lang='lat' dir='ltr'><strong>opere</strong></span> <span class='ocrx_word' id='word_1_578' title='bbox 529 2272 643 2307; x_wconf 88' lang='lat' dir='ltr'><strong>spiritali</strong></span> <span class='ocrx_word' id='word_1_579' title='bbox 675 2275 787 2301; x_wconf 92' lang='lat' dir='ltr'><strong>multum</strong></span> <span class='ocrx_word' id='word_1_580' title='bbox 813 2275 959 2309; x_wconf 87' lang='lat' dir='ltr'><strong>desudans,</strong></span> 
     </span>
    </p>
   </div>
   <div class='ocr_carea' id='block_1_79' title="bbox 174 2315 959 2353">
    <p class='ocr_par' dir='ltr' id='par_1_79' title="bbox 174 2315 959 2353">
     <span class='ocr_line' id='line_1_79' title="bbox 174 2315 959 2353; baseline 0.008 -11"><span class='ocrx_word' id='word_1_581' title='bbox 174 2315 279 2343; x_wconf 75' lang='lat' dir='ltr'><strong>fructus</strong></span> <span class='ocrx_word' id='word_1_582' title='bbox 295 2316 510 2351; x_wconf 86' lang='lat' dir='ltr'><strong>quamplurimos</strong></span> <span class='ocrx_word' id='word_1_583' title='bbox 526 2317 632 2350; x_wconf 88' lang='lat' dir='ltr'><strong>fecerit,</strong></span> <span class='ocrx_word' id='word_1_584' title='bbox 650 2322 677 2344; x_wconf 89' lang='lat' dir='ltr'><strong>et</strong></span> <span class='ocrx_word' id='word_1_585' title='bbox 694 2318 837 2353; x_wconf 81' lang='lat' dir='ltr'><strong>repleverit</strong></span> <span class='ocrx_word' id='word_1_586' title='bbox 862 2320 959 2348; x_wconf 85' lang='lat' dir='ltr'><strong>horrea</strong></span> 
     </span>
    </p>
   </div>
   <div class='ocr_carea' id='block_1_80' title="bbox 173 2361 959 2400">
    <p class='ocr_par' dir='ltr' id='par_1_80' title="bbox 173 2361 959 2400">
     <span class='ocr_line' id='line_1_80' title="bbox 173 2361 959 2400; baseline 0.004 -10"><span class='ocrx_word' id='word_1_587' title='bbox 173 2370 221 2390; x_wconf 82' lang='lat' dir='ltr'><strong>sua</strong></span> <span class='ocrx_word' id='word_1_588' title='bbox 236 2361 349 2395; x_wconf 63' lang='lat' dir='ltr'><strong>justitiat</strong></span> <span class='ocrx_word' id='word_1_589' title='bbox 367 2361 500 2397; x_wconf 84' lang='lat' dir='ltr'><strong>frugibus,</strong></span> <span class='ocrx_word' id='word_1_590' title='bbox 523 2367 551 2391; x_wconf 92' lang='lat' dir='ltr'><strong>et</strong></span> <span class='ocrx_word' id='word_1_591' title='bbox 565 2363 651 2391; x_wconf 89' lang='lat' dir='ltr'><strong>multa</strong></span> <span class='ocrx_word' id='word_1_592' title='bbox 669 2364 742 2398; x_wconf 88' lang='lat' dir='ltr'><strong>bona</strong></span> <span class='ocrx_word' id='word_1_593' title='bbox 761 2372 843 2400; x_wconf 90' lang='lat' dir='ltr'><strong>opera</strong></span> <span class='ocrx_word' id='word_1_594' title='bbox 862 2373 959 2393; x_wconf 88' lang='lat' dir='ltr'><strong>recon-</strong></span> 
     </span>
    </p>
   </div>
   <div class='ocr_carea' id='block_1_81' title="bbox 173 2408 958 2446">
    <p class='ocr_par' dir='ltr' id='par_1_81' title="bbox 173 2408 958 2446">
     <span class='ocr_line' id='line_1_81' title="bbox 173 2408 958 2446; baseline 0.005 -11"><span class='ocrx_word' id='word_1_595' title='bbox 173 2409 272 2436; x_wconf 87' lang='lat' dir='ltr'><strong>diderit</strong></span> <span class='ocrx_word' id='word_1_596' title='bbox 290 2408 316 2435; x_wconf 94' lang='lat' dir='ltr'><strong>in</strong></span> <span class='ocrx_word' id='word_1_597' title='bbox 338 2409 511 2437; x_wconf 74' lang='lat' dir='ltr'><strong>conscientiae</strong></span> <span class='ocrx_word' id='word_1_598' title='bbox 531 2417 587 2437; x_wconf 69' lang='lat' dir='ltr'><strong>ante</strong></span> <span class='ocrx_word' id='word_1_599' title='bbox 611 2410 732 2438; x_wconf 74' lang='lat' dir='ltr'><strong>conclavi</strong></span> <span class='ocrx_word' id='word_1_600' title='bbox 752 2420 760 2438; x_wconf 86' lang='lat'><strong>:</strong></span> <span class='ocrx_word' id='word_1_601' title='bbox 779 2416 874 2446; x_wconf 86' lang='lat' dir='ltr'><strong>postea</strong></span> <span class='ocrx_word' id='word_1_602' title='bbox 893 2419 958 2440; x_wconf 88' lang='lat' dir='ltr'><strong>vero</strong></span> 
     </span>
    </p>
   </div>
   <div class='ocr_carea' id='block_1_82' title="bbox 173 2453 957 2490">
    <p class='ocr_par' dir='ltr' id='par_1_82' title="bbox 173 2453 957 2490">
     <span class='ocr_line' id='line_1_82' title="bbox 173 2453 957 2490; baseline 0.004 -10"><span class='ocrx_word' id='word_1_603' title='bbox 173 2454 195 2481; x_wconf 90' lang='lat' dir='ltr'><strong>si</strong></span> <span class='ocrx_word' id='word_1_604' title='bbox 218 2453 347 2489; x_wconf 73' lang='lat' dir='ltr'><strong>negligat,</strong></span> <span class='ocrx_word' id='word_1_605' title='bbox 368 2459 396 2481; x_wconf 91' lang='lat' dir='ltr'><strong>et</strong></span> <span class='ocrx_word' id='word_1_606' title='bbox 417 2460 480 2488; x_wconf 89' lang='lat' dir='ltr'><strong>post</strong></span> <span class='ocrx_word' id='word_1_607' title='bbox 502 2455 623 2483; x_wconf 82' lang='lat' dir='ltr'><strong>laborem</strong></span> <span class='ocrx_word' id='word_1_608' title='bbox 651 2456 800 2490; x_wconf 87' lang='lat' dir='ltr'><strong>proclivius</strong></span> <span class='ocrx_word' id='word_1_609' title='bbox 823 2457 856 2483; x_wconf 91' lang='lat' dir='ltr'><strong>ad</strong></span> <span class='ocrx_word' id='word_1_610' title='bbox 879 2457 957 2484; x_wconf 90' lang='lat' dir='ltr'><strong>volu-</strong></span> 
     </span>
    </p>
   </div>
   <div class='ocr_carea' id='block_1_83' title="bbox 173 2499 959 2535">
    <p class='ocr_par' dir='ltr' id='par_1_83' title="bbox 173 2499 959 2535">
     <span class='ocr_line' id='line_1_83' title="bbox 173 2499 959 2535; baseline 0.004 -10"><span class='ocrx_word' id='word_1_611' title='bbox 173 2503 260 2533; x_wconf 87' lang='lat' dir='ltr'><strong>ptates</strong></span> <span class='ocrx_word' id='word_1_612' title='bbox 285 2505 312 2526; x_wconf 90' lang='lat' dir='ltr'><strong>et</strong></span> <span class='ocrx_word' id='word_1_613' title='bbox 330 2499 452 2527; x_wconf 76' lang='lat' dir='ltr'><strong>luxurias</strong></span> <span class='ocrx_word' id='word_1_614' title='bbox 467 2505 576 2535; x_wconf 86' lang='lat' dir='ltr'><strong>vergat,</strong></span> <span class='ocrx_word' id='word_1_615' title='bbox 600 2501 691 2527; x_wconf 90' lang='lat' dir='ltr'><strong>omnia</strong></span> <span class='ocrx_word' id='word_1_616' title='bbox 713 2501 737 2527; x_wconf 92' lang='lat' dir='ltr'><strong>ei</strong></span> <span class='ocrx_word' id='word_1_617' title='bbox 764 2501 896 2528; x_wconf 87' lang='lat' dir='ltr'><strong>bonorum</strong></span> <span class='ocrx_word' id='word_1_618' title='bbox 916 2509 959 2528; x_wconf 86' lang='lat' dir='ltr'><strong>se—</strong></span> 
     </span>
    </p>
   </div>
   <div class='ocr_carea' id='block_1_84' title="bbox 174 2545 958 2581">
    <p class='ocr_par' dir='ltr' id='par_1_84' title="bbox 174 2545 958 2581">
     <span class='ocr_line' id='line_1_84' title="bbox 174 2545 958 2581; baseline 0.004 -9"><span class='ocrx_word' id='word_1_619' title='bbox 174 2545 263 2577; x_wconf 87' lang='lat' dir='ltr'><strong>mina,</strong></span> <span class='ocrx_word' id='word_1_620' title='bbox 283 2545 393 2573; x_wconf 90' lang='lat' dir='ltr'><strong>fructus</strong></span> <span class='ocrx_word' id='word_1_621' title='bbox 419 2546 507 2573; x_wconf 89' lang='lat' dir='ltr'><strong>sancti</strong></span> <span class='ocrx_word' id='word_1_622' title='bbox 541 2546 632 2581; x_wconf 81' lang='lat' dir='ltr'><strong>operis</strong></span> <span class='ocrx_word' id='word_1_623' title='bbox 661 2546 817 2573; x_wconf 77' lang='lat' dir='ltr'><strong>dominante</strong></span> <span class='ocrx_word' id='word_1_624' title='bbox 846 2547 958 2575; x_wconf 85' lang='lat' dir='ltr'><strong>libidine</strong></span> 
     </span>
    </p>
   </div>
   <div class='ocr_carea' id='block_1_85' title="bbox 173 2591 957 2626">
    <p class='ocr_par' dir='ltr' id='par_1_85' title="bbox 173 2591 957 2626">
     <span class='ocr_line' id='line_1_85' title="bbox 173 2591 957 2626; baseline 0.003 -9"><span class='ocrx_word' id='word_1_625' title='bbox 173 2596 397 2625; x_wconf 87' lang='lat' dir='ltr'><strong>corrumpuntur.</strong></span> <span class='ocrx_word' id='word_1_626' title='bbox 412 2592 479 2618; x_wconf 81' lang='lat' dir='ltr'><strong>Cum</strong></span> <span class='ocrx_word' id='word_1_627' title='bbox 497 2593 569 2619; x_wconf 90' lang='lat' dir='ltr'><strong>enim</strong></span> <span class='ocrx_word' id='word_1_628' title='bbox 588 2591 776 2619; x_wconf 84' lang='lat' dir='ltr'><strong>subintroierit</strong></span> <span class='ocrx_word' id='word_1_629' title='bbox 799 2596 957 2626; x_wconf 91' lang='lat' dir='ltr'><strong>peccatum,</strong></span> 
     </span>
    </p>
   </div>
   <div class='ocr_carea' id='block_1_86' title="bbox 173 2637 959 2670">
    <p class='ocr_par' dir='ltr' id='par_1_86' title="bbox 173 2637 959 2670">
     <span class='ocr_line' id='line_1_86' title="bbox 173 2637 959 2670; baseline 0.004 -8"><span class='ocrx_word' id='word_1_630' title='bbox 173 2641 199 2662; x_wconf 88' lang='lat' dir='ltr'><strong>et</strong></span> <span class='ocrx_word' id='word_1_631' title='bbox 218 2637 397 2670; x_wconf 86' lang='lat' dir='ltr'><strong>eaptivavcrit</strong></span> <span class='ocrx_word' id='word_1_632' title='bbox 422 2637 539 2664; x_wconf 86' lang='lat' dir='ltr'><strong>hominis</strong></span> <span class='ocrx_word' id='word_1_633' title='bbox 561 2644 684 2669; x_wconf 85' lang='lat' dir='ltr'><strong>sensum,</strong></span> <span class='ocrx_word' id='word_1_634' title='bbox 708 2641 738 2664; x_wconf 82' lang='lat' dir='ltr'><strong>ut</strong></span> <span class='ocrx_word' id='word_1_635' title='bbox 760 2637 816 2670; x_wconf 70' lang='lat' dir='ltr'><strong>jam</strong></span> <span class='ocrx_word' id='word_1_636' title='bbox 841 2645 895 2665; x_wconf 89' lang='lat' dir='ltr'><strong>non</strong></span> <span class='ocrx_word' id='word_1_637' title='bbox 918 2645 959 2665; x_wconf 88' lang='lat' dir='ltr'><strong>re-</strong></span> 
     </span>
    </p>
   </div>
   <div class='ocr_carea' id='block_1_87' title="bbox 173 2681 957 2715">
    <p class='ocr_par' dir='ltr' id='par_1_87' title="bbox 173 2681 957 2715">
     <span class='ocr_line' id='line_1_87' title="bbox 173 2681 957 2715; baseline 0.005 -8"><span class='ocrx_word' id='word_1_638' title='bbox 173 2681 269 2715; x_wconf 84' lang='lat' dir='ltr'><strong>spiciat</strong></span> <span class='ocrx_word' id='word_1_639' title='bbox 284 2681 316 2708; x_wconf 86' lang='lat' dir='ltr'><strong>ad</strong></span> <span class='ocrx_word' id='word_1_640' title='bbox 334 2682 459 2708; x_wconf 84' lang='lat' dir='ltr'><strong>mandata</strong></span> <span class='ocrx_word' id='word_1_641' title='bbox 484 2682 541 2715; x_wconf 84' lang='lat' dir='ltr'><strong>Dei,</strong></span> <span class='ocrx_word' id='word_1_642' title='bbox 564 2691 614 2710; x_wconf 85' lang='lat' dir='ltr'><strong>nec</strong></span> <span class='ocrx_word' id='word_1_643' title='bbox 630 2684 741 2709; x_wconf 88' lang='lat' dir='ltr'><strong>arduam</strong></span> <span class='ocrx_word' id='word_1_644' title='bbox 757 2683 866 2710; x_wconf 88' lang='lat' dir='ltr'><strong>virtutis</strong></span> <span class='ocrx_word' id='word_1_645' title='bbox 887 2684 957 2711; x_wconf 86' lang='lat' dir='ltr'><strong>viam</strong></span> 
     </span>
    </p>
   </div>
   <div class='ocr_carea' id='block_1_88' title="bbox 208 2726 1548 2766">
    <p class='ocr_par' dir='ltr' id='par_1_88' title="bbox 208 2726 1548 2766">
     <span class='ocr_line' id='line_1_88' title="bbox 208 2726 1548 2766; baseline 0.005 -14"><span class='ocrx_word' id='word_1_646' title='bbox 208 2726 303 2766; x_wconf 53' lang='grc' dir='ltr'><strong>ξ³1ιιι1,</strong></span> <span class='ocrx_word' id='word_1_647' title='bbox 323 2735 359 2766; x_wconf 63' lang='lat' dir='ltr'><strong>vi,</strong></span> <span class='ocrx_word' id='word_1_648' title='bbox 374 2728 402 2758; x_wconf 80' lang='lat'><strong>‘2,</strong></span> <span class='ocrx_word' id='word_1_649' title='bbox 416 2728 443 2760; x_wconf 76' lang='lat'><strong>3,</strong></span> <span class='ocrx_word' id='word_1_650' title='bbox 459 2728 485 2755; x_wconf 78' lang='grc' dir='ltr'>ι.</span> <span class='ocrx_word' id='word_1_651' title='bbox 525 2729 546 2745; x_wconf 74' lang='grc'><strong>⁸⁵</strong></span> <span class='ocrx_word' id='word_1_652' title='bbox 558 2729 616 2756; x_wconf 84' lang='lat' dir='ltr'><strong>Gal.</strong></span> <span class='ocrx_word' id='word_1_653' title='bbox 632 2737 668 2761; x_wconf 79' lang='lat' dir='ltr'><strong>v1,</strong></span> <span class='ocrx_word' id='word_1_654' title='bbox 685 2730 712 2758; x_wconf 91' lang='lat'><strong>8.</strong></span> <span class='ocrx_word' id='word_1_655' title='bbox 751 2729 774 2745; x_wconf 85' lang='lat'>&quot;</span> <span class='ocrx_word' id='word_1_656' title='bbox 792 2729 873 2757; x_wconf 86' lang='lat' dir='ltr'><strong>Prov.</strong></span> <span class='ocrx_word' id='word_1_657' title='bbox 888 2738 923 2764; x_wconf 82' lang='lat' dir='ltr'><strong>tv,</strong></span> <span class='ocrx_word' id='word_1_658' title='bbox 941 2732 985 2759; x_wconf 77' lang='lat'><strong>25.</strong></span> <span class='ocrx_word' id='word_1_659' title='bbox 1024 2733 1046 2748; x_wconf 80' lang='grc'><strong>⁸⁷</strong></span> <span class='ocrx_word' id='word_1_660' title='bbox 1061 2732 1158 2759; x_wconf 80' lang='lat' dir='ltr'><strong>Ezcch.</strong></span> <span class='ocrx_word' id='word_1_661' title='bbox 1173 2739 1214 2764; x_wconf 87' lang='grc' dir='ltr'>ιιι,</span> <span class='ocrx_word' id='word_1_662' title='bbox 1231 2731 1276 2759; x_wconf 69' lang='lat'><strong>90.</strong></span> <span class='ocrx_word' id='word_1_663' title='bbox 1314 2731 1337 2748; x_wconf 73' lang='lat'><strong>&#39;“</strong></span> <span class='ocrx_word' id='word_1_664' title='bbox 1351 2731 1416 2759; x_wconf 85' lang='lat' dir='ltr'><strong>Luc.</strong></span> <span class='ocrx_word' id='word_1_665' title='bbox 1431 2740 1487 2766; x_wconf 87' lang='lat' dir='ltr'><strong>xxI,</strong></span> <span class='ocrx_word' id='word_1_666' title='bbox 1505 2732 1548 2760; x_wconf 85' lang='lat' dir='ltr'><strong>I9.</strong></span> 
     </span>
    </p>
   </div>
   <div class='ocr_carea' id='block_1_89' title="bbox 175 2761 369 2788">
    <p class='ocr_par' dir='ltr' id='par_1_89' title="bbox 175 2761 369 2788">
     <span class='ocr_line' id='line_1_89' title="bbox 175 2761 369 2788; baseline 0.015 -3"><span class='ocrx_word' id='word_1_667' title='bbox 175 2761 184 2776; x_wconf 78' lang='grc'><strong>⁸</strong></span> <span class='ocrx_word' id='word_1_668' title='bbox 201 2761 265 2787; x_wconf 85' lang='lat' dir='ltr'><strong>Luc.</strong></span> <span class='ocrx_word' id='word_1_669' title='bbox 281 2769 326 2787; x_wconf 89' lang='lat' dir='ltr'><strong>xu.</strong></span> <span class='ocrx_word' id='word_1_670' title='bbox 341 2761 369 2788; x_wconf 84' lang='lat'><strong>5.</strong></span> 
     </span>
    </p>
   </div>
   <div class='ocr_carea' id='block_1_90' title="bbox 1014 1547 1800 1583">
    <p class='ocr_par' dir='ltr' id='par_1_90' title="bbox 1014 1547 1800 1583">
     <span class='ocr_line' id='line_1_90' title="bbox 1014 1547 1800 1583; baseline -0.001 -8"><span class='ocrx_word' id='word_1_671' title='bbox 1014 1553 1067 1576; x_wconf 89' lang='lat' dir='ltr'><strong>tem</strong></span> <span class='ocrx_word' id='word_1_672' title='bbox 1083 1556 1156 1583; x_wconf 86' lang='lat' dir='ltr'><strong>spem</strong></span> <span class='ocrx_word' id='word_1_673' title='bbox 1169 1548 1203 1576; x_wconf 84' lang='lat'><strong>”.</strong></span> <span class='ocrx_word' id='word_1_674' title='bbox 1216 1558 1225 1574; x_wconf 78' lang='grc' dir='ltr'><strong>ι</strong></span> <span class='ocrx_word' id='word_1_675' title='bbox 1245 1547 1382 1575; x_wconf 89' lang='lat' dir='ltr'><strong>Pertendit</strong></span> <span class='ocrx_word' id='word_1_676' title='bbox 1398 1548 1469 1575; x_wconf 87' lang='lat' dir='ltr'><strong>enim</strong></span> <span class='ocrx_word' id='word_1_677' title='bbox 1491 1552 1586 1575; x_wconf 89' lang='lat' dir='ltr'><strong>nostra</strong></span> <span class='ocrx_word' id='word_1_678' title='bbox 1604 1548 1732 1582; x_wconf 89' lang='lat' dir='ltr'><strong>probatio</strong></span> <span class='ocrx_word' id='word_1_679' title='bbox 1750 1555 1800 1575; x_wconf 85' lang='lat' dir='ltr'><strong>non</strong></span> 
     </span>
    </p>
   </div>
   <div class='ocr_carea' id='block_1_91' title="bbox 1013 1591 1798 1627">
    <p class='ocr_par' dir='ltr' id='par_1_91' title="bbox 1013 1591 1798 1627">
     <span class='ocr_line' id='line_1_91' title="bbox 1013 1591 1798 1627; baseline -0.001 -7"><span class='ocrx_word' id='word_1_680' title='bbox 1013 1600 1098 1627; x_wconf 89' lang='lat' dir='ltr'><strong>usque</strong></span> <span class='ocrx_word' id='word_1_681' title='bbox 1113 1593 1146 1620; x_wconf 88' lang='lat' dir='ltr'><strong>ad</strong></span> <span class='ocrx_word' id='word_1_682' title='bbox 1164 1592 1277 1620; x_wconf 85' lang='lat' dir='ltr'><strong>verbera</strong></span> <span class='ocrx_word' id='word_1_683' title='bbox 1291 1592 1390 1624; x_wconf 87' lang='lat' dir='ltr'><strong>solum,</strong></span> <span class='ocrx_word' id='word_1_684' title='bbox 1405 1592 1451 1619; x_wconf 89' lang='lat' dir='ltr'><strong>sed</strong></span> <span class='ocrx_word' id='word_1_685' title='bbox 1466 1598 1552 1626; x_wconf 82' lang='lat' dir='ltr'><strong>usque</strong></span> <span class='ocrx_word' id='word_1_686' title='bbox 1563 1591 1596 1618; x_wconf 90' lang='lat' dir='ltr'><strong>ad</strong></span> <span class='ocrx_word' id='word_1_687' title='bbox 1613 1591 1798 1626; x_wconf 88' lang='lat' dir='ltr'><strong>profusionem</strong></span> 
     </span>
    </p>
   </div>
   <div class='ocr_carea' id='block_1_92' title="bbox 1012 1636 1802 1674">
    <p class='ocr_par' dir='ltr' id='par_1_92' title="bbox 1012 1636 1802 1674">
     <span class='ocr_line' id='line_1_92' title="bbox 1012 1636 1802 1674; baseline -0.004 -8"><span class='ocrx_word' id='word_1_688' title='bbox 1012 1639 1152 1674; x_wconf 76' lang='lat' dir='ltr'><strong>sanguinis</strong></span> <span class='ocrx_word' id='word_1_689' title='bbox 1168 1639 1311 1673; x_wconf 85' lang='lat' dir='ltr'><strong>pervenit:</strong></span> <span class='ocrx_word' id='word_1_690' title='bbox 1328 1637 1391 1672; x_wconf 79' lang='lat' dir='ltr'><strong>quia</strong></span> <span class='ocrx_word' id='word_1_691' title='bbox 1413 1640 1442 1664; x_wconf 89' lang='lat' dir='ltr'><strong>et</strong></span> <span class='ocrx_word' id='word_1_692' title='bbox 1455 1636 1581 1664; x_wconf 88' lang='lat' dir='ltr'><strong>Christus</strong></span> <span class='ocrx_word' id='word_1_693' title='bbox 1604 1643 1685 1671; x_wconf 87' lang='lat' dir='ltr'><strong>quem</strong></span> <span class='ocrx_word' id='word_1_694' title='bbox 1709 1637 1802 1672; x_wconf 80' lang='lat' dir='ltr'><strong>sequi-</strong></span> 
     </span>
    </p>
   </div>
   <div class='ocr_carea' id='block_1_93' title="bbox 1014 1680 1802 1719">
    <p class='ocr_par' dir='ltr' id='par_1_93' title="bbox 1014 1680 1802 1719">
     <span class='ocr_line' id='line_1_93' title="bbox 1014 1680 1802 1719; baseline -0.004 -8"><span class='ocrx_word' id='word_1_695' title='bbox 1014 1692 1084 1716; x_wconf 90' lang='lat' dir='ltr'><strong>mur,</strong></span> <span class='ocrx_word' id='word_1_696' title='bbox 1109 1691 1156 1719; x_wconf 91' lang='lat' dir='ltr'><strong>pro</strong></span> <span class='ocrx_word' id='word_1_697' title='bbox 1184 1683 1368 1718; x_wconf 85' lang='lat' dir='ltr'><strong>redemptione</strong></span> <span class='ocrx_word' id='word_1_698' title='bbox 1396 1685 1489 1708; x_wconf 90' lang='lat' dir='ltr'><strong>nostra</strong></span> <span class='ocrx_word' id='word_1_699' title='bbox 1517 1680 1612 1709; x_wconf 80' lang='lat' dir='ltr'><strong>eﬂ&#39;udit</strong></span> <span class='ocrx_word' id='word_1_700' title='bbox 1640 1682 1802 1716; x_wconf 86' lang='lat' dir='ltr'><strong>sanguinem</strong></span> 
     </span>
    </p>
   </div>
   <div class='ocr_carea' id='block_1_94' title="bbox 1013 1726 1798 1762">
    <p class='ocr_par' dir='ltr' id='par_1_94' title="bbox 1013 1726 1798 1762">
     <span class='ocr_line' id='line_1_94' title="bbox 1013 1726 1798 1762; baseline -0.005 -5"><span class='ocrx_word' id='word_1_701' title='bbox 1013 1737 1103 1762; x_wconf 88' lang='lat' dir='ltr'><strong>suum,</strong></span> <span class='ocrx_word' id='word_1_702' title='bbox 1119 1734 1148 1757; x_wconf 90' lang='lat' dir='ltr'><strong>ut</strong></span> <span class='ocrx_word' id='word_1_703' title='bbox 1166 1729 1228 1757; x_wconf 88' lang='lat' dir='ltr'><strong>inde</strong></span> <span class='ocrx_word' id='word_1_704' title='bbox 1250 1735 1381 1756; x_wconf 84' lang='lat' dir='ltr'><strong>exeamus</strong></span> <span class='ocrx_word' id='word_1_705' title='bbox 1396 1727 1442 1754; x_wconf 93' lang='lat' dir='ltr'><strong>Ioti</strong></span> <span class='ocrx_word' id='word_1_706' title='bbox 1466 1726 1598 1761; x_wconf 79' lang='lat' dir='ltr'><strong>sanguine</strong></span> <span class='ocrx_word' id='word_1_707' title='bbox 1620 1733 1726 1754; x_wconf 85' lang='lat' dir='ltr'><strong>nostro.</strong></span> <span class='ocrx_word' id='word_1_708' title='bbox 1747 1726 1798 1753; x_wconf 82' lang='lat' dir='ltr'><strong>Ba-</strong></span> 
     </span>
    </p>
   </div>
   <div class='ocr_carea' id='block_1_95' title="bbox 1013 1772 1802 1810">
    <p class='ocr_par' dir='ltr' id='par_1_95' title="bbox 1013 1772 1802 1810">
     <span class='ocr_line' id='line_1_95' title="bbox 1013 1772 1802 1810; baseline -0.005 -8"><span class='ocrx_word' id='word_1_709' title='bbox 1013 1776 1110 1810; x_wconf 86' lang='lat' dir='ltr'><strong>ptisma</strong></span> <span class='ocrx_word' id='word_1_710' title='bbox 1123 1775 1194 1802; x_wconf 88' lang='lat' dir='ltr'><strong>enim</strong></span> <span class='ocrx_word' id='word_1_711' title='bbox 1211 1774 1351 1809; x_wconf 80' lang='lat' dir='ltr'><strong>sanguinis</strong></span> <span class='ocrx_word' id='word_1_712' title='bbox 1368 1772 1454 1800; x_wconf 81' lang='lat' dir='ltr'><strong>solum</strong></span> <span class='ocrx_word' id='word_1_713' title='bbox 1465 1776 1507 1799; x_wconf 72' lang='lat' dir='ltr'><strong>est</strong></span> <span class='ocrx_word' id='word_1_714' title='bbox 1519 1772 1590 1806; x_wconf 88' lang='lat' dir='ltr'><strong>quod</strong></span> <span class='ocrx_word' id='word_1_715' title='bbox 1612 1779 1663 1799; x_wconf 87' lang='lat' dir='ltr'><strong>nos</strong></span> <span class='ocrx_word' id='word_1_716' title='bbox 1675 1773 1802 1806; x_wconf 83' lang='lat' dir='ltr'><strong>puriores</strong></span> 
     </span>
    </p>
   </div>
   <div class='ocr_carea' id='block_1_96' title="bbox 1014 1816 1802 1855">
    <p class='ocr_par' dir='ltr' id='par_1_96' title="bbox 1014 1816 1802 1855">
     <span class='ocr_line' id='line_1_96' title="bbox 1014 1816 1802 1855; baseline -0.006 -7"><span class='ocrx_word' id='word_1_717' title='bbox 1014 1821 1126 1853; x_wconf 87' lang='lat' dir='ltr'><strong>reddat,</strong></span> <span class='ocrx_word' id='word_1_718' title='bbox 1151 1827 1233 1855; x_wconf 87' lang='lat' dir='ltr'><strong>quam</strong></span> <span class='ocrx_word' id='word_1_719' title='bbox 1260 1826 1337 1854; x_wconf 68' lang='lat' dir='ltr'><strong>aqua:</strong></span> <span class='ocrx_word' id='word_1_720' title='bbox 1363 1818 1514 1852; x_wconf 88' lang='lat' dir='ltr'><strong>baptismus</strong></span> <span class='ocrx_word' id='word_1_721' title='bbox 1541 1816 1669 1844; x_wconf 84' lang='lat' dir='ltr'><strong>reddidit.</strong></span> <span class='ocrx_word' id='word_1_722' title='bbox 1693 1816 1727 1843; x_wconf 87' lang='lat' dir='ltr'><strong>Et</strong></span> <span class='ocrx_word' id='word_1_723' title='bbox 1751 1817 1802 1843; x_wconf 81' lang='lat' dir='ltr'><strong>hoc</strong></span> 
     </span>
    </p>
   </div>
   <div class='ocr_carea' id='block_1_97' title="bbox 1012 1861 1806 1903">
    <p class='ocr_par' dir='ltr' id='par_1_97' title="bbox 1012 1861 1806 1903">
     <span class='ocr_line' id='line_1_97' title="bbox 1012 1861 1806 1903; baseline -0.009 -7"><span class='ocrx_word' id='word_1_724' title='bbox 1012 1876 1061 1903; x_wconf 85' lang='lat' dir='ltr'><strong>ego</strong></span> <span class='ocrx_word' id='word_1_725' title='bbox 1084 1875 1135 1894; x_wconf 89' lang='lat' dir='ltr'><strong>non</strong></span> <span class='ocrx_word' id='word_1_726' title='bbox 1161 1861 1313 1900; x_wconf 71' lang='lat' dir='ltr'><strong>prtesumo,</strong></span> <span class='ocrx_word' id='word_1_727' title='bbox 1340 1865 1385 1892; x_wconf 88' lang='lat' dir='ltr'><strong>sed</strong></span> <span class='ocrx_word' id='word_1_728' title='bbox 1409 1863 1549 1898; x_wconf 86' lang='lat' dir='ltr'><strong>Scriptura</strong></span> <span class='ocrx_word' id='word_1_729' title='bbox 1569 1861 1672 1895; x_wconf 83' lang='lat' dir='ltr'><strong>refert,</strong></span> <span class='ocrx_word' id='word_1_730' title='bbox 1695 1863 1806 1891; x_wconf 88' lang='lat' dir='ltr'><strong>dicente</strong></span> 
     </span>
    </p>
   </div>
   <div class='ocr_carea' id='block_1_98' title="bbox 1012 1908 1804 1945">
    <p class='ocr_par' dir='ltr' id='par_1_98' title="bbox 1012 1908 1804 1945">
     <span class='ocr_line' id='line_1_98' title="bbox 1012 1908 1804 1945; baseline -0.008 -5"><span class='ocrx_word' id='word_1_731' title='bbox 1012 1913 1124 1940; x_wconf 86' lang='lat' dir='ltr'><strong>Domino</strong></span> <span class='ocrx_word' id='word_1_732' title='bbox 1142 1913 1175 1938; x_wconf 90' lang='lat' dir='ltr'><strong>ad</strong></span> <span class='ocrx_word' id='word_1_733' title='bbox 1197 1911 1341 1945; x_wconf 86' lang='lat' dir='ltr'><strong>discipulos</strong></span> <span class='ocrx_word' id='word_1_734' title='bbox 1356 1911 1364 1926; x_wconf 89' lang='grc'>¹</span> <span class='ocrx_word' id='word_1_735' title='bbox 1379 1919 1385 1937; x_wconf 93' lang='lat'>:</span> <span class='ocrx_word' id='word_1_736' title='bbox 1403 1919 1412 1935; x_wconf 75' lang='grc' dir='ltr'><strong>ε</strong></span> <span class='ocrx_word' id='word_1_737' title='bbox 1429 1909 1593 1943; x_wconf 81' lang='lat' dir='ltr'><strong>Baptismum</strong></span> <span class='ocrx_word' id='word_1_738' title='bbox 1611 1908 1700 1935; x_wconf 85' lang='lat' dir='ltr'><strong>habeo</strong></span> <span class='ocrx_word' id='word_1_739' title='bbox 1712 1908 1804 1942; x_wconf 89' lang='lat' dir='ltr'><strong>&#39;bapti-</strong></span> 
     </span>
    </p>
   </div>
   <div class='ocr_carea' id='block_1_99' title="bbox 1012 1955 1804 1992">
    <p class='ocr_par' dir='ltr' id='par_1_99' title="bbox 1012 1955 1804 1992">
     <span class='ocr_line' id='line_1_99' title="bbox 1012 1955 1804 1992; baseline -0.008 -6"><span class='ocrx_word' id='word_1_740' title='bbox 1012 1966 1075 1986; x_wconf 88' lang='lat' dir='ltr'><strong>zarc</strong></span> <span class='ocrx_word' id='word_1_741' title='bbox 1086 1958 1159 1992; x_wconf 88' lang='lat' dir='ltr'><strong>quod</strong></span> <span class='ocrx_word' id='word_1_742' title='bbox 1175 1964 1222 1984; x_wconf 89' lang='lat' dir='ltr'><strong>vos</strong></span> <span class='ocrx_word' id='word_1_743' title='bbox 1240 1955 1359 1984; x_wconf 86' lang='lat' dir='ltr'><strong>nescitis.</strong></span> <span class='ocrx_word' id='word_1_744' title='bbox 1380 1955 1412 1982; x_wconf 90' lang='lat' dir='ltr'><strong>Et</strong></span> <span class='ocrx_word' id='word_1_745' title='bbox 1426 1957 1561 1990; x_wconf 90' lang='lat' dir='ltr'><strong>quomodo</strong></span> <span class='ocrx_word' id='word_1_746' title='bbox 1580 1962 1679 1990; x_wconf 84' lang='lat' dir='ltr'><strong>urgeor</strong></span> <span class='ocrx_word' id='word_1_747' title='bbox 1694 1959 1724 1981; x_wconf 89' lang='lat' dir='ltr'><strong>ut</strong></span> <span class='ocrx_word' id='word_1_748' title='bbox 1741 1961 1804 1989; x_wconf 89' lang='lat' dir='ltr'><strong>per-</strong></span> 
     </span>
    </p>
   </div>
   <div class='ocr_carea' id='block_1_100' title="bbox 1012 1999 1806 2036">
    <p class='ocr_par' dir='ltr' id='par_1_100' title="bbox 1012 1999 1806 2036">
     <span class='ocr_line' id='line_1_100' title="bbox 1012 1999 1806 2036; baseline -0.008 -4"><span class='ocrx_word' id='word_1_749' title='bbox 1012 2004 1139 2032; x_wconf 76' lang='lat' dir='ltr'><strong>ficiatur?</strong></span> <span class='ocrx_word' id='word_1_750' title='bbox 1155 2013 1164 2029; x_wconf 83' lang='grc' dir='ltr'><strong>ι</strong></span> <span class='ocrx_word' id='word_1_751' title='bbox 1180 2002 1263 2029; x_wconf 70' lang='lat' dir='ltr'><strong>Vides</strong></span> <span class='ocrx_word' id='word_1_752' title='bbox 1280 2009 1345 2036; x_wconf 89' lang='lat' dir='ltr'><strong>ergo</strong></span> <span class='ocrx_word' id='word_1_753' title='bbox 1373 2001 1436 2036; x_wconf 83' lang='lat' dir='ltr'><strong>quia</strong></span> <span class='ocrx_word' id='word_1_754' title='bbox 1455 2000 1640 2035; x_wconf 90' lang='lat' dir='ltr'><strong>profusionem</strong></span> <span class='ocrx_word' id='word_1_755' title='bbox 1663 1999 1806 2034; x_wconf 86' lang='lat' dir='ltr'><strong>sanguinis</strong></span> 
     </span>
    </p>
   </div>
   <div class='ocr_carea' id='block_1_101' title="bbox 1012 2045 1807 2083">
    <p class='ocr_par' dir='ltr' id='par_1_101' title="bbox 1012 2045 1807 2083">
     <span class='ocr_line' id='line_1_101' title="bbox 1012 2045 1807 2083; baseline -0.006 -6"><span class='ocrx_word' id='word_1_756' title='bbox 1012 2051 1052 2077; x_wconf 89' lang='lat' dir='ltr'><strong>sui</strong></span> <span class='ocrx_word' id='word_1_757' title='bbox 1070 2049 1202 2083; x_wconf 81' lang='lat' dir='ltr'><strong>baptisma</strong></span> <span class='ocrx_word' id='word_1_758' title='bbox 1220 2047 1379 2074; x_wconf 89' lang='lat' dir='ltr'><strong>nominavit.</strong></span> <span class='ocrx_word' id='word_1_759' title='bbox 1400 2046 1433 2073; x_wconf 86' lang='lat' dir='ltr'><strong>Et</strong></span> <span class='ocrx_word' id='word_1_760' title='bbox 1450 2054 1484 2073; x_wconf 88' lang='lat' dir='ltr'><strong>ne</strong></span> <span class='ocrx_word' id='word_1_761' title='bbox 1509 2047 1560 2073; x_wconf 88' lang='lat' dir='ltr'><strong>ista</strong></span> <span class='ocrx_word' id='word_1_762' title='bbox 1582 2046 1675 2074; x_wconf 86' lang='lat' dir='ltr'><strong>dicens</strong></span> <span class='ocrx_word' id='word_1_763' title='bbox 1687 2066 1695 2077; x_wconf 89' lang='lat'><strong>,</strong></span> <span class='ocrx_word' id='word_1_764' title='bbox 1718 2045 1807 2073; x_wconf 60' lang='lat' dir='ltr'><strong>ofen-</strong></span> 
     </span>
    </p>
   </div>
   <div class='ocr_carea' id='block_1_102' title="bbox 1012 2091 1807 2127">
    <p class='ocr_par' dir='ltr' id='par_1_102' title="bbox 1012 2091 1807 2127">
     <span class='ocr_line' id='line_1_102' title="bbox 1012 2091 1807 2127; baseline -0.005 -5"><span class='ocrx_word' id='word_1_765' title='bbox 1012 2096 1084 2127; x_wconf 86' lang='lat' dir='ltr'><strong>dam,</strong></span> <span class='ocrx_word' id='word_1_766' title='bbox 1103 2101 1197 2121; x_wconf 85' lang='lat' dir='ltr'><strong>vereor</strong></span> <span class='ocrx_word' id='word_1_767' title='bbox 1211 2100 1245 2120; x_wconf 89' lang='lat' dir='ltr'><strong>ne</strong></span> <span class='ocrx_word' id='word_1_768' title='bbox 1266 2092 1337 2120; x_wconf 85' lang='lat' dir='ltr'><strong>istud</strong></span> <span class='ocrx_word' id='word_1_769' title='bbox 1356 2092 1489 2127; x_wconf 84' lang='lat' dir='ltr'><strong>baptisma</strong></span> <span class='ocrx_word' id='word_1_770' title='bbox 1508 2091 1677 2120; x_wconf 87' lang='lat' dir='ltr'><strong>eminentius</strong></span> <span class='ocrx_word' id='word_1_771' title='bbox 1698 2092 1734 2119; x_wconf 89' lang='lat' dir='ltr'><strong>sit</strong></span> <span class='ocrx_word' id='word_1_772' title='bbox 1761 2091 1807 2118; x_wconf 85' lang='lat' dir='ltr'><strong>illo</strong></span> 
     </span>
    </p>
   </div>
   <div class='ocr_carea' id='block_1_103' title="bbox 1013 2138 1808 2175">
    <p class='ocr_par' dir='ltr' id='par_1_103' title="bbox 1013 2138 1808 2175">
     <span class='ocr_line' id='line_1_103' title="bbox 1013 2138 1808 2175; baseline -0.004 -7"><span class='ocrx_word' id='word_1_773' title='bbox 1013 2141 1173 2175; x_wconf 87' lang='lat' dir='ltr'><strong>baptismate</strong></span> <span class='ocrx_word' id='word_1_774' title='bbox 1195 2140 1265 2174; x_wconf 85' lang='lat' dir='ltr'><strong>quod</strong></span> <span class='ocrx_word' id='word_1_775' title='bbox 1280 2147 1329 2174; x_wconf 87' lang='lat' dir='ltr'><strong>per</strong></span> <span class='ocrx_word' id='word_1_776' title='bbox 1344 2146 1442 2174; x_wconf 83' lang='lat' dir='ltr'><strong>aquam</strong></span> <span class='ocrx_word' id='word_1_777' title='bbox 1468 2138 1593 2166; x_wconf 90' lang='lat' dir='ltr'><strong>traditur.</strong></span> <span class='ocrx_word' id='word_1_778' title='bbox 1608 2138 1655 2166; x_wconf 92' lang='lat' dir='ltr'><strong>Illo</strong></span> <span class='ocrx_word' id='word_1_779' title='bbox 1669 2138 1746 2166; x_wconf 88' lang='lat' dir='ltr'><strong>enim</strong></span> <span class='ocrx_word' id='word_1_780' title='bbox 1761 2147 1808 2166; x_wconf 81' lang='lat' dir='ltr'><strong>ac-</strong></span> 
     </span>
    </p>
   </div>
   <div class='ocr_carea' id='block_1_104' title="bbox 1015 2183 1806 2221">
    <p class='ocr_par' dir='ltr' id='par_1_104' title="bbox 1015 2183 1806 2221">
     <span class='ocr_line' id='line_1_104' title="bbox 1015 2183 1806 2221; baseline -0.006 -7"><span class='ocrx_word' id='word_1_781' title='bbox 1015 2191 1103 2221; x_wconf 87' lang='lat' dir='ltr'><strong>cepto,</strong></span> <span class='ocrx_word' id='word_1_782' title='bbox 1120 2185 1197 2212; x_wconf 86' lang='lat' dir='ltr'><strong>valde</strong></span> <span class='ocrx_word' id='word_1_783' title='bbox 1211 2185 1289 2219; x_wconf 88' lang='lat' dir='ltr'><strong>pauci</strong></span> <span class='ocrx_word' id='word_1_784' title='bbox 1303 2188 1364 2212; x_wconf 90' lang='lat' dir='ltr'><strong>sunt</strong></span> <span class='ocrx_word' id='word_1_785' title='bbox 1387 2183 1423 2210; x_wconf 87' lang='lat' dir='ltr'><strong>ita</strong></span> <span class='ocrx_word' id='word_1_786' title='bbox 1441 2183 1525 2215; x_wconf 84' lang='lat' dir='ltr'><strong>beati,</strong></span> <span class='ocrx_word' id='word_1_787' title='bbox 1541 2183 1586 2217; x_wconf 89' lang='lat' dir='ltr'><strong>qui</strong></span> <span class='ocrx_word' id='word_1_788' title='bbox 1601 2183 1626 2210; x_wconf 90' lang='lat' dir='ltr'><strong>id</strong></span> <span class='ocrx_word' id='word_1_789' title='bbox 1643 2183 1806 2210; x_wconf 83' lang='lat' dir='ltr'><strong>immacula-</strong></span> 
     </span>
    </p>
   </div>
   <div class='ocr_carea' id='block_1_105' title="bbox 1015 2229 1806 2265">
    <p class='ocr_par' dir='ltr' id='par_1_105' title="bbox 1015 2229 1806 2265">
     <span class='ocr_line' id='line_1_105' title="bbox 1015 2229 1806 2265; baseline -0.004 -6"><span class='ocrx_word' id='word_1_790' title='bbox 1015 2237 1071 2259; x_wconf 93' lang='lat' dir='ltr'><strong>tum</strong></span> <span class='ocrx_word' id='word_1_791' title='bbox 1086 2238 1171 2265; x_wconf 77' lang='lat' dir='ltr'><strong>usque</strong></span> <span class='ocrx_word' id='word_1_792' title='bbox 1191 2230 1224 2257; x_wconf 91' lang='lat' dir='ltr'><strong>ad</strong></span> <span class='ocrx_word' id='word_1_793' title='bbox 1243 2229 1344 2256; x_wconf 89' lang='lat' dir='ltr'><strong>exitum</strong></span> <span class='ocrx_word' id='word_1_794' title='bbox 1367 2229 1428 2255; x_wconf 57' lang='lat' dir='ltr'><strong>vita!</strong></span> <span class='ocrx_word' id='word_1_795' title='bbox 1451 2235 1559 2256; x_wconf 88' lang='lat' dir='ltr'><strong>servare</strong></span> <span class='ocrx_word' id='word_1_796' title='bbox 1585 2229 1733 2264; x_wconf 88' lang='lat' dir='ltr'><strong>potuerint.</strong></span> <span class='ocrx_word' id='word_1_797' title='bbox 1749 2229 1806 2256; x_wconf 84' lang='lat' dir='ltr'><strong>IInc</strong></span> 
     </span>
    </p>
   </div>
   <div class='ocr_carea' id='block_1_106' title="bbox 1014 2273 1804 2309">
    <p class='ocr_par' dir='ltr' id='par_1_106' title="bbox 1014 2273 1804 2309">
     <span class='ocr_line' id='line_1_106' title="bbox 1014 2273 1804 2309; baseline -0.001 -7"><span class='ocrx_word' id='word_1_798' title='bbox 1014 2283 1079 2302; x_wconf 86' lang='lat' dir='ltr'><strong>vero</strong></span> <span class='ocrx_word' id='word_1_799' title='bbox 1102 2274 1236 2309; x_wconf 88' lang='lat' dir='ltr'><strong>baptismo</strong></span> <span class='ocrx_word' id='word_1_800' title='bbox 1253 2273 1298 2308; x_wconf 91' lang='lat' dir='ltr'><strong>qui</strong></span> <span class='ocrx_word' id='word_1_801' title='bbox 1325 2273 1476 2308; x_wconf 83' lang='lat' dir='ltr'><strong>baptizatus</strong></span> <span class='ocrx_word' id='word_1_802' title='bbox 1495 2273 1586 2307; x_wconf 88' lang='lat' dir='ltr'><strong>fuerit,</strong></span> <span class='ocrx_word' id='word_1_803' title='bbox 1611 2281 1726 2309; x_wconf 87' lang='lat' dir='ltr'><strong>peccare</strong></span> <span class='ocrx_word' id='word_1_804' title='bbox 1748 2274 1804 2308; x_wconf 78' lang='lat' dir='ltr'><strong>iam</strong></span> 
     </span>
    </p>
   </div>
   <div class='ocr_carea' id='block_1_107' title="bbox 1013 2318 1806 2354">
    <p class='ocr_par' dir='ltr' id='par_1_107' title="bbox 1013 2318 1806 2354">
     <span class='ocr_line' id='line_1_107' title="bbox 1013 2318 1806 2354; baseline 0 -8"><span class='ocrx_word' id='word_1_805' title='bbox 1013 2320 1082 2347; x_wconf 89' lang='lat' dir='ltr'><strong>ultra</strong></span> <span class='ocrx_word' id='word_1_806' title='bbox 1099 2327 1150 2347; x_wconf 92' lang='lat' dir='ltr'><strong>non</strong></span> <span class='ocrx_word' id='word_1_807' title='bbox 1164 2323 1261 2354; x_wconf 87' lang='lat' dir='ltr'><strong>potest.</strong></span> <span class='ocrx_word' id='word_1_808' title='bbox 1278 2318 1312 2345; x_wconf 86' lang='lat' dir='ltr'><strong>Et</strong></span> <span class='ocrx_word' id='word_1_809' title='bbox 1326 2319 1348 2345; x_wconf 91' lang='lat' dir='ltr'><strong>si</strong></span> <span class='ocrx_word' id='word_1_810' title='bbox 1363 2319 1535 2346; x_wconf 87' lang='lat' dir='ltr'><strong>temerarium</strong></span> <span class='ocrx_word' id='word_1_811' title='bbox 1548 2326 1600 2346; x_wconf 94' lang='lat' dir='ltr'><strong>non</strong></span> <span class='ocrx_word' id='word_1_812' title='bbox 1615 2324 1659 2347; x_wconf 86' lang='lat' dir='ltr'><strong>est</strong></span> <span class='ocrx_word' id='word_1_813' title='bbox 1674 2319 1702 2347; x_wconf 88' lang='lat' dir='ltr'><strong>in</strong></span> <span class='ocrx_word' id='word_1_814' title='bbox 1720 2321 1806 2347; x_wconf 82' lang='lat' dir='ltr'><strong>rebus</strong></span> 
     </span>
    </p>
   </div>
   <div class='ocr_carea' id='block_1_108' title="bbox 1014 2365 1805 2400">
    <p class='ocr_par' dir='ltr' id='par_1_108' title="bbox 1014 2365 1805 2400">
     <span class='ocr_line' id='line_1_108' title="bbox 1014 2365 1805 2400; baseline 0 -8"><span class='ocrx_word' id='word_1_815' title='bbox 1014 2365 1114 2392; x_wconf 86' lang='lat' dir='ltr'><strong>talibus</strong></span> <span class='ocrx_word' id='word_1_816' title='bbox 1128 2365 1228 2392; x_wconf 89' lang='lat' dir='ltr'><strong>audere</strong></span> <span class='ocrx_word' id='word_1_817' title='bbox 1247 2365 1357 2399; x_wconf 87' lang='lat' dir='ltr'><strong>aliquid,</strong></span> <span class='ocrx_word' id='word_1_818' title='bbox 1378 2372 1520 2399; x_wconf 86' lang='lat' dir='ltr'><strong>possumus</strong></span> <span class='ocrx_word' id='word_1_819' title='bbox 1538 2366 1639 2397; x_wconf 86' lang='lat' dir='ltr'><strong>dicere,</strong></span> <span class='ocrx_word' id='word_1_820' title='bbox 1668 2366 1742 2399; x_wconf 85' lang='lat' dir='ltr'><strong>quod</strong></span> <span class='ocrx_word' id='word_1_821' title='bbox 1757 2373 1805 2400; x_wconf 86' lang='lat' dir='ltr'><strong>per</strong></span> 
     </span>
    </p>
   </div>
   <div class='ocr_carea' id='block_1_109' title="bbox 1011 2410 1804 2446">
    <p class='ocr_par' dir='ltr' id='par_1_109' title="bbox 1011 2410 1804 2446">
     <span class='ocr_line' id='line_1_109' title="bbox 1011 2410 1804 2446; baseline -0.001 -8"><span class='ocrx_word' id='word_1_822' title='bbox 1011 2410 1074 2438; x_wconf 90' lang='lat' dir='ltr'><strong>illud</strong></span> <span class='ocrx_word' id='word_1_823' title='bbox 1086 2410 1219 2445; x_wconf 86' lang='lat' dir='ltr'><strong>baptisma</strong></span> <span class='ocrx_word' id='word_1_824' title='bbox 1230 2410 1363 2444; x_wconf 63' lang='lat' dir='ltr'><strong>praeterita</strong></span> <span class='ocrx_word' id='word_1_825' title='bbox 1375 2414 1486 2444; x_wconf 86' lang='lat' dir='ltr'><strong>peccata</strong></span> <span class='ocrx_word' id='word_1_826' title='bbox 1498 2415 1661 2445; x_wconf 85' lang='lat' dir='ltr'><strong>purgantur:</strong></span> <span class='ocrx_word' id='word_1_827' title='bbox 1671 2419 1721 2446; x_wconf 86' lang='lat' dir='ltr'><strong>per</strong></span> <span class='ocrx_word' id='word_1_828' title='bbox 1732 2411 1804 2439; x_wconf 89' lang='lat' dir='ltr'><strong>istud</strong></span> 
     </span>
    </p>
   </div>
   <div class='ocr_carea' id='block_1_110' title="bbox 1011 2455 1802 2491">
    <p class='ocr_par' dir='ltr' id='par_1_110' title="bbox 1011 2455 1802 2491">
     <span class='ocr_line' id='line_1_110' title="bbox 1011 2455 1802 2491; baseline 0.001 -8"><span class='ocrx_word' id='word_1_829' title='bbox 1011 2464 1076 2484; x_wconf 84' lang='lat' dir='ltr'><strong>vero</strong></span> <span class='ocrx_word' id='word_1_830' title='bbox 1094 2456 1175 2484; x_wconf 87' lang='lat' dir='ltr'><strong>etiam</strong></span> <span class='ocrx_word' id='word_1_831' title='bbox 1192 2456 1281 2483; x_wconf 83' lang='lat' dir='ltr'><strong>futura</strong></span> <span class='ocrx_word' id='word_1_832' title='bbox 1300 2456 1479 2491; x_wconf 88' lang='lat' dir='ltr'><strong>perimuntur.</strong></span> <span class='ocrx_word' id='word_1_833' title='bbox 1500 2455 1538 2483; x_wconf 89' lang='lat' dir='ltr'><strong>Ibi</strong></span> <span class='ocrx_word' id='word_1_834' title='bbox 1555 2461 1666 2490; x_wconf 76' lang='lat' dir='ltr'><strong>peCcata</strong></span> <span class='ocrx_word' id='word_1_835' title='bbox 1689 2457 1802 2484; x_wconf 80' lang='lat' dir='ltr'><strong>dimissa</strong></span> 
     </span>
    </p>
   </div>
   <div class='ocr_carea' id='block_1_111' title="bbox 1011 2501 1803 2538">
    <p class='ocr_par' dir='ltr' id='par_1_111' title="bbox 1011 2501 1803 2538">
     <span class='ocr_line' id='line_1_111' title="bbox 1011 2501 1803 2538; baseline 0.001 -9"><span class='ocrx_word' id='word_1_836' title='bbox 1011 2507 1085 2534; x_wconf 87' lang='lat' dir='ltr'><strong>sunt,</strong></span> <span class='ocrx_word' id='word_1_837' title='bbox 1101 2503 1145 2530; x_wconf 88' lang='lat' dir='ltr'><strong>hic</strong></span> <span class='ocrx_word' id='word_1_838' title='bbox 1161 2502 1280 2529; x_wconf 88' lang='lat' dir='ltr'><strong>exclusa.</strong></span> <span class='ocrx_word' id='word_1_839' title='bbox 1304 2501 1367 2529; x_wconf 77' lang='lat' dir='ltr'><strong>Mihi</strong></span> <span class='ocrx_word' id='word_1_840' title='bbox 1388 2502 1410 2528; x_wconf 83' lang='lat' dir='ltr'><strong>si</strong></span> <span class='ocrx_word' id='word_1_841' title='bbox 1433 2503 1594 2530; x_wconf 87' lang='lat' dir='ltr'><strong>concederet</strong></span> <span class='ocrx_word' id='word_1_842' title='bbox 1609 2504 1680 2531; x_wconf 83' lang='lat' dir='ltr'><strong>Deus</strong></span> <span class='ocrx_word' id='word_1_843' title='bbox 1696 2508 1726 2530; x_wconf 87' lang='lat' dir='ltr'><strong>ut</strong></span> <span class='ocrx_word' id='word_1_844' title='bbox 1742 2510 1803 2538; x_wconf 84' lang='lat' dir='ltr'><strong>pro-</strong></span> 
     </span>
    </p>
   </div>
   <div class='ocr_carea' id='block_1_112' title="bbox 1012 2546 1801 2583">
    <p class='ocr_par' dir='ltr' id='par_1_112' title="bbox 1012 2546 1801 2583">
     <span class='ocr_line' id='line_1_112' title="bbox 1012 2546 1801 2583; baseline 0 -9"><span class='ocrx_word' id='word_1_845' title='bbox 1012 2549 1072 2583; x_wconf 92' lang='lat' dir='ltr'><strong>prio</strong></span> <span class='ocrx_word' id='word_1_846' title='bbox 1098 2547 1228 2582; x_wconf 87' lang='lat' dir='ltr'><strong>sanguine</strong></span> <span class='ocrx_word' id='word_1_847' title='bbox 1253 2546 1380 2580; x_wconf 90' lang='lat' dir='ltr'><strong>diluerer,</strong></span> <span class='ocrx_word' id='word_1_848' title='bbox 1404 2552 1434 2574; x_wconf 91' lang='lat' dir='ltr'><strong>ut</strong></span> <span class='ocrx_word' id='word_1_849' title='bbox 1462 2547 1627 2582; x_wconf 86' lang='lat' dir='ltr'><strong>baptismum</strong></span> <span class='ocrx_word' id='word_1_850' title='bbox 1651 2549 1801 2576; x_wconf 83' lang='lat' dir='ltr'><strong>secundum</strong></span> 
     </span>
    </p>
   </div>
   <div class='ocr_carea' id='block_1_113' title="bbox 1013 2592 1802 2628">
    <p class='ocr_par' dir='ltr' id='par_1_113' title="bbox 1013 2592 1802 2628">
     <span class='ocr_line' id='line_1_113' title="bbox 1013 2592 1802 2628; baseline 0 -7"><span class='ocrx_word' id='word_1_851' title='bbox 1013 2599 1099 2621; x_wconf 91' lang='lat' dir='ltr'><strong>morte</strong></span> <span class='ocrx_word' id='word_1_852' title='bbox 1114 2600 1163 2627; x_wconf 92' lang='lat' dir='ltr'><strong>pro</strong></span> <span class='ocrx_word' id='word_1_853' title='bbox 1179 2592 1286 2620; x_wconf 80' lang='lat' dir='ltr'><strong>Christo</strong></span> <span class='ocrx_word' id='word_1_854' title='bbox 1301 2597 1426 2626; x_wconf 91' lang='lat' dir='ltr'><strong>suscepta</strong></span> <span class='ocrx_word' id='word_1_855' title='bbox 1447 2595 1626 2628; x_wconf 87' lang='lat' dir='ltr'><strong>perciperem,</strong></span> <span class='ocrx_word' id='word_1_856' title='bbox 1639 2602 1755 2623; x_wconf 83' lang='lat' dir='ltr'><strong>securus</strong></span> <span class='ocrx_word' id='word_1_857' title='bbox 1769 2601 1802 2622; x_wconf 83' lang='lat' dir='ltr'><strong>ex</strong></span> 
     </span>
    </p>
   </div>
   <div class='ocr_carea' id='block_1_114' title="bbox 1013 2638 1801 2668">
    <p class='ocr_par' dir='ltr' id='par_1_114' title="bbox 1013 2638 1801 2668">
     <span class='ocr_line' id='line_1_114' title="bbox 1013 2638 1801 2668; baseline 0 -1"><span class='ocrx_word' id='word_1_858' title='bbox 1013 2639 1064 2667; x_wconf 87' lang='lat' dir='ltr'><strong>isto</strong></span> <span class='ocrx_word' id='word_1_859' title='bbox 1078 2639 1176 2666; x_wconf 61' lang='lat' dir='ltr'><strong>sacculo</strong></span> <span class='ocrx_word' id='word_1_860' title='bbox 1186 2638 1367 2666; x_wconf 86' lang='lat' dir='ltr'><strong>discederem:</strong></span> <span class='ocrx_word' id='word_1_861' title='bbox 1378 2643 1406 2666; x_wconf 89' lang='lat' dir='ltr'><strong>ut</strong></span> <span class='ocrx_word' id='word_1_862' title='bbox 1417 2639 1528 2667; x_wconf 86' lang='lat' dir='ltr'><strong>veniens</strong></span> <span class='ocrx_word' id='word_1_863' title='bbox 1539 2641 1571 2667; x_wconf 89' lang='lat' dir='ltr'><strong>ad</strong></span> <span class='ocrx_word' id='word_1_864' title='bbox 1581 2640 1702 2668; x_wconf 78' lang='lat' dir='ltr'><strong>animum</strong></span> <span class='ocrx_word' id='word_1_865' title='bbox 1714 2647 1801 2668; x_wconf 86' lang='lat' dir='ltr'><strong>meam</strong></span> 
     </span>
    </p>
   </div>
   <div class='ocr_carea' id='block_1_115' title="bbox 1013 2685 1802 2720">
    <p class='ocr_par' dir='ltr' id='par_1_115' title="bbox 1013 2685 1802 2720">
     <span class='ocr_line' id='line_1_115' title="bbox 1013 2685 1802 2720; baseline -0.001 -7"><span class='ocrx_word' id='word_1_866' title='bbox 1013 2686 1046 2713; x_wconf 88' lang='lat' dir='ltr'><strong>de</strong></span> <span class='ocrx_word' id='word_1_867' title='bbox 1066 2685 1118 2712; x_wconf 90' lang='lat' dir='ltr'><strong>hac</strong></span> <span class='ocrx_word' id='word_1_868' title='bbox 1139 2685 1192 2712; x_wconf 89' lang='lat' dir='ltr'><strong>vita</strong></span> <span class='ocrx_word' id='word_1_869' title='bbox 1210 2690 1352 2712; x_wconf 80' lang='lat' dir='ltr'><strong>exeuntem</strong></span> <span class='ocrx_word' id='word_1_870' title='bbox 1372 2685 1498 2720; x_wconf 84' lang='lat' dir='ltr'><strong>princeps</strong></span> <span class='ocrx_word' id='word_1_871' title='bbox 1523 2685 1603 2719; x_wconf 78' lang='lat' dir='ltr'><strong>hujus</strong></span> <span class='ocrx_word' id='word_1_872' title='bbox 1631 2687 1723 2713; x_wconf 91' lang='lat' dir='ltr'><strong>mundi</strong></span> <span class='ocrx_word' id='word_1_873' title='bbox 1750 2693 1802 2713; x_wconf 84' lang='lat' dir='ltr'><strong>non</strong></span> 
     </span>
    </p>
   </div>
   <div class='ocr_carea' id='block_1_116' title="bbox 1598 2731 1801 2766">
    <p class='ocr_par' dir='ltr' id='par_1_116' title="bbox 1598 2731 1801 2766">
     <span class='ocr_line' id='line_1_116' title="bbox 1598 2731 1801 2766; baseline 0 -6"><span class='ocrx_word' id='word_1_874' title='bbox 1598 2733 1621 2748; x_wconf 84' lang='lat'>&quot;</span> <span class='ocrx_word' id='word_1_875' title='bbox 1636 2731 1714 2761; x_wconf 84' lang='lat' dir='ltr'><strong>Rom.</strong></span> <span class='ocrx_word' id='word_1_876' title='bbox 1731 2741 1759 2766; x_wconf 74' lang='grc' dir='ltr'><strong>ν,</strong></span> <span class='ocrx_word' id='word_1_877' title='bbox 1774 2732 1801 2760; x_wconf 84' lang='grc' dir='ltr'>ι.</span> 
     </span>
    </p>
   </div>
   <div class='ocr_carea' id='block_1_117' title="bbox 210 2807 1571 2844">
    <p class='ocr_par' dir='ltr' id='par_1_117' title="bbox 210 2807 1571 2844">
     <span class='ocr_line' id='line_1_117' title="bbox 210 2807 1571 2844; baseline 0.005 -11"><span class='ocrx_word' id='word_1_878' title='bbox 210 2807 265 2841; x_wconf 67' lang='lat'><strong>(76)</strong></span> <span class='ocrx_word' id='word_1_879' title='bbox 281 2807 358 2835; x_wconf 83' lang='lat' dir='ltr'><strong>Libh.</strong></span> <span class='ocrx_word' id='word_1_880' title='bbox 374 2813 452 2836; x_wconf 84' lang='lat' dir='ltr'><strong>antea</strong></span> <span class='ocrx_word' id='word_1_881' title='bbox 471 2810 545 2842; x_wconf 85' lang='lat' dir='ltr'><strong>editi,</strong></span> <span class='ocrx_word' id='word_1_882' title='bbox 563 2819 571 2835; x_wconf 81' lang='grc' dir='ltr'><strong>ι</strong></span> <span class='ocrx_word' id='word_1_883' title='bbox 588 2810 633 2844; x_wconf 90' lang='lat' dir='ltr'><strong>qui</strong></span> <span class='ocrx_word' id='word_1_884' title='bbox 654 2811 735 2838; x_wconf 63' lang='lat' dir='ltr'><strong>Ist&#39;avl</strong></span> <span class='ocrx_word' id='word_1_885' title='bbox 754 2819 848 2839; x_wconf 76' lang='lat' dir='ltr'><strong>sumus</strong></span> <span class='ocrx_word' id='word_1_886' title='bbox 865 2813 1013 2840; x_wconf 82' lang='lat' dir='ltr'><strong>secundum</strong></span> <span class='ocrx_word' id='word_1_887' title='bbox 1028 2821 1147 2841; x_wconf 78' lang='lat' dir='ltr'><strong>carnem.</strong></span> <span class='ocrx_word' id='word_1_888' title='bbox 1168 2823 1176 2839; x_wconf 69' lang='grc' dir='ltr'><strong>ι</strong></span> <span class='ocrx_word' id='word_1_889' title='bbox 1197 2813 1261 2841; x_wconf 72' lang='lat' dir='ltr'><strong>Mss.</strong></span> <span class='ocrx_word' id='word_1_890' title='bbox 1280 2819 1308 2841; x_wconf 93' lang='lat' dir='ltr'><strong>ut</strong></span> <span class='ocrx_word' id='word_1_891' title='bbox 1329 2814 1355 2841; x_wconf 87' lang='lat' dir='ltr'><strong>itt</strong></span> <span class='ocrx_word' id='word_1_892' title='bbox 1375 2818 1466 2842; x_wconf 89' lang='lat' dir='ltr'><strong>nostro</strong></span> <span class='ocrx_word' id='word_1_893' title='bbox 1487 2818 1571 2842; x_wconf 88' lang='lat' dir='ltr'><strong>tcxtu.</strong></span> 
     </span>
    </p>
   </div>
  </div>
