1896 3052
67 115 122 143 981

589 112 622 139 IN
642 112 773 140 LIBRUM
790 109 940 140 JUDICL'M
956 109 1095 138 IIOMILIA
1118 107 1181 135 \‘llI.

1652 109 1708 136 981

67 171 205 199 inveniret
221 171 380 206 quidquam,
398 170 463 204 quin
485 169 574 204 potius
598 174 626 196 et
649 170 789 205 sanguinis
811 171 863 196 mei
880 170 902 198 A
917 168 1029 200 Christi,
1047 166 1117 193 ﬁlius
1136 165 1252 192 eﬂicitnr
1272 165 1401 194 Orientis.
1423 165 1468 194 Sic
1483 166 1554 194 enim
1574 166 1706 200 scriptum

70 217 228 252 profusione
243 216 391 251 sopiretur.
407 221 457 242 nec
475 213 587 241 auderet
611 214 637 240 in
658 213 747 248 aliquo
766 213 858 240 crimi-

70 262 130 289 nari
144 262 262 289 animam
274 268 371 289 cruore
384 268 433 288 suo
453 258 576 292 diltttam,
595 263 682 287 morte
697 267 744 286 sua
758 259 856 286 clariﬁ-

67 312 171 340 catam,
187 307 318 342 sanguine
332 314 382 334 suo
399 305 492 332 lotam.
507 304 572 332 Post
584 305 652 332 istud
666 305 796 338 baptisma
810 311 859 331 nec

69 353 223 381 Hadianiue
239 352 308 379 ultra
323 352 458 378 irruerent
475 350 508 377 ad
525 349 720 384 disperdendos
733 355 760 377 et
770 354 860 377 exter-

68 396 213 423 Itiinnndos
240 396 336 422 anima:
361 395 475 422 fructus.
499 394 564 427 Quis
580 394 652 421 enim
675 395 750 429 sequi
777 394 862 428 possit

68 442 188 468 animam
209 441 348 476 martyris,
372 447 433 475 quae
457 447 631 475 supergressa
655 447 749 467 omnes
772 439 862 466 aerias

69 492 232 522 potestates,
255 487 288 514 ad
303 487 414 514 caeleste
429 487 515 513 tendit
530 486 636 514 altare?
651 485 689 512 Ibi
713 486 785 513 enim
812 485 861 512 sub

70 533 157 560 altare
179 532 225 559 Dci
245 532 344 559 animae
365 536 517 566 martyrum
547 531 641 565 positae
660 531 788 558 dicuntur
803 530 861 558 die-

72 578 123 604 bus
136 585 168 605 ac
184 577 307 604 noctibus
323 576 491 610 proclamare
505 576 626 603 dicentes
637 577 647 591 '
660 583 667 602 :
682 586 691 602 ‹
706 576 861 610 Quousque,

73 621 198 654 Domine,
216 624 261 656 qui
276 620 365 655 justus
382 625 409 648 et
430 628 512 648 verus
530 627 570 652 es,
587 628 639 648 non
659 621 779 648 vindicas
801 628 863 648 san-

68 667 182 702 guinem
196 670 318 694 nostrum
340 666 374 693 de
398 665 432 693 iis
454 665 498 699 qui
518 665 641 693 habitant
661 667 780 693 terram?
799 675 808 692 ι
824 666 861 693 lbi

70 712 143 739 enim
158 712 255 746 positae
271 710 370 738 divinis
386 711 520 738 assistunt
542 711 694 739 sacriﬁciis.
720 711 773 739 Sed
791 711 862 739 beati

70 762 135 785 sunt
150 757 196 792 qui
212 758 270 785 hate
280 761 432 784 merentur.
445 756 520 783 Beati
534 761 597 784 sunt
611 764 727 792 quorum
737 765 788 784 .cor
801 764 861 784 eum

70 803 103 830 de
120 803 220 831 sarculo
235 802 376 833 recedunt.
391 809 443 829 non
462 802 578 837 trepidat
595 810 644 836 pro
662 807 784 836 peccato,
795 810 863 837 quos

912 219 954 240 est
967 213 1001 240 de
1013 212 1121 239 Christo
1133 211 1160 238 ἐ
1177 221 1184 237 ι
1205 211 1273 238 Ecce
1287 211 1338 242 vir,
1352 210 1449 238 Oriens
1464 219 1561 239 nomen
1577 216 1617 239 est
1634 211 1683 238 illi.
1690 220 1704 237 ιι

913 258 1040 292 Quisquis
1053 265 1117 292 ergo
1129 257 1230 284 Christi
1245 255 1357 291 suscipit
1378 264 1488 289 nomen,
1503 257 1574 285 ﬁlius
1588 264 1648 284 esse
1667 256 1705 284 di-

915 304 985 331 citur
998 302 1118 331 Orientis
1134 312 1141 329 ι
1157 303 1204 330 sed
1222 310 1274 329 non
1296 310 1404 337 semper
1426 303 1470 337 qui
1492 311 1588 331 nomen
1602 303 1704 331 Christi

915 348 1062 383 accipiunt,
1077 348 1159 375 etiam
1176 348 1202 375 in
1225 347 1344 375 Ecclesia
1363 354 1522 382 permanent
1539 349 1652 376 Christi.
1674 348 1703 377 Si

915 401 979 428 ergo
994 393 1085 419 videas
1105 392 1247 420 haereticos
1267 392 1366 420 Christi
1385 394 1492 428 quidem
1514 393 1624 421 nomine
1637 401 1704 422 cen-

915 439 969 466 seri
985 446 992 465 :
1011 446 1164 473 expugnare
1178 444 1266 465 autent
1281 438 1428 466 Ecclesium
1449 439 1562 472 Christi,
1581 444 1607 467 et
1627 448 1703 467 arma

915 484 1038 512 conferre
1053 484 1195 511 adversum
1217 483 1316 511 Christi
1334 484 1425 518 ﬁdem,
1442 490 1469 512 et
1485 485 1641 522 impugnare
1657 493 1706 521 po—

916 530 1008 564 pulum
1034 529 1152 561 Domini,
1173 529 1243 556 bella
1269 530 1404 557 suscitare
1422 530 1566 557 adversum
1588 531 1705 558 catholi-

915 579 973 599 cam
997 572 1076 599 ﬁdem
1095 581 1102 599 :
1121 572 1183 599 nolo
1203 573 1310 600 dubites
1337 573 1371 600 de
1399 573 1431 600 iis
1452 573 1553 606 dicere,
1573 575 1643 609 quod
1661 574 1704 602 isti

915 622 979 646 sunt
1003 618 1111 653 quidem
1133 617 1181 645 ﬁlii
1204 618 1334 652 Orientis,
1356 619 1403 646 sed
1427 627 1487 646 cum
1506 619 1659 647 Madianitis
1677 624 1706 648 et

916 671 977 691 cum
993 664 1104 692 Amalec
1119 672 1275 700 expugnare
1289 665 1402 692 veniunt
1422 666 1552 701 populum
1570 665 1627 699 Dei,
1641 666 1706 702 quia

917 717 976 736 cum
1000 711 1112 744 paganis
1133 715 1159 737 et
1184 718 1244 738 cum
1260 710 1360 740 Judaais
1385 710 1532 739 Ecclesiam
1556 711 1603 739 Dei
1624 712 1706 739 etiam

916 755 1034 782 haeretici
1049 760 1256 791 persequuntur.
1274 756 1306 783 Et
1318 756 1391 791 ipsos
1401 764 1461 785 esse
1474 757 1581 792 opinor,
1596 757 1640 792 qui
1657 758 1707 786 de-

916 803 1060 837 signantur
1075 802 1100 829 in
1119 801 1182 829 ﬁliis
1198 802 1331 830 Orientis.

69 852 215 884 pergentes
228 848 261 874 ad
278 848 420 875 Dominum
437 848 596 876 delictorum
614 847 728 875 formido
741 855 793 876 non
811 853 865 876 ter-
881 844 903 873 B
952 847 979 875 2.
1001 857 1010 873 ι
1024 847 1125 876 Omnes
1141 855 1216 882 ergo,
1236 848 1324 883 inquit
1337 849 1357 881 ⁸,
1374 848 1537 882 Madianitm,
1546 855 1573 877 et
1584 851 1707 882 Amalec,

70 897 122 920 ret.
144 891 226 920 Beata
249 892 293 919 illa
316 892 405 919 anima
424 899 484 926 quae
505 895 681 919 occurrentes
702 892 753 919 sibi
774 893 862 920 aerias

68 938 223 966 daemonum
246 942 350 965 turmas
378 937 481 972 profusi
509 938 536 965 in
566 937 698 973 martyrio
723 938 863 972 sanguinis

68 990 168 1011 cruore
180 983 315 1010 deturbat.
333 983 432 1010 Beatus
449 988 490 1010 est
505 982 538 1010 de
550 990 604 1017 quo
622 987 702 1010 eunte
716 983 749 1010 ad
763 983 862 1012 ecelum

69 1029 165 1056 dicunt
177 1028 265 1063 angeli
285 1029 357 1056 illam
374 1028 557 1064 propheticam
570 1036 663 1057 vocem
674 1029 702 1056 ἐ
719 1039 727 1055 ι
741 1028 808 1063 Quis
822 1033 864 1057 est

69 1075 121 1102 iste
131 1075 178 1110 qui
195 1074 316 1102 ascendit
333 1081 367 1101 ex
389 1074 483 1107 Bosor,
502 1083 510 1100 I
532 1075 584 1102 hoc
608 1079 648 1103 est
665 1075 710 1110 qui
734 1077 766 1103 de
782 1083 864 1103 carne

69 1121 103 1147 ad
116 1120 217 1147 caelum
232 1120 374 1148 ascendit?
392 1129 400 1146 ι
421 1119 486 1153 Quis
497 1125 540 1148 est
562 1120 613 1148 iste
629 1121 673 1155 qui
692 1121 815 1149 ascendit
830 1129 862 1149 ex

69 1166 167 1198 Bosor,
180 1167 264 1194 rubor
276 1166 499 1194 vestimentorum
511 1165 586 1199 ejus?
601 1176 610 1192 ι
626 1166 652 1194 in
671 1166 768 1195 rubore
782 1168 864 1194 vesti-

70 1216 226 1238 mentorum
249 1219 373 1239 cruorem
400 1211 541 1246 sanguinis
567 1211 748 1247 designantes.
776 1212 865 1240 Beata:

69 1261 133 1284 sunt
145 1264 213 1290 ergo
227 1256 323 1283 animae
337 1263 397 1290 quae
407 1256 447 1283 sic
462 1256 600 1284 Christum
616 1261 776 1291 sequuntur,
797 1265 865 1293 quo-

69 1301 149 1329 modo
164 1308 212 1328 eas
227 1301 352 1329 Christus
367 1301 516 1336 praecessit.
542 1301 574 1328 Et
596 1302 656 1329 ideo
674 1303 736 1338 quia
759 1303 799 1330 sic
822 1311 866 1331 se-

67 1351 202 1380 quuntur,
227 1353 312 1381 usque
334 1347 366 1374 ad
392 1347 479 1382 ipsum
505 1346 550 1374 Dei
575 1346 659 1374 altare
680 1348 863 1382 perveniunt:

65 1391 153 1428 474
166 1391 211 1419 ubi
226 1396 267 1419 est
280 1392 339 1427 ipse
354 1392 483 1420 Dominus
495 1391 574 1420 Iesus
589 1392 713 1421 Christus
744 1394 865 1428 pontifex

67 1438 225 1465 futurorum
244 1438 385 1471 bonorum,
408 1437 451 1465 eui
475 1442 517 1466 est
539 1437 625 1473 gloria
648 1443 675 1467 et
697 1444 816 1474 potestas
839 1441 865 1467 in

65 1482 169 1510 saecula
184 1483 354 1511 saeculorum.
371 1483 469 1511 Amen.

353 1528 497 1558 HOMILIA
519 1528 586 1556 VIII.

162 1576 201 1602 De
215 1575 277 1610 ﬁliis
295 1575 421 1608 Orientis,
437 1580 461 1602 et
478 1575 510 1603 de
525 1575 630 1602 Gedeon
647 1583 679 1602 ea;
692 1581 777 1610 parte.

108 1623 133 1649 l.
148 1622 225 1653 Esto,
240 1622 417 1650 convenerint
432 1623 573 1650 adversum
596 1623 676 1651 Israel
691 1625 857 1660 Madianitae,

66 1667 116 1702 qui
130 1667 346 1701 interpretantur
357 1672 429 1694 extra
437 1668 568 1702 judicium
581 1668 646 1703 (77).
659 1670 733 1702 Esto,
746 1671 783 1697 illi
796 1679 858 1698 con-

65 1713 200 1740 venerint
223 1713 366 1740 adversum
383 1713 481 1746 Israel,
497 1713 543 1748 qui
566 1719 641 1741 extra
663 1715 794 1749 judicium
809 1716 858 1744 Dei

65 1762 148 1790 sunt,
163 1761 191 1785 et
205 1767 215 1782 ‹
231 1758 276 1791 qui
291 1762 364 1784 extra
385 1758 468 1792 legem
481 1763 671 1792 peccaverunt,
686 1765 712 1786 et
731 1765 805 1788 extra
818 1761 858 1789 le-

66 1810 132 1838 gem
145 1802 275 1837 peribunt
288 1802 307 1829 ⁸.
324 1812 333 1828 ι
349 1803 423 1834 Esto,
436 1804 592 1831 convenerit
604 1809 630 1831 et
641 1804 758 1837 Amalec,
772 1807 817 1841 qui
830 1811 858 1834 et

66 1849 131 1884 ipse
140 1848 336 1883 interpretatur
346 1849 455 1883 populus
466 1849 598 1884 ablingens
608 1850 673 1885 (78).
684 1851 792 1885 Esto,et
800 1853 859 1881 haec

65 1889 147 1915 natio
169 1892 288 1921 terrena,
304 1893 332 1916 et
355 1889 442 1916 ventri
462 1895 489 1917 et
505 1891 574 1925 gula:
592 1891 692 1924 dedita,
712 1892 876 1931 impugnare

64 1933 178 1961 venerit
201 1933 284 1962 Israel
300 1935 447 1964 carnalem.
464 1936 533 1970 Quid
552 1941 594 1965 est
616 1937 667 1965 hoc
690 1938 762 1973 quod
787 1939 868 1966 etiam

65 1980 116 2007 filii
130 1978 253 2007 Orientis
271 1980 314 2008 his
332 1981 528 2015 admiscentur,
550 1987 578 2010 et
601 1990 662 2010 cum
679 1983 744 2018 ipsis
762 1983 794 2010 ad
819 1984 868 2011 im-

64 2024 245 2059 pugnandum
266 2023 347 2051 Israel
363 2026 456 2053 venire
473 2026 616 2054 dicuntur?
634 2027 681 2055 Dic
705 2028 777 2055 enim
801 2029 867 2056 mihi

66 2070 197 2097 auditor:
210 2069 238 2096 Si
252 2070 381 2105 scriptum
391 2076 462 2099 esset
473 2072 534 2107 quia
548 2072 593 2100 ﬁlii
603 2073 757 2101 Occidentis
767 2081 867 2101 conve-

65 2119 172 2142 nerunt
192 2122 254 2141 cum
279 2114 357 2150 ipsis,
383 2116 450 2143 nihil
474 2124 624 2151 quaererem
640 2126 647 2143 :
665 2117 770 2146 diceres
793 2118 866 2146 enim

66 2159 135 2186 mihi
160 2158 317 2194 allegoricis
332 2161 467 2193 sensibus,
484 2162 545 2196 quia
562 2162 608 2189 ﬁlii
629 2161 784 2190 Occidentis
804 2169 867 2191 sunt

65 2205 115 2231 ﬁlii
137 2205 315 2232 tenebrarum
331 2209 359 2233 et
376 2205 427 2241 ipsi
438 2206 590 2241 junguntur
605 2207 658 2234 illis
672 2208 811 2243 gentibus,
824 2208 865 2235 vel

64 2259 129 2285 qua:
144 2255 224 2278 extra
250 2251 382 2285 judicium
402 2252 448 2280 Dei
469 2257 542 2285 sunt,
564 2252 604 2280 vel
628 2261 688 2288 quae
712 2255 799 2281 ventri
818 2254 865 2280 de-

64 2297 132 2323 dilm
156 2296 318 2331 inpugnent
341 2304 388 2324 eos
415 2298 460 2332 qui
486 2302 575 2325 mente
598 2297 682 2325 Deutn
697 2298 788 2325 vidcre
803 2307 866 2326 con-

66 2342 199 2368 tendunt.
215 2341 292 2370 Nunc
307 2347 396 2370 autem
417 2350 478 2370 cum
499 2343 605 2370 dicatur
625 2344 686 2378 quia
706 2344 752 2371 lilii
768 2344 865 2373 Orien-

65 2389 101 2413 tis
125 2391 261 2413 venerunt
284 2394 346 2414 cum
363 2387 517 2414 lladianitis
542 2392 570 2414 et
591 2387 710 2420 Amalec,
727 2390 863 2423 quomodo

65 2433 126 2459 haec
142 2436 257 2467 possunt
268 2436 454 2467 competenter
468 2433 582 2467 exponi?
597 2433 739 2461 Videamus
756 2442 821 2470 ergo
837 2435 860 2462 si

65 2487 218 2514 possumus
232 2479 257 2505 in
273 2484 325 2506 tam
341 2478 492 2506 difﬁcilibus
504 2479 651 2514 Scriptura:
665 2480 733 2507 locis
752 2482 860 2516 dignum

64 2526 190 2560 aliquem
217 2525 243 2552 in
269 2525 312 2553 his
336 2533 444 2552 sensum
473 2525 572 2553 divinis
597 2526 702 2561 paginis
728 2527 859 2555 invenire.

65 2575 167 2603 Omnis
183 2573 229 2608 qui
249 2581 330 2607 super
354 2581 383 2601 se
409 2580 519 2608 quoquo
536 2573 614 2601 modo
631 2581 729 2601 nomen
749 2575 861 2609 suscipit

102 2622 114 2637 '
131 2623 217 2656 Apoc.
233 2629 267 2652 vt,
287 2622 329 2649 l0.
367 2623 378 2638 ³
397 2622 448 2650 Isa.
465 2629 539 2653 thn,
557 2622 582 2649 i.
626 2621 638 2637 ⁸
658 2621 736 2649 Ilum.
751 2630 781 2654 ll,
798 2623 841 2651 12.

64 2657 112 2689 t2,
128 2657 173 2684 is.
213 2657 223 2672 -
233 2656 295 2685 .qul.
311 2665 348 2691 γι,
362 2657 406 2684 at.

107 2703 168 2738 (77)
183 2703 352 2735 Madianita',
362 2704 405 2737 qui
417 2704 623 2737 interpretantur
634 2708 709 2731 extra
721 2704 863 2738 judicium.

62 2741 84 2764 Δ
100 2743 141 2780 τω
154 2748 164 2764 ι
186 2746 295 2773 pra-tm.
311 2745 399 2770 extra,
414 2748 423 2764 ι
445 2743 473 2766 et
486 2743 527 2781 ΤΙ-τ
544 2748 553 2764 ι
569 2738 710 2772 judicium.
732 2749 741 2765 ι

104 2785 165 2819 (78)
187 2786 302 2816 ilum/et,
312 2785 448 2819 quietipse
460 2786 647 2818 interpretatur
657 2785 768 2819 populus
780 2785 864 2813 obliu-

71 2818 144 2857 “ei...
164 2820 207 2848 Ab
219 2825 260 2851 εν
279 2828 286 2845 ι
308 2818 434 2854 populus,
452 2829 460 2847 ι
483 2824 507 2848 ct
525 2823 582 2855 1:31
597 2829 606 2846 ι
621 2818 708 2846 liuxil.
722 2829 730 2845 ι

878 1514 900 1544 C

914 899 940 921 et
958 893 1005 921 ﬁlii
1022 893 1141 922 Orientis
1162 899 1349 922 convenerunt
1372 895 1462 927 simul,
1474 901 1501 922 et
1516 897 1706 929 ascenderunt,

913 943 940 966 et
958 943 1176 974 supervenerunt
1200 939 1249 971 eis,
1265 943 1292 966 et
1309 944 1397 966 castra
1427 945 1576 974 posuerunt
1598 941 1624 968 in
1638 941 1709 969 valle

913 984 1028 1012 Jezrael.
1046 993 1056 1010 ι
1072 983 1117 1010 Isti
1142 983 1188 1018 qui
1209 983 1366 1019 impugnare
1382 984 1474 1012 volunt
1497 985 1621 1020 populum
1650 986 1709 1019 Dei,

913 1032 1002 1056 castra
1017 1028 1043 1055 in
1060 1028 1175 1055 vallibus
1190 1028 1335 1061 collocant,
1350 1029 1376 1055 in
1391 1028 1502 1062 dejectis
1517 1035 1546 1057 et
1560 1030 1708 1058 humilibus

914 1073 990 1106 locis,
1006 1073 1033 1100 in
1047 1073 1126 1107 valle,
1142 1073 1241 1108 inquit,
1253 1074 1367 1102 .Iczrael.
1389 1075 1543 1104 Invenimus
1556 1081 1645 1104 autem
1665 1077 1708 1103 in-

916 1117 1172 1153 terpretariJezrael
1191 1126 1278 1145 semen
1296 1117 1345 1145 Dei
1368 1118 1435 1153 (79).
1453 1118 1533 1146 Vides
1554 1118 1598 1145 ubi
1625 1118 1708 1146 collo-

915 1170 975 1191 cant
994 1169 1085 1191 castra
1100 1163 1268 1191 adversarii?
1292 1164 1350 1191 Non
1367 1170 1428 1192 sunt
1441 1165 1500 1192 ausi
1520 1165 1560 1192 ire
1573 1165 1647 1199 illuc,
1662 1165 1708 1192 ubi

914 1210 1040 1237 videntur
1049 1209 1106 1244 jam
1121 1210 1178 1236 nati
1192 1216 1251 1238 esse
1274 1209 1378 1237 fructus
1392 1210 1517 1245 spiritus,
1529 1211 1576 1238 sed
1597 1211 1641 1237 ubi
1659 1211 1708 1238 ad—

916 1256 970 1283 huc
984 1264 1075 1283 semen
1091 1256 1136 1283 Dei
1154 1256 1234 1290 jacet,
1252 1257 1296 1284 ubi
1313 1257 1431 1284 nomium
1452 1257 1557 1284 fructus
1572 1256 1708 1284 ascendit.

916 1301 967 1335 Qui
984 1301 1056 1328 enim
1070 1302 1136 1329 exiit
1148 1301 1284 1329 seminare
1302 1310 1405 1335 semen,
1422 1303 1539 1330 seminat
1553 1310 1633 1338 super
1647 1309 1709 1330 om-

916 1355 977 1374 nem
991 1346 1088 1374 Iocum.
1103 1346 1156 1374 Sed
1168 1347 1230 1374 audi
1243 1347 1330 1382 ipsum
1344 1348 1484 1375 Dominum
1498 1348 1632 1376 dicentem
1646 1347 1709 1383 quid

916 1392 969 1427 pati
987 1391 1071 1419 soleat
1085 1399 1175 1419 semen
1197 1391 1256 1420 Dei.
1277 1401 1286 1418 l
1301 1392 1391 1425 Aliud,
1415 1393 1504 1427 inquit
1517 1393 1539 1427 ',
1553 1393 1652 1420 cecidit
1667 1401 1710 1426 se-

916 1445 964 1464 cus
975 1437 1057 1470 viam,
1073 1442 1101 1465 et
1118 1437 1258 1465 venientes
1282 1445 1346 1465 aves
1364 1438 1426 1466 coeli
1448 1438 1580 1473 diripiunt
1606 1438 1681 1465 illud.
1698 1448 1708 1464 ι

917 1483 993 1517 Quod
1016 1483 1073 1517 ipse
1097 1483 1123 1510 in
1147 1483 1343 1518 posterioribus
1371 1485 1562 1519 interpretatus
1586 1484 1656 1512 dixit
1672 1484 1683 1501 '
1703 1494 1709 1512 :

919 1537 928 1554 ι
952 1528 1001 1562 Qui
1017 1533 1106 1556 autem
1123 1536 1202 1556 secus
1216 1529 1287 1556 viam
1307 1529 1431 1558 seminati
1454 1535 1530 1563 sunt,
1547 1530 1564 1557 ii
1585 1535 1649 1558 sunt
1666 1531 1710 1565 qui

916 1573 1027 1601 audiunt
1038 1573 1149 1600 verbum
1164 1577 1191 1600 et
1212 1580 1271 1600 cum
1289 1574 1380 1601 laetitia
1404 1575 1562 1610 accipiunt:
1577 1575 1649 1603 venit
1663 1582 1710 1602 au~

916 1624 970 1646 tem
984 1619 1116 1651 Zabulus,
1131 1623 1158 1647 et
1173 1619 1241 1647 tollit
1254 1619 1287 1647 de
1300 1620 1384 1648 corde
1396 1627 1490 1648 eorum
1507 1621 1579 1655 quod
1592 1620 1710 1648 semina-

918 1670 974 1692 tutn
987 1670 1038 1692 est.
1049 1674 1059 1691 ι
1069 1665 1115 1692 Sic
1123 1672 1188 1700 ergo
1203 1671 1231 1692 et
1243 1665 1285 1692 isti
1303 1671 1365 1693 tunc
1377 1667 1488 1694 veniunt
1500 1666 1534 1693 ad
1543 1673 1635 1694 semen
1652 1667 1711 1700 Dei.

917 1715 944 1737 et
961 1709 1054 1737 volunt
1073 1710 1138 1737 illud
1153 1710 1247 1738 tollere
1259 1712 1292 1738 de
1304 1712 1387 1739 corde
1408 1719 1501 1740 eorum
1518 1713 1545 1740 in
1559 1713 1657 1747 quibus
1668 1721 1712 1741 se-

918 1756 1048 1783 minatum
1065 1761 1117 1787 est,
1133 1757 1196 1790 quia
1211 1756 1412 1785 inveniunteos
1424 1758 1450 1785 in
1468 1759 1584 1786 vallibus
1597 1759 1711 1793 positos.

917 1803 944 1826 et
961 1800 1013 1826 ima
1028 1806 1140 1834 quasque
1158 1804 1306 1828 sectantes.
1323 1800 1360 1828 De
1375 1802 1427 1829 illis
1442 1807 1504 1829 sunt
1516 1804 1589 1830 enim
1602 1804 1646 1837 qui
1667 1803 1713 1830 ho-

919 1842 1019 1870 militer
1034 1847 1062 1869 et
1080 1842 1199 1877 indigne,
1216 1849 1254 1877 et,
1268 1850 1296 1871 ut
1314 1847 1349 1872 ita
1364 1846 1464 1879 (licam,
1480 1845 1595 1874 Iudaico
1611 1847 1714 1876 intelle-

919 1895 963 1916 ctu
980 1889 1131 1924 suscipiunt
1144 1890 1255 1916 verbum
1272 1891 1330 1924 Dei,
1346 1895 1373 1918 et
1390 1891 1450 1919 ideo
1462 1897 1574 1927 possunt
1586 1892 1650 1920 illud
1665 1901 1712 1920 ra-

919 1942 983 1970 pere
1002 1935 1139 1963 daemones
1150 1936 1183 1963 de
1199 1938 1281 1964 corde
1292 1945 1398 1964 eorum.
1413 1937 1464 1970 Qui
1475 1943 1563 1964 autent
1575 1938 1609 1964 ab
1625 1938 1714 1965 humi-

920 1980 997 2008 litate
1018 1981 1118 2009 littera:
1140 1983 1173 2009 ad
1189 1983 1301 2016 spiritus
1317 1983 1423 2010 excelsa
1443 1983 1611 2015 conscendit,
1625 1987 1653 2011 et
1671 1984 1712 2011 in-

920 2026 1096 2062 telligentiam
1112 2027 1249 2063 refugiens
1263 2028 1412 2061 carnalem,
1433 2033 1553 2056 sectatur
1570 2030 1596 2056 in
1610 2030 1713 2057 altiori-

920 2073 971 2100 bus
984 2081 1045 2108 qua:
1062 2079 1126 2101 sunt
1146 2074 1265 2109 Spiritus
1288 2075 1355 2107 Dei,
1376 2075 1409 2102 de
1436 2075 1486 2103 isto
1506 2075 1574 2104 nihil
1599 2082 1712 2111 possunt

920 2125 1017 2153 rapere
1029 2118 1182 2147 Madianita:
1195 2127 1282 2155 neque
1296 2120 1464 2152 Atnalecitte,
1481 2121 1527 2148 sed
1541 2129 1574 2148 ne
1590 2122 1641 2157 ipsi
1655 2123 1713 2156 quis

920 2164 981 2191 dem
1012 2164 1131 2192 Orientis
1161 2165 1207 2192 ﬁlii
1232 2166 1382 2200 deprmdari
1406 2174 1467 2194 eum
1491 2173 1617 2202 poterunt
1644 2168 1712 2204 (80),

920 2210 947 2238 in
973 2211 1081 2239 excelso
1108 2211 1292 2247 intelligentia:
1319 2213 1449 2246 spiritalis
1480 2215 1581 2242 vertice
1608 2217 1712 2243 consli-

921 2260 1019 2283 tutum.

955 2302 983 2328 5.
1013 2301 1053 2329 Illi
1079 2310 1144 2337 ergo
1171 2308 1262 2330 castra
1280 2303 1306 2330 in
1330 2303 1443 2331 vallibus
1462 2306 1607 2333 collocant.
1627 2315 1636 2331 ε
1657 2305 1711 2333 Sed

922 2348 1046 2383 spiritus,
1065 2348 1155 2383 inquit
1174 2350 1196 2382 ’,
1213 2349 1259 2377 Dei
1284 2351 1449 2379 confortavit
1468 2352 1589 2383 Gedeon,
1605 2356 1632 2378 et
1647 2352 1710 2380 tuba

918 2393 1024 2426 cecinit,
1038 2397 1066 2420 et
1079 2394 1183 2420 vocavit
1194 2399 1253 2428 post
1265 2402 1295 2422 se
1309 2395 1436 2424 Abiezer.
1447 2405 1456 2422 ι
1467 2395 1637 2423 Coutinentia
1656 2396 1713 2429 qui-

917 2438 978 2465 dem
989 2439 1188 2473 cxplanationis
1206 2441 1286 2467 alium
1298 2441 1422 2468 ordinem
1436 2441 1604 2475 requirebat,
1616 2448 1709 2468 verum

916 2485 979 2519 quia
1004 2492 1052 2513 nos
1081 2493 1133 2513 non
1155 2491 1209 2513 tam
1231 2486 1386 2521 Seripturas
1402 2492 1616 2514 commentantes
1639 2494 1710 2514 nunc

916 2529 1063 2564 loquimur,
1078 2538 1160 2565 quam
1179 2532 1306 2567 populum
1328 2532 1360 2559 de
1379 2533 1411 2558 iis
1424 2539 1485 2566 qua:
1502 2533 1615 2559 recitata
1635 2537 1708 2564 sunt,

915 2576 1092 2604 consolantes
1107 2597 1114 2610 ,
1137 2578 1253 2612 sparsim
1286 2585 1347 2612 qua:
1371 2583 1517 2605 occurrunt
1542 2577 1575 2605 de
1594 2578 1711 2613 singulis

887 2624 898 2640 ⁸
914 2624 996 2653 Zach.
1011 2626 1094 2657 v1.12
1148 2626 1159 2640 “
1170 2625 1232 2654 Jud.
1247 2634 1285 2659 vr,
1296 2626 1340 2653 55.
1379 2625 1389 2641 ⁷
1404 2624 1468 2652 Luc.
1481 2632 1540 2658 vnt,
1553 2625 1580 2653 5.
1618 2625 1630 2642 '
1644 2626 1708 2654 ibid.

956 2707 1012 2740 (79)
1033 2707 1185 2734 Invenimus
1201 2712 1289 2735 autem
1308 2709 1477 2743 interpretari
1492 2709 1596 2737 Jesrael
1621 2717 1709 2737 εεηιειι

920 2742 978 2769 Dei.
995 2743 1014 2769 A
1029 2747 1082 2774 y'n
1096 2752 1104 2768 ι
1121 2750 1223 2775 semen,
1243 2753 1252 2769 ν
1270 2740 1346 2778 θιδκ
1359 2740 1465 2772 εὐθυς.
1483 2754 1492 2770 ι

955 2789 1011 2822 (80)
1033 2788 1106 2822 Mss,
1123 2798 1130 2814 ι
1147 2794 1285 2823 poterunt.
1306 2799 1315 2816 ι
1336 2791 1419 2823 Ειίὶιί,
1438 2801 1446 2816 1
1467 2796 1622 2826 potuerunt.
1641 2800 1652 2817 ι
