1888 3051
220 124 272 152 τ)ἳὸ

955 124 989 152 01

1076 124 1117 152 (IS
1798 126 1843 154 θςι

220 182 373 217 quibusque
403 186 561 211 tractamus.
583 192 592 209 ι
615 182 741 215 Vocavit,
765 184 870 218 inquit,
897 189 959 219 post
981 191 1009 210 se
1024 185 1049 213 Α
1063 187 1151 210 autent
1177 186 1283 210 maneat
1307 183 1432 214 siccitas,
1454 191 1463 209 ι
1491 183 1567 218 cujus
1585 183 1622 210 rei
1641 183 1705 211 talis
1725 183 1843 218 qua-dam

220 228 336 256 Abiezer
355 236 361 254 :
379 238 388 254 ι
404 229 449 264 qui
468 229 561 263 tttique
573 236 706 263 nusquam
720 234 790 256 erat.
810 229 1005 264 Interpretatur

219 279 310 302 autem
327 274 442 301 Abiezer
460 275 543 308 patric
560 277 609 301 mei
631 275 759 302 auxilium
778 274 845 310 (81).
866 274 922 302 Non
941 283 1005 309 ergo

219 319 354 347 hominem
368 319 496 353 aliquem,
513 321 559 347 sed
578 320 663 355 patris
674 322 715 347 sui
735 320 842 348 Gedeon
864 321 1006 348 invocasse

219 365 326 391 videtur
341 365 484 392 auxilium.
504 365 586 393 Mittit
605 366 719 400 interea,
737 372 765 394 et
785 368 886 395 auxilia
905 375 1005 395 convo-

218 415 272 438 cat.
289 410 458 439 Conveniunt
477 413 578 448 populi,
595 417 622 441 et
637 421 731 441 omnes
750 415 781 441 ad
802 414 911 443 Gedeon
925 423 1004 443 exer-

217 455 287 483 citus
304 462 513 493 congregantur.

250 500 278 528 4.
302 510 312 526 ι
334 501 366 529 Et
383 508 457 536 tunc,
477 504 564 539 inquit
592 505 622 538 '°,
639 505 748 534 Gedeon
765 506 833 533 dixit
849 507 882 534 ad
900 508 1003 534 Deum:

214 545 246 574 SI
266 547 369 575 salvum
396 548 462 576 facis
478 549 504 576 in
531 557 611 578 manu
632 559 689 578 mea
710 551 808 584 Israel,
827 553 1003 587 quemadmo-

215 591 280 619 dum
301 592 405 621 Iocutus
419 601 461 627 es,
477 601 541 622 ecce
562 603 612 631 ego
628 604 746 628 suutaut,
760 601 788 624 et
809 605 906 632 ponam
920 598 1003 625 vellus

215 637 283 665 lauat
303 639 330 666 in
343 646 405 666 area
426 649 432 667 :
447 644 474 667 et
490 641 623 676 siquidem
645 649 690 669 ros
709 642 837 670 ceciderit
849 650 930 677 Super
948 643 1003 670 vcl—

215 682 267 716 lus,
282 688 310 710 et
326 691 408 719 super
425 693 535 713 omnem
560 692 659 714 terram
687 688 796 715 siccitas
814 687 905 720 fuerit,
919 696 1003 723 agno-

212 735 287 755 scam
299 730 426 763 quoniam
436 730 539 757 salvum
549 731 632 758 facies
643 731 668 758 in
679 739 759 758 manu
772 739 830 758 mea
839 731 919 759 Israel
933 732 1002 759 sicut

214 771 366 800 locutuses.
381 773 413 800 Et
421 773 521 801 factum
537 779 578 802 est
589 775 655 802 sic.»
665 775 732 803 Cum
745 779 800 802 tam
816 776 898 802 multa
911 776 966 802 sint
976 781 1002 803 et

214 817 355 845 innumera
368 820 444 854 signa
462 820 503 847 vel
523 821 656 855 prodigia,
666 828 726 856 qua:
739 826 832 855 petere
845 822 975 856 potuisset
986 828 999 847 a

214 862 269 890 Deo
282 863 393 892 Gedeon
412 864 445 891 ad
471 866 687 892 conlirmandam
704 865 925 900 pollicitationem
942 865 999 899 Dei,

210 908 293 944 475
309 909 373 943 quid
395 910 421 937 ei
437 911 524 938 visum
544 917 586 938 est
610 916 670 946 post
690 911 839 943 angelicam
856 919 949 939 vocem
967 920 999 939 ac

211 953 436 987 pollicitationem
458 955 598 984 caelestem
620 961 713 991 petere
736 957 810 985 istud
827 961 881 984 tam
900 965 999 985 novum

211 999 318 1033 signum
335 1007 350 1026 a
366 999 499 1028 Deo?Ait
512 1003 586 1029 enim
600 1011 607 1030 :
624 1012 633 1029 ι
649 1003 753 1031 Ponam
775 1004 861 1032 vellus
883 1004 952 1032 laute
973 1006 998 1032 in

210 1052 292 1078 area,
308 1047 368 1074 etsi
386 1047 466 1074 fuerit
492 1055 573 1083 supra
595 1049 680 1077 vellus
694 1049 865 1078 solummodo
886 1059 947 1084 ros,
972 1056 1000 1079 et

209 1099 292 1126 super
305 1100 412 1120 onmem
428 1097 528 1121 terram
554 1094 681 1128 siccitas,
697 1104 744 1124 ero
767 1097 911 1125 conlidens
932 1106 1000 1133 quo-

210 1138 281 1164 niam
297 1142 324 1165 tu
345 1138 448 1166 salvum
472 1139 556 1168 facias
579 1140 663 1168 Israel
690 1142 716 1168 in
740 1150 820 1170 manu
845 1151 915 1171 mea.
934 1152 943 1169 ι
967 1145 1000 1172 Ει

208 1191 270 1210 cttm
285 1184 455 1219 poposcisset
477 1185 587 1213 Gedeon
603 1194 617 1213 a
635 1187 690 1214 Deo
704 1187 811 1223 signum
835 1188 921 1221 istud,
945 1197 999 1217 me-

208 1228 263 1255 rttit
276 1228 412 1256 eﬂ‘ectum.
437 1230 490 1258 Sed
514 1238 589 1265 esto,
616 1232 809 1267 impetraveris
827 1234 894 1268 hoc,
911 1243 927 1263 ο
947 1235 1000 1264 Gc-

207 1276 278 1303 deon
295 1276 352 1312 (82)
369 1285 377 1304 :
393 1277 458 1312 quid
483 1282 510 1304 et
528 1277 629 1311 accipis
644 1278 729 1305 vellus
745 1278 813 1306 lanae
829 1280 855 1306 in
872 1288 935 1308 area
946 1300 953 1312 ,
973 1287 1000 1308 et

207 1323 338 1357 cxprimis
354 1323 381 1350 in
394 1323 515 1358 pelvim‘l
536 1323 605 1356 Quid
626 1329 653 1351 te
667 1325 800 1358 permovit
815 1325 867 1353 hoc
888 1326 999 1355 facere?

208 1365 263 1393 Sed
282 1371 359 1400 esto,
381 1367 573 1402 impetraveris
596 1369 712 1403 primum
729 1370 855 1405 signum,
881 1372 945 1407 quid
970 1377 997 1400 ut

201 1412 356 1439 secundum
383 1413 465 1440 etiam
494 1413 600 1447 signum
627 1420 784 1448 permutato
809 1423 842 1444 ac
870 1425 998 1452 perverso

209 1453 305 1480 ordine
331 1455 474 1488 posceres?
499 1455 633 1484 Fortassis
659 1457 732 1484 enim
759 1458 824 1486 dicit
847 1460 942 1495 aliquis
959 1469 993 1490 ex

209 1499 252 1552 iis,
267 1499 313 1534 qui
331 1500 462 1528 attentius
485 1501 598 1529 audiunt
621 1510 681 1537 quae
705 1504 843 1540 leguntur,
861 1508 922 1542 quia
938 1517 991 1536 non
1007 1522 1031 1552 α

209 1544 335 1572 videntur
362 1547 506 1575 convenire
532 1548 590 1576 haec
614 1549 649 1577 ad
672 1550 744 1578 istud
770 1553 841 1587 quod
862 1554 991 1590 scriptum

207 1594 250 1617 est
263 1590 281 1606 "
297 1600 303 1617 :
320 1600 329 1616 ι
345 1591 403 1618 Νοιι
415 1593 531 1620 tentabis
543 1593 685 1622 Dominum
696 1596 782 1623 Deum
794 1602 881 1630 tuum,
897 1609 907 1625 ›
920 1601 992 1634 quod

207 1637 250 1665 lex
266 1639 404 1673 pra-cepit.
429 1639 483 1667 Sed
498 1641 587 1668 exitus
602 1641 640 1669 rei
658 1643 738 1670 docet
753 1650 806 1670 non
820 1650 881 1671 esse
901 1649 994 1672 contra

210 1684 364 1711 mandatum
377 1683 489 1712 factum.
507 1685 599 1721 Neque
613 1687 684 1714 enim
711 1689 852 1716 exaudiret
867 1689 937 1717 Deus
951 1698 997 1726 pe-

209 1727 332 1755 titionem
355 1734 450 1757 contra
478 1730 563 1765 legem
581 1731 682 1765 aliquid
696 1732 898 1767 deposcentem.
920 1734 996 1762 Nunc

206 1776 297 1799 autem
321 1781 382 1801 cum
408 1775 548 1803 videamus
566 1776 629 1810 quia
651 1781 678 1804 ct
698 1778 724 1804 in
747 1779 834 1814 primo
851 1780 927 1815 signo
952 1788 994 1808 ros

206 1817 304 1845 cecidit
331 1826 415 1854 super
440 1820 525 1848 vellus
547 1821 632 1854 laute,
665 1822 692 1850 in
715 1824 788 1851 omni
818 1830 907 1852 autem
923 1830 993 1853 terra

206 1864 277 1890 facta
294 1870 335 1892 est
354 1866 480 1898 siccitas,
495 1867 558 1894 etin
577 1868 698 1896 secundo
718 1876 802 1903 super
816 1877 923 1898 omnem
940 1876 994 1899 ter-

207 1917 263 1938 ram
281 1910 378 1938 cecidit
394 1918 438 1938 ros
456 1920 463 1937 :
479 1911 591 1939 siccitas
607 1918 698 1941 autem
715 1913 765 1940 fuit
782 1914 808 1941 in
834 1915 948 1948 vellere,
967 1917 993 1944 in

205 1963 259 1990 quo
273 1961 308 1984 et
331 1956 457 1983 fiduciam
482 1956 581 1990 accipit
604 1958 712 1986 Gedeon
731 1960 794 1994 quia
822 1959 950 1989 Dominus
967 1961 993 1989 in

206 2008 287 2027 mattu
310 2000 368 2035 ejus
384 2001 486 2029 salvum
508 2003 610 2031 faceret
631 2003 687 2039 (85)
704 2003 802 2036 Israel,
820 2005 934 2032 videnda
952 2010 994 2033 est

206 2047 285 2081 hujus
307 2047 427 2083 mysterii
447 2048 534 2080 ratio,
549 2049 582 2077 de
595 2056 648 2083 qua
667 2050 777 2077 memini
793 2050 875 2077 etiam
898 2058 994 2085 quem-

205 2093 267 2119 dam
280 2099 313 2119 ex
327 2093 574 2127 praedecessoribus
588 2095 687 2122 nostris
702 2096 727 2122 in
743 2095 840 2124 libellis
858 2097 924 2130 suis,
938 2097 993 2124 vel-

205 2138 248 2165 lus
270 2138 339 2166 Iana:
358 2139 485 2174 populum
507 2140 609 2169 dixisse
636 2141 734 2175 Israel,
753 2142 884 2177 reliquam
903 2148 992 2170 autem

1058 231 1127 258 ratio
1155 228 1374 264 deprehenditur.
1399 228 1465 256 Vide
1487 236 1594 257 onmem
1621 230 1695 256 hunc
1718 229 1843 264 populum

1056 276 1102 310 qui
1120 283 1168 310 per
1194 282 1301 302 onmem
1329 279 1428 301 terram
1453 282 1484 302 ex
1505 274 1630 309 gentibus
1665 281 1845 310 congregatus

1055 326 1115 353 est,
1142 321 1286 348 habentem
1308 327 1379 349 nunc
1407 320 1433 346 in
1461 327 1490 347 se
1509 327 1598 346 rorem
1622 320 1761 347 divinum.
1784 320 1845 348 Vide

1056 374 1116 394 cum
1130 366 1211 401 Moysi
1231 373 1293 392 rore
1319 364 1444 397 infundi,
1468 365 1661 399 prophetarum
1681 365 1786 393 litteris
1811 367 1845 392 irs

1056 412 1152 438 rorari.
1182 411 1247 439 Vide
1275 418 1336 437 eum
1362 410 1444 438 etiam
1470 411 1496 437 in
1516 411 1671 445 evangelica
1689 416 1716 438 et
1737 417 1845 446 aposto-

1055 457 1107 483 lico
1122 456 1235 483 humore
1255 455 1436 488 viridanlcm;
1457 455 1522 482 illud
1539 460 1629 482 autem
1648 456 1752 487 vellus.
1768 456 1793 483 id
1806 461 1845 484 est

1054 499 1196 528 Iudaicum
1222 499 1360 535 populum,
1386 500 1539 527 siccitatem
1555 505 1583 528 et
1599 501 1757 529 ariditatem
1773 502 1844 529 verbi

1054 547 1218 580 patientem,
1234 545 1381 572 secundum
1404 545 1476 579 quod
1501 546 1631 580 scriptum
1655 550 1698 573 est
1724 546 1757 578 ",
1782 547 1843 581 quia

1057 600 1066 616 ι
1084 595 1164 617 erttut
1189 590 1235 617 lilii
1254 590 1336 617 Israel
1355 589 1438 617 multo
1465 595 1588 625 tempore
1605 590 1665 618 sine
1690 598 1771 626 rege.
1787 591 1844 618 sine

1054 637 1184 671 propheta
1194 657 1202 670 ,
1217 645 1270 664 non
1283 637 1334 664 erit
1348 637 1436 664 altare
1446 656 1454 669 ,
1467 643 1554 670 neque
1574 636 1663 664 hostia
1674 659 1680 669 ,
1699 643 1789 671 neque
1802 645 1843 663 sa-

1054 682 1196 710 criﬁcium.
1218 692 1227 709 ι
1245 683 1360 710 Intueris
1375 687 1476 717 quanta
1491 683 1561 717 apud
1575 682 1635 709 illos
1647 682 1761 710 siccitas
1779 690 1841 716 pcr-

1054 733 1161 761 manet,
1178 732 1280 762 quanta
1300 728 1339 755 eis
1355 727 1469 754 ariditas
1482 727 1564 754 divini
1582 728 1721 755 sermonis
1740 728 1842 755 evenit.

1054 774 1116 801 llaec
1128 773 1235 808 quidem
1251 773 1327 800 nobis
1339 793 1346 805 ,
1359 773 1429 800 sicut
1446 772 1524 800 fateri
1541 772 1638 805 decet,
1656 780 1690 800 ex
1707 772 1843 806 majorum

1055 820 1145 847 labore
1161 819 1261 846 collata
1279 822 1353 850 sunt,
1376 825 1469 845 verum
1491 819 1619 852 quoniam
1640 818 1724 845 etiam
1741 826 1776 845 ex
1794 826 1841 846 au-

1055 865 1110 892 dito
1129 865 1211 892 verbo
1227 871 1242 891 a
1259 864 1440 898 sapientibus,
1459 863 1530 890 sicut
1553 863 1684 898 scriptum
1702 869 1763 895 est,
1784 864 1841 891 col-

1055 910 1166 938 laudare
1179 910 1324 942 debemus,
1349 913 1374 936 et
1399 909 1518 944 adjicere
1545 909 1578 937 ad
1602 910 1683 944 illud,
1700 910 1843 938 videamus

1054 957 1117 992 quid
1131 956 1212 983 etiam
1229 955 1447 990 superadiﬁcare
1464 955 1599 989 possimus
1611 955 1637 982 in
1652 955 1762 983 talibus.
1775 955 1842 982 Cum

1054 1002 1279 1037 septuagesimum
1293 1000 1408 1035 primum
1418 1001 1550 1034 psalmum
1561 999 1632 1035 apud
1647 1001 1841 1034 mentelipsum

1054 1055 1124 1082 sarpe
1148 1047 1330 1078 discuterem,
1358 1045 1441 1073 movit
1457 1053 1499 1073 me
1521 1045 1548 1072 itt
1578 1045 1649 1073 hanc
1675 1053 1749 1078 rem,
1770 1047 1843 1080 quod

1054 1102 1114 1122 cum
1141 1094 1285 1120 adventum
1301 1092 1403 1120 Christi
1421 1092 1447 1119 in
1475 1099 1506 1120 eo
1531 1092 1714 1125 describeret,
1732 1093 1761 1120 in
1786 1094 1845 1128 ipso

1053 1140 1135 1167 etiam
1159 1139 1211 1166 hoc
1223 1137 1320 1165 asserit
1335 1143 1494 1165 eventurum
1513 1147 1520 1165 :
1538 1147 1548 1163 ι
1570 1137 1603 1165 Et
1619 1138 1767 1165 descendet
1779 1158 1787 1170 ,
1803 1139 1846 1165 in-

1053 1184 1112 1220 quit
1129 1184 1162 1217 ”,
1178 1184 1249 1210 sicut
1262 1183 1352 1218 pluvia
1369 1182 1394 1209 in
1409 1182 1504 1215 vellus,
1519 1187 1546 1210 et
1565 1183 1634 1210 sicut
1645 1183 1781 1210 stillantia
1796 1191 1843 1211 su-

1053 1239 1101 1265 per
1127 1234 1238 1257 terram.
1262 1238 1271 1255 ι
1292 1228 1382 1255 Vellus
1398 1228 1441 1255 hic
1459 1229 1629 1260 nominatur,
1654 1228 1739 1256 vellus
1761 1234 1791 1256 et
1815 1229 1843 1256 in

1054 1275 1169 1303 Psalmis
1187 1275 1366 1303 describitur.
1389 1274 1534 1302 Descendit
1549 1275 1620 1301 enim
1636 1275 1708 1302 sicut
1729 1274 1844 1309 pluvia,

1053 1322 1140 1357 inquit
1174 1328 1270 1356 ,super
1284 1320 1378 1348 vellus.
1391 1320 1533 1347 Descendit
1544 1328 1609 1355 ergo
1623 1321 1649 1347 in
1671 1321 1739 1347 illud
1757 1321 1844 1349 vellus

1052 1368 1141 1404 populi
1165 1367 1400 1398 circumcisionis,
1418 1371 1445 1394 et
1462 1367 1529 1394 sicut
1549 1367 1686 1393 stillicidia
1707 1367 1844 1395 stillantia

1051 1421 1131 1448 super
1145 1418 1245 1441 terram
1261 1421 1268 1440 :
1288 1413 1338 1440 hoc
1357 1417 1399 1440 est
1421 1420 1504 1447 super
1524 1413 1653 1447 reliquam
1676 1418 1784 1440 terram
1798 1414 1844 1440 de-

1051 1458 1156 1486 scendit
1184 1457 1312 1484 Dominus
1339 1461 1432 1484 noster
1455 1455 1533 1484 Jesus
1561 1456 1705 1487 Christus.
1733 1457 1843 1484 stillans

1050 1504 1131 1531 etiam
1152 1510 1234 1537 super
1254 1509 1321 1534 nos,
1336 1506 1363 1528 et
1382 1506 1471 1536 guttas
1486 1501 1565 1528 nobis
1590 1509 1700 1536 quoque
1721 1501 1843 1529 aﬂerens

1050 1550 1121 1577 roris
1134 1548 1252 1577 catlestis
1263 1567 1271 1580 ,
1288 1551 1319 1574 ut
1331 1552 1359 1574 et
1372 1554 1420 1574 nos
1434 1547 1557 1574 bibamus
1571 1547 1617 1581 qui
1629 1554 1745 1574 eramus
1761 1555 1842 1582 super

1049 1602 1156 1622 omnem
1173 1599 1274 1622 terram
1293 1593 1350 1628 iugi
1372 1593 1498 1620 ariditate
1518 1592 1623 1620 siccati.
1651 1592 1734 1619 Hunc
1759 1593 1843 1628 igitur

1050 1641 1170 1677 mysterii
1188 1640 1310 1668 ordinem
1335 1639 1444 1666 Gedeon
1470 1643 1580 1666 sanctus
1606 1639 1771 1673 prophetico
1788 1640 1843 1674 spi-

1049 1686 1102 1714 ritu
1118 1691 1264 1717 contuens,
1283 1692 1335 1711 nou
1354 1684 1440 1712 solum
1457 1684 1574 1719 primum
1591 1684 1699 1718 signum
1717 1685 1843 1719 poposcit

1049 1739 1065 1758 a
1079 1732 1151 1764 Deo,
1176 1731 1223 1758 sed
1241 1735 1269 1758 et
1289 1729 1437 1757 secundum
1457 1736 1589 1757 converso
1609 1729 1705 1757 ordine
1730 1731 1840 1765 repetit.

1049 1777 1155 1805 Sciebat
1171 1777 1243 1804 enim
1255 1783 1343 1803 rorem
1355 1775 1477 1802 divinum
1488 1795 1495 1806 ,
1512 1775 1556 1809 qui
1575 1780 1616 1802 est
1629 1775 1766 1802 adventus
1779 1775 1840 1803 Filii

1048 1823 1105 1854 Dei,
1122 1831 1176 1850 non
1192 1823 1279 1850 solum
1295 1821 1411 1855 Iudaeis,
1435 1822 1482 1849 sed
1502 1827 1529 1850 et
1548 1821 1725 1855 postmodum
1754 1822 1839 1848 etiam

1047 1869 1173 1903 gentibus
1191 1875 1252 1895 esse
1277 1873 1440 1901 venturum,
1455 1868 1581 1901 quoniam
1601 1868 1712 1902 quidem
1739 1875 1774 1895 ex
1799 1869 1842 1895 in—

1047 1904 1206 1942 credulitate
1221 1914 1303 1942 Israel
1317 1913 1390 1941 salus
1404 1913 1434 1940 ﬁt
1446 1914 1583 1949 gentibus.
1597 1914 1630 1941 Et
1647 1915 1698 1941 hoc
1710 1919 1754 1942 est
1766 1915 1839 1949 quod

1047 1968 1095 1994 pro
1110 1959 1237 1987 ariditate
1261 1959 1369 1987 velleris
1394 1959 1519 1986 universa
1539 1963 1610 1986 terra
1636 1960 1729 1994 gratia
1752 1960 1837 1987 divini

1048 2006 1117 2033 roris
1134 2005 1294 2033 infunditur.
1310 2005 1363 2032 Sed
1379 2009 1406 2033 et
1422 2005 1485 2032 illud
1501 2005 1528 2032 in
1543 2006 1593 2032 hoc
1609 2005 1681 2032 facto
1704 2007 1756 2033 viri
1772 2006 1839 2033 Iide-

1046 2052 1141 2079 lissimi
1155 2051 1290 2078 Gedeonis
1302 2051 1519 2085 przetereundum
1536 2051 1648 2078 minime
1663 2056 1731 2086 puto
1742 2073 1749 2085 ,
1766 2052 1838 2086 quod

1047 2097 1125 2125 nobis
1136 2097 1169 2125 ad
1186 2097 1299 2124 formam
1315 2101 1403 2130 potest
1417 2097 1530 2124 cautelae
1541 2097 1672 2132 spiritalis
1691 2097 1839 2126 accedere.

1046 2142 1175 2177 Augcl‘um
1187 2142 1272 2174 vidit,
1289 2142 1335 2169 sed
1351 2142 1391 2169 vir
1401 2142 1522 2169 eruditus
1538 2147 1565 2169 et
1585 2142 1690 2169 balteus
1699 2143 1758 2176 jam
1774 2143 1836 2171 .Iesu

203 2189 309 2212 terram
326 2185 446 2220 reliquas
468 2191 563 2221 gentes
585 2187 723 2222 posuisse,
739 2193 767 2215 et
786 2195 873 2215 rorem
885 2190 929 2223 qui
950 2196 993 2216 ce-
1010 2196 1033 2223 ι)
1047 2187 1219 2223 przecessoris
1235 2187 1404 2222 exetnplum,
1424 2187 1532 2214 cautius
1548 2188 1615 2222 agit.
1631 2187 1744 2215 Sciebat
1762 2189 1835 2216 enim

203 2230 272 2258 cidit
286 2238 368 2265 super
383 2231 468 2259 vellus
479 2252 487 2264 ,
501 2233 612 2260 verbum
631 2233 677 2260 Dei
695 2241 755 2261 esse
765 2254 773 2266 ,
795 2234 866 2269 quod
891 2234 928 2262 illi
944 2234 994 2262 soli

202 2277 304 2312 populo
317 2277 427 2305 cmlitus
447 2277 542 2306 fuisset
558 2278 703 2307 indultum.
716 2280 804 2314 Supra
816 2280 902 2307 solum
918 2289 995 2308 nam-

203 2330 257 2358 que
278 2323 361 2351 Israel
383 2331 428 2351 ros
446 2324 544 2352 divinat
565 2324 633 2360 legis
656 2325 813 2352 advenerat.
837 2325 993 2352 Siccitatem

204 2373 295 2395 autem
318 2369 455 2396 habebant
469 2377 563 2397 omnes
579 2374 672 2405 gentes
688 2378 695 2396 :
711 2371 773 2404 quia
791 2370 881 2398 nullus
902 2371 926 2398 ei
945 2371 994 2398 hu-

203 2421 262 2441 mor
284 2415 366 2442 divini
381 2415 573 2444 infuudebatur
587 2415 695 2451 eloquii.
711 2415 827 2443 Secundi
844 2423 909 2444 vero
925 2417 993 2445 ratio

202 2460 272 2496 signi
292 2461 318 2488 in
338 2461 504 2490 contrarium
522 2466 702 2496 permutatur.
716 2462 742 2489 in
759 2469 812 2497 quo
828 2462 867 2490 ait
879 2463 900 2479 "
915 2473 921 2490 :
936 2472 945 2489 ι
958 2463 993 2492 Ut

201 2513 287 2541 supra
312 2515 420 2535 omnem
435 2511 536 2534 terratn
564 2514 609 2534 ros
635 2506 796 2540 descendat,
812 2515 893 2543 supra
910 2510 994 2538 vellus

243 2599 265 2614 '°
283 2598 345 2627 Jud.
359 2606 397 2631 vt,
416 2597 460 2630 36,
475 2598 520 2626 37.
560 2598 580 2615 ¹¹
595 2597 672 2625 Deut.
687 2606 726 2630 VI,
739 2598 783 2626 16.

207 2633 230 2649 ⁸⁸
246 2634 253 2660 Ι
270 2633 348 2662 Joan.
364 2642 400 2666 IV,
422 2634 448 2661 1.
487 2634 507 2649 ι⁷
522 2633 532 2660 l
547 2633 609 2662 Cor.
635 2641 670 2665 ιι,
687 2634 731 2661 15.
771 2633 792 2649 ¹⁶
804 2633 860 2662 Jos.
872 2643 905 2667 v,
923 2633 967 2663 I5.

243 2701 300 2734 (8|)
317 2701 510 2735 Interpretatur
530 2708 614 2729 autem
635 2701 742 2730 Abiuer
750 2703 834 2735 patris
852 2703 902 2729 mei
916 2704 994 2730 (ιιιτὶ-

208 2735 283 2762 ιὶιιιιι.
298 2736 334 2762 lix
349 2739 414 2769 7:1,»,
432 2745 441 2761 ι
460 2741 534 2770 pater
552 2745 637 2767 tuens,
660 2747 669 2763 ι
692 2742 719 2764 et
732 2742 784 2768 1w
798 2746 806 2762 ι
824 2738 963 2764 auxilium.
981 2747 990 2764 ι

209 2770 308 2806 Ibidem
326 2777 403 2806 mss”
425 2780 433 2806 ι
454 2778 577 2806 nonergo
587 2771 722 2799 hominem
739 2773 868 2806 aliquem,
888 2773 933 2799 sed
947 2780 991 2806 pa-

211 2805 257 2831 tris
276 2805 384 2831 summi.
401 2815 409 2830 ›
426 2805 504 2837 Editi,
523 2816 532 2831 ι
549 2805 609 2833 ⁷ιιοιι
634 2814 699 2841 ergo
716 2805 844 2834 humilem
864 2805 991 2842 aliquem,

823 2599 844 2614 "
856 2599 916 2627 .Iud.
932 2608 970 2634 VI,
985 2603 1029 2630 59.

1045 2232 1173 2268 possibile
1192 2239 1253 2260 esse
1265 2232 1346 2259 etiam
1364 2232 1474 2266 angelos
1491 2233 1664 2259 tenebrarum
1689 2233 1838 2268 transﬁgu-

1045 2285 1105 2305 rare
1124 2286 1154 2305 se
1170 2279 1197 2305 in
1219 2277 1330 2313 angelos
1354 2277 1422 2305 lueis
1437 2278 1460 2294 ¹⁵
1476 2287 1483 2305 :
1497 2282 1525 2305 et
1549 2279 1609 2306 ideo
1632 2280 1837 2307 examinatione

1044 2325 1219 2356 cautissime,
1241 2323 1317 2357 volo,
1332 2324 1420 2358 inquit
1435 2325 1550 2358 probare
1564 2324 1692 2358 spiritum
1708 2325 1730 2351 si
1751 2332 1767 2352 ι
1783 2325 1836 2352 Deo

1046 2370 1140 2402 est",
1163 2370 1224 2404 quia
1249 2379 1259 2395 ι
1279 2369 1410 2404 spiritalis
1432 2370 1568 2397 examinat
1592 2370 1684 2397 omnia
1701 2370 1733 2397 ".
1758 2380 1768 2397 ι
1792 2370 1837 2398 Sic

1047 2421 1167 2450 namque
1180 2422 1328 2449 prmeessor
1344 2413 1402 2448 ejus
1424 2413 1525 2441 fecerat
1547 2413 1611 2441 Jesu
1626 2414 1701 2442 Nave
1715 2415 1757 2447 ¹·,
1773 2423 1833 2443 cum

1046 2461 1193 2496 principem
1206 2461 1308 2488 militiae
1327 2460 1445 2488 ctelestis
1459 2460 1588 2488 vidisset:
1609 2460 1723 2496 inquirit
1744 2463 1835 2490 etdis-

1046 2508 1125 2540 entit,
1145 2509 1166 2535 si
1191 2511 1285 2534 uoster
1302 2506 1354 2539 sit,
1378 2513 1414 2533 an
1431 2506 1660 2534 adversariorum.
1681 2506 1740 2535 Iloc
1756 2508 1834 2535 modo

1315 2598 1335 2614 ⁸⁸
1348 2596 1421 2625 Psal.
1440 2604 1486 2629 xx,
1498 2596 1525 2624 6.

1070 2601 1090 2616 ’³
1104 2599 1167 2628 Ose.
1183 2607 1211 2626 ιιι
1223 2618 1230 2630 ,
1247 2597 1274 2626 4.
1315 2598 1335 2614 ⁸⁸
1348 2596 1421 2625 Psal.
1440 2604 1486 2629 xx,
1498 2596 1525 2624 6.
1565 2597 1587 2614 "
1603 2596 1624 2624 II
1641 2598 1706 2625 Cor.
1719 2597 1829 2632 “1,”.

1047 2703 1092 2730 sed
1107 2702 1192 2737 patris
1206 2702 1259 2729 sui.
1276 2711 1285 2727 ι

1082 2735 1138 2771 (δὲ)
1153 2737 1217 2763 Mss.
1235 2746 1244 2762 ι
1265 2736 1452 2770 impetraveris
1476 2735 1623 2763 efﬁcaciam
1644 2737 1737 2772 signi,
1749 2745 1765 2766 o
1780 2736 1829 2765 Go—

1046 2773 1222 2842 ὼῗὲἐιίιδδ.
1244 2815 1252 2831 ‹
1273 2806 1383 2834 lacent.
1401 2815 1409 2830 ι
1430 2805 1510 2839 sunt,
1534 2805 1656 2834 vinciat.
1677 2816 1688 2834 ι
