1896 3052
71 97 127 125 935

603 100 635 128 ΙΝ
653 101 781 132 ιιιιιιῑιι
801 103 948 133 JL‘DICUM
970 105 1108 133 HOMILIA
1125 107 1169 136 IX.

1650 112 1701 140 986

73 155 158 182 etiam
185 153 374 181 sanctissimus
395 152 504 182 Gedeou
526 156 637 184 discutit
660 161 809 194 angelicam
824 164 863 187 vt-
879 165 899 192 Α
916 163 1020 197 accipio
1037 171 1133 197 aquam
1149 168 1177 190 et
1205 163 1300 191 haut-io
1317 165 1348 192 de
1360 165 1479 194 fontibus
1503 165 1602 200 Israel,
1619 176 1701 203 quam

72 201 195 232 sionem,
207 200 366 227 diversitate
376 205 401 227 el
417 201 605 229 immutatione
618 203 766 238 signorum.

109 245 136 274 Β.
157 246 210 273 Sed
237 251 265 273 et
299 246 363 273 illud
382 247 452 281 quod
474 247 511 274 ait
539 248 666 284 chcou,
685 251 786 278 Ponant
807 252 859 278 vcl-

73 292 117 319 lus
147 299 200 319 non
229 292 393 326 ubicunque,
429 302 483 320 non
513 294 538 322 iu
574 302 670 330 campo
692 315 699 328 .
724 305 810 332 neque
837 298 862 324 in

72 338 164 370 saltu,
182 338 229 365 sed
245 339 270 364 iu
282 346 346 365 area
357 358 364 371 ,
379 340 459 373 quale
481 340 528 367 tibi
544 340 667 368 videtur?
684 342 713 368 In
732 350 795 370 area
818 343 862 370 ubi

72 383 173 410 messis
187 387 246 410 est:
264 391 273 408 ι
298 383 392 411 Messis
403 385 511 419 quidem
530 385 630 419 multa,
646 388 763 421 operarii
773 393 862 416 autetu

71 428 153 462 pauci
171 427 202 455 ".
218 427 319 454 l‘onam
332 448 339 459 .
355 428 444 463 inquit
459 429 492 461 ³ο,
510 429 596 457 vellus
610 430 654 458 ubi
678 432 774 459 messis
783 437 834 460 est.
851 442 861 459 ι

70 473 142 505 Quid
165 477 286 500 moverat
301 479 426 500 sanetum
446 474 533 502 virum
556 474 677 509 Gedeon,
695 476 736 503 vel
758 478 822 511 quid
838 478 863 505 ci

71 520 162 546 visum
186 519 276 546 fuerat
293 524 321 546 ut
336 520 387 547 hoc
403 519 527 548 faceret?
541 520 792 550 Praevidebatenim
816 531 864 558 per

69 566 217 600 spiritum,
237 566 300 600 quia
324 565 451 593 Christus
476 566 503 593 in
517 574 610 594 aream
641 575 716 595 suam
735 570 862 603 populum

70 619 152 639 suum
175 615 323 647 congregat
340 615 368 638 et
381 611 417 638 ibi
433 618 495 638 eum
515 617 665 647 expurgat,
687 617 783 640 tenens
800 621 865 640 ven-

71 657 202 684 tilahrunt
221 657 247 684 in
263 665 344 684 manu
359 664 421 689 sua.
432 662 460 684 et
479 656 514 684 ibi
531 657 622 692 paleas
643 664 753 692 separat
768 666 782 685 a
805 658 846 685 fru
857 673 864 679 ~

71 708 166 731 mento
182 704 214 730 ".
231 703 290 731 Non
305 710 371 738 ergo
389 703 448 731 siue
464 710 546 730 causa
561 703 603 730 vir
619 708 712 731 tantus
733 709 760 731 et
784 705 844 731 talis
857 725 863 737 ,

71 747 154 783 cujus
176 753 204 776 ct
228 753 341 775 sanctus
361 749 508 782 Apostolus
532 749 565 776 ad
592 748 720 777 Hebraros
743 750 869 777 scribens

71 793 138 820 facit
150 793 383 838 in‘prophetarum
399 793 525 829 catalogo
541 795 706 821 mentionem
722 795 756 827 εί,
771 803 862 831 areatp

70 839 167 873 elegit,
183 839 216 866 ad
227 839 313 866 vellus
326 840 481 873 ponendum
498 848 505 866 :
520 846 570 867 nec
583 840 642 866 sine
654 848 736 867 causa
750 848 863 874 expres-
879 837 898 865 Β

70 884 107 910 sit
121 883 206 910 vellus
228 883 253 910 iu
268 883 384 918 pelvim,
399 884 508 917 quando
532 889 559 910 et
577 883 690 918 replevit
704 892 764 911 eam
780 892 861 919 aqua.

70 928 253 962 “equiramos
269 932 296 954 et
312 928 345 955 de
361 928 410 955 hoc
427 928 452 955 in
466 927 615 962 Scripturis
625 928 747 962 sanctis,
765 929 787 956 si
803 936 863 963 quia

77 973 158 996 nobis
180 973 260 997 etiam
277 970 359 1004 hujus
382 971 565 1008 intelligentiae
586 978 728 1008 praestatur
746 975 860 1003 occasio.

77 1018 226 1045 Veniamus
244 1019 277 1046 ad
296 1019 480 1055 Evangelium.
502 1021 657 1050 Invenimus
675 1023 711 1050 ibi
731 1024 753 1039 ¹³
772 1024 863 1051 Domi-

76 1075 143 1095 num
163 1072 191 1094 et
210 1067 375 1096 Salvatorem
394 1074 518 1097 nostrum
537 1077 680 1099 exuentem
700 1073 861 1100 vestimenta

76 1122 136 1147 sua,
152 1120 180 1142 et
199 1115 282 1142 linteo
300 1117 473 1150 praecinctum
493 1118 601 1146 mittere
619 1119 700 1155 476
717 1126 823 1155 aquam'
834 1121 861 1150 in

69 1163 168 1197 polvim
179 1183 187 1195 ,
202 1163 291 1191 lavare
306 1164 388 1198 pedes
404 1163 600 1198 discipulorum
627 1173 749 1193 suorum.
779 1166 862 1194 Vides

68 1216 135 1243 ergo
147 1209 210 1243 quia
226 1209 283 1236 hac
297 1209 496 1236 adumbrabant
513 1211 661 1245 prophette.
677 1219 734 1245 qua:
746 1213 860 1240 erantin

68 1254 228 1282 novissimis
243 1255 407 1289 temporibus
420 1255 554 1289 implenda
574 1263 623 1290 per
641 1256 794 1284 Dominum.
814 1257 860 1285 Illa

66 1307 134 1335 ergo
148 1307 219 1335 aqua
236 1307 317 1334 quam
336 1301 461 1328 mittebat
473 1300 553 1329 Jesus
576 1302 602 1329 in
626 1303 725 1337 pelvim
742 1311 786 1330 ros
802 1308 861 1331 erat

66 1347 163 1382 gratiae
184 1347 306 1374 caelestis
328 1353 361 1374 ex
377 1354 432 1382 quo
446 1347 553 1375 lavabat
566 1348 649 1384 pedes
664 1349 858 1384 discipulorum

65 1400 193 1421 suorum.
210 1392 288 1420 Unde
308 1397 337 1420 et
355 1394 453 1421 merito
468 1394 576 1422 diccbat
597 1395 630 1422 ad
647 1402 695 1422 eos
714 1396 736 1410 “
751 1405 759 1422 :
775 1404 784 1421 ι
807 1395 860 1423 Vos

64 1444 160 1466 autent
185 1440 276 1466 mundi
301 1439 366 1467 estis
382 1445 493 1475 propter
517 1440 629 1468 verbum
652 1442 724 1476 quod
751 1440 859 1468 locutus

63 1493 127 1512 sum
146 1486 180 1512 ad
197 1492 254 1512 vos.
273 1494 283 1511 ι
308 1485 362 1513 Sed
390 1486 441 1513 hoc
469 1493 519 1513 nos
539 1487 619 1513 modo
638 1486 660 1514 si
689 1485 857 1521 praebeamus
871 1501 892 1529 ο

64 1531 151 1565 pedes
172 1535 298 1562 nostros,
321 1535 433 1565 paratus
454 1536 496 1558 est
519 1531 649 1559 Dominus
666 1531 744 1559 Jesus
767 1531 858 1558 lavare

64 1577 154 1610 pedes
169 1576 269 1603 animae
284 1581 386 1604 nostra:
397 1596 404 1609 ,
420 1581 447 1604 et
468 1583 585 1612 purgare
599 1584 648 1604 eos
664 1585 724 1604 rore
739 1577 859 1605 cmlestis

63 1621 166 1657 gratia!
183 1622 303 1656 Spiritus
319 1622 423 1655 sancti,
448 1623 533 1650 verbo
553 1623 694 1650 doctrinm.
710 1622 767 1650 Non
785 1623 858 1650 enim

62 1668 140 1696 solos
156 1668 294 1702 apostolos
309 1670 425 1696 mundos
438 1675 498 1696 esse
513 1668 598 1696 voluit
609 1688 616 1701 ,
632 1669 678 1696 sed
699 1675 795 1696 omnes
811 1669 858 1703 qui

65 1715 188 1741 credunt
209 1721 258 1748 per
272 1715 384 1742 verbum
401 1714 482 1742 illius.
497 1714 530 1742 Et
546 1714 673 1742 omnibus
684 1714 859 1742 credentibus

63 1760 134 1787 dicit
147 1759 212 1786 illud
224 1759 296 1794 quod
317 1764 344 1786 et
357 1759 438 1786 Petro
454 1759 524 1787 dixit
537 1760 560 1776 “
578 1768 584 1786 :
607 1769 617 1786 ι
634 1759 689 1787 Nisi
705 1760 798 1787 lavero
813 1765 857 1793 te,

64 1814 119 1834 non
148 1806 262 1832 habebis
287 1809 391 1840 partem
410 1812 528 1832 mecum.
548 1815 557 1831 ι
580 1806 689 1833 Certum
715 1811 757 1833 est
785 1806 858 1833 enim

63 1852 130 1886 quia
157 1858 236 1878 nemo
257 1851 341 1877 habet
360 1857 464 1884 partem
487 1858 549 1878 cum
576 1851 686 1878 Christo
704 1851 756 1878 nisi
780 1851 861 1878 fuerit

65 1898 138 1924 lotus
165 1901 192 1924 et
212 1896 336 1923 mundus.
354 1895 432 1927 Veni.
456 1903 564 1931 precor,
591 1896 704 1925 Domine
730 1896 793 1924 Jcsu
821 1897 858 1924 fili

63 1943 152 1970 David
164 1963 171 1975 ,
198 1950 266 1970 exue
296 1947 321 1969 te
338 1942 499 1970 vestimenta
515 1950 576 1977 qua:
603 1948 629 1970 tu
641 1962 648 1975 .
677 1943 805 1975 Domine,
819 1943 860 1969 in-

62 1989 148 2017 duisti
176 1994 287 2024 propter
310 1996 364 2022 me,
387 1994 416 2016 et
443 1989 589 2024 accingere
616 1994 726 2024 propter
747 1998 807 2023 me,
832 1994 860 2017 et

62 2037 144 2063 mitte
163 2043 261 2070 aquam
289 2035 315 2061 in
335 2034 447 2069 pelvim,
469 2039 496 2062 et
520 2035 579 2061 lava
609 2035 691 2069 pedes
719 2042 859 2062 servorum

63 2087 190 2113 tuorum,
219 2085 247 2107 ct
274 2081 346 2108 dilue
362 2081 455 2107 sordes
474 2081 593 2108 filiorum
618 2085 646 2107 et
661 2080 777 2107 ﬂliarum
799 2085 859 2107 tua-

63 2135 137 2155 rum.
151 2126 222 2154 Lava
236 2126 317 2160 pedes
328 2126 426 2153 animae
440 2131 554 2159 nostrae,
567 2130 596 2153 ut
611 2133 660 2153 nos
681 2130 706 2152 te
722 2125 860 2153 imitantes

913 208 1036 242 exprime
1050 209 1083 236 de
1108 209 1255 236 Israelitico
1268 209 1379 240 vellere.
1395 211 1522 246 Exprimo
1536 214 1607 240 enim
1623 216 1703 241 modo

914 261 1011 288 aquam
1032 261 1048 280 e
1071 253 1170 281 vellere
1199 254 1259 282 libri
1287 254 1428 289 Iudicum,
1453 262 1480 284 ct
1502 257 1556 285 alio
1583 262 1703 292 tempore

915 306 1011 332 aquam
1029 299 1063 326 de
1085 299 1183 327 vellere
1203 300 1373 336 Regnorum,
1391 307 1418 329 et
1434 310 1532 338 aquam
1550 303 1584 331 de
1604 303 1703 333 vellere

915 345 1003 376 Isaiae.
1022 344 1063 372 vel
1080 344 1225 373 Jeremiae:
1247 352 1275 373 et
1291 347 1368 374 mitto
1389 354 1449 374 eam
1475 348 1501 374 in
1525 348 1622 382 pelvim
1645 348 1703 374 ani-

915 399 966 419 ma!
977 412 985 425 ,
1003 393 1160 427 concipiens
1180 401 1291 421 sensum
1318 396 1343 422 in
1357 396 1440 423 corde
1462 403 1522 423 meo
1537 402 1545 422 :
1561 401 1586 423 et
1599 395 1703 430 accipio

914 438 996 472 pedes
1013 446 1105 465 eorum
1121 439 1166 473 qui
1179 445 1208 466 se
1229 440 1350 474 przebcnt
1365 445 1392 467 et
1410 445 1565 476 przeparant
1585 440 1619 468 ad
1643 448 1701 468 cm—

915 483 1033 509 nandum
1045 502 1053 515 ,
1072 487 1099 509 et
1115 483 1273 517 iuquantum
1288 485 1438 518 praivaleo,
1451 485 1542 512 lavare
1558 485 1638 520 cupio
1653 492 1702 519 pe-

915 529 962 555 des
989 526 1102 555 fratrum
1121 536 1243 555 meorum
1271 534 1299 556 et
1315 531 1453 564 complere
1473 532 1630 558 mandatum
1648 530 1701 557 Do-

915 577 979 603 mini
1001 586 1007 603 :
1027 581 1055 603 ut
1081 577 1106 604 iu
1129 578 1211 604 verbo
1229 578 1360 605 doctrinae
1372 582 1522 614 purgentur
1534 579 1672 606 auditores
1686 586 1701 604 a

914 623 1041 650 sordibus
1053 628 1225 658 peccatorum
1237 643 1245 656 ,
1256 628 1284 652 et
1303 624 1432 659 abjiciant
1446 631 1460 651 a
1482 631 1512 651 se
1529 632 1636 651 omnem
1652 625 1704 651 im-

915 669 1074 695 munditiam
1087 669 1230 701 vitiorum,
1243 674 1270 696 et
1284 671 1398 697 mundos
1413 670 1532 697 habeant
1549 670 1631 706 pedes
1643 671 1702 704 qui-

915 713 966 740 bus
984 718 1057 740 recte
1076 714 1262 749 ingrediantur
1279 715 1312 742 ad
1335 717 1562 750 pra-parationem
1579 716 1701 751 Evange-

915 757 943 785 lii
956 759 1031 792 pacis
1049 768 1056 786 :
1077 765 1105 786 ut
1129 767 1225 788 omnes
1250 760 1330 788 simul
1349 762 1374 788 in
1412 761 1520 788 Christo
1543 761 1607 790 Jesu
1626 762 1703 796 puri-

917 804 988 831 ficati
1004 811 1052 839 per
1064 806 1185 839 verbum,
1196 814 1248 833 non
1261 806 1421 840 abjiciamur
1431 808 1465 834 de
1479 807 1599 834 thalamo
1610 808 1701 842 sponsi

913 857 962 885 pro
983 850 1100 878 sordidis
1132 851 1314 885 indumentis;
1339 853 1386 880 sed
1415 853 1537 880 candidis
1565 853 1701 886 Vestibus,

913 896 976 923 lotis
992 897 1124 931 pedibus.
1138 898 1229 924 mundi
1249 898 1340 931 cerde,
1355 899 1546 925 recumbamus
1563 899 1588 926 in
1607 899 1701 925 convi—

914 943 958 969 vio
972 943 1064 977 sponsi
1077 942 1162 977 ipsius
1178 943 1283 971 Domini
1298 943 1383 970 nostri
1396 943 1459 970 Jesu
1471 943 1583 975 Christi,
1599 944 1641 970 cui
1659 947 1704 971 est

912 988 996 1024 gloria
1009 993 1037 1015 et
1050 988 1192 1024 imperium
1213 989 1239 1016 in
1254 989 1351 1016 szecula
1367 989 1539 1017 saeculorum.
1558 989 1655 1016 Amen.

1206 1054 1344 1082 IIOMILIA
1361 1054 1405 1082 IX.

934 1108 971 1136 De
985 1109 1077 1144 praiio
1094 1110 1163 1145 quod
1178 1108 1283 1137 Gedeon
1298 1118 1357 1151 cum
1374 1111 1497 1138 trecentis
1510 1111 1574 1138 viris
1589 1111 1677 1139 electi:

1260 1150 1351 1180 gessit.

950 1212 975 1238 1.
988 1212 1085 1247 ingens
1096 1216 1154 1239 erat
1164 1212 1307 1240 multitudo
1319 1219 1378 1247 qure
1389 1213 1530 1240 adversum
1543 1212 1624 1239 Israel
1636 1220 1698 1239 con-

915 1261 1023 1291 gregata
1037 1261 1088 1286 est.
1107 1257 1142 1284 ita
1160 1261 1189 1283 ut
1204 1257 1316 1284 locustis
1332 1265 1386 1292 pne
1404 1257 1574 1284 multitudine
1591 1257 1698 1284 confer-

913 1308 1018 1330 rentur.
1038 1311 1048 1328 ι
1065 1303 1097 1330 Et
1117 1303 1236 1336 cameli,
1255 1303 1344 1337 inquit
1356 1303 1394 1334 ’⁸,
1417 1311 1511 1330 eorum
1532 1304 1603 1331 sicut
1619 1311 1700 1331 arena

911 1355 972 1382 qua:
987 1352 1028 1375 est
1047 1348 1082 1375 ad
1099 1355 1176 1375 oram
1197 1348 1281 1375 maris
1298 1348 1517 1376 innumerabilis.
1535 1358 1544 1375 ι
1562 1348 1702 1382 Quomodo

910 1401 976 1424 ergo
993 1393 1050 1420 hazc
1062 1394 1180 1428 potuerit
1193 1397 1247 1420 tam
1263 1394 1405 1420 innumera
1423 1394 1568 1421 multitudo
1583 1394 1701 1421 hostium

910 1439 1047 1473 superari,
1067 1438 1206 1466 videamus
1221 1448 1227 1466 :
1245 1439 1385 1472 Exierunt,
1408 1440 1504 1474 inquit,
1526 1439 1580 1466 duo
1601 1445 1629 1467 et
1654 1440 1702 1467 tri-

911 1486 984 1519 ginta
1002 1485 1084 1511 millia
1097 1489 1262 1512 armatorum
1275 1491 1307 1512 ex
1322 1485 1384 1512 filiis
1397 1484 1479 1512 Israel
1497 1492 1559 1511 cum
1571 1484 1698 1512 Gedeona

909 1531 1040 1558 adversus
1064 1538 1171 1558 omnem
1198 1531 1276 1558 istam
1296 1531 1493 1558 multitudinem
1511 1537 1650 1565 pugnare.
1671 1530 1703 1558 Et

911 1576 981 1603 Deus
996 1582 1125 1610 responsa
1141 1575 1216 1603 dedit
1242 1576 1274 1603 ad
1290 1576 1399 1604 Gedeon
1416 1576 1510 1603 dicens
1522 1576 1544 1593 ⁸⁸
1559 1585 1565 1603 :
1583 1585 1593 1602 ‹
1613 1575 1702 1603 Gran-

911 1623 954 1650 dis
966 1621 1110 1649 multitudo
1132 1626 1175 1649 est
1196 1626 1297 1649 tecum.
1316 1631 1325 1648 ι
1346 1622 1379 1649 Ει
1406 1621 1470 1656 quid
1486 1621 1508 1649 si
1530 1623 1641 1657 grandis
1661 1627 1703 1650 cst

910 1668 1073 1696 multitudo?
1098 1668 1193 1695 Nonne
1211 1668 1237 1695 in
1261 1668 1340 1695 bellis
1370 1668 1544 1696 numerosior
1565 1669 1702 1696 exercitus

912 1716 1009 1742 tutiora
1028 1719 1139 1749 praestat
1154 1714 1273 1742 subsidia
1288 1714 1365 1749 (84)?
1380 1713 1558 1749 Nequaquam
1571 1734 1579 1746 ,
1597 1714 1700 1748 inquit.

910 1762 973 1796 quia
988 1768 1041 1788 non
1057 1765 1121 1788 sunt
1137 1761 1253 1787 humana
1270 1760 1362 1794 prmlia
1376 1769 1382 1787 :
1401 1768 1454 1787 uon
1468 1761 1541 1788 enirn
1557 1761 1628 1787 sicut
1651 1760 1701 1786 lm-

913 1815 1009 1840 mana,
1036 1807 1072 1834 ita
1093 1812 1120 1834 et
1137 1806 1226 1833 divina
1246 1805 1340 1841 praelia
1366 1811 1544 1841 peraguntur.
1563 1805 1621 1833 Non
1643 1806 1702 1833 eili-

910 1853 981 1879 citur
1003 1852 1106 1879 clarum
1122 1851 1220 1878 divinae
1235 1852 1344 1878 virtutis
1361 1859 1445 1886 opus,
1466 1851 1489 1878 si
1515 1851 1640 1878 humanis
1655 1852 1704 1878 ad-

911 1897 1047 1925 miniculis
1073 1896 1212 1929 fulciatur,
1231 1897 1296 1931 quia
1315 1907 1324 1923 ι
1348 1904 1400 1924 ιιοιι
1426 1897 1456 1924 ιιι
1482 1896 1574 1924 salvus
1598 1905 1646 1924 rex
1674 1898 1701 1925 in

911 1942 1083 1970 multitudine
1109 1941 1216 1969 virtutis
1233 1949 1288 1969 suaI
1299 1942 1333 1970 “.
1352 1951 1362 1968 ι
1388 1941 1428 1969 Nc
1441 1941 1511 1969 forte
1526 1949 1590 1977 ergo
1603 1941 1703 1976 gloria-

912 1994 987 2017 retur
1001 1989 1083 2017 lsrael
1105 1994 1133 2017 et
1147 1989 1278 2024 jactautia
1293 1989 1414 2016 victoria:
1432 1993 1537 2023 partem
1553 1995 1701 2022 prtesume-

912 2041 968 2070 ret,
986 2039 1130 2070 propterea
1148 2034 1216 2062 dicit
1238 2034 1365 2061 Dominus
1382 2034 1415 2061 ad
1427 2033 1536 2060 Gedeon
1548 2033 1570 2048 "
1585 2040 1592 2060 :
1607 2042 1616 2059 ι
1635 2033 1702 2061 Mui-

912 2085 955 2107 tus
968 2086 1008 2107 est
1024 2080 1140 2115 populus
1159 2084 1248 2106 tecum
1267 2086 1274 2105 :
1293 2086 1347 2105 non
1363 2077 1467 2105 tradam
1480 2077 1585 2104 Madian
1602 2077 1629 2105 in
1645 2085 1702 2105 ma-

913 2134 963 2153 nus
993 2133 1106 2159 eorum,
1121 2132 1156 2152 ne
1182 2125 1250 2152 forte
1266 2124 1383 2151 exsultet
1400 2125 1542 2151 adversum
1561 2131 1604 2151 me
1617 2123 1701 2152 lsrael

63 2179 93 2201 et
103 2177 242 2201 sectantes
257 2179 388 2199 exuamus
400 2179 449 2199 nos
461 2177 552 2199 vetera
565 2172 737 2203 vestimenta,
747 2176 773 2198 et
784 2172 858 2198 dica-
876 2170 897 2197 D
912 2172 1016 2203 dicens,
1031 2171 1096 2206 quia
1109 2178 1206 2198 manus
1220 2178 1278 2197 mea
1289 2169 1393 2197 salvum
1410 2176 1452 2196 tne
1467 2169 1540 2197 fecit.
1554 2168 1701 2204 Propterea

62 2227 126 2247 ntus
149 2219 172 2234 ¹⁴
193 2229 199 2246 :
218 2227 228 2244 ς
247 2217 332 2245 Nocte
369 2217 432 2244 exui
462 2225 505 2245 me
529 2218 722 2245 vestimentum
748 2225 857 2250 meum,

61 2265 202 2300 quomodo
230 2265 339 2292 induam
370 2265 454 2292 illud?
473 2274 482 2291 ι
515 2264 549 2291 Ει
577 2265 676 2292 iterum
703 2264 825 2292 dicamus
850 2273 857 2291 :

64 2320 74 2336 ι
96 2311 161 2337 Lavi
180 2310 262 2345 pedes
275 2318 360 2343 meos,
375 2311 512 2345 quomodo
527 2310 673 2338 sordidabo
687 2310 756 2338 eos?
769 2319 779 2336 ι
793 2309 858 2337 Sta-

63 2357 112 2384 tim
138 2363 255 2391 namque
270 2361 298 2383 ut
312 2356 413 2383 laveris
428 2357 512 2391 pedes
530 2363 623 2389 meos,
648 2357 730 2384 etiam
754 2364 858 2384 recum-

61 2403 129 2430 bere
155 2409 198 2429 me
220 2402 305 2429 facias
328 2406 417 2429 tecum
437 2407 466 2429 ut
482 2403 591 2430 audiam
604 2403 652 2430 abs
667 2406 693 2430 te
708 2403 730 2418 "
748 2411 755 2429 :
776 2410 785 2428 ι
805 2402 859 2430 Vos

61 2448 168 2476 vocatis
195 2455 238 2476 me
262 2449 393 2483 magister
405 2452 432 2475 et
458 2447 583 2482 Domine,
606 2453 635 2475 et
651 2453 724 2475 recte
745 2448 856 2475 dicitis:

61 2501 123 2520 sum
147 2494 263 2520 etenim.
277 2492 306 2520 Si
321 2500 385 2528 ergo
403 2501 453 2528 ego
471 2493 600 2520 Dominus
615 2499 642 2520 et
655 2494 783 2528 magister
803 2493 855 2520 lavi

62 2540 146 2574 pedes
167 2545 290 2571 vestros.
318 2543 345 2567 et
356 2547 403 2567 vos
430 2539 590 2566 alterutrum
617 2540 700 2574 pedes
723 2539 823 2567 lavate.
843 2548 853 2565 ι

63 2584 131 2612 Volo
155 2591 220 2620 ergo
239 2590 266 2612 et
281 2592 330 2620 ego
347 2585 438 2612 lavare
463 2586 545 2620 pedes
572 2584 687 2612 fratrum
713 2592 854 2618 meorum,

62 2631 157 2658 lavare
169 2631 252 2666 pedes
259 2631 507 2666 condiscipulorqu
521 2639 654 2658 meorunt.
668 2631 700 2658 Et
713 2636 854 2666 propterea

100 2687 122 2702 "
137 2685 232 2713 Matth.
257 2694 300 2718 Il,
314 2686 359 2712 57.

64 2722 87 2736 “
102 2721 179 2749 Joau.
201 2729 261 2753 λιιι,
278 2721 305 2748 8.
342 2721 364 2736 "
378 2721 454 2748 Cant.
475 2729 499 2754 ν,
511 2721 539 2748 5.
575 2722 596 2736 ¹⁷
612 2720 690 2749 Joau.
706 2729 770 2754 xui,
782 2721 825 2753 i3,
841 2723 849 2748 l

928 2722 937 2738 ³
951 2721 1013 2749 Jud.
1030 2730 1065 2754 ιι,
1080 2722 1106 2749 εί.

65 2757 85 2771 ³¹
110 2756 171 2784 Jud.
192 2757 281 2788 “1.2,
296 2756 322 2782 5.

405 2686 428 2701 ’°
448 2685 510 2713 Jud.
524 2694 559 2720 vt,
575 2686 619 2712 37.
658 2687 679 2702 ¹¹
697 2686 792 2713 Matth.
822 2693 867 2717 ιιι,
892 2687 936 2714 12.
976 2687 998 2702 ¹²
1019 2686 1086 2714 Ilcb.
1102 2694 1138 2714 xu.
1151 2684 1195 2720 Ἠ,

913 2218 1023 2252 loquere
1055 2218 1083 2244 in
1108 2216 1221 2244 auribus
1245 2215 1355 2251 populi,
1379 2215 1498 2242 dicens:
1521 2214 1570 2247 Qui
1594 2215 1704 2242 timidus

911 2268 954 2292 est
978 2269 1007 2291 et
1030 2263 1223 2290 formidolosus
1239 2262 1331 2294 corde,
1355 2267 1517 2290 revertatur.
1541 2261 1574 2288 Et
1599 2261 1702 2289 reversi

912 2315 976 2337 sunt
987 2310 1022 2337 de
1034 2314 1125 2336 monte
1139 2308 1239 2336 Galaad
1262 2308 1295 2335 de
1312 2307 1412 2343 populo
1430 2306 1524 2342 viginti
1546 2307 1599 2334 duo
1618 2306 1702 2333 millia

912 2355 976 2387 viri,
1001 2358 1028 2381 et
1057 2357 1248 2381 remanserunt
1273 2354 1366 2379 decem
1397 2351 1492 2378 millia.
1521 2360 1531 2377 ι
1559 2350 1704 2378 Videamus

912 2408 977 2435 ergo
995 2400 1083 2434 primo
1097 2399 1161 2434 quid
1183 2402 1224 2425 est
1240 2398 1311 2432 quod
1330 2397 1396 2425 dicit
1415 2406 1422 2424 :
1438 2405 1447 2422 ι
1466 2396 1588 2423 Timidus
1605 2401 1631 2423 et
1647 2395 1704 2423 fur-

913 2443 1062 2471 tnidolosus
1089 2442 1187 2475 corde;
1207 2451 1216 2468 »
1233 2443 1287 2469 duo
1301 2441 1376 2468 enim
1396 2441 1468 2468 dicta
1493 2445 1555 2467 sunt
1577 2439 1703 2467 humanas

913 2489 1065 2525 fragilitatis
1080 2489 1178 2516 indicia
1191 2509 1198 2520 .
1214 2488 1314 2523 quibus
1337 2487 1461 2522 arguitur
1478 2487 1596 2513 humana
1619 2484 1702 2520 fragi-

911 2535 1030 2569 litas,id
1041 2540 1082 2562 est
1106 2534 1192 2562 timidi
1217 2539 1245 2562 et
1267 2532 1436 2561 formidolosi
1460 2531 1552 2559 corde.
1580 2530 1703 2558 Timidus

910 2587 1000 2617 potest
1025 2581 1111 2608 videri
1133 2586 1161 2608 et
1174 2581 1219 2608 ille
1234 2580 1279 2615 qui
1295 2580 1383 2614 primo
1398 2582 1509 2612 aspectu
1527 2577 1644 2612 trepidat
1667 2577 1703 2605 ad

909 2635 1103 2663 congressum,
1127 2635 1181 2655 non
1202 2632 1291 2654 tamen
1309 2632 1366 2653 toto
1385 2625 1468 2652 corde
1494 2629 1627 2656 terretur.
1655 2624 1703 2651 sed

1240 2683 1262 2699 ¹³
1278 2683 1356 2711 Joau.
1371 2690 1430 2710 χιιι.
1475 2681 1497 2698 ’⁵
1515 2680 1594 2709 Joau.
1612 2688 1660 2711 xv.
1676 2680 1702 2707 5.

1145 2721 1167 2736 ’ν
1185 2718 1248 2746 Jud.
1268 2726 1315 2751 vn,
1334 2719 1362 2745 2.
1399 2719 1421 2733 ⁸⁰
1444 2717 1514 2745 Psal.
1543 2725 1636 2749 usu,
1662 2716 1702 2742 l6.

98 2816 153 2851 \85)
170 2815 249 2844 Ltbb.
269 2815 344 2848 cditi,
362 2824 370 2841 ι
388 2816 525 2844 exercitus
540 2821 649 2852 prmstat
664 2821 690 2844 ct
704 2821 741 2844 est
758 2817 840 2844 tutior
855 2816 888 2844 ad
901 2816 1032 2844 subsidia.
1053 2825 1060 2840 ι
1081 2815 1142 2842 ilss.
1163 2821 1186 2841 ut
1207 2815 1230 2841 iu
1254 2819 1347 2841 nostro
1363 2818 1449 2841 textu.
