1888 3051
197 101 247 128 987

936 103 1098 132 ORIGENIS

199 158 319 192 reparari
338 163 363 185 et
380 159 493 186 animari
508 159 596 187 denuo
612 164 713 194 potest.
729 160 932 188 Formidoiosus
948 165 990 188 est
1005 163 1026 191 Α
1042 161 1067 188 in
1083 161 1125 188 his
1140 161 1184 195 qui
1202 160 1318 187 militant
1330 160 1450 192 veritati,
1466 160 1513 187 sed
1526 164 1554 188 et
1569 160 1615 194 qui
1631 160 1755 188 militant
1767 161 1829 192 Dee,

198 209 288 230 autent
307 205 353 238 qui
366 205 421 239 jutn
437 205 514 239 quasi
529 205 697 232 inolescente
716 206 799 238 vitio,
815 206 897 233 etiam
911 211 988 233 ante-

198 255 280 282 quam
297 248 387 275 videat
407 249 475 275 mala
487 270 494 282 ,
513 249 569 276 sola
587 249 754 284 cogitatione
777 255 905 282 terretur,
919 250 988 286 geli-

199 295 262 322 dam
285 303 334 329 per
350 296 468 322 membra
491 295 664 324 formidinem
685 296 812 329 volvens,
829 297 864 322 ita
882 301 912 323 ut
935 304 988 323 non

202 346 255 368 tam
276 347 419 376 conspectu
441 342 572 369 malorum
584 362 592 374 ,
607 350 688 377 quam
710 343 769 377 ipso
784 343 879 369 auditu
897 348 924 370 et
939 352 988 370 ex-

200 387 368 420 spectatione
383 387 521 420 :solvatnr,
546 393 573 415 et
599 388 660 415 ideo
679 388 782 415 addidit
797 398 804 415 ε
822 398 830 414 ι
847 389 988 417 Formido-

200 432 273 458 iosns
284 433 376 460 corde.
395 443 405 459 ι
422 433 449 460 in
466 435 550 461 corde
569 435 705 469 enimjam
724 435 775 461 hoc
790 440 817 462 et
835 435 859 461 in
876 436 988 462 interio-

199 476 274 504 ribus
293 478 376 504 animi
395 478 513 505 deﬁxum
538 479 633 506 vitium
650 484 750 506 manet.
768 480 835 506 Num
851 488 916 515 ergo
931 481 988 516 (85)

198 522 314 549 dicimus
328 523 391 558 quia
414 529 477 552 tunc
497 527 684 553 tantummodo
700 526 809 554 Gedeon
826 527 933 554 dicebat
955 528 988 554 ad

199 568 325 601 populum
338 577 346 595 :
364 570 391 595 Si
405 570 467 604 quis
477 576 519 598 est
531 572 640 599 timidus
650 577 676 599 et
688 572 881 600 formidolosus
896 574 987 605 corde,

199 612 322 640 discedat
341 621 373 640 es
391 614 497 648 populis
508 635 516 646 ,
532 615 600 642 bella
616 617 739 648 deserat,
752 618 903 645 certamina
917 618 988 644 viro-

201 665 260 684 rum
284 658 396 686 fortium
419 660 609 696 derelinquat?
634 662 701 689 Nam
727 667 754 689 et
771 663 850 690 hodie
863 663 988 698 princeps

200 703 304 731 militize
325 710 424 732 nostra:
437 705 569 735 Dominus
587 712 615 735 et
627 708 754 736 Salvator
765 708 845 736 Jesus
865 709 988 737 Christus

198 747 298 776 clamat
318 749 353 777 ad
375 751 474 778 milites
495 759 559 779 suos
573 752 628 788 (86)
648 758 675 780 et
689 753 775 781 dicit:
790 755 818 781 Si
841 755 902 789 quis
918 755 988 782 tinti-

199 792 249 820 dns
264 798 291 820 et
305 794 498 824 formidolosus
521 798 604 825 corde
626 804 684 831 est,
708 800 742 826 ad
764 807 822 827 mea
848 800 916 827 bella
935 809 986 828 non

198 837 280 872 4⁵17
296 840 396 867 veniat.
409 840 466 868 Hoc
481 842 552 868 enim
568 847 610 870 est
623 843 695 876 quod
711 845 820 878 quidem
839 845 900 872 aliis
927 853 988 872 ver-
1005 836 1026 863 Β

200 883 240 909 lns
254 883 350 910 eodem
370 889 460 913 tamen
476 893 557 914 sensu
575 887 601 914 in
614 887 762 923 Evangelia
779 890 875 916 dicit”
895 899 922 917 ς(
936 891 987 924 Qui

199 935 253 954 non
271 929 339 955 tollit
350 937 460 958 erucem
475 939 551 959 suam
569 937 596 959 et
611 933 737 968 sequitur
749 941 803 968 me,
825 942 877 963 non
891 941 933 963 est
946 944 988 962 me

199 973 311 1007 dignus;
330 983 340 1000 ι
355 980 406 1002 et:
427 985 436 1002 ‹
455 977 504 1010 Qui
533 985 585 1005 non
616 979 704 1006 oderit
729 985 834 1014 patrem
860 989 938 1009 suum
962 986 990 1010 et

199 1024 313 1047 matrem
328 1024 355 1048 et
371 1021 471 1050 fratres
487 1031 553 1051 suos
569 1029 597 1051 et
615 1032 736 1057 sorores,
759 1026 870 1061 insuper
886 1032 913 1054 et
929 1028 990 1054 ani-

199 1071 270 1091 mam
287 1073 373 1100 suam,
391 1075 444 1094 non
460 1073 502 1096 est
517 1077 559 1097 me
572 1070 679 1105 dignus.
700 1082 709 1098 ι
728 1071 761 1098 Ει
779 1072 892 1100 iterum:
911 1082 920 1099 ι
937 1073 988 1107 Qui

198 1116 252 1136 non
268 1112 464 1140 renuntiaverit
492 1115 616 1142 omnibus
634 1123 694 1150 qua;
719 1118 851 1152 possidet,
873 1126 924 1145 non
941 1126 989 1153 po-

199 1158 253 1182 test
269 1163 344 1183 tneus
371 1164 431 1186 esse
444 1158 604 1194 discipulus.
622 1170 631 1186 »
653 1161 747 1189 Nonne
772 1162 799 1189 in
826 1163 868 1191 his
899 1165 988 1191 verbis

197 1201 339 1229 evidenter
366 1203 475 1231 timidos
497 1211 525 1232 et
549 1205 741 1235 formidolosos
767 1216 782 1235 e
807 1210 904 1236 castris
932 1211 989 1238 suis

198 1246 322 1274 Christus
337 1254 446 1283 separat
460 1254 488 1278 et
499 1252 636 1278 secernit?
651 1252 752 1280 Omnes
778 1254 860 1288 igitur
877 1255 923 1290 qui
940 1256 989 1283 Ini-

200 1292 285 1319 litiam
299 1293 400 1320 Christi
418 1296 494 1329 sequi
509 1296 602 1329 vultis,
617 1298 663 1331 qui
679 1299 706 1325 in
720 1299 818 1326 castris
834 1300 918 1334 ipsius
929 1308 989 1329 esse

200 1339 372 1371 desideratis,
392 1340 486 1373 procul
503 1348 518 1367 a
533 1342 609 1369 vobis
628 1342 752 1371 timorem
768 1345 877 1378 utentis,
893 1347 988 1380 procul

198 1383 289 1410 cordis
299 1384 427 1417 expellite
437 1385 621 1419 formidinem,
632 1392 661 1414 ut
669 1395 731 1415 cum
744 1389 904 1416 confidentia
916 1391 988 1418 dicat

200 1427 277 1454 miles
285 1428 384 1455 Christi
396 1429 433 1457 ”:
446 1439 454 1455 ι
465 1430 493 1457 Si
506 1431 657 1459 consistant
671 1432 814 1461 adversum
829 1441 872 1461 me
886 1440 986 1467 castra,

199 1480 253 1500 non
268 1474 373 1501 timebit
387 1483 436 1502 cor
450 1483 549 1503 meum.
564 1477 594 1504 Si
608 1483 735 1512 exsurgat
748 1479 775 1506 in
791 1487 834 1506 me
850 1480 984 1514 praelium,
1002 1496 1023 1525 ο

200 1520 227 1546 in
240 1520 290 1547 hoc
301 1527 350 1555 ego
364 1523 489 1555 sperabo.
507 1532 516 1549 ι
531 1523 706 1552 Confidenter
719 1525 792 1553 dicat
804 1526 828 1542 ”
841 1535 849 1552 :
867 1535 877 1552 ί
897 1526 990 1554 Domi-

199 1573 250 1592 nus
269 1565 430 1595 iiluminatio
456 1576 514 1595 mea
532 1574 559 1596 et
582 1570 656 1598 salus
676 1579 747 1604 mea,
774 1579 854 1606 quem
872 1572 989 1600 timebo?

200 1609 329 1638 Dominus
342 1616 477 1645 protector
502 1615 658 1648 vitaet-neas,
677 1623 690 1643 a
707 1624 762 1651 quo
790 1618 954 1651 trepidabo?
976 1628 986 1645 ι

199 1656 254 1684 Sed
271 1665 305 1684 ne
322 1666 371 1686 nos
388 1659 525 1687 deterreat
553 1660 614 1688 talis
631 1662 681 1688 ista
697 1663 804 1695 militia,
819 1663 887 1690 nihil
914 1663 940 1690 in
960 1671 989 1692 se

200 1703 318 1737 diiiicile,
331 1705 397 1732 nihil
413 1706 538 1738 arduum,
554 1711 600 1733 aut
611 1707 782 1742 impossibile
793 1709 927 1738 continet.
943 1708 990 1737 \‘is

200 1750 272 1777 scire
287 1758 368 1784 quam
385 1750 463 1779 facile
477 1753 512 1780 sit
525 1753 639 1788 implere
653 1754 711 1781 lizec
728 1754 754 1781 in
781 1755 834 1782 fide
849 1755 989 1782 militanti-

199 1795 268 1822 bus?
284 1795 377 1824 Solent
399 1797 425 1823 in
451 1797 511 1825 istis
533 1799 634 1826 castris
659 1807 730 1834 sape
752 1800 835 1827 etiam
861 1800 990 1829 mulieres

200 1842 319 1875 vincere,
336 1843 466 1878 quianon
479 1846 604 1879 carperis
622 1847 728 1879 robore,
747 1847 794 1874 sed
810 1847 872 1874 ﬁdei
889 1848 990 1874 virtute

199 1893 345 1922 pugnatur.
369 1888 398 1915 in
420 1890 607 1924 superioribus
622 1892 648 1918 in
668 1892 720 1919 hoc
731 1892 791 1926 ipso
809 1892 899 1919 libello
914 1891 990 1919 .Indi-

198 1941 259 1960 cum
275 1934 389 1969 legimus
409 1935 443 1962 de
457 1935 587 1963 Debbora:
609 1937 733 1965 mulieris
756 1938 916 1972 trittmphis,
940 1946 990 1967 nec

200 1979 345 2006 femineam
375 1985 491 2008 mentem
517 1981 657 2008 muliebris
676 1981 731 2018 (87)
754 1981 872 2010 formido
898 1983 990 2010 turba-

201 2025 248 2051 vit.
267 2025 336 2057 Quid
360 2033 410 2061 ego
433 2027 503 2054 illam
530 2028 698 2062 magnificam
722 2033 749 2055 et
765 2029 883 2056 omnium
908 2030 987 2058 femi-

201 2079 296 2097 narum
320 2072 517 2099 nobilissimam
540 2081 688 2100 memorem
712 2073 824 2101 Judith?
847 2083 907 2110 quae
932 2076 985 2111 jam

199 2115 314 2150 perditis
328 2124 397 2150 pene
426 2117 507 2144 rebus
527 2125 583 2144 non
598 2118 730 2145 dubitavit
744 2119 799 2145 sola
817 2127 984 2152 succurrere,

1040 213 1092 232 non
1108 205 1241 238 corporis,
1260 205 1308 232 sed
1325 204 1409 231 animi
1434 205 1566 232 fortitudo
1581 205 1732 240 requiritur
1748 216 1755 232 z
1770 213 1830 239 quis

1040 250 1203 285 nonjacuiis
1232 250 1339 281 ferreis,
1369 249 1417 276 sed
1441 250 1595 277 orationum
1623 250 1688 277 telis
1716 250 1831 277 vit-toria

1039 297 1180 331 quaeritur,
1196 301 1223 324 et
1238 296 1304 324 fides
1316 301 1358 324 est
1372 303 1433 331 quae
1452 296 1479 324 in
1492 298 1644 325 certamine
1656 297 1831 325 tolerantiam

1040 343 1150 376 prtebet.
1167 342 1243 370 Unde
1258 347 1285 370 et
1300 347 1410 370 sanctus
1423 342 1569 377 Apostolus
1593 343 1626 369 ad
1639 343 1832 376 hujuscemodi

1039 385 1106 413 bella
1122 387 1206 413 armis
1218 386 1445 413 convenientibus
1463 387 1574 413 instruit
1604 387 1707 414 milites
1731 387 1782 415 Dei
1794 388 1834 415 di.

1039 439 1103 459 cens
1119 432 1162 457 "2
1182 440 1191 457 α
1210 431 1286 459 State
1313 439 1379 467 ergo
1392 433 1491 460 -indnti
1516 432 1628 460 loricam
1651 433 1780 467 justitia,
1806 439 1834 461 et

1039 477 1171 505 succincti
1190 478 1296 505 lutnbos
1311 483 1416 505 vestros
1431 478 1456 504 in
1476 479 1602 511 veritate,
1620 479 1669 506 sed
1684 483 1713 506 et
1725 479 1831 515 galeam

1039 524 1135 550 salutis
1147 524 1274 558 accipite,
1291 529 1318 551 et
1341 525 1462 559 gladium
1485 525 1597 558 spiritus
1614 534 1622 552 :
1641 533 1727 557 super
1742 526 1832 552 omnia

1039 574 1129 596 autem
1141 576 1246 597 scutum
1265 571 1325 597 lidci
1342 571 1483 603 assumite,
1496 572 1523 598 in
1538 578 1592 605 quo
1606 571 1725 605 possitis
1744 571 1832 606 iacula

1040 616 1147 651 maligni
1163 616 1245 651 ignita
1257 617 1440 651 exstinguere,
1456 617 1503 645 sed
1528 621 1555 644 et
1570 616 1688 644 calceati
1705 618 1791 652 pedes
1806 619 1832 644 iu

1039 661 1234 696 praeparatione
1247 661 1383 697 Evangelii
1401 662 1494 696 pacis;
1512 671 1522 688 ι
1539 667 1566 689 et
1578 663 1631 689 hoc
1645 662 1730 690 modo
1743 670 1832 690 arma-

1041 711 1082 734 tos
1097 707 1190 734 tollere
1218 707 1346 735 vexillum
1364 708 1455 735 erucis
1483 707 1599 740 Christi,
1615 713 1645 736 et
1661 709 1743 744 sequi
1758 715 1831 736 cum.

1040 753 1114 781 Licet
1126 759 1214 781 tamen
1227 755 1308 781 etiam
1324 755 1374 781 hoc
1390 754 1415 782 in
1430 754 1526 781 militia
1538 753 1653 787 Christi,
1680 759 1712 782 ut
1726 755 1750 782 si
1764 754 1834 782 forte

1039 799 1183 833 aliquando
1199 799 1354 827 inferiorem
1380 804 1406 827 te
1422 799 1525 826 viribus
1547 800 1671 828 senseris
1690 800 1717 826 in
1737 807 1833 833 pcne-

1041 845 1205 877 cutionibus,
1219 849 1248 872 et
1261 852 1314 872 non
1328 852 1434 879 aequum
1451 845 1499 872 tibi
1515 845 1661 872 adversum
1674 845 1832 872 crudelita-

1041 894 1094 917 tem
1110 890 1217 925 tyranni
1235 897 1283 924 per
1298 890 1473 925 fragilitatem
1499 890 1623 925 corporis
1648 890 1757 918 videris
1773 897 1835 918 esse

1040 940 1190 966 certamen,
1211 935 1276 962 dare
1292 935 1379 962 locum
1392 935 1450 967 ira,
1466 940 1494 962 et
1506 935 1600 970 fugere
1612 935 1646 963 de
1662 935 1725 963 loco
1738 935 1773 962 ad
1798 936 1837 962 lo-

1040 988 1099 1008 cum
1111 989 1119 1009 :
1134 988 1182 1008 nec
1193 981 1239 1008 tibi
1253 981 1280 1008 in
1292 980 1343 1008 hoc
1351 980 1499 1008 ascribitur
1511 981 1629 1008 militare
1640 981 1835 1008 commissum.

1040 1026 1202 1061 Designatur
1215 1025 1266 1053 hoc
1279 1026 1361 1053 etiam
1376 1026 1403 1053 in
1417 1026 1521 1060 legibus
1536 1025 1637 1054 Christi
1653 1025 1777 1053 dicentis
1789 1026 1812 1041 ³⁷
1827 1034 1835 1053 :

1042 1080 1052 1097 ι
1071 1070 1100 1098 Si
1112 1078 1160 1098 vos
1177 1071 1313 1105 persecuti
1328 1070 1428 1098 fuerint
1451 1070 1479 1097 in
1494 1070 1545 1097 hac
1557 1070 1680 1102 civitate,
1703 1069 1794 1104 fugite
1810 1070 1836 1096 in

1039 1117 1129 1144 aliam.
1145 1127 1155 1143 ι
1169 1117 1281 1145 Summa
1294 1124 1411 1152 namque
1423 1117 1462 1144 rei
1477 1120 1529 1148 est,
1541 1115 1636 1144 .lesum
1648 1123 1733 1150 quem
1746 1116 1836 1144 semei

1039 1161 1181 1190 confessus
1195 1169 1234 1195 es,
1265 1169 1318 1189 non
1345 1169 1453 1196 negare.
1479 1162 1590 1189 Certum
1611 1167 1654 1189 est
1669 1162 1745 1189 enim
1761 1163 1837 1197 quod

1039 1207 1177 1235 Christum
1193 1207 1340 1234 confitetur
1370 1206 1426 1239 ille,
1450 1207 1497 1242 qui
1520 1211 1665 1241 propterea
1691 1206 1776 1241 fngit,
1804 1215 1838 1234 no

1040 1258 1133 1288 neget.
1164 1252 1194 1280 Si
1216 1252 1277 1288 quis
1301 1259 1368 1287 ergo
1394 1252 1506 1279 timidus
1531 1257 1574 1279 est
1593 1257 1620 1280 et
1639 1252 1838 1280 formidolosus

1039 1301 1131 1333 corde,
1148 1299 1269 1327 discedat
1281 1306 1295 1325 a
1307 1299 1415 1331 castris,
1437 1302 1594 1325 revertatur
1612 1297 1726 1325 domum
1741 1305 1836 1329 suam.

1040 1352 1073 1371 ne
1084 1344 1237 1378 exemplum
1251 1342 1355 1370 timoris
1370 1347 1398 1370 et
1411 1341 1565 1369 formidinis
1577 1343 1686 1369 cazteris
1698 1341 1836 1376 praheat.

1042 1389 1087 1417 Vis
1098 1394 1188 1417 autem
1205 1390 1297 1418 videre
1313 1389 1406 1425 quanti
1418 1387 1542 1416 criminis
1555 1387 1591 1415 sit
1607 1387 1721 1415 timidus
1734 1391 1763 1414 et
1779 1387 1836 1415 for-

1040 1435 1204 1462 midolosus?
1217 1435 1245 1462 In
1257 1433 1418 1470 Apocalypsi
1434 1433 1478 1460 ubi
1490 1436 1688 1460 enumerantur
1709 1432 1728 1460 ii
1745 1433 1795 1467 qui
1810 1433 1836 1459 in

1041 1486 1166 1515 stagnum
1182 1481 1252 1515 ignis
1265 1479 1387 1508 mittendi
1402 1483 1467 1506 sunt
1479 1478 1511 1510 ³³,
1535 1478 1571 1505 ibi
1591 1482 1652 1505 ante
1683 1486 1787 1506 omnes
1801 1480 1837 1506 ti-

1042 1526 1128 1553 midos
1140 1531 1167 1553 et
1180 1525 1369 1553 formidolosos
1382 1523 1468 1559 ponit,
1483 1530 1545 1550 cum
1557 1523 1655 1557 quibus
1666 1527 1695 1550 et
1707 1523 1838 1552 inﬁdeles

1039 1576 1067 1599 et
1079 1570 1260 1599 fornicatores
1273 1575 1302 1598 et
1312 1570 1430 1597 vinarios
1443 1569 1565 1603 deputat.
1593 1568 1639 1596 Sic
1652 1568 1725 1596 inter
1738 1569 1838 1604 ingen-

1042 1617 1077 1644 tia
1091 1621 1118 1649 et
1132 1616 1249 1644 nefanda
1263 1615 1376 1643 crimina
1399 1613 1508 1642 timoris
1519 1619 1547 1640 et
1560 1613 1716 1641 formidinis
1727 1615 1837 1642 crimen

1040 1663 1163 1698 ponitur.
1178 1662 1240 1689 Haec
1253 1667 1344 1689 autem
1359 1660 1477 1688 diximus
1488 1665 1599 1696 propter
1622 1667 1670 1688 eos
1682 1661 1729 1696 qui
1743 1662 1838 1695 primo

1040 1709 1114 1736 velut
1137 1708 1224 1736 timidi
1249 1712 1276 1736 et
1299 1706 1468 1735 fortnidoiosi
1490 1707 1573 1735 corde
1596 1706 1775 1734 dimittuntur
1805 1708 1838 1735 de

1039 1754 1148 1781 castris.

1075 1799 1101 1825 2.
1115 1799 1169 1826 Sed
1183 1803 1359 1834 posteaquam
1383 1799 1435 1826 ista
1448 1797 1543 1832 viginti
1565 1799 1620 1826 duo
1633 1798 1717 1826 millia
1728 1798 1839 1827 disces-

1040 1849 1145 1879 serunt,
1163 1844 1237 1872 addit
1251 1845 1338 1872 adituc
1350 1852 1442 1872 sermo
1466 1843 1584 1876 divinus,
1597 1848 1624 1871 et
1645 1844 1714 1872 dicit
1728 1845 1765 1872 ad
1781 1845 1837 1872 Ge-

1040 1891 1129 1918 deon:
1148 1899 1157 1916 ι
1173 1890 1279 1924 Adhuc,
1292 1891 1380 1925 inquit
1399 1890 1433 1922 ",
1452 1889 1569 1924 populus
1595 1889 1696 1916 multus
1717 1895 1776 1923 est,
1790 1892 1837 1918 de-

1040 1943 1109 1971 pone
1120 1943 1168 1964 eos
1180 1937 1213 1964 ad
1226 1944 1324 1972 aquam
1338 1941 1366 1964 et
1377 1937 1414 1964 ibi
1425 1944 1472 1964 eos
1487 1937 1608 1972 probabo
1629 1935 1690 1963 tibi.
1712 1945 1721 1962 ι
1739 1936 1777 1964 Ut
1795 1938 1836 1964 vi-

1040 1983 1105 2016 deo,
1121 1983 1157 2010 illi
1172 1984 1219 2018 qui
1233 1983 1313 2017 primi
1341 1983 1478 2017 reprobati
1503 1987 1584 2015 sunt,
1605 1989 1656 2009 nec
1679 1982 1706 2009 in
1730 1989 1836 2016 aquam

1040 2027 1247 2059 descenderant,
1261 2027 1307 2055 sed
1319 2027 1408 2055 adhuc
1428 2034 1458 2054 se
1471 2028 1681 2055 catechumenos
1703 2028 1836 2063 designa-

1040 2073 1115 2106 bant,
1128 2077 1156 2099 et
1170 2072 1305 2100 intantum
1321 2072 1474 2100 formidinis
1486 2073 1554 2100 vitio
1567 2072 1693 2100 deterriti
1707 2078 1787 2105 sunt,
1805 2078 1835 2099 ut

1041 2126 1091 2146 nec
1101 2118 1135 2145 ad
1161 2118 1301 2146 lavacrum
1325 2118 1445 2146 salutare
1468 2118 1691 2145 descenderent:
1717 2118 1757 2145 iiii
1769 2127 1835 2155 ergo

202 2165 287 2192 seque
298 2165 433 2194 snnmque
444 2167 526 2195 caput
539 2161 728 2190 immanissimi
738 2164 918 2200 iiolophcrois
931 2166 990 2193 neci
1006 2161 1028 2190 D
1043 2165 1084 2192 sic
1097 2164 1234 2199 reprobati
1261 2168 1334 2191 sunt.
1350 2162 1397 2191 isti
1411 2170 1474 2190 vero
1489 2163 1602 2190 secundi
1617 2163 1650 2190 ad
1675 2169 1777 2197 aquam
1793 2172 1837 2190 re-

201 2203 258 2229 soia
271 2203 415 2238 subjicere,
428 2210 456 2232 et
469 2206 605 2240 processit
618 2208 650 2235 ad
666 2208 766 2236 bellum
782 2217 835 2237 non
856 2209 881 2237 in
896 2211 991 2244 armis,

203 2255 291 2282 neque
303 2249 330 2276 iu
342 2250 419 2284 equis
433 2250 550 2285 bellicis,
574 2257 621 2279 aut
635 2253 661 2280 in
684 2255 816 2283 subsidiis
829 2256 992 2285 militaribus

201 2293 284 2326 freta,
300 2295 347 2322 sed
361 2295 462 2323 virtute
476 2297 571 2330 animi,
586 2303 613 2325 et
626 2298 789 2326 confidentia
803 2301 875 2334 tidei,
900 2303 991 2330 consi-

200 2339 239 2366 lio
250 2340 330 2367 simul
345 2345 370 2368 et
383 2343 496 2369 audacia
511 2343 618 2371 hostem
632 2345 744 2379 perimit
756 2348 794 2376 '3:
805 2351 831 2376 et
841 2354 922 2382 quam
937 2348 987 2376 viri

201 2385 386 2419 perdiderant,
400 2387 499 2415 femina
521 2389 636 2418 reddidit
659 2390 812 2420 libertatem
829 2393 932 2428 patriai.
956 2394 990 2422 Et

200 2431 266 2465 quid
280 2436 333 2458 tam
354 2431 433 2467 longe
451 2434 529 2462 nobis
542 2436 716 2470 antiquorum
740 2438 862 2472 exempla
875 2439 990 2466 revolvi—

200 2477 282 2504 mus?
313 2478 339 2505 In
355 2479 441 2506 oculis
458 2481 559 2509 nostris
587 2489 658 2517 saepe
680 2483 799 2510 vidimus
823 2483 951 2512 mulieres
964 2489 992 2512 et

200 2523 321 2558 virgines
335 2525 430 2559 primae
442 2526 531 2554 adbttc
540 2528 629 2555 aetatis
641 2536 692 2563 pro
705 2528 836 2563 martyrio
849 2530 988 2564 tyrannica

200 2569 346 2601 pertulisse
369 2576 514 2604 tormenta,
533 2574 633 2607 quibus
651 2574 684 2601 ad
700 2573 886 2601 infirmitatem
908 2582 990 2604 sexus

199 2616 314 2644 noveilze
340 2617 429 2645 adhuc
452 2619 514 2645 vita:
525 2619 657 2653 fragilitas
684 2619 847 2646 addebatur.
867 2620 913 2648 Sic
925 2627 990 2657 ergo

237 2677 259 2693 ³⁸
276 2677 342 2704 an.
371 2685 426 2709 xiv,
452 2678 498 2710 ‘26,
521 2679 565 2712 27,
590 2680 633 2707 55.
684 2679 706 2695 ⁸³
729 2679 800 2706 Psal.
816 2688 890 2712 [ΠΙ.
908 2681 935 2708 5.

200 2709 224 2726 ³⁷
239 2712 332 2738 Matth.
348 2721 374 2742 κ,
390 2713 436 2740 es.
475 2715 496 2730 ιε
516 2709 599 2750 Apoc.
617 2723 673 2742 xu.
713 2715 735 2731 ³ο
750 2714 812 2742 Jud.
827 2709 918 2748 vn,'.t.

237 2767 293 2807 (ξεί)
310 2768 372 2807 libs,
383 2769 453 2802 duo,
469 2781 478 2807 ς
493 2773 556 2806 quid
571 2781 644 2807 ergo.
659 2782 667 2798 ι

238 2801 294 2836 (νδῠ)
316 2804 392 2830 Lihb.
417 2801 508 2839 editi;
525 2816 533 2832 ε
554 2807 586 2833 ad
601 2801 713 2835 υιιιίιίιιεδ
733 2815 798 2836 suos
819 2813 847 2836 nt
870 2810 990 2837 veniant.

989 2682 1011 2699 ³³
1029 2682 1105 2714 ibid.,
1125 2682 1149 2708 Ι.

960 2718 981 2733 δυ
993 2717 1054 2746 Jud.
1071 2725 1117 2749 vn,
1134 2717 1160 2748 5,
1177 2714 1204 2748 ii,
1219 2716 1246 2741 7.

1043 2210 1132 2243 ninnt,
1147 2214 1176 2237 ut
1189 2210 1225 2237 ibi
1239 2210 1400 2244 probentur.
1424 2208 1457 2236 Et
1470 2208 1606 2244 quotnodo
1619 2209 1785 2243 probentur,
1798 2211 1835 2235 vi-

1041 2257 1177 2284 deamus:
1193 2265 1202 2281 ι
1218 2255 1250 2283 Ει
1261 2255 1340 2289 dixit,
1355 2254 1488 2290 inquit“,
1503 2254 1632 2282 Dominus
1643 2253 1677 2280 ad
1697 2253 1811 2282 Gedeon
1827 2265 1834 2282 :

1040 2303 1156 2330 Omnem
1181 2302 1339 2336 quicunque
1362 2301 1463 2328 iambet
1482 2307 1581 2335 aquam
1596 2299 1622 2326 in
1638 2299 1743 2334 lingua,
1766 2300 1836 2327 sicut

1038 2345 1134 2374 lambit
1146 2345 1233 2378 canis,
1248 2350 1352 2372 statues
1365 2352 1426 2372 eum
1441 2351 1564 2372 seorsum
1581 2353 1588 2371 :
1613 2347 1639 2371 et
1659 2351 1773 2371 onmem
1789 2344 1834 2378 qui

1043 2391 1200 2419 curvaverit
1212 2398 1296 2426 genua
1310 2398 1358 2418 sua
1382 2395 1412 2417 ut
1434 2390 1519 2424 bibat,
1543 2389 1694 2417 transferes
1711 2397 1789 2417 eum.
1803 2390 1835 2417 Et

1045 2438 1133 2466 factus
1147 2443 1198 2470 cst,
1214 2437 1310 2472 inquit,
1327 2444 1455 2464 numerus
1466 2443 1561 2464 eorum
1574 2435 1621 2471 qui
1636 2435 1795 2463 lamberunt
1808 2437 1834 2462 in

1045 2492 1124 2512 manu
1137 2491 1235 2518 aquam
1248 2482 1289 2510 vel
1303 2482 1405 2517 lingua,
1421 2482 1536 2510 trecenti
1555 2482 1617 2509 viri.
1629 2480 1731 2509 Castori
1744 2486 1831 2508 autem

1044 2537 1138 2558 omnes
1153 2533 1338 2557 curvaverunt
1350 2535 1436 2564 genua
1448 2536 1509 2560 stta,
1523 2531 1552 2555 ut
1564 2527 1691 2555 biberent
1709 2534 1806 2561 aquam
1823 2535 1830 2552 :

1044 2582 1071 2604 et
1085 2576 1154 2604 dixit
1167 2576 1296 2603 Dominus
1307 2575 1339 2602 ad
1352 2575 1462 2603 Gedeon
1478 2583 1486 2602 :
1505 2574 1532 2602 in
1546 2574 1679 2601 trecentis
1695 2574 1762 2601 viris
1773 2573 1831 2600 istis

1043 2623 1088 2658 qui
1103 2621 1255 2649 iamberunl
1269 2621 1296 2647 in
1313 2628 1393 2647 manu
1409 2627 1519 2655 aquam,
1545 2618 1634 2646 salvos
1655 2626 1705 2646 vos
1721 2618 1830 2649 faciam.

1188 2680 1212 2695 ³⁵
1225 2679 1317 2707 Iudith
1333 2686 1392 2706 xttt.
1459 2678 1481 2694 "
1499 2677 1598 2712 Ephes.
1619 2676 1717 2710 νι,14,
1732 2676 1774 2709 i5,
1789 2677 1829 2703 I6.

1043 2775 1098 2801 iloc
1119 2774 1190 2799 enim
1206 2777 1257 2800 est.
1276 2781 1284 2797 ι
1300 2771 1364 2798 Mss.
1378 2776 1405 2798 nt
1421 2771 1446 2797 in
1468 2775 1559 2798 nostro
1573 2775 1660 2796 textu.

1082 2808 1138 2844 (87)
1155 2807 1302 2835 Muliebris.
1319 2806 1392 2834 Unus
1409 2807 1492 2834 codex
1507 2814 1567 2838 ms.,
1589 2815 1597 2830 ‹
1620 2804 1747 2831 inﬁdelis.
1767 2813 1776 2829 ν
