1888 3051
26 99 80 126 989

547 99 581 126 ΙΝ
601 99 732 126 LIBRUM
751 98 901 126 ιιῖοιεωι
918 98 1060 126 llOMlLlA
1075 98 1142 126 Vlll.

1613 100 1667 129 990

27 164 55 184 «τι
69 158 182 186 tradam
201 158 305 186 Madiaa
330 159 356 185 in
374 166 485 185 manum
512 162 594 186 tuam.
616 169 624 184 ι
642 160 670 186 In
697 161 824 187 omnibus
841 164 859 189 Α
876 166 936 186 inus
949 159 1007 194 (88)
1021 164 1050 186 ut
1062 159 1144 186 etiam
1158 166 1208 186 nos
1230 166 1383 185 trcreamur
1395 158 1504 186 ascribi.
1524 158 1666 191 Quomodo

27 212 98 236 pene
117 210 242 232 veterum
257 204 340 238 gestis
354 204 482 239 mysteria
499 205 676 240 designantur
691 207 821 240 iugentia,

28 249 100 275 sicut
114 249 199 276 ctiam
223 250 248 276 in
275 249 326 276 hoc
341 249 398 275 loco
415 247 471 276 fieri
488 249 620 283 videmus,
644 251 706 284 quia
730 251 748 278 ii
778 252 823 281 qui

27 294 202 321 descendunt
216 295 250 321 ad
264 302 373 329 aquam,
393 294 419 320 id
446 299 486 321 est
500 295 545 328 qui
565 295 597 322 ad
623 296 746 329 baptismi
763 305 823 331 gra-

29 339 94 365 tiam
110 340 235 372 veniunt,
251 348 302 366 non
316 339 416 366 dubcnt
438 340 580 374 procidere
604 341 629 368 in
647 346 757 374 terram,
774 350 824 370 nec

28 384 141 412 flectere
155 393 242 418 genua
254 393 312 416 sua,
327 390 354 412 et
368 385 464 412 cedere
482 386 677 414 tcntationibus
692 389 822 420 venturis,

27 430 73 456 sed
90 435 170 457 stare
186 431 300 457 ﬁrmiter
311 436 338 457 et
354 435 523 465 constanter,
543 432 614 460 sicut
640 437 667 459 et
692 433 821 468 propheta

29 475 139 501 diccbat
160 474 183 490 “
202 483 209 501 :
228 484 237 500 ι
259 476 396 503 Demissas
411 484 518 510 manus,
537 482 565 504 et
581 477 710 505 dissoluta
734 487 821 513 genua

25 518 143 553 erigite;
176 529 185 545 ι
200 525 226 547 et
241 520 264 535 "
281 529 289 548 :
306 530 315 547 ι
332 521 461 549 Grcssum
489 527 594 549 rectum
619 522 700 550 facile
716 524 823 551 semitis

28 565 141 591 vestris.
162 574 172 590 ι
188 565 291 593 Venisti
310 567 343 593 ad
358 574 455 601 aquam
470 567 608 602 baptismi,
627 568 692 595 illud
705 573 747 596 est
760 577 821 596 cer-

28 609 140 637 taminis
154 615 182 637 et
194 618 290 646 pugna:
303 612 433 646 spiritalis
448 613 566 646 initium,
590 614 653 642 ltinc
668 615 714 642 tibi
728 615 822 642 adver.

28 661 87 680 sum
101 654 235 682 Zabulum
251 657 372 684 nascitur
383 664 479 692 pugnae
492 658 666 693 principium.
681 660 710 686 Si
724 661 823 688 remis-

27 698 83 724 sior
95 697 196 731 fueris,
209 700 230 727 si
246 700 317 728 flecti
331 700 409 729 facile
422 703 556 736 potueris,
569 704 706 737 quomodo
721 711 822 739 pugna-

28 745 89 771 bis?
116 746 261 779 Quomodo
288 747 373 775 stabis
403 748 535 776 adversus
564 750 679 777 astutias
705 749 821 777 Zabuli?

28 789 177 825 Propterea
199 797 226 819 et
247 793 393 827 Apostolus
407 793 509 821 clamat
522 794 565 820 “:
582 804 592 820 ι
610 795 686 823 State
705 804 780 831 ergo,
794 801 821 824 et

876 210 965 232 tamen
985 206 1029 233 isti
1053 205 1194 240 pugnant?
1219 204 1355 239 llydrias,
1385 204 1484 238 inquit,
1510 210 1618 236 portant
1636 211 1662 233 et

875 248 1015 284 lampadas
1028 255 1055 276 ct
1071 250 1200 276 huccinas
1214 256 1329 276 corneas
1350 249 1376 276 in
1403 249 1526 277 manibus
1545 251 1612 282 suis.
1637 256 1664 279 et

874 295 923 327 sic,
937 296 1036 329 inquit,
1053 295 1166 322 veniunt
1177 295 1210 321 ad
1226 294 1285 321 illas
1301 295 1459 322 innumeras
1475 295 1663 324 multitudines

875 341 1002 374 hostium,
1019 342 1044 368 in
1059 341 1156 375 quibus
1174 344 1252 367 erant
1265 340 1360 366 cameli
1380 340 1450 367 sicut
1468 348 1550 367 arena
1569 343 1661 369 maris.

874 386 907 413 Et
920 394 980 413 cum
995 386 1133 413 venissent
1149 385 1182 410 ad
1198 383 1307 416 bellum,
1333 385 1463 418 buccinis,
1488 386 1584 419 inquit,
1601 393 1661 413 cor-

873 431 932 458 neis
951 433 1136 458 insonuernnt.
1155 429 1189 456 Et
1200 429 1378 462 demiserunt,
1395 430 1490 464 inquit,
1507 431 1617 465 hydrias
1628 432 1662 458 de

874 477 1010 507 manibus,
1025 480 1052 503 et
1066 475 1190 502 contritae
1207 478 1280 501 sunt.
1294 474 1370 502 Tunc
1385 483 1449 502 vero
1464 476 1580 510 arreptis
1593 476 1662 503 latn-

873 521 989 556 padibus
1004 524 1135 556 proruunt
1149 519 1176 546 in
1194 518 1374 550 adversarios,
1390 519 1470 546 simul
1491 525 1518 547 et
1539 521 1661 548 bnccinis

873 569 1049 600 concrepant.
1065 565 1132 592 Vide
1152 563 1215 598 quia
1241 561 1319 589 electi
1334 563 1434 591 milites
1450 564 1495 590 Dei
1521 573 1582 592 cum
1597 565 1662 593 lam-

873 611 986 645 padibus
1001 614 1130 645 pugnant.
1143 609 1190 636 Sic
1205 610 1276 637 enim
1297 617 1346 637 eos
1372 610 1495 638 Christus
1509 615 1661 638 armaverat

873 654 966 682 dicens
981 655 1002 671 ‘1
1016 665 1021 682 :
1041 665 1050 682 ι
1069 656 1129 682 Sint
1143 655 1226 682 lumbi
1245 656 1326 683 vestri
1342 655 1491 690 prascincti,
1501 660 1528 682 et
1543 656 1661 684 lucerna:

873 705 970 727 vestrm
985 701 1121 728 ardentes.
1141 709 1150 726 ι
1167 701 1199 727 Et
1214 701 1311 727 iterum
1327 701 1351 716 "
1367 708 1373 726 :
1394 710 1404 726 ι
1425 700 1471 728 Sic
1490 701 1591 735 fulgeat
1614 701 1658 727 lllx'

872 750 963 772 vestra
989 753 1080 772 coram
1096 745 1262 778 hominibus,
1280 750 1310 773 ut
1329 746 1439 773 videant
1460 753 1543 780 opera
1569 751 1659 773 vestra

875 790 955 822 bona,
968 794 996 817 et
1021 790 1173 825 glorificent
1194 790 1303 818 Patrem
1321 795 1440 818 vestrum
1461 791 1506 826 qui
1533 791 1559 818 in
1580 792 1659 819 caelis

28 835 110 863 nolite
134 836 220 872 478
243 838 340 865 iterum
361 839 426 873 iugo
449 840 590 867 servitutis
613 841 726 868 haerere.
737 825 761 868 υι
788 842 808 869 Ε

873 840 926 862 est.
946 844 956 860 ι
980 834 1089 862 Talibus
1104 843 1168 869 ergo
1190 835 1360 870 lampadibus
1384 825 1525 868 accensis,
1539 843 1658 871 pugnare

28 881 126 908 iterum
142 883 267 910 dicit“:
284 893 293 910 ι
314 883 390 912 State
403 885 429 911 in
444 885 569 913 Domino.
588 895 597 911 ι
613 886 645 913 Et
669 887 750 914 tertio
776 887 818 915 di-

29 927 66 954 cit
81 927 103 943 "
118 935 126 954 :
141 937 150 954 ι
168 928 301 961 Quoniam
317 933 381 957 tunc
392 930 519 963 vivimus,
534 930 556 958 si
570 938 617 958 vos
633 931 711 959 statis
724 931 751 958 in
767 932 820 958 Do-

29 973 110 1001 mino.
129 983 139 1000 ι
156 974 206 1002 llle
231 975 314 1010 igitur
327 976 488 1010 probabilis,
516 977 560 1004 ille
574 977 678 1005 electus
697 983 751 1008 est,
772 978 817 1012 qui

29 1022 206 1052 posteaquam
224 1020 257 1045 ad
268 1026 353 1055 aquas
369 1020 495 1055 baptismi
516 1025 627 1048 ventum
640 1026 692 1055 est,
704 1022 773 1049 flecti
786 1023 817 1048 ad

30 1063 209 1091 necessitates
222 1069 345 1092 terrenas
356 1070 384 1092 et
398 1073 544 1100 corporeas
557 1066 660 1098 nescit,
674 1067 720 1102 qui
745 1068 817 1095 vitiis

29 1114 79 1134 non
93 1109 226 1145 indulget,
242 1117 329 1146 neque
344 1111 379 1138 ob
394 1112 497 1146 peccati
514 1112 588 1139 sitim
610 1113 744 1141 sternitur
758 1122 818 1149 pro-

30 1160 88 1180 nus.
103 1154 156 1182 Sed
170 1160 199 1183 et
212 1156 282 1190 quod
297 1157 363 1184 dicit
376 1165 423 1184 eos
437 1164 530 1190 manu,
544 1158 585 1185 vel
606 1158 698 1193 lingua
716 1167 813 1194 aquam

29 1197 156 1232 lambere,
183 1209 237 1228 non
258 1202 363 1235 absque
386 1203 550 1229 sacramenti
568 1204 684 1238 quadam
712 1205 816 1240 signiti-

30 1244 113 1269 rantia
127 1244 177 1272 hoc
198 1246 264 1273 mihi
282 1247 389 1274 videtur
402 1249 546 1283 scriptum,
570 1249 675 1277 scilicet
695 1250 768 1285 quod
789 1256 816 1278 et

31 1296 107 1316 manu
119 1295 145 1317 et
159 1291 254 1325 lingua
267 1293 376 1326 operari
391 1293 491 1321 debent
513 1295 613 1322 milites
633 1295 745 1328 Christi,
764 1297 815 1324 hoc

30 1337 69 1359 cst
81 1340 161 1367 opere
181 1339 210 1362 et
233 1336 317 1363 verbo
331 1344 338 1363 :
352 1337 416 1371 quia
439 1347 449 1364 ι
467 1339 511 1372 qui
526 1339 606 1366 docet
628 1344 656 1366 et
680 1340 755 1372 facit,
772 1342 815 1369 hic

31 1385 139 1413 magnus
157 1380 303 1409 vocabitur
326 1382 353 1409 in
380 1391 465 1418 regno
486 1384 616 1411 caelorum
642 1385 673 1411 “.
701 1395 711 1412 ι
737 1386 814 1419 Quod

31 1428 114 1452 autem
125 1427 207 1453 etiam
221 1427 427 1455 similitudinem
443 1429 519 1456 canis
531 1430 676 1458 lambentis
689 1431 813 1466 Scriptu-

870 881 946 907 dccet
963 881 1062 907 milites
1077 881 1198 912 Christi,
1222 881 1283 908 luce
1299 888 1410 914 operum
1431 881 1605 915 refulgentes,
1630 887 1656 908 cl

872 925 1016 960 splendore
1030 931 1176 961 gestorum.
1188 925 1253 959 Quae
1267 931 1329 953 sunt
1355 931 1443 953 autem
1459 926 1579 954 buccinae
1597 934 1657 953 cor-

869 979 938 1005 nem,
954 979 987 998 ex
1004 972 1102 1005 quibus
1117 972 1180 998 tuba
1197 973 1317 1000 canunt?
1334 973 1384 1006 Qui
1400 973 1433 1000 de
1446 972 1603 1000 caelestibus
1615 973 1657 999 lo-

868 1017 969 1051 quitur,
985 1017 1030 1051 qui
1044 1017 1077 1044 de
1090 1017 1256 1051 spiritalibus
1268 1017 1389 1050 disserit,
1407 1019 1453 1053 qui
1469 1020 1596 1053 mysteria
1613 1027 1657 1046 re-

868 1063 912 1097 gni
929 1063 1060 1090 ctelorum
1075 1063 1188 1097 revelat,
1209 1064 1253 1091 ille
1278 1064 1390 1091 buccina
1414 1064 1547 1098 concinit,
1563 1065 1606 1092 ille
1623 1065 1656 1093 de

869 1108 931 1135 tuba
948 1108 1077 1142 loquitur,
1094 1109 1139 1142 qui
1152 1110 1186 1136 de
1205 1110 1310 1144 magnis
1329 1114 1356 1136 et
1379 1109 1505 1137 maximis
1523 1110 1654 1145 loquitur,

866 1153 911 1187 qui
928 1153 1070 1180 scientiam
1087 1153 1190 1181 Christi
1207 1154 1333 1181 humanis
1345 1154 1455 1182 auribus
1466 1155 1571 1189 pandit.
1598 1156 1652 1183 Sed

867 1205 916 1224 cur
930 1201 956 1225 et
972 1205 1070 1226 cornea
1097 1199 1195 1226 dicitur
1219 1199 1354 1226 buccina?
1379 1199 1446 1232 Quia
1460 1204 1485 1227 et
1501 1200 1535 1227 de
1556 1205 1653 1227 sancto

865 1242 964 1271 dicitur
975 1243 1022 1270 "z
1044 1253 1054 1269 ι
1078 1244 1168 1271 Cornu
1193 1243 1252 1278 ejus
1273 1244 1439 1272 exaltabitnr
1462 1245 1489 1272 in
1512 1246 1608 1280 gloria.
1638 1255 1649 1272 ι

867 1288 944 1317 Unde
967 1295 994 1317 et
1016 1291 1227 1325 uniuscujusque
1247 1290 1361 1317 buccina
1380 1290 1478 1317 dicitur
1492 1299 1606 1323 cornea,
1624 1293 1650 1318 in

867 1347 899 1366 co
923 1339 995 1374 quod
1019 1339 1194 1374 multiplicem
1218 1339 1356 1365 scientiam
1377 1338 1496 1372 Christi,
1517 1344 1544 1367 ct
1562 1341 1651 1368 crucis

867 1388 934 1423 cjus,
954 1395 1014 1423 quas
1029 1388 1056 1415 in
1073 1395 1157 1415 cornu
1171 1387 1336 1422 designatur,
1352 1386 1459 1415 disserit
1472 1393 1649 1417 sacramenta.

866 1436 934 1463 Cum
954 1437 1004 1463 hac
1028 1444 1091 1470 ergo
1105 1435 1218 1463 buccina
1236 1435 1394 1467 militantes,
1410 1440 1438 1462 et
1453 1443 1514 1463 cum
1531 1437 1581 1464 hac
1598 1445 1650 1472 pu-

31 1475 58 1494 ra
75 1471 174 1504 posuit,
201 1472 312 1500 videtur
334 1473 400 1500 mihi
420 1473 491 1502 istud
516 1475 617 1502 animal
645 1476 696 1504 hoc
712 1478 738 1504 in
753 1477 813 1504 loco
829 1493 850 1521 ε
867 1485 992 1514 gnantes,
1011 1481 1143 1508 \‘incimus
1160 1481 1335 1516 alienigenas,
1350 1487 1376 1509 et
1394 1481 1484 1508 hostes
1507 1481 1533 1508 in
1558 1481 1649 1516 fugam

33 1519 167 1549 propterea
191 1519 372 1551 nominatum,
395 1519 468 1554 quod
490 1527 570 1555 super
596 1522 686 1549 omnia
713 1527 811 1550 caetera

31 1560 149 1589 animalia
165 1571 288 1591 amorem
315 1564 414 1592 dicitur
436 1567 537 1601 proprii
561 1567 663 1594 domini
691 1576 810 1600 servare,

32 1612 77 1632 nec
90 1611 219 1641 tempore,
234 1617 283 1637 nec
295 1610 401 1645 injuriis
413 1611 566 1639 oblitterari
579 1613 605 1639 in
620 1620 652 1640 eo
668 1613 755 1641 fertur
768 1615 810 1641 af-

32 1650 121 1681 fectus.
145 1653 272 1682 Trecenti
297 1663 362 1690 ergo
384 1657 447 1689 soli,
469 1657 516 1691 qui
536 1659 701 1686 sacramenti
732 1660 813 1695 hujus

33 1695 168 1732 imaginem
193 1701 416 1737 praeformabant,
446 1705 489 1731 isti
515 1704 608 1737 electi,
635 1705 678 1732 isti
692 1707 809 1741 probati,

34 1741 73 1768 isti
94 1745 125 1771 ad
146 1747 287 1774 victoriam
315 1750 480 1783 consecrati,
500 1751 544 1784 qui
568 1758 601 1778 ex
624 1751 681 1786 ipso
705 1754 809 1780 muneri

35 1793 195 1818 sacramento
209 1792 334 1820 obtinere
349 1794 520 1822 adversarios
533 1801 656 1829 possunt.
683 1797 809 1825 Trecenti

34 1833 124 1859 ctenim
145 1841 219 1867 sunt,
244 1838 290 1870 qui
312 1838 393 1865 tertio
420 1843 534 1866 centena
562 1841 754 1876 multiplicant,
783 1847 810 1870 et

34 1876 149 1907 Perfecta:
161 1880 303 1909 Trinitatis
317 1891 458 1910 numerum
473 1883 572 1918 ferunt,
585 1887 634 1913 sub
646 1895 701 1921 quo
718 1895 812 1915 nume-

33 1927 60 1946 ro
71 1927 156 1952 omnis
169 1926 271 1954 Christi
289 1934 417 1956 censetur
438 1931 584 1958 exercitus.
611 1931 639 1958 ln
663 1940 717 1967 quo
732 1936 810 1968 opta-

54 2008 336 2022 ‘5—

334 2090 496 2133 ΡΟΥΘ.

866 1526 1006 1558 vertimus,
1026 1526 1130 1553 etiamsi
1143 1526 1226 1553 fuerit
1242 1527 1386 1554 multitudo
1409 1534 1503 1554 eorum
1526 1526 1595 1553 sicut
1612 1526 1650 1553 lo-

867 1575 960 1598 custa.
975 1571 1100 1599 Locustis
1111 1572 1183 1598 enim
1195 1577 1350 1607 comparata
1365 1577 1406 1599 est
1417 1573 1568 1599 daemonum
1582 1571 1650 1599 mul-

867 1616 962 1648 titudo,
978 1616 1076 1650 quibus
1092 1624 1177 1651 nequc
1195 1617 1220 1644 in
1239 1617 1320 1651 ctelo,
1348 1625 1435 1651 neque
1460 1617 1486 1644 in
1505 1617 1585 1644 terris
1609 1622 1650 1644 est

865 1661 953 1689 sedes.
970 1661 1106 1689 Pmcedat
1121 1670 1186 1698 cigo
1200 1667 1227 1690 et
1242 1671 1291 1691 nos
1304 1663 1354 1690 hoc
1380 1662 1449 1690 bello
1464 1670 1573 1698 operum
1589 1662 1648 1694 lux,

865 1707 986 1734 scientia:
1002 1708 1096 1740 Virtus,
1114 1708 1196 1735 divini
1212 1708 1286 1735 verbi
1312 1709 1476 1743 praedicatio.
1495 1708 1649 1743 Pngnemus

865 1757 893 1780 et
909 1761 958 1780 nos
970 1753 996 1780 in
1015 1754 1123 1788 hymnis
1136 1759 1163 1780 et
1177 1753 1288 1788 psalmis
1311 1757 1338 1780 et
1353 1753 1466 1780 canticis
1481 1753 1649 1788 spiritalibus

864 1799 1040 1826 concinentes
1063 1804 1091 1826 et
1107 1799 1257 1826 clamantes
1273 1799 1306 1826 ad
1321 1798 1415 1832 Deum,
1443 1804 1472 1826 ut
1488 1800 1522 1825 ab
1535 1800 1593 1833 ipso
1609 1800 1649 1826 vi-

864 1844 978 1871 ctoriam
995 1843 1123 1878 cousequi
1142 1850 1295 1870 mereamur
1315 1843 1341 1870 iu
1356 1843 1464 1870 Christo
1476 1842 1539 1870 Jesn
1555 1842 1648 1869 Domi-

866 1896 901 1916 no
924 1894 1029 1920 nostro,
1053 1889 1097 1916 cui
1116 1893 1157 1916 est
1173 1888 1259 1922 gloria
1285 1892 1312 1915 et
1327 1888 1472 1922 imperium
1499 1887 1526 1914 in
1550 1888 1648 1915 macula

864 1934 1033 1962 saeculorum.
1045 1934 1143 1961 Amen.

1163 2095 1359 2140 BUTH.

62 2173 113 2210 (89)
128 2178 180 2205 Καὶ
194 2180 288 2215 ὄνομα
302 2180 338 2215 τῇ
351 2181 474 2214 δευτέρᾳ
496 2181 592 2209 Ῥούθ.
627 2183 704 2210 Ῥοὺθ
727 2183 808 2211 τύπον

903 2184 935 2212 Et
961 2193 1053 2212 nomen
1080 2185 1203 2212 secundm
1228 2183 1298 2211 Rulli
1320 2185 1352 2211 ⁸ο.
1377 2184 1503 2212 Gentium
1533 2185 1645 2220 ﬁguram

33 2218 163 2265 tpépstrév
177 2225 276 2253 ὲϐνῶν’
291 2228 351 2261 ἥτις
365 2226 493 2253 κατέλιπε
508 2227 541 2253 τὰ
557 2227 669 2263 πάτρια,
685 2229 730 2255 καὶ
742 2228 812 2265 ἠνώ-

34 2263 62 2298 οη
74 2267 104 2302 τῇ
122 2268 302 2308 Ἰσραηλιτικῇ
315 2272 384 2305 ἔξει.
395 2271 528 2308 Ζητητέον
541 2273 569 2299 δὲ
586 2273 654 2306 πῶς,
668 2273 714 2300 τοῦ
729 2263 810 2309 νόμου

33 2308 237 2356 ἀπαγορεύοντος
262 2318 300 2353 μὴ
331 2318 460 2345 εἰσελθεῖν
486 2319 625 2355 Μοαὸίτην
639 2320 678 2351 εἰς
697 2308 811 2356 Ἐκκλη-

34 2354 87 2398 ςίαν
95 2358 169 2393 Θεοῦ,
181 2363 197 2397 ἡ
217 2363 294 2389 Ῥοὺο
311 2363 443 2395 Μοαείτις
456 2361 522 2389 οὖσα
538 2363 653 2398 εἰσῆλθε.
664 2364 719 2391 Καὶ
732 2354 810 2392 toﬁ-.0

34 2397 112 2434 ζητῶν
132 2406 230 2441 χρῆσαι
249 2408 297 2436 τῷ·
318 2418 327 2433 ι
339 2408 440 2435 Δικαίιυ
452 2408 480 2434 δὲ
495 2408 575 2443 νόμος
586 2397 616 2435 at
634 2410 730 2442 κεῖται,
743 2410 810 2437 ἀλλὰ

33 2443 124 2480 ἀδίκοις
137 2453 182 2478 καὶ
198 2455 404 2485 ἀνυποτάκτοις.
416 2464 426 2480 ι

65 2525 84 2566 ξ’
99 2527 145 2557 lsa.
159 2539 237 2565 xxxv,
253 2534 280 2562 5.
319 2534 341 2550 ⁸¹
355 2535 434 2561 llebr.
450 2543 499 2566 χιι,
518 2535 560 2562 13.

43 2558 50 2572 ν
65 2534 145 2572 fisa.
159 2539 238 2572 xxx_v_,_
253 2534 280 2562 5.
291 2534 434 2572 ..⁸ξ-Ιιιιιιι.
450 2543 499 2566 xn,
518 2535 590 2572 13...
607 2534 629 2572 '_'
642 2534 702 2572 Gal.
718 2541 746 2565 ν,
760 2534 784 2572 ι,

35 2559 50 2572 "
67 2559 128 2591 Luc.
145 2574 193 2599 xu,
205 2559 311 2596 55'...“
329 2559 531 2600 ιιέιίὶῐιζίῖζ”ἱδζ

570 2569 592 2586 ’⁵³
609 2569 680 2597 Psal.
694 2577 761 2598 (λιιι,
775 2569 802 2596 9.

66 2634 117 2672 l“)
128 2620 201 2668 ωδε-ζ
212 2647 226 2667 ι
240 2644 375 2675 optamus.
389 2650 398 2666 ι
414 2639 491 2668 Libb.
505 2640 583 2671 editi,
594 2649 602 2665 ι
616 2640 778 2666 obtinemus.
794 2648 803 2664 ι

65 2664 115 2701 \39)
129 2667 148 2696 Ε
161 2671 265 2701 schedis
278 2674 433 2701 Combefisii
447 2676 617 2701 dcsnmutuni
630 2679 672 2701 est
689 2675 740 2701 hoc
755 2673 803 2701 frat

836 2534 858 2550 “
871 2534 967 2570 Philip.
985 2544 1020 2570 iv,
1038 2537 1065 2564 l.

862 2230 931 2265 gerit
950 2229 1100 2264 llutb,qu:c
1122 2230 1222 2257 relictis
1234 2230 1337 2264 patriis,
1351 2229 1503 2257 Israelitica:
1517 2230 1590 2265 genti
1600 2230 1643 2257 in-

859 2281 930 2303 serta
944 2280 995 2302 est.
1013 2275 1191 2308 Quaaremlum
1217 2280 1261 2302 est
1274 2279 1362 2302 autem
1380 2283 1429 2303 cur
1450 2275 1509 2309 lege
1536 2279 1644 2301 vetante

859 2329 893 2349 ne
909 2321 1040 2349 Moabiles
1067 2321 1237 2356 ingrediatur
1254 2322 1279 2348 in
1303 2321 1452 2349 Ecclesiatn
1483 2321 1540 2353 Dei,
1573 2320 1642 2348 Ruth

860 2367 985 2394 Moabitis
1000 2367 1117 2393 intrarit.
1134 2365 1190 2393 Hoc
1203 2366 1345 2402 inquirens
1359 2372 1436 2394 ntere
1449 2367 1490 2393 his
1503 2366 1592 2393 verbis
1601 2365 1640 2392 "z

861 2422 870 2438 ι
886 2412 961 2440 Justo
975 2412 1016 2440 lex
1029 2420 1083 2440 non
1099 2417 1141 2440 est
1163 2413 1260 2448 posita,
1275 2413 1322 2440 sed
1339 2412 1445 2448 iujnstis
1470 2417 1498 2439 et
1512 2419 1564 2438 non
1578 2410 1642 2437 sub-

858 2458 931 2486 dilis.
952 2468 962 2484 ι

1117 2537 1140 2553 ⁸⁵
1155 2537 1162 2564 l
1177 2536 1272 2564 Thess.
1290 2544 1329 2570 ιιι,
1347 2537 1374 2565 8.
1410 2535 1432 2552 “
1447 2535 1541 2563 Matth.
1561 2543 1585 2565 v.
1601 2535 1644 2562 l9.

842 2570 865 2585 ⁶⁰
880 2569 950 2598 Ruth
966 2579 984 2604 I,
999 2572 1026 2599 4.
1065 2572 1108 2599 ¹¹Ι
1124 2571 1194 2599 Tim.
1206 2572 1262 2604 i,9.

161 2671 265 2702 schedis
278 2674 433 2702 Comhefisii
447 2676 617 2711 dcsnuiptum
630 2679 672 2702 est
689 2675 740 2702 hoc
755 2673 946 2707 fragmentum.
