1896 3052
238 119 292 147 995

960 116 1122 143 OItICI'INIS

1824 119 1866 145 991i

239 178 299 211 ejus
314 177 435 208 adamas,
451 185 502 203 non
517 177 604 204 cadet.
624 176 715 202 Murus
728 176 799 202 enim
817 175 1006 202 atlatnautinus
1019 198 1020 202 η

1088 174 1128 210 ῖὴν
1150 176 1303 211 ἐπισκοπὴν
1318 175 1399 202 αὐτοῦ
1416 176 1525 211 ἀδάμας
1545 176 1682 202 πεσεῖται.
1707 176 1804 210 Τεῖχος
1821 176 1867 211 γὰρ

240 223 286 257 qui
304 223 330 250 in
345 230 424 249 tnanu
438 222 483 248 Dei
500 222 715 256 imperturbatus
731 225 832 254 manet,
848 226 887 247 est
901 225 1024 252 sanctus,

241 267 304 295 licet
316 268 419 294 ntedius
437 267 656 300 apprehendatur
670 267 739 293 inter
755 266 879 293 malleum
909 270 937 293 et
963 267 1026 293 dra-

240 320 347 342 conem.
366 313 473 346 Quanto
489 312 604 344 amplius
632 313 798 345 verberatur,
820 317 896 340 tanto
926 312 1028 340 clarior

241 358 326 385 virtus
346 358 405 392 ejus
415 359 519 386 evadit.
535 358 664 386 Diabolus
687 359 761 385 enim
783 363 813 386 ut
841 359 886 393 qui
907 358 1026 393 lapidum

242 404 346 438 ignorat
361 408 496 434 naturam.
510 404 602 430 multis
612 404 712 430 ictibus
725 405 823 438 prohat
838 411 901 431 eum
926 404 971 437 qui
985 408 1027 431 est

239 457 288 476 eeo
303 450 414 476 adamas
425 453 453 476 et
465 447 542 482 cujus
553 449 627 476 solus
645 449 715 476 Deus
728 454 853 475 naturam
871 448 954 475 novit.

274 502 317 531 Ετ
341 505 538 531 commentariis
559 503 680 539 Origem‘s
701 505 728 531 in
752 504 848 530 librum
875 508 998 538 quartum

557 538 717 573 Regnorum.

278 584 345 612 Ecce
363 590 453 613 autem
476 593 534 611 cum
558 586 646 621 pueris
672 585 723 612 tuis
751 584 945 619 quinquaginta
969 583 1028 614 uiri.

241 630 292 664 ﬁlii
306 631 408 657 rirtutis
423 631 457 657 θ’.
479 630 606 658 Christus
620 631 715 662 virtus,
731 630 783 657 diei
795 629 865 657 ﬁlios
880 629 954 660 facit.
965 633 992 655 et
1005 627 1030 655 si

242 677 303 710 quis
316 682 357 703 est
366 678 407 704 vir
418 677 537 709 virtutis,
554 677 626 703 ﬁlius
638 676 739 704 Christi
752 681 804 704 est.
818 676 925 703 Accidit
937 680 1028 702 autem

242 728 345 757 utqum
359 723 411 750 sub
422 722 534 750 Christo
551 727 615 750 sunt
644 722 761 749 virtutes
795 722 866 749 filios
892 725 1030 756 nequeant

241 767 333 795 facere
342 776 350 801 ;
373 767 396 795 si
411 774 500 796 autem
516 768 626 801 faciunt,
645 773 673 794 at
688 767 774 795 solum
789 767 916 794 infantes.

1076 220 1090 245 ὁ
1109 220 1186 254 ἆγιος
1201 220 1389 255 ἀδαμάντινον,
1401 222 1447 248 καὶ
1462 222 1490 247 ὲν
1503 221 1575 256 χειρὶ
1587 221 1692 255 Κυρίου
1710 221 1792 255 μένον
1806 222 1868 247 ἁπι-

1077 265 1133 297 Θὲς.
1146 265 1199 291 κᾶν
1213 267 1295 300 μέσος
1311 265 1400 301 ληφθῇ
1411 266 1460 300 τῆς
1477 274 1506 292 τε
1520 266 1626 300 σφύρας
1638 266 1687 292 καὶ
1698 266 1749 292 τοῦ
1765 266 1868 301 δράκον·

1077 319 1132 342 τος.
1148 311 1223 346 ’Ὁσῳ
1237 311 1266 337 δὲ
1277 311 1421 343 τύπτεται,
1438 311 1631 347 λαμπριπέραν
1646 311 1735 337 αὑτοῦ
1751 312 1801 346 τὴν
1813 313 1870 346 ἀρε-

1078 356 1126 391 τὴν
1144 356 1279 383 ἐπιδείκνυ
1284 365 1319 385 σι.
1338 357 1367 384 ’0
1376 357 1432 393 γὰρ
1442 357 1564 389 διάϐολος
1573 355 1619 385 οἷά,
1626 366 1670 389 τις
1679 357 1764 384 λίθων
1773 358 1870 391 ἀγνοῶν

1080 401 1171 435 φύσιν,
1194 400 1238 427 διὰ
1251 401 1357 428 πολλῶν
1369 401 1511 437 δοκιμάζει
1535 402 1660 437 πληγῶν,
1675 403 1723 428 τὸν
1744 399 1801 429 οἷον
1811 402 1870 428 ὰ.δὰ-

1082 455 1179 482 μαντα,
1195 446 1262 474 Θεοῦ
1280 447 1360 482 μόνου
1375 447 1423 483 τὴν
1439 449 1534 475 τούτου
1552 448 1635 483 φύσιν
1650 448 1765 479 εἱδίτος,

1088 503 1138 529 Ἐκ
1154 503 1214 530 τῶν
1236 503 1402 538 Ὠριτένους
1420 505 1465 565 ei:
1481 503 1539 542 ξὴν
1550 504 1698 538 τετάρτην
1713 502 1774 530 τῶν
1786 505 1868 531 Βασι-

1467 547 1530 565 tam.

1467 547 1530 566 ιων.

1125 584 1197 612 Ἰδοὺ
1218 585 1251 611 δὲ
1271 584 1347 619 μετὰ
1364 583 1423 611 τῶν
1442 584 1557 611 παίδων
1573 591 1632 611 σου
1652 583 1678 611 ν’
1691 584 1802 618 ἄνδρες
1819 586 1868 611 vici

1082 629 1245 665 δυνάμεως.
1276 631 1394 666 Χριστὸς
1414 630 1538 665 δύναμις,
1558 630 1667 666 ἡμέρας
1688 631 1765 661 υἱοὺς
1789 632 1866 656 ποιεῖ·

1082 676 1129 702 καὶ
1141 677 1167 702 εἰ
1179 684 1220 708 τις
1238 677 1311 703 ἐστὶν
1329 676 1400 711 ἀνὴρ
1415 675 1564 710 δυνάμεως,
1584 675 1658 702 ἐστὶν
1672 676 1730 707 υἱὸς
1748 675 1868 711 Χριστοῦ.

1082 721 1150 748 Ποτὲ
1162 721 1190 748 δὲ
1204 723 1278 754 υἱοὺς
1293 723 1380 748 ποιεῖν
1397 722 1424 748 ai
1443 722 1496 748 ὑπὸ
1506 721 1624 757 Χριστὸν
1645 721 1780 756 δυνάμεις
1792 722 1821 747 οὗ
1836 721 1870 747 δύα

1081 776 1185 796 νανται.
1206 768 1237 794 El
1251 768 1279 794 δὲ
1297 768 1343 794 καὶ
1360 767 1494 798 ποιοῦσιν,
1507 767 1574 793 ἀλλὰ
1590 767 1717 801 νηπίους.

364 924 654 970 ORIGENIS
691 924 979 971 HOMILI/E
1019 925 1082 971 IN
1122 926 1354 970 LIBRUM
1397 926 1759 971 REGNORUM.

499 1095 638 1123 iiOMlLIA
663 1095 780 1124 PRIMA.

456 1147 478 1168 et
511 1141 664 1176 Phenretmn,
692 1148 715 1168 et
743 1143 819 1170 Amm
845 1146 870 1170 et
897 1143 1032 1176 Samuele,

449 1175 521 1209 Heli,
536 1182 559 1204 el
572 1175 659 1210 Opimi
670 1182 693 1204 et
708 1177 831 1205 Phineu.

278 1235 304 1262 l.
317 1235 374 1262 Non
391 1238 454 1260 tunc
473 1233 662 1260 tantummodo
675 1232 745 1260 Deus
766 1234 898 1268 plantavit
925 1235 1034 1268 paradi-

247 1288 322 1312 sum,
337 1280 384 1306 scd
406 1279 493 1306 donec
516 1282 570 1304 stat
585 1277 638 1303 vita
659 1279 827 1311 mortalium,
856 1280 942 1306 donec
962 1279 1035 1306 salus

245 1326 386 1352 hominum
403 1324 502 1351 divinis
516 1323 733 1351 institutionibus
756 1329 917 1358 procuratur
929 1345 936 1357 ,
966 1333 1036 1352 sem-

245 1378 298 1405 per
319 1371 387 1397 ﬁunt
407 1378 439 1397 ea
455 1378 515 1405 qua:
533 1370 598 1404 justi
621 1378 671 1398 vox
690 1375 750 1398 orat
774 1371 801 1397 in
827 1369 953 1403 Psalmis,
973 1379 1034 1398 cutn

244 1417 312 1444 dicit
327 1417 350 1433 “
363 1425 370 1442 :
390 1426 399 1441 ί
413 1416 546 1444 Inducens
561 1417 653 1452 planta
668 1425 715 1445 eos
733 1417 760 1443 in
782 1422 875 1444 monte
889 1417 1033 1444 haredita-

244 1462 280 1488 tis
295 1466 372 1488 tum.»
385 1460 462 1488 Unde
479 1466 506 1487 et
517 1468 612 1488 omnes
626 1468 738 1488 oramus
750 1468 810 1488 esse
824 1461 957 1496 plantatio
970 1461 1032 1488 Dei:

244 1507 308 1541 quia
319 1507 342 1534 si
355 1506 416 1541 quis
427 1514 479 1533 non
492 1506 573 1534 fuerit
587 1507 719 1540 plantatio
734 1506 791 1538 Dei,
804 1507 938 1534 sententia
951 1507 1035 1534 semel

244 1561 259 1580 a
288 1553 379 1587 judice
407 1553 528 1580 omnium
556 1552 698 1580 Salvatore
725 1557 817 1580 nastro
849 1552 902 1579 lata
928 1557 970 1579 est
996 1552 1036 1579 di-

244 1606 310 1627 cens
321 1598 344 1615 “
358 1607 366 1625 :
384 1607 394 1624 ι
417 1599 512 1626 Omnis
523 1598 654 1633 plantatio
670 1605 751 1632 quant
766 1605 818 1625 non
838 1598 969 1632 plantavit
984 1597 1035 1624 Pa-

245 1650 287 1672 ter
303 1652 379 1671 meus
392 1644 521 1677 caelestis,
538 1644 731 1672 eradicabitur.
761 1653 770 1669 ι
800 1643 869 1670 Deus
881 1650 944 1678 ergo
959 1644 1035 1676 plau-

245 1693 295 1723 tatl
312 1695 338 1717 et
351 1694 393 1717 est
403 1690 525 1724 quaedam
545 1691 652 1725 propria
668 1690 714 1717 Dei
736 1689 915 1725 agricultura,
933 1694 961 1716 et
986 1697 1034 1716 ne-

243 1742 321 1763 cesse
335 1740 378 1762 est
388 1735 461 1769 quod
473 1743 540 1770 ager
557 1735 601 1762 ille
613 1743 694 1769 quem
714 1734 786 1762 Deus
797 1735 860 1762 colit
874 1739 900 1762 et
916 1735 1032 1768 plantat,

247 1788 299 1807 non
314 1788 394 1807 ttnam
413 1781 511 1808 habeat
528 1781 657 1808 arborum
681 1782 813 1815 speciem,
830 1780 876 1807 sed
904 1784 1031 1814 tanquam

245 1833 290 1853 rus
302 1826 396 1852 divitis
409 1831 435 1852 et
453 1827 571 1861 potentis
591 1826 717 1861 agricolae
733 1827 765 1853 de
778 1826 900 1853 omnium
923 1825 957 1851 sit
972 1825 1029 1851 Vir-

244 1870 380 1905 gultorum
398 1879 498 1905 genere
514 1871 655 1898 refertum.
683 1871 822 1904 Quomodo
835 1875 925 1898 autent
941 1869 1031 1897 omttia

248 1916 403 1943 habeantur
418 1917 443 1943 in
465 1925 530 1951 agro
547 1917 606 1948 Del.
621 1918 825 1945 consideremus
836 1925 869 1943 ex
883 1916 961 1950 hujus
977 1920 1033 1942 ter-

242 1969 280 1989 ra!
293 1963 366 1997 agris
380 1970 449 1996 quos
465 1962 587 1989 homines
605 1963 706 1989 colunt.
724 1962 850 1995 Nunquid
862 1963 887 1988 in
903 1969 969 1996 agro
982 1968 1033 1988 suo

242 2006 436 2042 paterfamilias
452 2007 571 2040 agricola
589 2012 672 2034 totum
687 2008 779 2034 vineas
795 2007 896 2039 habet,
920 2010 966 2033 aut
993 2010 1033 2032 ιο·

244 2058 301 2080 tum
315 2053 393 2085 ﬁcus,
410 2057 455 2080 aut
475 2057 560 2079 totmn
574 2053 656 2084 mala,
669 2053 710 2080 vel
725 2053 848 2088 palmas?
864 2052 917 2080 Sed
931 2052 976 2086 qui
992 2052 1032 2079 di-

244 2099 330 2133 ligens
340 2103 367 2125 et
386 2098 538 2125 industrius
561 2103 604 2125 est
628 2099 750 2132 colonus,
775 2106 807 2126 ex
837 2099 880 2126 his
903 2098 1031 2125 omnibtts

243 2151 337 2178 agrum
349 2144 484 2170 consitum
497 2143 577 2171 habet
587 2148 614 2170 et
629 2143 769 2173 refertum.
790 2144 837 2172 Sic
851 2151 917 2178 ergo
932 2142 1032 2170 intelli-

243 2197 337 2222 gamus
356 2194 383 2217 et
395 2190 422 2216 in
441 2197 474 2218 eo
489 2197 553 2224 agro
567 2197 646 2224 quem
670 2190 741 2217 Deus
753 2191 868 2226 plantat,
889 2190 951 2224 quia
977 2197 1028 2216 non

242 2244 294 2262 una
310 2236 367 2264 sola
380 2237 508 2264 arborum
524 2238 628 2271 species
652 2243 703 2270 est,
720 2245 782 2272 qua:
809 2242 914 2264 tantum
941 2236 1030 2264 dulcia

244 2281 315 2308 ferat
327 2290 416 2318 poma,
431 2283 477 2310 sed
490 2283 578 2318 aliqua
591 2285 693 2316 dulcia,
717 2284 805 2317 aliqua
824 2289 944 2315 austera,
975 2288 1031 2308 sute

243 2332 333 2354 tamen
351 2329 564 2364 unumquodque
580 2331 704 2357 utilitatis
717 2336 744 2356 et
755 2329 848 2364 gratia:
862 2327 931 2364 (90).
943 2327 1031 2354 Nolite

241 2379 307 2407 ergo
326 2373 353 2400 in
367 2375 446 2401 nobis
465 2375 530 2402 illud
551 2376 700 2409 requirere,
724 2375 794 2410 quod
816 2374 841 2400 in
862 2381 928 2408 ρπιπι
948 2372 1030 2408 482

242 2418 398 2446 Alexandro
416 2420 472 2455 (9i)
491 2421 604 2448 habetis.
619 2420 747 2447 Fatemur
758 2420 831 2446 enim
852 2418 923 2453 quod
934 2425 1028 2444 omnes

240 2473 289 2492 nos
300 2471 410 2500 superat
427 2467 453 2493 in
479 2466 565 2501 gratia
591 2465 720 2493 lenitatis.
740 2465 824 2498 Cujus
844 2465 938 2499 gratia:
973 2473 1025 2491 lt0tl

239 2512 311 2538 solus
327 2520 376 2547 ego
394 2511 554 2546 praedicator
572 2511 687 2543 exsisto,
711 2511 757 2538 sed
780 2518 828 2537 vos
857 2517 952 2537 omnes
976 2517 1027 2537 ett-

239 2558 306 2592 pt'nl
318 2559 479 2593 cognoscitis
490 2562 517 2585 et
531 2558 650 2592 probatis
672 2557 702 2584 Et
716 2557 775 2584 ideo
784 2556 903 2590 ejusdem
917 2556 1025 2590 quidem

273 2627 294 2642 ⁸²
309 2627 343 2655 IV
357 2627 457 2661 Βεμι.
469 2627 514 2655 10.
552 2627 575 2643 ⁸³
590 2627 674 2655 Exod.
690 2634 734 2659 xv,
750 2627 793 2655 I'l.

242 1142 282 1170 De
294 1142 428 1169 Heldtana

274 2694 329 2729 (90)
345 2695 419 2723 Unus
432 2696 515 2723 codex
536 2704 614 2727 mss.,
632 2706 641 2722 ι
659 2704 708 2724 sua
731 2701 821 2722 tamen
854 2695 1025 2729 unumquod-

239 2735 298 2765 que
307 2730 421 2757 utilitate
435 2737 462 2757 et
476 2732 573 2765 gratia.
592 2741 602 2757 ι

276 2763 330 2797 (91)
341 2763 501 2792 Alexandro.
520 2766 703 2793 Alexandrum
717 2765 837 2800 intellige
849 2764 1024 2800 .Icrosolymi—

241 2801 330 2825 tanum
346 2800 511 2835 episcopum,
527 2800 652 2836 Origenis
676 2801 805 2833 amicum,
824 2801 856 2827 de
873 2807 927 2836 quo
944 2800 1029 2828 Eusc-

1051 1103 1072 1129 Β
1087 1099 1144 1134 agri
1166 1098 1266 1132 plantae
1276 1105 1335 1125 esse
1346 1104 1490 1132 possumus
1508 1102 1535 1125 et
1549 1101 1687 1131 optamus.
1712 1105 1768 1125 non
1793 1103 1873 1125 tamen

1086 1144 1211 1171 eumdem
1243 1151 1368 1178 saporem
1396 1143 1518 1170 reddere;
1552 1143 1582 1170 lu
1606 1143 1745 1170 fructibus
1772 1144 1872 1177 quidem

1086 1190 1248 1217 confitemur
1259 1196 1308 1216 nos
1335 1189 1435 1215 habere
1449 1188 1550 1222 aliquid
1565 1188 1762 1216 amaritudinis
1791 1189 1819 1216 in
1838 1196 1873 1215 sa-

1086 1243 1160 1270 pore,
1175 1239 1222 1261 attt
1244 1233 1313 1261 forte
1335 1233 1406 1268 quod
1421 1233 1526 1260 Videtur
1540 1232 1598 1268 (92)
1621 1233 1708 1268 magis
1741 1242 1826 1269 quam
1847 1235 1873 1260 sit

1085 1288 1208 1307 amarum
1224 1289 1231 1306 :
1251 1281 1313 1315 quia
1328 1287 1419 1307 sermo
1432 1279 1615 1313 correptionis
1637 1287 1753 1306 amarus
1771 1280 1872 1314 quidem

1086 1329 1264 1356 videturesse
1280 1327 1344 1356 (lum
1373 1327 1498 1362 corripit,
1521 1326 1610 1360 duit-J3
1638 1331 1731 1353 autem
1763 1326 1873 1354 edicitur

1085 1381 1146 1400 cum
1160 1374 1297 1401 emendat.
1312 1372 1378 1399 Vide
1394 1372 1477 1399 etiam
1488 1371 1573 1406 ipsius
1591 1371 1697 1399 Domini
1715 1376 1743 1398 et
1756 1371 1875 1398 Salvato-

1088 1420 1126 1446 ris
1139 1419 1224 1446 nostri
1240 1425 1392 1449 sermones,
1407 1418 1468 1451 quia
1485 1424 1537 1443 non
1563 1424 1659 1444 onmes
1679 1417 1873 1444 beatitudinem

1086 1465 1238 1495 continent,
1257 1472 1306 1491 nec
1322 1471 1417 1491 omnes
1433 1464 1465 1489 de
1481 1463 1558 1489 venia
1574 1467 1602 1489 et
1619 1462 1796 1498 indulgentia
1820 1470 1872 1496 pro-

1086 1513 1232 1540 testantur,
1248 1509 1294 1535 sed
1312 1513 1376 1536 sunt
1390 1508 1416 1535 in
1433 1506 1524 1534 verbis
1537 1507 1620 1534 etiam
1634 1507 1765 1540 quaedam
1790 1512 1871 1533 auste-

1087 1563 1115 1582 ra
1129 1560 1156 1582 et
1170 1555 1269 1582 tristia.
1286 1555 1362 1582 Sicut
1376 1555 1448 1581 enim
1465 1553 1530 1581 dicit
1544 1553 1637 1580 :Beati
1647 1554 1694 1587 qui
1709 1553 1770 1580 haec
1785 1558 1812 1580 et
1825 1554 1872 1579 haec

1085 1607 1178 1637 agunt.
1195 1602 1230 1628 ita
1248 1601 1322 1631 dicit.
1337 1599 1384 1627 Va:
1399 1600 1450 1628 illis
1471 1600 1516 1635 qui
1531 1599 1590 1627 inec
1616 1604 1644 1626 et
1666 1599 1727 1626 haec
1752 1606 1871 1635 egerunt.

1086 1648 1142 1683 Ego
1153 1648 1203 1674 hoc
1213 1647 1296 1674 etiam
1314 1647 1339 1673 in
1352 1645 1491 1680 prophetis
1501 1649 1691 1679 perscrutatus
1707 1652 1782 1676 sum,
1795 1650 1821 1672 et
1836 1645 1873 1671 in-

1085 1692 1145 1718 veni
1160 1692 1253 1726 paucis
1264 1692 1459 1726 prophelarum
1476 1690 1547 1717 istud
1561 1697 1623 1718 esse
1645 1697 1814 1717 concessum
1825 1710 1834 1721 ,
1850 1694 1874 1716 ιιι

1086 1745 1224 1771 nunquam
1239 1736 1341 1770 aliquid
1356 1735 1462 1770 populis
1478 1742 1602 1761 amarum
1617 1739 1665 1761 aut
1693 1735 1776 1761 triste
1791 1735 1874 1770 qulle-

1086 1787 1190 1816 rentur,
1202 1782 1248 1809 sed
1266 1781 1354 1808 dulcia
1373 1788 1481 1815 semper
1492 1784 1520 1808 et
1535 1780 1618 1807 lenia.
1636 1780 1824 1807 Observatum
1839 1786 1873 1806 ιον

1085 1834 1145 1854 men
1157 1831 1197 1853 est
1212 1834 1225 1852 a
1238 1825 1374 1860 prioribus
1389 1825 1490 1852 nostris
1503 1844 1511 1856 .
1528 1824 1601 1859 quod
1623 1824 1652 1850 in
1668 1823 1792 1852 Psalmis
1821 1829 1873 1850 tan-

1085 1871 1225 1898 tummodo
1245 1871 1299 1897 illis
1313 1870 1358 1905 qui
1372 1869 1546 1897 attitulantur
1560 1879 1570 1895 ι
1589 1869 1666 1897 Filiis
1681 1870 1778 1897 Chore
1789 1891 1797 1903 ,
1814 1879 1822 1896 l
1849 1870 1871 1895 in

1084 1918 1151 1952 ipsis
1164 1917 1230 1943 solis
1256 1915 1323 1942 nihil
1337 1915 1529 1942 amaritudinis
1545 1914 1587 1941 vel
1604 1915 1781 1943 austeritatis
1804 1915 1870 1941 vide-

1084 1971 1125 1992 tur
1140 1965 1244 1997 inferri,
1259 1964 1306 1990 sed
1319 1964 1370 1990 hoc
1380 1963 1420 1990 eis
1434 1963 1510 1996 quasi
1526 1962 1618 1989 divino
1627 1970 1748 1989 munere
1762 1969 1871 1990 concrs—

1083 2018 1141 2037 sutn
1156 2014 1208 2040 cst,
1227 2014 1257 2035 ut
1274 2008 1390 2035 nominis
1418 2015 1513 2035 eorum
1540 2007 1644 2035 Psalmi
1672 2015 1786 2043 semper
1815 2007 1870 2035 laeta

1082 2062 1195 2090 qua-que
1211 2054 1380 2081 contineant.
1403 2053 1450 2080 Est
1471 2060 1538 2087 ergo
1552 2053 1636 2080 etiam
1662 2053 1692 2080 in
1724 2054 1792 2087 ipsis
1815 2060 1871 2087 pro-

1082 2101 1171 2135 phetis
1182 2100 1266 2126 multa
1282 2099 1438 2126 diversitas.
1453 2098 1504 2126 Alii
1518 2099 1618 2131 tristia,
1632 2099 1678 2126 alii
1693 2099 1758 2127 laeta
1775 2100 1870 2127 denun-

1083 2147 1161 2174 tiant.
1176 2146 1228 2173 Sed
1245 2150 1273 2173 et
1294 2146 1352 2180 ipse
1367 2145 1505 2180 apostolus
1528 2145 1640 2175 Paulus.
1673 2147 1722 2180 qui
1757 2147 1868 2173 imitator

1081 2197 1122 2220 est
1136 2191 1248 2223 Christi,
1263 2191 1362 2218 habere
1377 2199 1406 2218 se
1421 2190 1489 2218 dicit
1506 2191 1609 2225 virgam
1622 2212 1630 2224 ,
1649 2191 1685 2217 ad
1707 2199 1758 2219 eos
1785 2192 1868 2224 utique

1081 2236 1125 2270 qui
1138 2236 1256 2270 indigent
1268 2235 1409 2269 disciplina
1425 2243 1433 2261 ε
1450 2239 1477 2261 et
1497 2236 1523 2262 in
1538 2235 1637 2269 spiritu
1654 2235 1869 2263 mansuetudinis

1081 2281 1177 2307 venire
1192 2288 1222 2307 se
1240 2280 1317 2312 dicit,
1334 2279 1368 2307 ad
1381 2287 1429 2308 eos
1443 2279 1577 2313 profecto,
1598 2288 1719 2314 quorum
1738 2283 1792 2307 vita
1819 2280 1868 2307 cul-

1081 2327 1122 2360 pis
1136 2325 1256 2352 carebat.
1272 2324 1306 2353 Et
1322 2325 1357 2351 ita
1371 2324 1508 2352 invenitur
1525 2325 1552 2352 in
1567 2332 1620 2353 una
1637 2326 1795 2360 eademque
1815 2325 1869 2358 eius

1083 2369 1201 2404 Epistola
1224 2377 1314 2397 sermo
1338 2373 1365 2396 et
1391 2377 1501 2397 amarus
1516 2374 1543 2396 et
1572 2370 1671 2398 dulcis.
1698 2369 1778 2397 Sicut
1793 2376 1818 2397 et
1835 2370 1869 2395 ad

1080 2414 1236 2442 Corinthios
1249 2414 1275 2440 in
1293 2414 1380 2449 prima
1395 2419 1471 2449 parte
1487 2415 1588 2448 prioris
1604 2414 1737 2449 Epistolas
1761 2415 1824 2443 dicit
1834 2414 1869 2445 "_

1079 2461 1141 2495 quia
1159 2469 1168 2485 ε
1187 2460 1212 2487 in
1223 2460 1348 2487 onmibus
1365 2460 1461 2487 divites
1470 2459 1534 2487 iacti
1544 2459 1610 2487 estis
1623 2461 1649 2487 in
1669 2460 1743 2494 ipso,
1759 2462 1785 2486 in
1798 2458 1867 2486 omni

1080 2509 1182 2539 verbo,
1211 2511 1239 2534 et
1270 2506 1296 2533 in
1319 2507 1394 2533 omni
1422 2506 1555 2539 scientia,
1586 2507 1659 2534 sicut
1685 2507 1867 2534 testimOninm

1080 2553 1181 2581 Christi
1193 2553 1383 2581 conﬁrmatum
1398 2553 1478 2580 estin
1500 2553 1589 2586 vobis,
1603 2553 1642 2580 ita
1662 2559 1693 2580 ut
1710 2553 1776 2580 nihil
1795 2552 1867 2580 vobis

843 2626 864 2641 “
880 2625 976 2653 Matth.
991 2633 1036 2658 xv,
1052 2625 1094 2651 15.
1134 2624 1157 2640 ⁸⁸
1175 2624 1182 2650 l
1196 2622 1259 2651 Cor.
1275 2629 1295 2654 ι,
1311 2622 1336 2654 5,
1352 2622 1379 2655 6,
1394 2622 1420 2649 7.

1080 2695 1141 2721 hius
1159 2693 1286 2721 iiiuarirc
1309 2694 1494 2720 ecclesiastici:
1523 2692 1626 2726 illum,
1650 2694 1746 2728 ειν-8
1768 2698 1796 2720 et
1820 2691 1864 2720 27.

1081 2729 1150 2769 l_linc
1168 2730 1249 2769 etiam
1272 2729 1370 2763 collige
1398 2729 1467 2755 hanc
1494 2728 1634 2755 homiliam
1665 2730 1785 2757 habitam
1806 2733 1864 2755 sse

1079 2763 1256 2798 Jerosolymis

1119 2799 1173 2834 (92)
1191 2799 1265 2831 Mss,
1282 2807 1291 2824 (
1308 2797 1423 2826 videtur.
1439 2806 1450 2824 ι
1471 2795 1554 2829 Editi.
1575 2806 1584 2823 ι
1598 2797 1753 2832 iudicatur.
1768 2807 1779 2825 ι
