1888 3051
53 103 104 131 997

619 103 650 130 ΙΝ
675 103 802 131 LIBRUM
819 102 939 131 REGUM
954 103 1094 131 llOMlLlA
1111 103 1130 132 1.

1634 111 1684 139 998

56 163 125 191 desit
140 162 167 190 in
180 161 233 189 ulla
247 162 331 197 gratia
343 164 568 198 exspectantibus
586 164 781 192 revelationem
792 164 843 191 Do-
859 166 879 194 Α
897 164 1037 198 posuimus
1067 165 1210 192 indicetur.
1241 165 1376 194 Fortassis
1406 168 1478 194 enim
1508 169 1580 197 dicet
1608 171 1685 198 nobis

55 207 118 234 mini
136 208 222 234 nostri
240 207 302 235 Jesu
320 209 434 236 Chrl~ti.
458 218 468 236 ι
485 209 518 236 Et
534 210 612 244 paulo
626 215 686 244 post
703 211 840 245 gradiens,

55 253 115 280 vide
129 253 247 287 qualiter
257 260 347 281 sermo
358 254 417 288 ejus
436 261 614 289 exasperatur
631 263 693 282 cum
709 256 776 282 dicit
792 256 815 272 “
833 264 840 281 :

56 308 66 325 α
85 299 202 326 Omnino
215 299 327 326 auditur
341 300 366 326 in
381 300 458 327 vobis
475 301 626 333 foruicatio.
642 306 670 328 et
682 300 745 328 talis
760 301 843 328 forni-

53 344 127 371 catio
144 344 235 378 qualis
251 352 301 371 nec
317 344 389 371 inter
409 350 514 379 gentes,
533 346 569 372 ita
584 351 613 373 ut
629 353 741 373 uxorem
758 345 842 380 patris

54 390 154 424 aliquis
171 389 282 418 habeat.
298 389 331 416 Et
349 397 397 417 vos
414 389 497 417 inflati
518 391 594 422 estis.
614 395 641 418 et
667 399 720 418 non
757 391 842 425 magis

55 435 174 467 luaistis,
185 440 216 462 ut
233 435 343 462 tollatur
361 437 393 462 de
409 436 499 463 medio
516 441 636 464 vestrum
651 437 696 471 qui
711 438 762 464 hoc
774 444 842 471 opus

54 481 129 509 fecit.
151 490 161 507 t
181 480 240 508 lloc
254 486 344 507 autem
360 481 421 508 ideo
436 481 586 514 scribebat,
601 482 664 516 quia
681 490 733 510 non
746 490 841 510 omnes

51 526 86 552 ad
107 533 177 560 quos
191 532 284 553 sermo
301 527 359 559 ejus
371 526 551 561 dirigebatur.
566 527 646 554 laude
661 527 734 561 digni
753 532 840 559 erant,

53 579 144 606 tteque
160 579 258 599 omnes
281 572 417 600 confutari
435 574 477 601 vel
506 574 608 608 corripi
637 574 812 601 merebantur
831 582 839 600 :

50 622 80 643 et
96 617 155 644 ideo
170 624 262 644 amara
277 617 402 646 dulcibus
420 619 526 649 miscet.
544 623 573 645 ut
596 619 655 646 laus
674 619 707 645 ad
724 619 841 652 optimos

51 670 187 697 quosque,
198 665 336 698 correptio
346 671 411 691 vero
425 663 559 691 referatur
574 664 607 691 ad
620 663 761 697 pessimos.
779 663 841 690 llaec

51 707 156 735 idcirco
172 709 292 737 diximus
309 709 334 736 iu
346 709 515 744 praefatione,
525 709 585 743 quia
596 709 652 737 scio
664 717 713 736 vos
725 716 840 737 consuc-

50 752 125 779 visse
142 752 273 780 lenissimi
292 755 378 789 patris
389 754 484 782 dulces
499 761 607 789 semper
624 755 719 781 audire
735 762 840 782 sermo-
852 767 861 773 -

52 805 115 830 nes,
134 803 234 826 nostrae
249 807 312 827 vero
330 799 507 835 plantatiouis
524 800 667 828 arbuscula
690 801 771 828 habet
790 801 839 828 ali-

48 845 116 878 quid
131 845 303 873 austeritatis
323 846 349 873 in
367 851 459 881 gustu,
473 847 545 881 quod
577 851 667 874 tamen
698 848 840 874 orantibus

49 890 129 918 vobis
142 892 188 918 flet
202 892 430 919 medicamentum
445 892 541 919 salutis
557 902 564 919 :
581 893 644 927 quia
662 899 689 920 et
721 893 840 920 medica-

49 942 143 963 .nenta
158 937 282 971 quaedam
297 943 361 965 sunt
378 938 479 971 dulcia,
498 939 621 972 qmedam
642 947 706 966 vero
718 945 839 971 austera,

47 989 245 1016 nonnunquam
260 987 287 1009 et
302 991 405 1016 amara,
427 989 453 1011 et
470 989 559 1013 tamen
581 985 607 1012 in
639 985 696 1012 suis
725 992 840 1020 quaeque

48 1027 118 1053 locis
132 1028 248 1054 remedia
265 1029 398 1062 tribuunt,
412 1030 434 1058 si
447 1037 509 1057 cum
527 1038 653 1058 mensura
670 1036 698 1058 et
711 1031 840 1067 temporis

44 1073 257 1106 opportunitate
273 1080 429 1103 sumantur.

89 1119 251 1148 2.!listoria
279 1122 358 1149 nobis
384 1123 496 1150 recitata
521 1126 563 1150 est
588 1122 621 1149 de
655 1123 741 1158 primo
770 1123 839 1150 libro

50 1164 222 1199 Regnorum,
239 1173 298 1199 quae
316 1166 351 1194 ita
368 1168 476 1194 videtur
489 1166 618 1201 difﬁcilis,
633 1172 661 1194 ut
677 1168 781 1202 absque
799 1169 839 1195 di-

47 1209 121 1236 vina:
136 1209 242 1237 virtutis
256 1211 341 1245 gratia
355 1211 509 1246 explanatio
520 1211 578 1245 ejus
599 1219 652 1238 nou
675 1213 761 1246 possit
791 1219 839 1239 ex-

47 1255 125 1289 paui.
144 1255 271 1283 Refertur
284 1264 348 1291 ergo
366 1257 402 1284 ibi
419 1257 440 1273 "
456 1265 462 1280 ε
485 1266 495 1283 t
517 1257 582 1284 Erat
597 1257 640 1284 vir
651 1265 720 1284 unus
734 1265 765 1284 ex
785 1258 839 1284 Ra-

48 1299 180 1326 mathaim
208 1300 309 1336 Sophin
340 1302 374 1328 de
400 1306 493 1328 monte
520 1301 659 1336 Epitraim,
691 1307 718 1329 et
739 1304 837 1329 nomen

46 1343 110 1377 ejus
124 1345 272 1373 Helchana.
291 1355 300 1372 ι
316 1346 424 1374 Etcum
445 1352 633 1374 enumerasset
658 1354 766 1374 omnem
793 1355 840 1381 ge-

46 1393 221 1420 nerationem
236 1393 304 1427 ejus,
318 1394 384 1421 dicit
399 1402 407 1420 :
422 1403 432 1419 ‹
449 1394 481 1421 Et
493 1394 555 1421 huic
565 1399 654 1425 erant,
668 1394 766 1429 illqllll,
779 1395 839 1421 duae

46 1446 162 1471 uxores,
175 1447 273 1467 nomen
291 1440 338 1467 uui
351 1440 439 1472 Anna,
453 1444 481 1467 et
493 1447 592 1468 nomen
614 1441 741 1467 secundae
767 1439 839 1466 Phe-

895 209 994 244 aliquis
1011 210 1045 237 ad
1070 210 1236 237 audientiam
1270 211 1336 246 legis
1370 217 1469 240 nostra:
1499 222 1586 249 nuper
1609 223 1687 243 acce-

894 254 1147 282 deus:Christiaua
1163 256 1258 290 religio
1278 257 1434 291 pudicitiam
1457 259 1616 294 profitetur,
1645 261 1686 287 iu-

895 304 1000 327 tantum
1019 305 1057 331 ul,
1075 301 1097 327 si
1116 300 1173 327 fieri
1188 306 1286 335 potest,
1302 310 1352 330 nec
1366 305 1556 339 contiugamus
1573 307 1685 334 omnino

893 344 1046 371 mulierem.
1064 345 1109 372 Sic
1131 346 1204 372 enim
1223 347 1288 374 dicit
1304 348 1448 381 Apostolus
1462 350 1485 365 “
1507 358 1515 377 :
1546 359 1555 375 ε
1577 351 1684 379 Bonum

892 392 933 415 est
947 389 1048 416 homini
1065 397 1118 417 non
1135 396 1247 426 tangere
1263 392 1416 420 mulierem.
1433 404 1443 420 ι
1458 394 1511 422 lste
1536 400 1626 424 autem
1641 397 1686 431 ju-

893 440 1026 462 stustuus
1040 435 1178 463 Helchana
1201 436 1246 471 qui
1269 439 1373 465 nobisa
1394 438 1532 474 Scriptura
1553 445 1685 477 proponi-

893 486 937 507 tur
954 482 988 508 ad
1014 481 1166 516 exemplum
1184 503 1192 514 ,
1229 483 1296 510 duas
1320 484 1400 511 simul
1423 494 1521 515 uxores
1554 488 1684 516 habuisse

892 526 1055 553 describitur
1071 534 1077 553 :
1093 535 1126 554 ea
1142 527 1241 562 quibus
1261 528 1305 555 illa
1330 537 1390 564 qua:
1409 532 1484 566 prior
1513 532 1681 568 nominatur,

892 579 945 598 non
962 572 1043 600 ha-het
1063 573 1159 605 tilium,
1177 573 1202 600 id
1230 579 1282 607 est,
1298 575 1393 608 Anna;
1415 576 1560 605 Pltenenua
1591 585 1681 608 autum

891 622 919 644 et
954 618 1053 646 ntultos
1077 619 1178 647 habere
1200 620 1270 648 filios
1296 621 1398 649 dicitur
1423 628 1452 650 et
1478 625 1576 652 multas
1601 633 1681 654 acce-

892 663 963 698 pisse
985 664 1135 697 portiones.
1168 665 1212 692 llla
1238 671 1329 693 autem
1363 669 1439 702 prior
1466 677 1546 696 unam
1570 672 1654 698 solam
1671 691 1681 706 ,

891 710 954 744 quia
971 710 1028 744 ipsa
1046 711 1103 738 sola
1122 715 1180 744 est,
1203 713 1307 747 accepit
1323 718 1440 747 partem.
1467 720 1494 742 et
1522 717 1554 744 de
1582 718 1682 745 stcrili-

892 760 947 782 tale
965 758 1150 791 conqueritur.
1182 757 1373 793 Nnnquidnam
1398 764 1425 787 et
1451 769 1499 789 nos
1524 765 1681 792 contristari

891 800 1024 828 debemus
1037 801 1100 836 quia
1120 801 1190 829 filios
1206 810 1258 829 non
1271 803 1411 835 habemus,
1426 810 1453 831 et
1466 807 1584 840 virgines
1598 808 1680 844 5.83

892 850 992 873 nostra:
1015 847 1173 874 contristari
1190 848 1287 875 debent
1303 851 1375 882 quod
1397 851 1456 877 sine
1482 851 1545 879 filiis
1567 854 1681 881 vivunt?

893 890 956 918 Haec
974 891 1029 918 dixi
1047 899 1190 920 assumens
1204 900 1348 928 personam
1360 902 1466 928 eorum,
1488 897 1532 930 qui
1561 900 1680 927 nondum

892 937 972 971 plene
989 938 1115 965 instructi
1132 939 1164 965 de
1182 940 1225 967 his
1243 948 1302 974 qua:
1327 941 1353 967 in
1379 941 1529 977 Scripturis
1543 945 1680 971 veteribus

896 983 1064 1017 recitantur,
1080 984 1182 1011 moveri
1205 986 1392 1019 scrupulosius
1418 988 1514 1014 solent.
1545 989 1682 1023 Deprecor

890 1032 979 1055 autem
1001 1035 1047 1055 vos
1069 1035 1181 1061 omnes,
1198 1034 1225 1055 ut
1245 1031 1374 1064 quoniam
1388 1038 1498 1058 sensum
1515 1037 1568 1058 tant
1584 1033 1680 1060 diffici-

891 1073 956 1100 lium
981 1081 1071 1101 rerqu
1087 1082 1217 1102 conamur
1240 1077 1346 1110 aperire
1357 1097 1365 1109 ,
1391 1082 1418 1103 et
1429 1084 1460 1104 ea
1475 1085 1536 1111 quae
1549 1078 1681 1106 velamine

889 1118 996 1146 obtecta
1009 1125 1072 1146 sunt
1090 1119 1219 1148 Ecclesiae
1233 1121 1347 1149 auribus
1367 1123 1486 1156 pandere
1502 1123 1539 1158 (iu
1560 1123 1677 1151 lectione

888 1165 960 1192 enim
976 1164 1081 1192 Veteris
1097 1166 1264 1193 Testameuti
1278 1186 1285 1198 ,
1304 1167 1374 1194 sicut
1397 1168 1463 1195 dicit
1480 1170 1626 1203 Apostolus
1638 1171 1673 1201 ".

889 1210 1010 1237 velamen
1027 1216 1070 1238 est
1083 1212 1212 1247 positum)
1224 1213 1350 1246 precibus
1365 1222 1378 1239 a
1396 1213 1510 1241 Domino
1522 1215 1677 1249 postuletis.

890 1260 918 1282 ut
932 1256 1058 1292 dignetur
1081 1258 1159 1284 nobis
1173 1258 1206 1285 ad
1222 1265 1252 1286 se
1276 1259 1417 1286 conversis
1433 1260 1541 1288 auferre
1555 1261 1677 1288 velamen

889 1302 971 1328 etiant
984 1301 1018 1328 de
1033 1302 1084 1329 hac
1101 1302 1218 1329 lectione
1229 1310 1311 1337 quant
1327 1303 1493 1331 habemusin
1504 1306 1679 1336 manibus,et

890 1347 995 1380 plenius
1020 1347 1099 1374 nobis
1124 1355 1247 1375 reserare
1268 1356 1328 1382 qua:
1351 1353 1420 1376 tecta
1444 1354 1523 1382 sunt,
1545 1354 1616 1376 utet
1632 1357 1682 1377 nos

889 1392 1023 1426 possimus
1039 1392 1158 1420 revelata
1175 1392 1244 1420 facie
1266 1394 1292 1420 lu
1315 1393 1358 1420 his
1373 1401 1434 1428 quas
1449 1399 1519 1421 tecta
1532 1399 1596 1422 sunt
1616 1395 1681 1428 glo—

890 1436 959 1462 riam
973 1436 1082 1463 Domini
1097 1437 1243 1470 speculari.

46 1491 140 1511 nenna
155 1493 162 1511 :
175 1490 203 1512 et
219 1486 273 1512 nali
288 1491 352 1512 sunt
381 1485 535 1512 Pheneume
551 1485 610 1516 lilii.
630 1489 658 1512 et
679 1486 763 1512 Anna:
784 1493 838 1511 non
852 1496 874 1524 ε
925 1482 953 1508 4-
969 1491 979 1508 ε
999 1482 1075 1514 Erat.
1093 1483 1190 1517 inquit,
1204 1483 1245 1510 Vir
1256 1491 1324 1510 unus
1338 1482 1372 1510 de
1387 1483 1517 1512 Ramatha
1535 1486 1568 1512 de
1586 1491 1684 1514 monte

45 1536 110 1558 erat
129 1531 210 1558 filius.
227 1531 260 1558 Et
277 1531 439 1558 ascendebat
453 1532 495 1558 vir
512 1531 555 1558 ille
577 1532 611 1558 de
630 1531 743 1558 civitate
757 1538 803 1558 sua
824 1538 839 1557 a

45 1578 148 1604 diebus
164 1577 189 1604 in
205 1578 275 1610 dies,
289 1582 318 1604 ut
338 1577 465 1604 adoraret
488 1581 517 1604 et
545 1577 700 1603 immolaret
726 1577 840 1604 Domino

49 1624 183 1652 virtutum
203 1624 230 1650 in
247 1624 316 1651 Silo.
332 1623 370 1651 lbi
387 1629 467 1650 erant
483 1623 540 1651 Heli
558 1627 586 1650 et
611 1623 664 1649 duo
688 1622 735 1649 filii
762 1623 839 1657 ejus,

45 1668 139 1705 Ophni
149 1675 176 1696 et
184 1669 310 1701 Phinees.
320 1670 475 1697 sacerdotes
485 1669 601 1696 Domini.
610 1669 640 1695 Et
650 1669 720 1695 facta
730 1674 770 1696 est
782 1669 840 1697 dies

47 1716 74 1742 in
88 1723 143 1750 qua
159 1715 309 1742 immolavit
322 1715 472 1748 Helchana,
486 1721 512 1743 et
526 1716 599 1743 dedit
610 1714 761 1741 Phenrnnae
773 1723 841 1743 uxo-

48 1762 70 1788 ri
84 1769 155 1792 sum,
168 1766 197 1788 et
212 1761 338 1788 omnibus
358 1762 420 1789 ﬁliis
438 1762 497 1796 ejus
527 1768 555 1790 et
581 1762 689 1791 filiabus
724 1767 838 1796 partes:

46 1807 135 1833 Anna:
150 1811 240 1833 autent
254 1807 326 1834 dedit
340 1815 420 1834 unam
436 1813 553 1842 partem.
563 1808 621 1835 Non
633 1809 707 1836 enim
724 1808 841 1835 habebat

47 1853 133 1884 tilios,
164 1853 227 1886 quia
256 1853 429 1880 concluserat
455 1853 584 1882 Dominus
609 1854 715 1881 vulvam
742 1855 810 1887 ejus.
827 1863 838 1879 t

46 1898 120 1926 Tum
133 1898 230 1925 deinde
247 1899 329 1926 refert
353 1899 507 1933 Scriptura,
533 1901 595 1934 quia
625 1900 788 1928 contristata
799 1903 841 1927 est

44 1945 142 1976 Anna,
160 1945 232 1978 quod
247 1951 309 1971 cum
325 1945 461 1979 acceperit
471 1945 617 1972 Phenenua
635 1945 766 1980 plurimas
778 1953 840 1979 por-

47 1991 142 2017 tiones
160 1997 220 2017 cum
239 1990 312 2022 filiis.
331 1990 387 2024 ipsa
414 1999 494 2018 uuam
513 1990 598 2018 solam
614 1991 751 2032 acceperit
779 1999 841 2025 par-

44 2041 117 2069 tem,
134 2041 161 2062 et
171 2035 234 2070 quia
256 2036 307 2064 hoc
324 2036 417 2063 dolore
446 2037 570 2069 perculsa
586 2036 713 2070 templum
736 2036 839 2063 Domini

46 2083 174 2118 ingressa
188 2082 328 2109 delleverit
348 2088 375 2110 et
393 2083 513 2110 oraverit
530 2090 593 2110 cum
609 2083 719 2110 silentio
733 2102 740 2114 .
760 2083 796 2110 ita
813 2087 841 2110 ut

46 2135 104 2154 non
119 2127 261 2154 audiretur
276 2135 326 2155 vox
352 2128 412 2162 ejus
426 2137 434 2156 :
459 2134 486 2156 et
501 2129 564 2164 quia
585 2133 683 2163 putans
698 2137 758 2156 eam
782 2129 839 2155 lleli

891 1528 1032 1560 Ephraim.
1056 1537 1066 1553 ι
1093 1527 1151 1554 Νοιι
1169 1535 1212 1555 me
1229 1527 1294 1554 latet
1308 1529 1395 1563 prium
1413 1529 1472 1556 loco
1493 1531 1564 1563 quod
1580 1531 1606 1558 in
1632 1531 1682 1559 ali-

891 1574 990 1608 quibus
1000 1573 1204 1608 exemplaribus
1219 1573 1337 1600 habetur
1351 1584 1356 1601 :
1373 1582 1382 1598 ι
1397 1573 1463 1601 Erat
1476 1575 1519 1602 vir
1531 1576 1652 1610 quidam,
1671 1586 1681 1602 t

890 1619 938 1646 sed
952 1619 977 1646 in
995 1619 1037 1647 his
1052 1619 1258 1654 exemplaribus
1272 1627 1333 1655 qua:
1347 1621 1534 1647 emendatiora
1553 1622 1681 1656 probavi-

891 1673 952 1692 mus
965 1665 1002 1692 ita
1028 1665 1164 1692 habetur:
1184 1674 1194 1692 ι
1213 1665 1281 1693 Erat
1293 1666 1334 1693 vir
1349 1673 1429 1693 unus.
1451 1675 1460 1692 t
1478 1666 1508 1693 ln
1533 1675 1588 1702 quo
1603 1669 1682 1696 nobis

891 1711 973 1738 etiam
992 1710 1107 1742 Hebrati,
1125 1712 1172 1746 qui
1188 1711 1382 1739 contradicunt
1395 1711 1421 1738 in
1434 1713 1551 1745 caeteris,
1568 1715 1683 1748 acquie-

891 1761 979 1784 scunt.
994 1757 1060 1784 Erat
1074 1764 1138 1791 ergo
1156 1758 1198 1784 vir
1222 1765 1302 1784 unus.
1319 1757 1385 1784 Vide
1405 1757 1427 1784 si
1444 1765 1497 1785 non
1523 1759 1574 1786 hoc
1597 1760 1683 1794 ipsum

891 1803 1011 1837 pertinet
1025 1803 1059 1830 ad
1075 1802 1183 1830 laudem
1196 1803 1263 1837 justi
1277 1802 1349 1837 quod
1361 1802 1465 1830 dicitur
1479 1804 1513 1831 de
1523 1811 1574 1831 eo:
1591 1813 1601 1830 Ι
1618 1805 1684 1832 Erat

892 1849 934 1875 vir
948 1856 1026 1875 unus.
1046 1857 1056 1874 ι
1076 1847 1130 1876 Nos
1150 1848 1196 1883 qui
1220 1849 1311 1876 adhuc
1333 1854 1492 1883 peccatores
1509 1856 1603 1876 sumus
1629 1858 1683 1878 non

891 1902 1034 1930 possumus
1044 1895 1124 1922 istum
1139 1894 1246 1922 titulum
1262 1894 1349 1921 laudis
1359 1895 1513 1929 acquirere,
1524 1895 1587 1928 quia
1601 1903 1685 1922 unus-

891 1941 1006 1976 quisque
1021 1946 1145 1969 uostrum
1169 1947 1223 1968 non
1244 1945 1287 1967 est
1301 1948 1388 1974 unus,
1404 1941 1450 1968 sed
1469 1944 1511 1968 est
1533 1941 1621 1968 multi.
1638 1942 1682 1969 ln-

893 1992 969 2015 luere
981 1995 1098 2022 namque
1113 1985 1229 2020 alicujus
1243 1986 1347 2013 vultum
1360 1993 1432 2013 nunc
1445 1986 1520 2018 irati,
1546 1988 1618 2014 hunc
1635 1987 1684 2014 ite-

894 2041 954 2061 rum
969 2034 1066 2065 tristis.
1081 2033 1161 2068 paulo
1176 2037 1237 2068 post
1253 2040 1359 2059 rursum
1376 2032 1527 2067 gaudentis.
1540 2036 1568 2060 et
1584 2032 1683 2060 iterum

893 2080 1006 2112 turbati,
1023 2084 1050 2107 et
1064 2086 1171 2106 rursum
1191 2078 1269 2110 lenis,
1286 2078 1312 2105 in
1330 2078 1384 2105 alio
1409 2083 1532 2112 tempore
1550 2078 1586 2106 de
1603 2078 1686 2106 rebus

894 2126 996 2153 divinis
1017 2130 1044 2152 et
1063 2126 1122 2152 vita:
1144 2129 1252 2152 aeterna:
1267 2125 1373 2151 actibus
1398 2123 1586 2155 consulentis,
1605 2124 1686 2158 paulo

44 2173 185 2201 sacerdos
199 2181 259 2201 esse
274 2174 389 2205 ebriam,
412 2175 595 2209 increpavcrit
608 2182 680 2207 eam,
704 2175 764 2209 ipsa
777 2181 841 2201 vero
857 2165 879 2192 ι)
894 2176 954 2206 post
969 2179 1033 2198 vero
1049 2171 1091 2198 vel
1106 2179 1165 2205 quae
1177 2170 1210 2197 ad
1230 2170 1385 2203 avaritiam,
1395 2169 1438 2197 vel
1450 2177 1511 2204 qua:
1524 2169 1557 2196 ad
1568 2169 1684 2204 gloriam

46 2226 114 2245 rum
137 2218 291 2245 humilitate
315 2218 480 2252 respondens
500 2217 668 2245 satisfecerit
696 2217 843 2249 sacerdoti,

44 2263 172 2291 oraverit
194 2264 249 2299 (95)
270 2268 360 2292 autem
387 2265 422 2291 ad
451 2264 608 2296 Domintun,
631 2268 660 2291 ut
688 2263 845 2297 conciperet

47 2311 152 2342 tilium,
169 2311 328 2344 promittens
342 2317 372 2337 se
387 2310 441 2337 Deo
457 2315 676 2337 consecraturam
704 2309 845 2344 quodcun-

46 2363 107 2391 que
137 2356 284 2390 genuisset.
323 2355 356 2383 Et
378 2363 441 2383 eum
472 2363 504 2383 ex
529 2354 740 2390 repromissione
759 2354 843 2381 filium

46 2400 233 2436 suscepisset,
248 2401 365 2428 refertur
378 2401 450 2436 quod
468 2409 482 2428 ι
495 2401 565 2429 lacte
579 2400 721 2436 depulsum
734 2401 842 2427 obtule-

50 2447 90 2474 rit
103 2453 168 2473 eunt
183 2446 305 2474 Domino.
316 2446 376 2474 Non
393 2448 467 2474 enim
486 2452 594 2482 poterat
606 2446 704 2474 offerre
728 2447 844 2474 Domino

49 2492 134 2528 prius
142 2500 205 2520 eum
218 2500 298 2528 quam
312 2501 326 2520 a
342 2493 412 2521 lacte
425 2493 580 2529 depelleret.
593 2492 680 2520 Olfert
702 2500 768 2528 ergo
782 2500 844 2520 eum

50 2541 82 2567 in
98 2540 226 2568 oratione
238 2541 357 2575 quadam
377 2541 543 2576 propheticis
553 2541 679 2569 distincta
695 2540 843 2576 mysteriis.

50 2584 283 2613 Abbreviavimus
310 2592 440 2621 quantum
482 2587 618 2621 potuimus
646 2586 844 2614 continentiam

52 2631 198 2659 lectionis.

90 2679 120 2706 5.
141 2677 284 2707 Videamus
301 2686 374 2707 nunc
385 2679 450 2714 quid
463 2680 544 2707 etiam
559 2687 607 2714 per
627 2680 685 2707 huic
709 2686 769 2714 qua:
781 2686 844 2714 pro-

895 2218 986 2244 steculi
1002 2218 1139 2252 pertinent
1152 2216 1301 2244 molientis.
1318 2216 1400 2243 Vides
1421 2215 1559 2250 quomodo
1580 2216 1624 2242 ille
1638 2216 1684 2250 qui

895 2268 1007 2298 putatur
1018 2270 1087 2290 unus
1101 2270 1173 2295 esse,
1187 2269 1238 2289 nou
1253 2268 1295 2289 est
1312 2269 1393 2294 unus,
1408 2261 1454 2288 sed
1471 2266 1512 2289 tot
1531 2261 1558 2288 in
1574 2268 1608 2287 eo
1623 2269 1685 2294 per—

895 2317 968 2336 sonte
981 2309 1109 2336 videntur
1123 2315 1184 2335 esse
1203 2312 1269 2341 quot
1286 2315 1375 2335 mores
1385 2327 1394 2340 ,
1407 2307 1470 2341 quia
1487 2311 1514 2334 et
1536 2306 1686 2334 secundum

897 2354 1051 2389 Scripturas
1068 2363 1078 2380 ς
1093 2351 1224 2388 insipiens
1236 2353 1306 2380 sicut
1321 2353 1383 2380 luna
1397 2357 1519 2379 mutatur
1530 2353 1565 2379 ⁷⁸.
1581 2361 1591 2378 t
1606 2351 1685 2380 Unde

896 2405 922 2429 et
938 2401 1000 2428 luna
1015 2408 1076 2428 cum
1091 2401 1217 2428 videatur
1232 2407 1284 2427 una
1298 2407 1360 2427 esse
1380 2407 1429 2434 per
1454 2398 1614 2426 substantiae
1631 2398 1683 2424 im-

898 2447 1093 2479 mutationem,
1116 2451 1206 2474 tameu
1230 2453 1338 2481 semper
1360 2453 1375 2472 a
1400 2445 1544 2478 semetipsa
1571 2443 1625 2470 alia
1643 2448 1685 2469 est

897 2500 1057 2528 semperque
1080 2493 1188 2520 diversa
1208 2501 1216 2520 :
1241 2498 1269 2520 et
1285 2493 1325 2520 sic
1352 2491 1434 2518 etiam
1460 2490 1487 2517 in
1505 2489 1562 2524 ipsa
1579 2493 1687 2516 constat

896 2538 967 2573 quod
979 2545 1031 2565 una
1048 2538 1138 2567 multae
1151 2538 1215 2567 sint.
1233 2538 1280 2565 Sic
1295 2545 1360 2571 ergo
1373 2541 1401 2564 et
1415 2543 1463 2563 nos
1479 2535 1523 2570 qui
1541 2534 1629 2562 adhuc
1642 2534 1686 2561 in-

897 2584 1027 2619 sipientes
1040 2591 1133 2611 sumus
1147 2589 1174 2611 et
1190 2583 1341 2619 imperfecti
1356 2602 1364 2614 ,
1388 2582 1451 2615 quia
1473 2587 1582 2614 semper
1596 2584 1687 2606 muta~

899 2638 958 2657 mus
972 2630 1133 2662 sententias,
1150 2634 1175 2656 et
1192 2635 1301 2663 semper
1315 2628 1425 2654 diversa
1447 2627 1571 2660 cupimus
1585 2629 1612 2652 et
1625 2632 1689 2651 sem

879 2676 991 2708 ‘timus,
1009 2682 1079 2702 unus
1104 2682 1157 2701 non
1182 2680 1326 2709 possumus
1350 2672 1414 2699 dici.
1439 2671 1476 2699 De
1500 2670 1582 2705 justis
1594 2675 1687 2697 autem

91 2746 117 2762 “
133 2745 143 2774 1
158 2745 222 2774 Cor.
237 2747 303 2780 v.1,
315 2747 342 2774 2.
389 2734 413 2763 εί
427 2746 438 2774 l
451 2747 517 2784 Reg.
529 2757 548 2781 I,
562 2747 629 2781 1,-5.
669 2747 692 2764 ⁸⁸
704 2747 713 2774 1
726 2747 790 2775 Cor.
802 2754 849 2778 vn,
867 2745 891 2772 l.
941 2745 962 2760 "
977 2743 998 2771 ll
1014 2744 1076 2772 Cor.
1092 2751 1132 2770 ill.
1167 2743 1190 2758 7“
1203 2741 1286 2770 Eccli.
1297 2727 1389 2774 lxxv”,
1409 2736 1461 2771 l2,

92 2814 151 2852 (93)
173 2813 248 2842 Unus
257 2814 353 2848 codex,
369 2823 379 2840 ‹
396 2815 494 2842 oravit.
515 2825 524 2841 ι
