1888 3051
214 89 265 117 999

191 165 195 171 .
216 152 268 171 uott
284 142 371 170 solum
387 148 437 176 per
452 140 573 175 singulos
589 146 658 166 unus
673 138 784 170 dicitur,
798 145 892 165 verum
908 141 935 164 et
948 146 1005 164 om-
1020 142 1043 169 Α

216 198 264 218 nes
275 192 463 223 competenter
481 193 552 213 unus
569 185 708 212 dicuntur.
731 184 764 210 Et
777 191 826 211 cur
843 190 895 210 non
912 190 1007 209 omnes

215 242 286 261 unus
300 233 441 263 dicantur.
463 237 577 265 quorum
597 236 645 256 cor
661 232 689 255 et
706 228 797 255 anima
812 235 865 254 una
879 235 941 255 esse
957 228 1006 254 de—

215 278 366 307 scribitur?
382 276 468 305 Unam
492 283 601 310 semper
621 281 716 302 omnes
738 274 900 309 sapientiam
921 274 1007 301 medi-

216 330 317 356 tantur,
333 331 416 350 unum
432 322 556 357 sapiunt,
572 329 656 348 unum
672 322 805 352 sentiunt,
822 329 904 347 unum
923 320 1006 347 Deuttt

214 374 395 398 veneramur.
412 375 495 394 unum
513 367 656 394 Dontinum
672 365 766 393 Jesutn
786 366 925 393 Christum
939 373 1006 393 con-

213 415 337 446 ﬁtentur,
352 421 406 441 uno
419 413 523 447 Spiritu
538 412 584 439 Dei
601 413 751 447 replentur.
772 412 848 439 Unde
869 412 965 439 nterito
978 416 1005 439 et

213 461 263 494 ipsi
275 467 381 491 omnes,
392 467 445 486 non
458 459 547 486 solum
564 466 659 491 unum,
675 458 721 486 sed
734 462 761 484 et
777 465 848 484 unus
866 458 1005 490 dicuntur,

212 507 283 534 sicut
295 511 324 534 et
337 505 484 540 Apostolus
498 505 651 539 designavit
666 525 673 535 .
690 505 784 532 dicens
803 505 826 520 '”
847 514 854 531 .-
878 514 887 529 ι
905 504 1006 532 Omnes

211 552 322 586 quidem
340 555 465 582 currunt,
480 550 526 577 sed
542 558 611 577 unus
626 550 725 583 accipit
741 550 870 584 palmant.
896 559 905 576 ι
924 549 1005 576 Vides

212 597 356 624 manifeste
365 597 427 630 quia
442 603 537 622 omnes
547 596 623 629 justi,
640 603 709 622 unus
724 601 765 623 est
780 596 825 630 qui
839 596 935 630 accipit
947 595 1007 630 pal-

214 650 296 669 mam.
314 641 381 669 Vere
394 641 466 668 enim
482 641 607 668 innitatur
618 641 710 673 justus
725 642 770 676 qui
788 641 850 669 talis
868 646 910 669 cst
924 650 1005 668 unum

214 688 367 715 Dominum.
385 687 452 713 Nam
473 692 502 714 ut
523 693 573 721 ego
592 686 712 713 arbitror
723 707 730 719 ,
744 693 773 714 et
790 687 854 714 illud
869 689 941 722 quod
958 695 1006 721 per

213 726 370 769 prophetam
383 734 482 761 dicitur
493 733 515 748 ⁷¹
529 740 537 759 :
554 742 563 759 ‹
582 733 662 765 Audi,
677 733 772 765 Israel.
791 735 921 760 Dominus
935 733 1006 760 Deus

214 785 275 806 tuus
292 779 364 806 Deus
384 786 454 806 unus
474 783 532 811 est,
567 787 576 804 ι
598 786 651 805 non
674 782 777 806 tantum
799 787 912 806 numero
937 786 1006 806 unus

212 827 391 862 designatur,
418 827 464 861 qui
495 826 589 860 utique
616 833 697 860 supra
726 834 835 854 omnem
863 836 1003 855 numerum
1022 842 1042 869 Β

211 879 273 899 esse
292 871 443 900 credendus
460 877 501 899 est
519 880 526 898 :
550 872 597 899 sed
617 879 667 906 per
685 873 737 900 hoc
755 873 841 907 magis
860 881 930 900 untts
950 874 1004 901 dici

213 919 402 954 intelligendus
415 923 465 950 est,
482 919 556 953 quod
572 927 711 954 nunquam
731 927 745 946 a
767 920 916 954 sentetipso
936 921 1005 948 alter

212 964 337 998 efﬁcitur,
359 965 410 991 hoc
429 969 482 996 est.
503 972 640 999 nunquam
667 970 796 999 mutatur,
819 974 955 1001 nunquam
977 967 1004 993 in

212 1011 284 1037 aliud
302 1012 426 1042 vertitur,
439 1012 512 1037 sicut
534 1016 561 1038 et
581 1011 613 1038 de
631 1019 662 1038 eo
681 1012 764 1039 David
781 1017 947 1046 protestetur
963 1013 1004 1040 di-

211 1064 277 1083 cens
290 1057 335 1084 7':
358 1065 368 1083 ι
385 1057 424 1084 Tu
444 1062 534 1084 autem
556 1057 626 1085 idem
645 1058 703 1092 ipse
722 1065 761 1090 es,
775 1063 802 1085 et
817 1059 880 1085 anni
899 1058 936 1084 ttti
951 1066 1004 1085 non

211 1101 347 1129 delicient.
371 1111 380 1128 ι
404 1101 458 1129 Sed
477 1107 504 1129 et
525 1102 591 1129 illud
612 1103 637 1130 in
659 1103 731 1130 hmtc
753 1111 864 1130 sensum
892 1103 1005 1137 respicit

211 1149 281 1181 quod
301 1148 431 1182 scriptum
451 1153 494 1176 est
514 1149 538 1165 ⁷⁵
559 1157 567 1176 :
596 1158 605 1174 ι
629 1149 685 1183 Ego
703 1156 763 1175 sum
784 1149 913 1176 Dominus
934 1149 1005 1176 Deus

211 1198 319 1226 vester,
338 1199 366 1222 et
395 1203 449 1222 non
479 1195 620 1222 immutor.
647 1205 656 1221 ι
685 1195 862 1222 lmmutabilis
879 1202 945 1230 ergo
962 1200 1004 1222 est

212 1240 282 1266 Deus
302 1248 310 1266 :
330 1245 357 1266 et
374 1247 422 1274 per
442 1240 492 1267 hoc
511 1247 582 1266 unus
602 1240 703 1266 dicitur
717 1260 724 1272 ,
744 1240 816 1274 quod
836 1247 890 1267 non
911 1244 1004 1267 mnta-

211 1290 265 1311 tur.
285 1285 331 1312 Sic
346 1292 412 1320 ergo
432 1290 460 1312 et
479 1285 599 1312 imitator
617 1285 663 1312 Dei
679 1285 769 1318 justus
786 1285 832 1320 qui
853 1285 885 1312 ad
907 1285 1004 1319 imagi-

212 1337 272 1357 nem
294 1330 339 1357 Dei
360 1330 448 1358 lactus
467 1335 509 1358 est
529 1338 598 1358 unus
624 1336 652 1358 et
678 1331 735 1365 ipse
762 1338 824 1358 cum
851 1331 885 1358 ad
911 1330 1003 1365 perfe-

210 1380 283 1402 clutn
293 1376 397 1402 venerit
408 1377 570 1410 appellatur,
584 1376 648 1411 quia
662 1381 690 1404 et
706 1376 762 1410 ipse
775 1383 838 1403 cttm
853 1376 880 1402 in
894 1375 1004 1403 virtutis

210 1429 316 1449 summa
332 1421 504 1454 constiterit,
519 1430 572 1448 non
594 1426 732 1455 mutatur,
748 1422 796 1449 sed
811 1429 880 1448 unus
895 1429 1002 1456 perma-

211 1472 257 1493 net
272 1474 390 1501 semper.
409 1466 475 1493 Nam
494 1468 557 1493 duttt
580 1467 606 1493 itt
621 1467 723 1493 malitia
744 1471 785 1494 est
806 1467 1001 1500 unusquisque,

211 1520 258 1547 per
269 1512 352 1540 multa
364 1512 495 1539 dividitur
507 1517 534 1539 et
548 1513 574 1539 in
589 1513 695 1539 diversa
707 1512 872 1547 dispergitur
884 1521 892 1539 :
904 1518 931 1538 et
939 1513 1001 1538 dum
1016 1519 1037 1547 ο

211 1559 238 1586 in
251 1558 342 1586 mttltis
351 1563 395 1585 est
407 1557 517 1584 malitia:
530 1558 687 1591 generibus,
695 1557 747 1585 dici
761 1566 813 1584 non
823 1563 911 1592 potest
922 1565 1002 1584 ututs.

213 1602 298 1637 Igitur
327 1602 390 1636 quia
418 1601 568 1628 secundum
593 1602 744 1628 mirabilem
772 1602 842 1629 hanc
873 1603 1002 1629 unitatem

213 1655 284 1674 unus
296 1652 339 1675 est
348 1647 450 1681 justus.
463 1647 518 1674 imo
533 1651 561 1674 et
574 1647 664 1681 plures
676 1648 741 1680 justi
755 1656 826 1675 unus
841 1652 903 1675 sunt
914 1667 922 1679 .
944 1648 1004 1674 ideo

210 1698 238 1720 et
254 1697 364 1720 sanctus
383 1693 529 1727 Apostolus
546 1700 656 1720 onmem
672 1687 833 1721 cohortatur
854 1693 1002 1721 Ecclesium

210 1740 304 1766 dicens
313 1740 356 1767 ":
377 1748 386 1765 ι
408 1738 442 1766 Ut
461 1739 530 1766 idem
546 1739 644 1767 dicatis
659 1747 765 1771 omnes,
785 1745 812 1767 et
833 1747 887 1766 non
905 1739 960 1766 sittt
974 1740 1002 1766 itt

212 1785 287 1812 vobis
300 1785 462 1816 schismata,
474 1785 534 1812 sitis
544 1790 635 1812 autem
646 1785 757 1819 perfecti
771 1785 796 1812 in
809 1785 903 1812 eodem
922 1792 1002 1813 sensu

209 1836 238 1858 et
253 1832 279 1859 in
298 1832 393 1859 eadem
408 1831 536 1860 scientia.
551 1840 560 1857 ι
576 1830 722 1866 Propterea
736 1836 764 1859 et
777 1831 803 1858 in
815 1831 928 1858 Actibus
939 1838 1004 1866 apo-

209 1876 340 1903 stolorum
362 1884 410 1904 cor
430 1881 457 1903 et
480 1876 572 1903 anitna
596 1876 769 1903 credentium
786 1884 839 1903 una
859 1883 919 1903 esse
933 1876 1003 1903 dici-

211 1927 255 1948 tur
269 1922 303 1949 ".
326 1922 354 1950 Si
381 1928 470 1949 autem
498 1927 526 1949 et
549 1922 676 1949 subtilius
700 1922 804 1957 aliquid
826 1922 1003 1949 considerare

209 1967 344 2000 velimus,
371 1967 496 1995 invenire
521 1975 667 2002 possumus
691 1974 720 1994 et
744 1968 824 1994 aliam
853 1967 1000 1995 unitatem.

211 2012 291 2041 Verbi
307 2014 412 2047 gratia,
430 2014 452 2041 si
474 2015 510 2041 ita
528 2014 732 2042 ntortilicavcro
747 2015 870 2042 membra
886 2021 956 2047 mea,
973 2019 1002 2041 ut

207 2058 262 2092 jam
280 2067 333 2086 non
350 2060 526 2093 concupiscat
541 2067 606 2087 caro
620 2061 752 2088 adversus
765 2060 901 2095 spiritum,
915 2067 1001 2095 neque

210 2104 322 2139 spiritus
337 2105 468 2132 adversus
479 2113 602 2139 carnem,
616 2107 639 2133 si
652 2107 708 2141 jam
725 2115 777 2134 non
791 2107 826 2134 sit
846 2106 899 2133 alia
914 2106 956 2134 lex
972 2107 998 2134 itt

212 2151 342 2178 membris
354 2152 421 2178 ntcis
433 2159 494 2186 qua:
506 2158 606 2188 pugnet
617 2153 670 2188 legi
690 2153 789 2180 mentis
803 2160 884 2185 meae,
905 2156 932 2180 ct
951 2159 999 2179 ca-

941 77 1103 105 ()llltllleS

1788 85 1796 108 Ι
1804 87 1846 109 Wo

1058 138 1171 165 collibus
1186 139 1306 174 quidem.
1330 138 1368 166 De
1393 144 1505 171 monte,
1533 140 1641 174 inquit,
1667 146 1720 168 est.
1744 142 1781 169 De
1802 151 1847 175 quo

1060 184 1167 211 monte?
1186 185 1222 211 De
1237 188 1327 211 monte
1342 184 1471 219 Epitraim
1484 205 1490 217 ,
1513 186 1559 220 qui
1584 185 1785 221 interpretatur
1798 189 1847 221 fru-

1058 230 1183 264 ctiﬁcalio
1211 230 1277 265 (94).
1300 230 1370 265 Ergo
1401 231 1435 257 de
1463 237 1555 258 monte
1578 230 1743 264 l‘ructil'ero,
1770 239 1795 260 et
1816 234 1847 260 lo-

1058 284 1108 303 cus
1134 276 1193 311 ejus
1217 275 1353 303 lructifer.
1369 276 1436 303 Vide
1457 281 1483 304 et
1496 277 1666 312 Scripturam
1678 299 1686 310 ,
1699 286 1782 313 quam
1799 280 1848 307 lau-

1058 321 1118 348 dent
1141 322 1277 349 montibus
1289 322 1378 348 dicit:
1396 331 1406 347 ι
1426 322 1507 354 Deus,
1526 323 1613 358 inquit
1628 324 1661 356 ⁷⁷,
1692 324 1764 352 Deus
1781 334 1848 353 mon—

1058 367 1124 393 tium
1147 371 1198 398 est,
1223 372 1251 394 et
1273 375 1325 394 non
1353 372 1395 395 est
1410 368 1584 396 cam-allium.
1605 379 1614 396 ι
1633 370 1687 398 Sed
1710 376 1741 398 et
1760 379 1846 398 nomen

1055 412 1120 447 justi
1147 413 1227 446 hujus
1239 418 1282 440 est
1302 413 1438 440 Helcltana
1463 415 1531 450 (95),
1559 415 1633 449 quod
1658 416 1847 452 interpretatur

1058 459 1187 490 possessio
1211 459 1268 486 Dei.
1292 460 1403 486 Certum
1425 465 1467 488 cst
1488 462 1551 495 quia
1570 461 1615 488 ille
1629 462 1662 489 de
1676 470 1733 497 quo
1756 464 1847 490 dictum

1057 510 1099 531 est
1115 505 1186 538 quod
1211 513 1280 532 unus
1305 510 1379 533 essot
1399 506 1450 537 vir,
1469 507 1604 540 possessio
1626 507 1674 535 Dei
1693 514 1737 534 est
1755 514 1782 535 ct
1803 517 1847 535 non

1058 550 1194 584 possessio
1216 551 1377 577 dminonum.
1403 553 1489 584 Quem
1513 552 1585 578 ettim
1612 552 1753 579 daemones
1769 555 1846 587 possi-

1057 596 1131 628 dent,
1151 603 1204 622 non
1221 600 1262 622 est
1289 603 1370 626 unus,
1391 596 1438 622 sed
1462 596 1540 622 ntulti
1561 605 1568 622 :
1588 596 1660 623 sicut
1676 601 1705 623 et
1735 597 1786 631 ipsi
1802 598 1846 624 da:-

1059 649 1153 669 moncs
1175 642 1209 668 de
1232 649 1265 669 eo
1288 649 1368 676 quem
1391 643 1566 676 possidebant
1594 644 1795 676 responderunt
1811 645 1845 670 di-

1058 691 1162 718 centes,
1180 687 1243 720 quia
1260 686 1331 721 legio
1347 695 1445 714 nomen
1460 693 1500 714 est
1516 687 1551 714 ei.
1566 687 1641 715 Unus
1654 696 1720 715 vero
1734 694 1776 716 est
1792 689 1847 716 ilel-

1059 733 1144 759 chana
1156 753 1163 765 ,
1180 733 1225 767 qui
1239 737 1279 759 est
1295 733 1432 767 possessio
1448 733 1514 764 Dei,
1530 733 1575 767 qui
1590 739 1617 760 et
1640 734 1725 760 habet
1738 736 1847 768 patriam

1058 782 1176 804 montem
1191 777 1333 812 Epltraittt,
1358 782 1477 804 tttontem
1501 777 1687 805 l'ructil'ct'um.
1702 778 1790 815 m
1802 780 1849 807 Iste

1058 831 1124 859 ergo
1143 828 1197 850 tant
1215 823 1360 851 laudabilis
1375 823 1415 850 vir
1433 822 1528 850 habuit
1540 824 1608 850 duas
1620 831 1734 851 uxores.
1750 823 1848 852 Nomen

1057 871 1102 897 uni
1116 871 1201 903 Anna,
1219 876 1244 897 et
1261 878 1359 898 nomen
1377 872 1504 898 secunda:
1517 870 1676 897 Phenenna.
1691 871 1795 898 Habuit
1806 880 1849 898 au-

1057 921 1111 943 tem
1128 917 1196 942 lilios
1211 918 1244 943 de
1259 917 1379 944 secunda
1392 917 1540 944 Phenenna
1562 926 1569 944 :
1588 917 1691 944 sterilis
1708 925 1781 944 uxor
1795 923 1850 945 erat

1056 963 1130 997 prior
1147 962 1202 993 illa,
1219 970 1278 996 qua:
1292 968 1320 989 et
1333 963 1450 989 nobilior
1467 967 1538 988 erat.
1557 962 1662 989 Similia
1687 963 1812 990 invenies
1825 969 1851 990 et

1057 1008 1083 1035 itt
1097 1008 1208 1035 Genesi.
1223 1007 1343 1041 Cognata
1360 1007 1459 1042 quippe
1472 1013 1515 1034 est
1527 1007 1578 1034 sibi
1592 1007 1737 1042 Scriptura
1749 1009 1849 1035 divina.

1057 1053 1180 1082 Invenies
1200 1053 1237 1080 ibi
1256 1054 1369 1087 primam
1393 1062 1505 1081 uxorem
1523 1054 1639 1081 Abrahe
1660 1054 1760 1081 Saram
1781 1056 1853 1081 nobi-

1056 1100 1170 1132 liorem,
1186 1099 1335 1127 secundam
1353 1107 1418 1126 vero
1432 1099 1588 1134 [Egyptiam
1607 1099 1681 1133 Agar
1702 1099 1852 1134 ignobilem

1055 1145 1149 1179 luisse,
1167 1149 1195 1172 et
1214 1150 1277 1172 ante
1298 1151 1404 1179 patrem
1424 1145 1552 1172 ellectum
1573 1146 1712 1172 Abraham
1729 1147 1765 1172 de
1778 1147 1853 1180 igno-

1056 1190 1114 1224 bili,
1128 1199 1210 1226 quam
1227 1191 1260 1218 de
1272 1191 1356 1217 nobili
1367 1190 1400 1217 ⁷⁸.
1416 1190 1456 1218 Fit
1474 1195 1565 1217 autem
1583 1191 1758 1225 postmodum
1770 1192 1853 1219 etiam

1054 1236 1089 1264 de
1103 1237 1185 1264 nobili
1200 1237 1313 1271 conjuge
1332 1241 1419 1271 pater.
1438 1235 1477 1263 [ta
1498 1244 1563 1271 ergo
1577 1242 1606 1264 et
1622 1236 1852 1271 nuncﬂclchana

1056 1282 1100 1309 ltic
1113 1283 1160 1316 qui
1175 1287 1217 1310 est
1236 1283 1372 1317 possessio
1394 1283 1459 1314 Dei.
1482 1283 1560 1318 prius
1573 1283 1608 1310 de
1625 1284 1748 1311 secunda
1768 1292 1854 1311 uxore

1055 1327 1170 1355 edicitur
1182 1333 1277 1362 pater,
1292 1328 1422 1362 quoniam
1447 1329 1559 1363 quidem
1586 1329 1766 1356 concluserat
1784 1329 1856 1357 Deus

1053 1374 1160 1400 vulvam
1176 1372 1260 1400 Sane.
1277 1373 1339 1402 Post
1364 1374 1496 1409 plurimos
1519 1382 1585 1402 vero
1610 1379 1707 1409 partus
1725 1374 1854 1403 Pheneu-

1054 1425 1105 1450 naa,
1121 1424 1149 1445 et
1160 1419 1244 1446 Anna:
1259 1419 1337 1445 vulva
1350 1419 1523 1447 orationibus
1536 1424 1563 1446 et
1575 1419 1704 1454 precibus
1716 1421 1854 1455 aperitur,

1054 1468 1081 1491 et
1094 1463 1211 1491 cﬂieitur
1236 1470 1263 1492 et
1287 1465 1345 1499 ipsa
1370 1471 1458 1493 tttater
1481 1465 1528 1492 lilii
1556 1466 1616 1500 ejus
1640 1474 1725 1500 quem
1755 1468 1855 1494 obtulit

1056 1510 1119 1536 Deo.
1139 1510 1210 1543 Quid
1226 1517 1291 1545 ergo
1306 1511 1363 1538 haec
1388 1511 1414 1538 in
1440 1518 1470 1542 se
1492 1511 1658 1538 sacramenti
1678 1513 1854 1544 contineant,

1056 1556 1194 1582 videamus
1211 1565 1218 1583 :
1237 1556 1386 1584 Phenenua
1409 1557 1604 1592 interpretatur
1629 1559 1770 1585 conversio
1786 1559 1855 1593 (96),

1055 1602 1131 1629 Anna
1147 1607 1237 1628 autent
1254 1603 1451 1637 interpretatur
1467 1604 1554 1638 gratia
1570 1603 1638 1638 (97).
1655 1603 1856 1640 Unusquisque

1054 1653 1120 1682 ergo
1135 1653 1257 1674 nostrum
1272 1649 1317 1682 qui
1330 1649 1386 1675 vult
1401 1648 1468 1675 allici
1487 1650 1623 1683 possessio
1640 1649 1699 1680 Dei.
1719 1650 1794 1678 istas
1807 1651 1856 1678 sibi

1054 1692 1226 1728 duasjungnt
1242 1702 1355 1726 uxores,
1372 1700 1398 1721 et
1413 1704 1474 1722 cunt
1492 1695 1557 1729 ipsis
1579 1695 1630 1722 sibi
1646 1696 1764 1730 nuptias
1782 1698 1855 1725 celu-

1055 1738 1125 1767 bret.
1141 1739 1257 1766 Primam
1270 1740 1320 1767 sibi
1333 1740 1440 1775 jungat,
1458 1748 1519 1775 qnte
1537 1741 1652 1768 nobilior
1669 1747 1714 1768 est
1731 1748 1762 1770 et
1773 1751 1855 1778 gene-

1055 1786 1154 1819 rosior,
1170 1787 1297 1821 gratiam.
1314 1786 1377 1814 llaec
1392 1788 1470 1815 nobis
1482 1796 1529 1822 per
1541 1788 1621 1814 lldem
1634 1789 1729 1822 prima
1743 1790 1855 1823 coiijun-

1054 1831 1137 1866 gitur,
1158 1833 1228 1860 sicut
1242 1838 1268 1860 et
1282 1833 1427 1868 Apostolus
1443 1834 1509 1861 dicit
1523 1834 1545 1850 ⁷³
1559 1842 1566 1860 :
1582 1844 1590 1859 ι
1609 1833 1709 1861 Gratia
1727 1835 1799 1863 salvi
1815 1836 1851 1862 fs-

1053 1878 1089 1904 cti
1114 1879 1180 1905 estis
1202 1886 1249 1913 per
1271 1879 1361 1906 lidctn.
1383 1889 1392 1906 t
1424 1879 1556 1907 Secunda:
1582 1887 1647 1907 vero
1667 1881 1853 1917 conjungatur

1054 1922 1216 1956 Phcnenttac.
1244 1925 1269 1951 td
1283 1929 1334 1957 est,
1353 1925 1526 1952 conversioni
1546 1932 1553 1951 :
1572 1925 1634 1958 quia
1653 1932 1719 1960 post
1733 1929 1852 1961 gratiam

1053 1969 1219 1997 credulitatis
1232 1970 1392 1997 emendatio
1405 1970 1433 1996 ﬁt
1449 1978 1553 1997 utoruttt
1566 1975 1592 1998 et
1607 1971 1671 1998 vita:
1687 1973 1851 2000 conversio.

1053 2014 1106 2041 Sed
1123 2023 1184 2042 cum
1206 2016 1258 2042 iste
1277 2016 1313 2042 sit
1337 2017 1405 2043 ordo
1422 2016 1575 2051 nuptiarum
1589 2036 1596 2049 ,
1611 2015 1683 2043 alius
1697 2018 1771 2045 ordo
1792 2025 1852 2052 pro-

1053 2062 1199 2088 creationis
1213 2061 1338 2089 elIicitur.
1357 2062 1445 2089 Prima
1460 2069 1577 2097 namque
1594 2062 1674 2089 nobis
1688 2065 1768 2097 parit
1784 2064 1851 2091 ﬁlios

1053 2106 1209 2139 Phenenna,
1226 2107 1289 2141 quia
1307 2107 1412 2142 primos
1427 2107 1532 2134 fructus
1543 2107 1576 2134 de
1590 2107 1781 2135 conversione
1792 2117 1851 2141 pro-

1054 2154 1177 2186 ferimus,
1197 2159 1223 2180 et
1240 2153 1326 2188 prima
1348 2153 1464 2187 justitize
1486 2153 1607 2188 germina
1635 2154 1670 2180 de
1690 2155 1805 2182 actibus
1827 2161 1852 2181 et

211 2197 314 2230 ptivum
329 2204 371 2224 nte
384 2198 467 2225 ducat
481 2198 507 2225 in
520 2198 606 2233 legem
621 2200 735 2234 peccati,
748 2201 769 2227 si
781 2200 871 2226 omnia
886 2207 946 2234 qua:
961 2200 1004 2226 in—
1020 2197 1043 2227 D
1057 2199 1186 2233 operibus
1214 2204 1397 2233 procreantus.
1430 2196 1549 2224 Primum
1582 2203 1705 2231 namque
1737 2198 1852 2232 justiti:

212 2247 255 2268 tra
273 2249 315 2269 me
329 2243 433 2270 suntin
457 2251 509 2271 uno
529 2249 611 2279 atque
629 2245 655 2272 in
674 2246 769 2272 eodem
783 2253 861 2272 sensu
879 2245 998 2280 perfecta

209 2288 273 2319 sint,
288 2293 315 2315 et
326 2297 378 2316 una
393 2295 476 2324 atque
489 2291 585 2318 eadem
597 2291 732 2318 sententia
749 2296 920 2322 moveantur,
935 2295 1000 2318 tunc

209 2341 257 2361 cro
269 2339 295 2360 et
309 2341 360 2369 ego
375 2335 416 2362 vir
428 2343 508 2364 unus.

245 2379 272 2407 5.
287 2379 336 2408 Hic
350 2381 431 2417 igitur
443 2382 589 2410 laudabilis
603 2383 716 2410 duarum
727 2390 840 2410 uxorum
852 2382 894 2409 vir
909 2382 998 2418 pritno

208 2425 329 2452 omnium
353 2427 423 2453 unde
447 2427 483 2453 sit
506 2427 664 2454 videamus:
685 2437 694 2453 ι
714 2427 751 2454 De
775 2431 875 2459 monte,
900 2427 996 2462 inquit,

210 2471 347 2505 Epitraim.
367 2481 376 2498 ι
402 2472 472 2506 Ergo
495 2481 547 2500 non
569 2473 660 2506 justus
686 2473 719 2501 de
741 2474 878 2506 vallibus,
898 2481 947 2501 nec
962 2474 997 2501 de

208 2518 326 2552 campis,
343 2525 393 2545 nec
407 2520 440 2545 de
455 2519 516 2546 ullis
535 2519 709 2547 inferioribus
729 2520 814 2553 locis,
835 2520 883 2547 sed
899 2527 947 2547 nec
963 2520 996 2547 de

243 2587 265 2602 ⁷¹
280 2585 289 2612 Ι
302 2587 366 2616 Cor.
383 2596 422 2620 ιχ,
435 2588 480 2616 24.

525 2590 548 2605 ⁷¹
564 2590 640 2617 Dettt.
657 2598 693 2623 Vl,
709 2591 736 2618 4.

208 2620 231 2640 7'
248 2620 312 2656 Reg.
332 2631 380 2655 sx,
402 2624 445 2651 28.

485 2625 508 2640 ⁷⁸
523 2624 591 2652 Gen.
607 2633 650 2652 stu
668 2632 695 2653 et
720 2634 774 2653 xxx.

786 2591 808 2606 '“‘
823 2590 893 2616 Psal.
910 2598 944 2618 ctt
956 2609 963 2622 ,
977 2590 1021 2616 28.

813 2626 835 2642 "’
852 2626 948 2661 Ephes.
965 2634 994 2657 tt,
1010 2625 1036 2652 8.

245 2678 522 2720 (fit)_Ep/arnim,rqui
548 2684 736 2720 interpretatur
765 2684 946 2719 fructiﬁcatio.
975 2685 997 2711 Α

208 2717 267 2742 ms
284 2714 294 2738 ὁ
314 2714 495 2745 ΓΓιιριίΙίρειῆί.
514 2728 523 2744 ι

246 2749 300 2790 (liii)
321 2749 545 2790 Htlc/rattmquod
565 2753 754 2790 interprelalur
778 2755 908 2790 possessio
934 2753 993 2780 Dei.

211 2782 230 2806 Α
254 2788 306 2824 rep
325 2793 333 2809 ι
352 2782 533 2820 possedilotet
553 2790 603 2818 mi
617 2782 712 2816 Deus.)

1051 2252 1119 2279 opus
1135 2249 1177 2272 est
1192 2244 1311 2270 converti
1328 2251 1343 2269 a
1361 2242 1480 2278 peccatis
1501 2251 1508 2269 :
1523 2242 1586 2276 quia
1611 2242 1664 2268 nisi
1691 2248 1763 2271 ante
1785 2252 1850 2271 cou-

1052 2295 1189 2317 vertantur
1202 2294 1230 2317 et
1242 2289 1410 2317 declinemus
1424 2297 1439 2316 a
1456 2291 1527 2316 malo
1537 2309 1545 2320 ,
1561 2296 1611 2316 nec
1625 2289 1660 2316 de
1678 2290 1765 2317 Anna
1785 2290 1853 2318 elici

1051 2341 1163 2372 patres,
1189 2342 1238 2362 nec
1261 2335 1294 2362 de
1316 2335 1405 2370 gratia
1427 2334 1576 2369 poterimus
1605 2334 1676 2361 ﬁlios
1698 2343 1852 2369 generare.

1054 2382 1199 2409 Videamus
1224 2388 1289 2415 ergo
1317 2388 1388 2408 nunc
1416 2381 1632 2415 uniuscujusque
1660 2380 1854 2410 diﬂ'erentias.

1051 2428 1133 2456 Filios
1151 2428 1231 2455 habet
1249 2427 1407 2459 Phenemta,
1423 2427 1470 2454 sed
1488 2427 1534 2461 qui
1557 2434 1611 2453 non
1628 2428 1770 2454 assistunt
1788 2429 1852 2455 Deo.

1051 2474 1144 2508 Neque
1160 2474 1232 2500 ettim
1251 2472 1320 2499 tales
1333 2479 1395 2500 esse
1413 2478 1526 2507 possunt
1544 2472 1592 2499 lilii
1610 2474 1812 2501 conversionis
1826 2478 1854 2499 ut

1050 2521 1179 2548 assistant
1194 2524 1222 2547 et
1243 2519 1400 2547 adhaereant
1421 2519 1486 2546 Deo.
1511 2518 1566 2546 Nec
1586 2524 1680 2547 tamen
1701 2520 1804 2548 inanes
1826 2525 1854 2546 et

1074 2589 1098 2604 ⁷⁸
1110 2588 1225 2616 Malacb.
1250 2596 1291 2621 ttt,
1306 2587 1333 2616 6.
1381 2587 1404 2604 "
1424 2587 1432 2614 l
1451 2587 1514 2615 Cor.
1532 2595 1550 2614 t.
1571 2587 1615 2616 i0.
1675 2589 1700 2605 ⁷⁸
1722 2590 1788 2617 Act.
1812 2597 1851 2617 xv.

1088 2682 1144 2718 (96)
1164 2682 1315 2721 gl’ltcnenna
1345 2683 1532 2721 interpretatur
1560 2682 1713 2708 conversio.
1742 2683 1764 2708 Α
1795 2687 1849 2710 ru:

1054 2727 1063 2744 ε
1078 2719 1191 2751 aspexit.
1211 2719 1301 2749 vertit.
1317 2719 1459 2745 convertit.
1478 2726 1488 2743 ι

1087 2753 1243 2793 (97)_Antm
1270 2759 1356 2780 niuem
1391 2754 1579 2786 interpretatur
1611 2752 1714 2786 gratio.
1747 2752 1784 2780 Al‘
1817 2757 1849 2791 ἷη

1053 2797 1062 2813 t
1082 2792 1178 2822 gratia.
1200 2796 1209 2813 ι
