1896 3052
67 112 134 141 1001

625 112 658 139 IN
679 113 805 140 LIBRUM
826 112 943 140 REGCM
965 110 1103 138 IIO.\IILI.\
1126 111 1146 137 Ι.

1623 111 1634 138 ί
1640 111 1692 138 0139.

68 171 177 205 penitus
191 170 271 197 alieni
286 173 350 197 sunt
362 176 376 195 a
397 168 480 196 rebus
497 169 552 197 Dei.
574 169 718 204 Accipiunt
738 177 854 204 namque
869 172 891 199 Λ
907 176 980 196 rt‘lltr
998 170 1023 196 in
1040 169 1201 197 Jerusalem.
1217 168 1244 195 ln
1257 168 1306 195 hoc
1323 175 1388 203 ergo
1403 168 1463 195 loco
1479 169 1524 204 qui
1540 170 1692 204 appellatur

68 222 158 250 partes
173 217 206 244 de
218 216 362 244 sacriﬁciis
378 215 487 247 divinis,
501 220 528 243 et
539 216 624 244 edunt
638 216 671 243 de
686 217 783 244 hostiis
796 216 851 244 Dci.

69 263 259 298 Unusquisque
285 271 349 298 ergo
376 268 499 291 nostrum
532 262 619 298 primo
639 263 808 290 convertitur
838 270 852 290 a

67 314 194 343 peccato,
209 314 236 335 et
253 317 284 335 cx
303 309 481 336 conver~ione
499 314 610 344 generat
626 316 709 343 opera
730 308 852 341 justititr.

68 353 165 382 Postea
184 361 247 382 vero
265 355 383 382 exu-itata
407 355 433 381 in
453 354 530 381 nobis
549 355 625 381 Anna
650 362 697 388 per
717 354 804 381 zelum
827 359 854 382 et

65 399 266 426 aemulationem
284 399 362 431 boni.
380 408 489 435 precem
507 399 594 426 l'uudit
614 399 646 425 ad
666 400 748 426 [tcum
760 420 767 430 ,
783 405 812 426 ιιι
827 404 854 426 et

67 441 125 476 ipsa
144 442 213 469 ﬁlios
228 448 350 478 generet.
369 444 469 477 Quales
481 452 545 479 ergo
558 444 644 476 Anna,
661 451 721 477 quae
737 448 778 470 est
791 452 853 478 gra-

66 489 114 520 tia,
128 488 198 515 ﬁlios
211 489 343 523 generati
356 489 406 522 Qui
423 490 558 517 assideant
575 489 638 517 Deo.
656 499 666 515 ι
677 488 771 517 Gratia
781 491 852 517 enim

63 537 93 561 et
111 533 211 560 veritas
233 541 281 567 per
303 533 395 561 JeSum
410 534 549 562 Christum
569 534 640 562 l'acta
659 539 700 561 est
719 535 751 562 ".
773 544 782 560 ι
804 535 853 562 llic

64 585 130 612 ergo
149 583 190 605 est
205 578 275 605 ﬁlius
292 579 402 614 gratiae,
418 579 462 614 qui
489 579 543 606 Deo
558 584 637 607 vacat
652 585 679 607 ct
696 581 778 608 verbo
795 581 850 608 Dei.

64 622 210 650 Visatttem
222 624 416 651 evidentiorem
434 624 480 652 libi
492 625 631 652 ostendam
644 630 668 652 et
686 625 712 652 in
727 626 852 661 Evange-

64 665 109 693 liis
129 665 284 699 huiusmodi
310 666 497 701 intelligentia:
523 667 650 698 formam.
668 675 729 702 qua:
745 669 771 695 in
796 670 853 703 lege

63 711 174 744 quidem
188 711 364 738 adumbratur
377 719 425 745 per
443 719 554 745 uxores,
573 712 600 740 in
618 712 772 748 Evangeliis
788 721 852 740 vero

60 757 117 790 jant
131 764 253 790 pramens
264 756 427 784 describitur
437 764 486 790 per
498 758 625 785 sorores?
640 756 705 785 Vide
719 758 851 786 Martham

61 805 90 828 et
106 800 219 828 Mariam
232 801 253 817 ⁸¹
268 810 274 828 :
291 808 323 828 ex
338 801 436 835 quibus
451 802 559 836 quidem
581 801 687 829 Martha
704 803 851 830 conturba-

907 215 975 246 Siio.
992 215 1087 242 hostia:
1100 223 1148 250 pro
1163 216 1281 250 peccatis
1297 215 1495 247 oﬁ'erehantnr,
1515 220 1541 242 ct
1556 215 1592 242 ibi
1609 217 1692 243 ῐΙι-ιι;ιι

905 262 1029 295 purgatio
1057 266 1241 296 peccatorum.
1276 261 1333 288 Silo
1369 267 1459 289 autern
1496 262 1691 296 interpretatur

905 307 1005 333 avulsio
1020 306 1061 334 vel
1079 307 1236 334 excalceatio
1250 307 1318 341 (99).
1336 308 1385 334 hoc
1399 313 1440 335 est
1455 308 1632 335 caleeamenli
1647 316 1690 335 re.-

904 351 1018 382 solutio.
1043 356 1070 378 et
1094 357 1207 386 uterque
1229 359 1327 379 sensus
1348 354 1544 380 convenienter
1571 359 1689 388 aptatur.

904 396 992 424 Locus
1007 397 1077 424 enim
1094 398 1119 424 in
1135 405 1188 431 quo
1199 403 1307 431 peccata
1323 405 1485 433 purgantur,
1499 406 1572 428 recte
1584 401 1692 428 avulsio

905 442 1070 474 nominatur,
1086 443 1130 470 ubi
1147 442 1274 470 avellitttr
1289 451 1335 470 eor
1355 444 1500 478 lapideum,
1514 450 1541 473 et
1562 447 1690 473 inseritur

904 495 951 515 cor
977 495 1103 516 corneum
1123 497 1130 515 :
1156 489 1195 515 vcl
1221 489 1402 522 excah-eatio,
1417 491 1478 526 quia
1496 499 1590 519 omnes
1604 492 1690 519 donec

904 532 938 558 ad
960 538 1083 559 sanctum
1109 533 1196 561 locum
1223 534 1384 567 veniamus.
1411 536 1559 563 exealeeati
1577 545 1688 564 smnus:

903 585 963 605 cum
979 583 1066 605 autem
1080 581 1284 613 pervenerimus
1298 581 1330 608 ad
1343 589 1418 613 eum,
1435 582 1595 609 disralceari
1610 583 1691 615 jube-

904 632 973 650 ntur.
991 623 1037 651 Sic
1061 625 1160 652 dicitttr
1175 626 1208 652 ad
1234 627 1324 654 Mosen
1343 627 1366 643 ⁸⁸
1387 636 1393 654 :
1412 636 1421 652 ‹
1443 627 1523 654 Solve
1540 629 1688 662 corrigiam

902 670 1076 697 calceamenti
1094 671 1142 697 tui.
1161 671 1247 700 Locus
1262 673 1335 699 enim
1357 673 1383 699 in
1401 680 1455 707 quo
1471 677 1497 699 tu
1515 678 1572 700 stas
1585 694 1593 705 ,
1616 680 1688 701 terra

902 719 995 741 sancta
1020 719 1070 742 cst.
1094 725 1103 742 ›
1124 715 1156 743 Ει
1180 717 1243 751 quid
1271 723 1396 752 putamus
1418 719 1490 753 quod
1517 719 1543 746 in
1568 719 1610 747 his
1635 728 1688 748 non

903 759 1004 793 aliquid
1040 761 1161 795 tuystcrii
1193 762 1328 789 obtectum
1366 764 1421 795 sit,
1451 764 1498 790 sed
1528 764 1591 798 quia
1619 765 1691 792 Deus

903 804 986 840 485
1006 807 1200 834 exsecrabatur
1222 809 1405 836 calceamenla
1429 810 1493 837 lllosi
1516 811 1689 845 corporalia,

62 851 119 878 tur,
135 851 164 874 et
178 847 277 882 satagit
292 847 366 875 circa
382 848 494 875 multum
510 848 702 880 ministerium,
717 853 744 875 et
759 849 851 882 explet
866 842 887 869 Β
901 850 962 877 ideo
986 851 1043 878 haec
1064 852 1247 886 jubebantur?
1272 854 1324 880 Aut
1349 854 1412 881 illud
1430 856 1515 889 magis
1539 842 1688 891 putandum

59 901 144 927 opera
161 893 356 927 conversionis,
378 899 404 922 et
426 902 474 929 per
496 894 553 921 haec
568 894 641 921 velut
663 894 851 921 conversionis

61 939 134 966 ﬁlios
158 944 278 973 generat.
291 939 374 966 Maria
395 947 468 972 vero,
496 947 577 967 set-us
601 939 682 974 pedes
704 938 784 966 Verbi
803 939 850 966 Dei

58 984 179 1015 intenta,
198 983 328 1017 optimam
346 988 451 1018 partem
473 983 588 1018 elegisse
611 984 723 1017 dicitur,
748 987 776 1011 et
803 991 851 1018 per

59 1028 120 1054 hac
136 1028 295 1063 intelligitur
308 1029 382 1055 velut
397 1029 491 1064 gratiae
502 1028 625 1064 germina
636 1036 792 1063 procreare.
805 1029 851 1056 Sic

58 1080 127 1108 ergo
144 1078 171 1099 et
189 1081 260 1100 nunc
279 1073 355 1100 Anna
379 1078 491 1108 generat
514 1073 608 1100 ﬁlium.
635 1074 720 1107 Quem
746 1073 851 1100 ﬁlium?

60 1117 230 1149 Samuelctn,
245 1118 341 1152 inquit,
355 1120 399 1152 qui
415 1119 469 1146 Deo
483 1119 598 1150 assistit,
613 1119 645 1146 de
658 1126 713 1153 qtto
728 1119 754 1146 in
774 1117 851 1146 Ρωιρ

59 1166 110 1192 mis
127 1165 229 1192 dicitur
243 1165 266 1181 ⁸¹
282 1175 288 1192 2
305 1174 315 1191 ι
335 1165 421 1192 Moses
444 1171 471 1192 et
497 1166 586 1192 Aaron
613 1165 640 1192 in
666 1165 852 1194 sacerdotibus

58 1211 132 1245 ejus,
148 1216 175 1238 et
197 1211 307 1238 Samuel
329 1210 355 1238 in
375 1210 418 1237 his
433 1211 478 1245 qui
497 1211 622 1238 invocant
638 1218 735 1238 nomen
750 1211 819 1245 ejus.
839 1220 847 1237 ι

58 1255 115 1283 Sed
135 1262 163 1283 et
182 1255 314 1284 Jeremias
335 1256 402 1283 dicit
420 1256 443 1271 ⁸³
462 1264 469 1282 :
492 1265 500 1280 ι
520 1256 548 1282 Si
572 1256 698 1283 steterint
719 1255 807 1283 Moses
823 1259 851 1283 et

58 1302 171 1330 Samuel
189 1303 216 1330 in
237 1308 382 1338 conspectu
404 1310 475 1334 meo,
493 1310 546 1330 non
570 1302 702 1330 dimittam
727 1305 776 1330 eis.
795 1311 805 1328 I
822 1303 851 1331 Si

56 1356 127 1382 ergo
142 1354 235 1376 tantus
249 1355 275 1376 et
291 1349 351 1376 talis
363 1354 401 1377 est
420 1350 489 1376 ﬁlius
504 1349 608 1384 gratiae,
625 1354 651 1376 et
665 1357 714 1377 nos
736 1349 851 1377 festine-

57 1403 121 1422 mus
135 1396 245 1429 quidem
262 1396 294 1422 ad
311 1395 395 1423 Anna:
411 1396 518 1430 nuptias
529 1415 537 1428 ,
559 1396 606 1422 sed
628 1396 764 1430 patienter
788 1404 852 1431 aga-

56 1450 121 1469 mus
138 1447 169 1468 ut
185 1442 259 1476 prius
279 1442 358 1469 nobis
380 1442 427 1469 ﬁlii
441 1443 474 1469 de
488 1441 669 1469 conversione
685 1446 849 1470 nascantur:

55 1488 136 1523 prius
156 1488 184 1514 in
203 1487 283 1514 bonis
297 1488 425 1521 operibus
442 1487 611 1521 placeamus,
631 1491 694 1514 tunc
713 1486 810 1513 deinde
822 1491 849 1513 et

53 1534 91 1561 tle
106 1533 207 1568 gratia,
231 1537 258 1559 et
279 1534 350 1559 dono
370 1532 482 1566 spiritus
500 1531 584 1558 ﬁlium
611 1539 796 1566 procrecmus.
815 1532 849 1559 Et

52 1579 170 1614 qualem
184 1578 288 1605 lilium?
303 1578 396 1612 Qualis
410 1579 453 1605 hic
467 1578 537 1605 ﬁlius
548 1583 600 1611 est,
614 1577 735 1611 Samuel,
751 1578 848 1612 inquit,

52 1624 105 1658 qui
133 1624 328 1658 interpretatur
348 1623 391 1650 Ibi
414 1624 467 1657 ipse
487 1623 555 1650 Deus
572 1623 638 1658 (98).
656 1623 736 1651 Vides
757 1623 850 1658 quales

52 1670 131 1697 ﬁlios
146 1674 259 1704 generat
273 1670 383 1704 gratia?
400 1669 445 1696 Sic
461 1669 533 1696 enirn
549 1670 679 1704 scriptum
700 1674 740 1697 est
759 1670 792 1697 de
808 1669 851 1698 his

53 1715 104 1749 qni
129 1715 245 1749 spiritus
261 1715 377 1749 gratiam
400 1713 539 1742 consecuti
556 1721 618 1742 sunt
632 1735 639 1746 ,
656 1715 762 1742 dicente
777 1716 850 1749 Apo-

53 1761 130 1788 stolo
142 1760 167 1775 ’δ
181 1768 187 1786 :
205 1768 214 1785 ι
235 1759 264 1787 Si
280 1767 345 1787 vero
361 1760 492 1795 propheta
509 1761 609 1792 intret,
628 1764 674 1786 aut
695 1759 850 1793 imperitus,

53 1811 106 1833 aut
131 1806 227 1837 idiota,
251 1806 278 1832 in
295 1811 456 1832 conventum
474 1811 592 1832 vestrum
605 1825 613 1838 ,
630 1805 796 1832 discernitur
817 1804 851 1831 ah

52 1851 315 1883 omnibus,occulla
323 1859 432 1886 quoque
444 1851 536 1879 cordis
545 1851 604 1885 ejus
616 1851 758 1878 manifesta
772 1851 850 1878 ﬁent:

51 1904 83 1926 et
105 1903 174 1925 tunc
194 1898 295 1924 cadens
320 1897 346 1924 in
366 1897 462 1924 faciem
489 1897 615 1923 adorabit
633 1896 737 1928 Demu,
756 1896 853 1923 dicens

50 1944 124 1979 quia
143 1951 209 1970 vere
226 1943 296 1970 Deus
318 1944 344 1970 in
368 1943 442 1970 vobis
457 1947 509 1970 est.
533 1952 542 1968 I
564 1941 618 1969 Iloc
639 1946 682 1968 est
698 1949 763 1976 ergo
779 1941 852 1976 quod

50 1990 261 2023 interpretatur
275 1988 397 2019 Samuel.
412 1989 447 2016 ibi
462 1989 518 2023 ipse
541 1988 622 2015 Deus.
641 1987 693 2015 Ubi
711 1987 782 2014 enim
797 1987 852 2021 spi-

51 2033 130 2061 ritus
145 2034 260 2069 gratiaa,
281 2033 316 2060 ibi
341 2033 398 2068 ipse
420 2041 481 2060 esse
501 2032 601 2059 dicitur
617 2032 698 2059 Dens.
723 2032 776 2059 Sed
803 2032 852 2059 iste

50 2079 140 2107 nobis
165 2079 226 2106 talis
248 2079 318 2106 ﬁlius
343 2087 393 2106 non
418 2083 506 2114 potest
529 2078 623 2110 nasci,
651 2078 703 2105 nisi
727 2085 851 2112 prteces-

48 2126 147 2153 serint
172 2126 247 2160 prius
276 2125 323 2152 ﬁlii
347 2125 502 2152 Phenenna:
527 2134 534 2158 ;
562 2124 614 2151 nisi
644 2124 716 2151 enim
749 2131 851 2159 praece-

901 900 953 927 est.
979 897 1050 931 quod
1074 905 1134 924 cum
1157 899 1244 925 exiret
1264 900 1297 926 de
1316 903 1389 927 terra
1415 899 1524 936 AEgypti
1539 921 1546 933 ,
1573 901 1690 930 habebat

902 941 1086 970 calceamenta
1103 945 1136 971 de
1149 944 1401 979 pellibnsmortnis,
1419 951 1445 973 et
1459 952 1520 974 erat
1532 947 1603 975 velut
1621 956 1689 983 qua-

908 987 968 1016 dam
975 988 1134 1016 mortalitate
1141 989 1314 1016 constrictus:
1323 996 1383 1016 eum
1395 997 1457 1017 vero
1465 991 1547 1025 coepit
1561 991 1692 1026 prolicere

907 1034 940 1061 ad
949 1034 1074 1061 virtutem
1090 1039 1117 1061 ct
1132 1034 1277 1061 ascendere
1292 1039 1411 1062 montem
1428 1035 1484 1068 Dei,
1497 1041 1576 1071 atque
1592 1037 1627 1064 ibi
1641 1038 1689 1065 int-

906 1080 1065 1107 mortalihus
1084 1080 1237 1108 ministrare
1251 1081 1394 1116 mysteriis,
1411 1086 1474 1109 tunc
1490 1083 1554 1111 dicit
1573 1085 1607 1111 ad
1628 1093 1690 1112 eum

908 1129 938 1152 ut
960 1125 1057 1153 indicia
1082 1126 1250 1154 mortalitatis
1274 1127 1420 1162 abjicerct.
1447 1136 1506 1163 quze
1534 1129 1561 1156 in
1584 1130 1690 1157 calcea-

907 1171 1007 1198 mentis
1032 1171 1151 1206 pelliccis
1171 1172 1354 1207 designantur.
1376 1173 1432 1209 Ego
1452 1179 1517 1208 puto
1535 1175 1606 1209 quod
1626 1184 1690 1211 pro-

906 1221 998 1251 pterea
1017 1222 1042 1244 et
1064 1217 1192 1252 apostolis
1211 1217 1267 1244 suis
1286 1217 1408 1245 Salvator
1428 1219 1566 1254 prtccepit,
1585 1228 1620 1247 ne
1639 1221 1688 1248 ha-

905 1261 1001 1290 berent
1023 1263 1205 1290 calceamenta
1233 1263 1259 1289 in
1286 1264 1399 1298 pedibus
1427 1264 1496 1296 suis,
1517 1269 1546 1292 ut
1570 1265 1689 1300 ipsorum

905 1308 988 1344 pedes
1006 1308 1052 1343 qui
1071 1308 1216 1335 currebant
1234 1308 1267 1335 ad
1284 1309 1498 1336 annuntiandum
1514 1310 1594 1337 vitam
1609 1315 1690 1338 teter-

905 1362 983 1385 nam,
1005 1354 1078 1381 omni
1105 1358 1230 1381 carerent
1257 1354 1427 1381 mortalitatis
1446 1354 1545 1382 indicio
1565 1364 1571 1381 :
1590 1356 1690 1392 quippe

905 1398 951 1434 qui
975 1398 1047 1425 illam
1076 1398 1146 1426 viam
1173 1398 1340 1431 incederent,
1359 1406 1420 1434 quas
1445 1400 1510 1427 dicit
1527 1401 1549 1416 ⁸⁷
1572 1409 1578 1427 :
1600 1410 1609 1426 ι
1634 1402 1689 1436 Ego

903 1451 962 1471 sum
986 1444 1027 1469 via
1039 1463 1047 1476 ,
1064 1443 1165 1470 veritas
1186 1449 1213 1469 et
1236 1444 1300 1470 vita.
1315 1452 1324 1469 ι
1348 1443 1431 1470 Nemo
1448 1444 1520 1470 enim
1537 1443 1608 1470 viam
1627 1444 1689 1471 vita:

903 1495 964 1514 cum
979 1487 1153 1514 mortalitatis
1166 1487 1266 1514 indicio
1283 1488 1392 1514 incedit.
1402 1487 1474 1515 Talis
1484 1496 1548 1523 ergo
1558 1495 1598 1516 est
1613 1489 1689 1517 locus

905 1534 954 1560 iste
969 1533 1094 1560 similiter
1109 1533 1154 1560 ubi
1173 1538 1214 1560 est
1228 1533 1286 1560 IIcIi
1306 1533 1347 1560 vir
1367 1534 1456 1561 minus
1470 1534 1621 1562 laudabilis.
1637 1535 1689 1563 Pro

904 1582 1016 1613 peccato
1031 1578 1103 1605 enim
1118 1582 1269 1605 retrorsum
1282 1585 1411 1606 corruens
1422 1580 1623 1614 exspiravit.Et
1636 1589 1689 1608 non

903 1628 1028 1659 putemus
1041 1625 1112 1658 quod
1132 1624 1183 1651 iste
1199 1626 1270 1651 solus
1288 1628 1435 1652 retrorsum
1449 1632 1579 1653 corruens
1597 1628 1690 1661 exspi-

903 1670 1014 1702 raverit,
1034 1670 1080 1697 scd
1099 1674 1126 1696 et
1146 1677 1217 1696 nunc
1240 1670 1262 1697 si
1281 1671 1341 1704 quis
1360 1675 1508 1697 retrorsum
1526 1673 1646 1704 corruit,
1666 1673 1690 1700 si

903 1715 965 1749 quis
990 1719 1064 1741 retro
1091 1715 1259 1742 convertitur
1278 1723 1292 1742 a
1319 1715 1372 1742 ﬁde
1388 1720 1415 1742 et
1431 1717 1561 1749 veritate,
1580 1725 1691 1746 necesse

903 1765 945 1788 est
956 1765 984 1788 ut
994 1761 1084 1793 cadat,
1098 1765 1125 1787 et
1141 1765 1168 1787 ut
1180 1761 1307 1788 continuo
1319 1762 1460 1788 moriatur.
1476 1761 1528 1789 Sed
1540 1767 1567 1789 et
1580 1763 1606 1789 in
1620 1763 1690 1791 Deu-

903 1806 1048 1832 teronamio
1062 1806 1235 1833 comminatio
1252 1807 1440 1841 peccatoribus
1452 1807 1610 1840 intentatur,
1627 1817 1689 1837 cum

904 1851 1003 1878 dicitur
1017 1850 1040 1867 ⁸⁸
1058 1860 1064 1877 :
1080 1860 1089 1876 ι
1103 1850 1135 1878 Ει
1148 1851 1338 1886 opisthotouus
1352 1851 1520 1879 insanabilis.
1536 1861 1545 1878 ι
1560 1852 1689 1887 Opistho-

905 1900 983 1923 tonus
996 1901 1085 1924 autem
1104 1897 1169 1931 tergi
1188 1896 1376 1931 mgritudinem
1391 1902 1417 1923 et
1433 1897 1612 1932 posteriorum
1625 1907 1689 1933 par-

905 1942 970 1969 tium
989 1942 1126 1976 signiﬁcat
1138 1962 1145 1974 .
1163 1948 1190 1969 et
1207 1943 1301 1977 utique
1317 1951 1368 1969 non
1388 1943 1447 1970 sine
1463 1951 1542 1970 cattsa
1553 1963 1561 1976 ,
1577 1952 1636 1971 cum
1652 1949 1690 1972 tot

903 1995 1000 2022 genera
1022 1988 1159 2022 languoris
1183 1988 1336 2016 habeantur
1354 1989 1481 2022 humani,
1502 1989 1554 2017 hoc
1581 1991 1651 2024 potis
1667 1991 1691 2018 i-

905 2042 977 2060 lllllm
998 2041 1084 2068 genus
1098 2034 1235 2068 languoris
1252 2033 1401 2061 ascribitnr
1413 2035 1561 2068 peccatori.
1579 2035 1646 2062 Nam
1661 2040 1690 2062 et

904 2080 930 2107 in
945 2079 1038 2107 Genesi
1054 2087 1122 2107 uxor
1144 2079 1203 2112 Lot,
1223 2087 1282 2115 qute
1307 2085 1379 2107 retro
1396 2088 1525 2108 conversa
1553 2085 1604 2114 est,
1618 2081 1690 2108 divi-

904 2134 967 2152 ntun
981 2126 1080 2153 dicitur
1095 2130 1262 2160 transgressa
1279 2131 1454 2160 praeceptum,
1471 2134 1524 2160 quo
1537 2127 1559 2154 ei
1578 2128 1692 2155 manda-

49 2172 125 2198 daut
146 2177 229 2206 opera
257 2172 463 2203 conversionis,
490 2179 542 2197 non
568 2177 706 2197 meremur
733 2169 847 2204 gratiam
865 2179 887 2206 ι)
904 2175 958 2197 tum
986 2171 1076 2197 fuerat
1100 2178 1133 2197 ne
1158 2175 1304 2197 retrorsum
1330 2171 1492 2205 respiceret,
1514 2180 1580 2200 neve
1605 2179 1692 2201 Staret

47 2217 191 2252 spiritus,
207 2224 257 2244 nec
273 2224 306 2244 ex
323 2217 380 2251 ipsa
396 2224 540 2252 pessumus
555 2216 654 2243 donum
677 2215 790 2249 spiritus
805 2224 851 2250 ge-

49 2270 172 2291 lucrare.

94 2308 123 2335 6.
141 2306 291 2335 Videamus
305 2312 395 2335 autem
411 2312 437 2335 et
452 2307 484 2334 ad
502 2315 580 2342 quem
603 2307 690 2335 lucum
705 2306 851 2335 convenie-

48 2354 106 2382 bat
124 2353 262 2380 IIelehana
284 2361 344 2380 cum
368 2353 497 2381 uxoribus
513 2352 580 2381 suis.
598 2361 607 2378 t
627 2352 786 2383 Immolare.
810 2351 852 2378 Ῐιὶ·

48 2401 120 2436 quit
130 2400 168 2433 ⁸⁸,
187 2400 303 2428 Domino
317 2401 343 2427 in
357 2399 426 2428 S.lo.
442 2400 526 2427 Erant
547 2404 635 2427 autem
648 2419 656 2432 ,
675 2399 770 2434 inquit,
793 2397 851 2425 Heli

46 2447 116 2479 ibi,
129 2451 159 2473 et
177 2447 231 2473 duo
253 2446 299 2473 ﬁlii
315 2447 375 2481 ejus
397 2445 484 2481 Ophtti
504 2451 532 2474 et
551 2446 677 2478 Phiuces,
696 2444 853 2472 sacerdotes

48 2493 182 2519 Domini.
204 2502 214 2518 ι
234 2493 290 2519 Silo
311 2500 407 2520 nomen
427 2497 470 2520 est
491 2493 542 2520 loci
556 2512 564 2525 ,
592 2492 618 2519 in
638 2499 694 2527 quo
715 2491 851 2519 sacriﬁcia

50 2538 179 2565 Domino
192 2539 379 2566 ollerebantur
389 2559 397 2572 ,
415 2539 574 2575 priusquam
593 2538 721 2574 templum
736 2537 853 2565 .ediﬁca-

93 2617 118 2633 ⁸⁸
133 2615 231 2643 Joann.
249 2624 268 2647 1,
297 2616 340 2643 l7.
373 2615 394 2632 ⁸¹
417 2615 483 2642 Luc.
511 2624 538 2645 ι.
574 2615 596 2632 ⁸·
621 2614 692 2642 Psal.
717 2614 801 2647 tc.6.
839 2615 861 2631 ⁸³

910 2621 976 2642 rem.
993 2621 1038 2644 xv.
1060 2615 1084 2642 I.

163 2651 188 2668 “
203 2651 287 2678 Exod.
302 2659 344 2684 ιιι,
363 2650 389 2678 5.
428 2651 449 2666 "
461 2650 539 2678 Joan.
555 2658 609 2684 xtv,
627 2651 652 2678 6.
691 2650 714 2666 ⁸⁸
728 2651 805 2678 Deut.
825 2657 920 2678 xxvm.

45 2660 72 2685 I,
94 2652 122 2679 5.

93 2733 154 2769 (98)
172 2732 328 2760 Samnel....
345 2733 390 2768 qui
411 2733 600 2767 interpretatur
623 2733 665 2761 Ibi
685 2733 738 2768 ipse
772 2733 852 2763 Deus.

43 2781 99 2809 At»
114 2785 166 2810 am
184 2789 194 2805 ι
213 2780 276 2810 ibi,»
293 2785 344 2809 m't
365 2790 373 2806 ι
394 2781 462 2814 ipse.
480 2789 489 2806 ι
509 2785 536 2808 et
549 2778 584 2810 Ἃ(
609 2789 617 2805 ι
639 2779 718 2807 Deus.
733 2788 744 2805 ι

94 2816 153 2850 (tm)
167 2814 226 2842 Silo
246 2821 333 2841 autem
351 2816 537 2850 interpretatur
552 2815 653 2843 arttln‘o
666 2814 704 2842 τοι
715 2814 849 2842 excalcea-

221 2860 360 2891 Pnttoc.
383 2861 440 2892 Gtt.
464 2861 534 2892 XII.

906 2217 931 2243 in
946 2216 1018 2243 omni
1044 2217 1163 2250 regione,
1185 2222 1212 2242 et
1234 2216 1294 2242 ideo
1310 2215 1406 2244 eﬁ‘ecta
1422 2221 1462 2245 est
1479 2218 1632 2246 staticulum
1647 2227 1692 2246 sa-

905 2262 938 2289 lis
953 2262 986 2291 ”.
999 2261 1130 2289 Dominus
1142 2269 1249 2296 quoque
1263 2266 1289 2288 et
1307 2262 1431 2289 Salvator
1446 2269 1538 2291 noster
1557 2265 1583 2291 in
1602 2264 1692 2292 Evau~

905 2308 976 2343 gelio
991 2317 997 2335 :
1017 2317 1026 2334 ι
1044 2307 1141 2340 Nemo,
1158 2308 1246 2342 inquit.
1259 2307 1299 2339 ",
1316 2308 1425 2335 mittens
1443 2317 1553 2336 martum
1573 2317 1650 2336 suain
1664 2310 1692 2338 in

905 2358 1036 2386 aratrum,
1055 2358 1082 2380 et
1099 2357 1171 2380 retro
1189 2352 1337 2388 respiciens
1356 2358 1435 2388 aptus
1454 2360 1496 2381 est
1512 2362 1595 2388 regno
1609 2354 1665 2382 Dci.
1679 2363 1690 2381 ι

904 2399 1016 2433 Insuper
1035 2406 1144 2433 quoque
1160 2405 1220 2425 cum
1235 2399 1268 2425 de
1279 2398 1401 2433 pluribus
1416 2400 1564 2431 docuisset,
1578 2400 1651 2426 addit
1665 2403 1693 2427 et

906 2445 967 2477 hoc,
985 2445 1079 2472 dicens
1091 2444 1112 2460 “
1129 2452 1136 2471 :
1152 2453 1161 2469 ι
1179 2443 1313 2471 Memores
1327 2450 1414 2471 estote
1429 2446 1523 2471 uxoris
1535 2444 1596 2471 Lot.
1611 2453 1620 2469 ι
1636 2443 1692 2478 0p-

905 2491 1000 2517 timum
1020 2490 1103 2524 igitur
1124 2493 1166 2516 est
1177 2489 1298 2516 oblivisci
1323 2490 1424 2524 priora,
1444 2489 1565 2516 obliviSci
1580 2495 1692 2523 praster-

905 2536 953 2569 ita,
965 2536 1003 2563 ιιιὶ
1022 2543 1055 2563 ue
1068 2536 1282 2570 comprehendat
1297 2543 1346 2564 nos
1365 2535 1567 2570 opisthotonus,
1583 2537 1692 2562 insana-

1125 2614 1148 2631 “
1172 2614 1179 2641 1
1196 2613 1319 2641 Corinth.
1340 2621 1385 2640 xrv
1398 2633 1405 2646 ,
1423 2613 1468 2644 Ἧι,
1482 2612 1527 2640 25.
1566 2608 1608 2634 ⁸⁵1
1624 2606 1692 2641 Rei!-

967 2649 990 2664 "
1007 2649 1074 2677 Gen.
1092 2657 1147 2676 xxx.
1185 2649 1208 2665 νο
1224 2648 1288 2676 Luc.
1305 2656 1343 2681 Ix,
1358 2649 1402 2676 62.
1440 2649 1462 2665 ⁹¹
1476 2648 1542 2678 Luc.
1563 2655 1629 2684 xvn,
1645 2649 1691 2676 52.

906 2733 954 2759 tio.
974 2731 996 2758 Δ
1019 2723 1074 2761 5w:
1096 2739 1105 2756 ι
1124 2730 1237 2764 avulsit,
1250 2731 1378 2764 detraxit,
1391 2730 1575 2764 discalceavit,
1591 2729 1614 2757 si
1628 2729 1695 2766 jun-

905 2772 984 2804 gatur
997 2774 1057 2794 cum
1068 2766 1169 2794 calceo.
1186 2775 1195 2792 ι

1492 2857 1532 2886 32
