1896 3052
237 127 306 155 1005

975 124 1136 152 Οιιιιῑηκις

1796 132 1806 158 l
1811 134 1855 160 005

235 188 297 214 bilis
316 187 438 222 Iungitur,
459 195 542 222 ncqnc
559 187 687 214 cudamus
703 191 851 214 retrorsum
869 185 937 212 sicut
952 183 1020 215 lleli,
1038 186 1059 213 Α
1076 183 1126 210 hoc
1143 185 1268 217 dicimus,
1284 187 1358 221 quod
1382 187 1405 214 is
1429 189 1472 222 qui
1498 187 1553 216 Deo
1578 188 1693 217 offertur
1709 199 1784 226 puer.
1802 199 1857 222 ante

234 240 261 261 et
277 236 432 262 moriamur.

270 282 296 308 7.
318 281 356 308 lbi
374 286 463 307 autem
480 284 558 306 erant
574 279 627 307 duo
658 278 703 306 ﬁlii
722 278 791 305 lloli.
807 278 866 306 ‘lleli
883 279 921 313 (l)
939 279 1022 305 iuter-

235 332 356 361 pretatur
377 327 471 356 Arabs,
492 325 549 352 sive
564 326 706 353 extrarius.
736 325 877 352 Extrarius
893 325 991 359 quippe
1007 334 1021 350 a

235 375 290 401 ιιι-ο
311 373 410 410 estqui
431 382 482 400 non
503 377 576 400 tenet
594 372 780 407 disciplinam,
798 372 843 406 qui
860 371 1020 406 delinquen-

235 426 288 446 tein
305 420 388 446 filium
407 426 459 446 nou
476 419 603 453 castigat,
622 425 674 444 non
695 417 816 452 corripit,
833 421 861 443 nt
873 417 996 443 emendet
1013 425 1019 442 ί

233 467 278 500 ιιιιί
306 466 426 501 indulget
442 465 525 496 vitiis,
540 465 585 499 qui
602 463 700 491 delicta
725 471 778 491 non
802 463 894 497 punit,
910 463 981 489 sicut
994 467 1021 488 et

233 513 378 547 Apostolus
389 512 455 539 dicit
465 513 489 528 "
503 521 509 538 :
523 520 531 535 ι
543 511 618 544 Quod
632 511 653 537 si
668 515 745 537 extra
759 509 928 544 disciplinam
943 510 1020 539 estis,

232 559 311 591 cujus
326 559 476 592 participes
490 558 554 585 facti
571 561 635 584 sunt
649 564 756 588 omnes,
780 563 845 590 ergo
861 555 1019 588 adulterini,

232 608 259 630 ι-ι
276 611 330 630 ιιοιι
348 603 395 630 lilii
411 604 489 630 estis.
504 613 512 628 ι
536 602 590 630 lste
609 607 652 629 est
667 610 732 637 ergo
754 601 825 634 Heli,
845 601 891 636 qui
910 605 1021 636 propter

233 651 290 677 hmo
305 651 416 684 punitur
432 657 445 675 a
464 649 528 676 Deo.
555 647 700 675 Videamus
725 653 815 674 autent
839 647 883 681 qui
910 651 971 673 sunt
993 650 1021 673 et

234 698 281 725 lilii
306 697 375 732 cjus.
399 696 499 731 Ophni,
518 695 618 731 inquit,
633 700 660 723 et
679 695 806 723 Phiuces.
826 693 1020 728 Interpretatur

232 748 323 771 autem
337 742 425 776 Opimi
438 750 559 769 excessus
573 740 748 768 conuersionis
758 739 805 775 (2).
821 739 858 766 De
873 738 1018 765 Pheneuna

232 795 321 816 autem
348 788 430 823 panlo
444 792 507 814 ante
522 787 642 814 diximus
663 786 734 821 quod
755 789 828 812 esset
854 784 1017 812 conversio:

233 834 277 860 hic
291 838 380 860 autent
400 832 445 866 qui
465 830 584 863 excedit,
600 835 627 858 et
648 831 727 865 longe
752 829 867 857 ellicitur
879 829 912 855 ab
926 835 1018 855 emen-

232 878 352 910 datione,
372 884 423 903 nec.
441 875 564 904 converti
580 875 636 902 vult
652 875 685 901 ad
701 873 843 901 Dominum
854 892 862 904 ,
875 875 1017 907 propterea

232 924 330 958 impius
349 927 499 957 permanet.
521 921 573 949 Sed
589 926 615 948 et
636 919 793 955 quicunque
808 918 851 945 ille
865 923 922 949 est,
937 924 1017 952 quem

231 971 356 997 videmus
370 974 430 1004 post
446 973 586 1004 peccatum
603 974 655 994 non
669 965 790 993 converti
808 964 841 991 ad
862 963 1016 994 Dominum,

230 1022 259 1045 et
276 1024 358 1052 agere
373 1014 574 1051 pcenitentiam,
591 1021 641 1040 nec
660 1013 779 1047 recipere
793 1010 918 1038 meritum
935 1009 1016 1036 futuri

228 1062 334 1098 judicii,
353 1067 380 1089 et
395 1061 469 1088 verbi
486 1060 569 1087 divini
591 1057 774 1094 praecipientis
789 1065 795 1083 :
808 1067 817 1082 ι
831 1055 955 1090 Nunquid
970 1055 1015 1089 qui

231 1109 315 1141 cadit,
333 1116 386 1135 non
406 1107 514 1141 adjiciel
530 1111 557 1134 nt
573 1105 720 1139 resurgat?
737 1104 789 1130 Aut
805 1103 849 1138 qui
870 1108 1017 1130 conversus

229 1160 283 1187 est,
295 1163 350 1182 non
364 1153 536 1181 reVertetur?
553 1162 561 1179 ι
580 1157 653 1179 recte
663 1157 689 1178 et
701 1151 735 1178 de
750 1151 807 1184 ipso
821 1149 936 1176 dicimus
952 1148 1015 1183 quia

231 1202 264 1228 sit
282 1201 382 1235 Opimi,
403 1204 431 1227 et
451 1199 586 1227 excedens
603 1206 617 1225 a
636 1196 824 1224 conversione.
838 1195 891 1222 Sed
907 1199 934 1221 et
949 1194 1018 1221 alius

231 1246 304 1273 tilius
321 1245 380 1281 ejus
395 1245 495 1272 dicitur
514 1244 642 1271 Pltinees.
661 1242 734 1268 Duos
749 1241 875 1268 novimus
894 1239 919 1266 in
944 1239 1019 1266 Scri-

231 1291 319 1326 pluris
337 1291 387 1318 hoc
398 1289 506 1316 nomine
521 1288 677 1324 appellatos,
687 1287 814 1314 Phinecm
825 1286 898 1313 illuni
911 1285 1016 1318 justum

230 1340 320 1364 Aaron
347 1336 443 1368 tilium,
460 1339 487 1362 et
503 1335 574 1362 hunc
589 1333 717 1368 iujustum
741 1332 825 1359 illium
851 1330 920 1358 lleli.
942 1330 1018 1358 Unde

230 1390 258 1411 et
275 1387 462 1418 competenter
477 1381 544 1408 duas
562 1379 640 1414 Imjus
650 1378 767 1407 nominis
779 1376 1017 1412 in'erpretationes

231 1429 395 1458 invenimus.
415 1426 559 1462 Significat
575 1425 648 1453 enim
669 1424 785 1452 Phinees
804 1423 830 1450 in
856 1423 947 1457 lingua
965 1428 1016 1449 no-

230 1482 299 1508 stra,
313 1475 366 1502 oris
393 1473 537 1505 obturatio,
564 1472 606 1500 vel
626 1472 666 1498 ori
690 1478 799 1505 parcens
815 1469 864 1505 (5).
886 1468 1017 1497 Peccator

1074 230 1165 258 offerri
1184 240 1235 258 non
1250 234 1346 267 potuit,
1361 242 1442 269 quant
1456 235 1638 270 depelleretur
1649 244 1664 262 a
1677 237 1760 264 lacte.
1773 239 1799 265 In
1812 248 1856 274 qun

1074 278 1228 304 ostenditur
1239 280 1395 306 consecrari
1410 280 1463 307 Deo
1475 281 1610 308 neminem
1623 290 1704 317 posse
1715 284 1762 318 qui
1777 285 1856 312 adhuc

1075 322 1145 349 lacte
1160 323 1251 356 alitur,
1266 329 1294 351 et
1311 333 1379 359 puer
1396 330 1439 352 est
1453 327 1589 358 sensibus,
1613 332 1697 362 atque
1711 336 1808 363 expers
1821 335 1857 357 est

1074 369 1209 397 sermonis
1219 369 1345 404 iustitiae,
1358 378 1407 398 nec
1419 372 1598 399 sacerdotalia
1612 378 1700 408 potest
1715 382 1857 408 procurare

1072 421 1243 443 sacramenta
1260 416 1310 443 nisi
1334 416 1447 444 desistat
1466 425 1481 445 a
1501 418 1668 452 puerilibus,
1684 424 1713 446 et
1732 420 1759 447 in
1778 421 1857 456 majus

1074 462 1201 488 ascendat
1223 462 1258 489 ab
1283 462 1325 489 his
1342 463 1441 497 quibus
1464 463 1610 498 Apostolus
1635 465 1703 492 dicit
1719 466 1742 481 "
1760 477 1766 493 :
1782 476 1791 492 s
1809 466 1856 493 Lac

1074 507 1149 534 vobis
1169 513 1261 542 potum
1275 508 1348 542 dedi,
1369 517 1421 536 non
1437 517 1541 537 escam.
1558 509 1681 538 Nondum
1698 511 1773 540 enim
1788 519 1855 547 potr-

1073 554 1150 581 ratis.
1167 564 1176 580 ι
1201 554 1327 589 Alioquin
1353 555 1500 583 secundum
1523 555 1642 584 litteram
1664 558 1730 592 quid
1757 558 1854 586 videtur

1071 607 1161 633 operte
1174 600 1255 636 pretii
1270 601 1412 635 puerulum
1429 609 1516 636 nuper
1532 609 1547 629 a
1563 602 1632 630 lacte
1647 604 1789 639 depulsum
1807 605 1853 632 Deo

1071 646 1175 678 offerri,
1191 646 1234 673 ubi
1251 654 1303 674 non
1321 652 1407 674 mater
1433 648 1569 681 intererit,
1586 655 1638 676 non
1652 650 1775 677 nutrices
1786 650 1854 677 fore-

1071 691 1148 724 bunt,
1172 699 1259 728 neque
1273 692 1405 720 educandi
1420 694 1496 728 pueri
1520 694 1636 722 aderunt
1652 695 1706 722 ulla
1721 696 1854 724 subsidia!

1072 738 1124 764 Sed
1142 738 1202 765 vide
1220 739 1283 773 quia
1300 738 1448 774 Scriptura:
1461 747 1551 768 sermo
1565 741 1602 768 ita
1617 747 1699 776 aptus
1710 747 1762 774 est,
1779 747 1809 769 ut
1825 742 1854 768 ﬁ-

1071 784 1201 818 guraliter
1223 785 1319 812 doceat
1341 786 1413 820 quod
1434 786 1525 814 omnis
1545 787 1591 821 qui
1613 787 1702 822 primo
1719 788 1755 815 ad
1779 787 1854 816 fidem

1071 830 1249 863 convertitur,
1264 830 1333 858 laete
1346 837 1374 859 et
1391 839 1443 859 non
1458 832 1520 860 cibo
1530 832 1593 860 forti
1610 833 1703 865 alitur,
1715 833 1750 860 de
1762 834 1856 869 quibtts

1070 877 1096 904 in
1111 877 1196 905 altero
1213 877 1272 904 loco
1285 878 1385 905 dicitur
1398 878 1440 906 ’δι
1456 888 1465 904 ι
1480 879 1514 906 Et
1529 879 1618 908 effecti
1631 879 1715 916 486
1730 881 1801 908 estis
1813 882 1854 916 qui

1070 923 1140 951 lacte
1157 923 1293 958 indigetis,
1310 928 1338 952 et
1365 931 1418 952 non
1442 925 1504 953 cibo
1525 925 1598 953 forti.
1618 926 1755 960 Quoniam
1771 928 1856 955 omnis

1068 969 1115 1005 qui
1134 970 1204 998 lacte
1222 970 1315 1003 alitur,
1342 971 1446 998 alienus
1472 976 1514 999 est
1537 979 1553 998 a
1578 979 1708 1001 sermone
1735 973 1853 1008 justitiat.

1070 1015 1203 1044 Parvulos
1219 1021 1262 1043 est
1274 1017 1359 1044 cnim.
1376 1017 1562 1045 Perfectorum
1579 1023 1622 1045 est
1642 1018 1721 1046 cibus
1745 1018 1854 1051 solidus,

1068 1061 1114 1096 qui
1133 1069 1183 1096 pro
1205 1061 1386 1096 possibilitate
1411 1063 1534 1090 sumendi
1562 1064 1730 1091 exercitatos
1759 1064 1856 1091 habent

1068 1114 1166 1134 sensus
1189 1108 1222 1134 ad
1244 1107 1434 1135 discretionem
1452 1108 1515 1135 boni
1533 1115 1565 1136 ac
1580 1108 1655 1136 ntali.
1666 1118 1675 1135 ι
1693 1109 1781 1144 Igitur
1797 1110 1854 1144 qui-

1068 1160 1176 1188 cunque
1187 1160 1201 1180 a
1214 1153 1284 1180 laete
1297 1154 1415 1181 nondum
1430 1154 1584 1189 depellitur,
1599 1155 1646 1183 sed
1661 1155 1794 1190 parvulus
1807 1160 1853 1189 est,

1068 1206 1122 1225 non
1145 1191 1234 1233 potest
1255 1199 1404 1226 ascendere
1431 1199 1464 1226 ad
1491 1200 1618 1235 templum
1651 1200 1779 1235 Domini,
1806 1209 1855 1228 non

1068 1248 1157 1279 potest
1174 1244 1326 1272 ascendere
1336 1245 1369 1272 ad
1382 1245 1533 1272 ministeria
1545 1245 1732 1278 sacerdotum,
1748 1253 1801 1273 nec
1812 1254 1855 1274 sa-

1067 1290 1179 1318 crificiis
1196 1291 1339 1324 interesse,
1353 1291 1400 1319 sed
1413 1299 1446 1318 ne
1459 1296 1547 1319 mater
1561 1291 1671 1327 quidem
1688 1292 1750 1327 ejus
1764 1300 1858 1321 ascen-

1068 1336 1118 1369 dit,
1134 1343 1196 1364 cnm
1220 1337 1306 1371 possit
1327 1338 1485 1365 ascendere.
1503 1337 1597 1366 Gratia
1614 1343 1657 1366 est
1676 1339 1752 1366 enim
1773 1345 1858 1368 mater

1067 1383 1127 1418 eius
1143 1383 1219 1411 Anna
1231 1402 1240 1416 ,
1257 1390 1320 1418 quae
1335 1390 1425 1412 servat
1440 1390 1468 1412 et
1481 1385 1600 1412 custodit
1617 1393 1679 1413 eum
1702 1391 1732 1413 et
1758 1387 1858 1414 enutrit

1067 1436 1142 1463 eum,
1155 1434 1185 1457 ut
1200 1433 1321 1465 tempore
1331 1435 1482 1465 opportuno
1495 1431 1597 1466 pariter
1611 1438 1672 1459 cum
1685 1431 1747 1466 ipso
1761 1440 1856 1461 ascen-

1068 1476 1125 1506 dat.
1144 1476 1209 1510 Quae
1224 1483 1285 1503 cum
1306 1476 1406 1504 viderit
1421 1477 1470 1512 ipsi
1487 1478 1583 1505 adesse
1601 1482 1722 1513 tempus,
1751 1485 1783 1507 ut
1805 1479 1857 1515 jam

231 1529 296 1557 ergo
315 1527 343 1549 et
359 1520 405 1555 qui
429 1518 555 1547 duritiam
582 1525 634 1544 non
661 1516 764 1548 habet,
791 1515 824 1542 ad
852 1514 1015 1550 loquendutn

1074 1521 1200 1550 recedens
1215 1529 1230 1549 a
1245 1522 1316 1550 lacte
1341 1522 1435 1550 solidis
1452 1527 1479 1550 et
1495 1521 1610 1550 fortibus
1624 1523 1694 1551 cibis
1709 1514 1818 1559 utatur,
1834 1531 1858 1552 ιιι

230 1569 388 1595 obturatum
417 1565 500 1592 habet
524 1571 555 1591 os
577 1570 584 1590 :
603 1563 693 1598 justus
709 1569 774 1590 vero
791 1561 878 1596 parcit
894 1560 935 1588 ori
952 1567 1013 1588 suo.

232 1612 371 1646 Ilodieque
388 1611 414 1638 in
431 1609 619 1638 sacerdotibus
637 1607 741 1636 Domini
764 1607 880 1634 habetur
901 1610 1017 1640 uterque

231 1658 359 1689 l‘hinees,
374 1656 490 1684 habetur
505 1660 533 1682 et
548 1654 673 1686 Eleazar,
687 1653 733 1688 qui
751 1653 778 1680 in
794 1651 946 1686 Scripturis
961 1651 1017 1687 pri-

232 1712 291 1732 nms
306 1703 450 1738 episcopus
477 1701 632 1729 nominatus
659 1704 721 1732 est,
746 1699 817 1727 sicut
842 1698 869 1726 in
891 1697 1017 1725 Numeris

231 1750 361 1784 scriptum
378 1752 429 1776 est.
448 1747 519 1775 Sunt
543 1754 609 1782 ergo
629 1746 765 1780 hodieque
782 1745 809 1772 in
826 1743 1016 1772 sacerdotibus

231 1797 386 1831 quicunque
402 1799 519 1830 parcunt
535 1793 576 1821 ori
592 1801 651 1823 suo.
667 1797 694 1820 et
707 1791 798 1820 omnis
824 1798 915 1819 sermo
929 1790 1016 1817 malus

231 1848 402 1877 nequaquam
419 1840 453 1868 de
467 1847 515 1867 ore
529 1847 624 1866 eorum
648 1838 780 1874 procedit.
804 1838 872 1865 Sunt
890 1836 1017 1865 sacerdo-

231 1894 270 1916 tes
285 1895 316 1915 ex
333 1894 448 1922 quorum
459 1893 507 1914 ore
524 1885 627 1913 nullum
640 1884 810 1917 scandalum,
827 1883 929 1911 nullum
943 1891 1017 1911 men-

229 1933 350 1964 dacium,
363 1931 454 1959 nullus
473 1931 560 1965 dolus,
586 1937 673 1965 neque
690 1929 796 1957 falsitas
810 1928 865 1956 ulla
881 1928 1018 1964 depromi-

230 1983 285 2012 tur,
301 1982 328 2005 et
345 1977 390 2004 isti
409 1977 507 2004 merito
526 1976 643 2004 Phinees
667 1975 705 2003 illi
721 1975 812 2003 Aaron
835 1975 891 2002 tilio
908 1982 1017 2010 compa-

231 2029 336 2050 rantur.
356 2023 425 2050 Sunt
440 2027 531 2050 autem
547 2022 630 2056 aliqui
648 2026 676 2048 et
691 2021 840 2049 secundum
857 2021 939 2048 istum
954 2019 1018 2048 Phi—

232 2077 309 2096 ueem
326 2068 383 2095 lleli
404 2067 487 2094 lilium
502 2068 670 2100 sacerdotes,
689 2067 736 2102 qui
751 2068 906 2096 obturatum
921 2075 953 2094 os
969 2068 1018 2095 ha-

231 2115 305 2146 Ιιι-ιιι,
324 2114 382 2140 sive
398 2113 541 2148 imperitia:
557 2113 634 2145 vitio,
656 2113 714 2140 sive
730 2114 897 2141 conscientia
923 2121 1017 2148 pecca-

232 2165 332 2187 tormn.
356 2159 409 2187 Sed
426 2160 475 2186 hoc
490 2164 530 2186 est
546 2159 617 2194 quod
635 2159 777 2194 deprecor,
801 2165 831 2187 ut
853 2160 875 2187 si
895 2160 957 2194 quis
974 2164 1017 2187 est

231 2206 277 2240 qui
305 2206 331 2232 in
359 2204 554 2232 sacerdotalem
580 2206 702 2232 ordinent
729 2213 759 2233 se
786 2207 901 2234 ascitum
922 2206 1012 2239 videt,

231 2251 362 2284 satisagat
374 2251 519 2278 eruditioni
534 2255 561 2279 et
573 2251 755 2279 emendationi
771 2259 882 2286 operam
897 2252 972 2284 dare,
989 2257 1017 2279 et

233 2298 343 2325 testiuet
361 2296 429 2324 elllei
454 2297 486 2324 de
509 2297 554 2324 illo
578 2304 691 2324 numero
710 2297 864 2330 beatorum,
892 2305 926 2325 ne
947 2297 1017 2325 forte

233 2341 387 2370 inveniatur
399 2349 431 2369 ex
446 2342 505 2369 istis
517 2341 704 2371 sacerdotibus
719 2343 764 2377 qui
782 2347 810 2370 et
835 2344 1017 2379 reprobaniur

231 2393 257 2416 et
276 2388 427 2423 puniuntur
442 2395 457 2414 a
474 2387 539 2416 Deo.

266 2433 293 2461 8.
306 2433 359 2460 Sed
371 2437 476 2468 tempus
490 2437 532 2460 est
542 2433 597 2468 jam
611 2438 639 2461 et
653 2435 686 2461 de
697 2434 822 2462 oratione
830 2436 924 2469 Annae,
933 2443 1015 2470 quam

230 2479 352 2516 profudit
369 2478 487 2507 ol‘erens
509 2479 564 2508 Deo
578 2480 744 2514 Samuclem,
756 2489 837 2516 quem
854 2489 870 2509 a
885 2482 957 2509 lacte
970 2482 1017 2510 de-

231 2526 352 2560 pulerat,
371 2532 455 2560 pauca
481 2532 641 2553 memorare.
665 2525 694 2553 In
712 2534 766 2561 qua
793 2526 881 2561 primo
907 2527 1016 2561 quidem

285 2583 311 2619 ’ξ
327 2582 414 2619 llebr.
432 2590 480 2619 xtl,
493 2583 519 2611 8.
558 2583 581 2600 ’³
598 2584 606 2610 1
624 2584 687 2612 Cor.
705 2592 746 2617 ιιι,
761 2584 789 2611 ‘2.
828 2584 850 2600 "
871 2584 939 2612 lleb.
955 2592 981 2618 ιν,
995 2586 1016 2613 ιε

1074 2586 1098 2618 5,
1116 2586 1158 2613 Η.

231 2618 326 2649 ιι,18.
373 2617 497 2653 "llteg.
530 2627 550 2650 l,
572 2619 615 2646 ll.

266 2688 305 2723 (Ι)
321 2687 392 2720 Heli,
406 2692 459 2715 etc.
474 2687 607 2716 Hebraice
627 2688 756 2715 scribitur
777 2679 824 2720 νίν)
841 2695 848 2713 :
865 2685 935 2715 unde
948 2695 1017 2722 quo-

231 2724 313 2783 mque
327 2723 385 2750 erui
401 2723 489 2757 possit
512 2731 521 2748 ι
534 2724 614 2750 arabs
626 2733 634 2749 ι
651 2724 708 2750 sive
735 2733 744 2749 ι
761 2723 899 2750 extrarius
913 2743 921 2756 ,
940 2732 950 2749 ι
964 2731 1016 2751 ιιοιι

234 2762 268 2783 vn
279 2764 321 2783 eo.

270 2777 519 2826 ἱῆἰωπωαωυτ
539 2796 625 2819 autem
649 2792 734 2825 Opltui
762 2800 882 2819 excessus
910 2799 1018 2818 conivr-

238 2827 327 2854 siunis.
340 2826 420 2853 Forte
429 2827 523 2856 aliam
538 2836 546 2852 ι
559 2827 644 2859 calor,
653 2833 746 2859 iustus,
755 2835 892 2859 excessus,
907 2837 915 2853 ι
927 2833 953 2855 et
966 2832 1017 2857 me

1066 1567 1383 1603 possitetsacerdotibus
1399 1568 1539 1600 interesse,
1552 1572 1580 1596 et
1606 1569 1639 1596 de
1668 1569 1769 1599 altaris
1783 1571 1859 1599 edem

1067 1613 1221 1646 sacriﬁciis,
1237 1618 1301 1641 tunc
1319 1621 1380 1641 eum
1395 1613 1450 1641 Deo
1473 1618 1626 1642 consecrat.
1641 1613 1712 1642 Vide
1727 1615 1752 1642 si
1769 1616 1796 1643 in
1810 1615 1859 1643 alio

1067 1658 1127 1686 loco
1143 1659 1169 1686 in
1183 1658 1332 1693 Scripturis
1343 1659 1448 1687 sanctis
1460 1659 1565 1687 invenis
1578 1658 1729 1694 signiﬁcari
1742 1660 1858 1696 aliquem

1067 1711 1082 1731 a
1101 1703 1169 1731 lacte
1185 1703 1335 1739 depulsum.
1348 1703 1403 1738 Ego
1419 1708 1522 1735 tamen,
1535 1708 1666 1738 quantum
1685 1705 1719 1732 ad
1737 1712 1857 1740 presens

1067 1747 1199 1775 memoria
1219 1747 1350 1783 suggerit,
1367 1747 1442 1776 Isaac
1459 1747 1569 1775 metnini
1584 1755 1591 1774 :
1607 1747 1640 1774 de
1656 1754 1712 1782 quo
1727 1748 1858 1782 scriptum

1067 1798 1108 1822 est
1122 1794 1164 1828 ",
1180 1794 1252 1830 quod
1269 1794 1424 1822 convivium
1443 1802 1570 1829 maguum
1591 1793 1656 1821 fecit
1671 1795 1813 1822 Abraham
1829 1803 1857 1823 ea

1067 1840 1111 1867 die
1125 1847 1177 1875 qua
1193 1847 1209 1867 a
1221 1839 1291 1867 lacte
1307 1839 1434 1874 depulsus
1450 1844 1491 1866 est
1509 1839 1584 1867 Isaac
1601 1839 1674 1867 tilias
1687 1847 1768 1867 suus.
1783 1840 1856 1875 Apud

1068 1884 1192 1912 homines
1211 1883 1319 1918 quidem
1346 1884 1437 1911 szeculi
1458 1883 1537 1919 hujus
1557 1890 1687 1919 parentes
1701 1885 1796 1913 solent
1812 1894 1858 1912 na-

1068 1928 1147 1957 talem
1158 1928 1229 1956 diem
1244 1927 1382 1955 celebrare
1408 1927 1524 1955 filiorum
1541 1928 1703 1956 :Abrabam
1721 1937 1790 1957 vero
1810 1937 1857 1958 non

1067 1975 1188 2003 celebrat
1203 1973 1320 2001 natalem
1335 1973 1405 2001 diem
1420 1973 1495 2001 lsaac
1509 1973 1555 2001 lilii
1568 1973 1622 2006 sui,
1634 1975 1682 2002 sed
1698 1975 1777 2003 illum
1789 1976 1856 2003 diem

1068 2020 1165 2047 festum
1181 2019 1246 2053 agit,
1263 2023 1291 2046 et
1307 2019 1408 2046 laetitia:
1430 2019 1552 2054 deputat.
1582 2023 1610 2046 et
1631 2020 1762 2048 convivia
1789 2021 1856 2048 cele-

1067 2065 1138 2098 brat,
1157 2072 1217 2092 cum
1234 2072 1295 2091 eum
1311 2072 1325 2090 a
1341 2064 1410 2091 lacte
1434 2064 1559 2099 depellit,
1576 2069 1604 2092 et
1620 2065 1653 2092 ad
1667 2066 1750 2094 cibos
1776 2066 1857 2094 fortes

1068 2116 1096 2139 ct
1107 2111 1207 2138 solidos
1217 2110 1428 2144 applicat,quasi
1441 2110 1462 2136 si
1473 2117 1520 2144 per
1534 2110 1591 2137 haec
1604 2110 1711 2138 diceret
1726 2111 1806 2139 Isaac
1819 2112 1855 2138 ":

1072 2167 1080 2186 ι
1099 2159 1166 2187 Cum
1183 2158 1271 2186 factus
1290 2166 1348 2186 sum
1362 2159 1413 2191 vir,
1430 2159 1541 2193 deposui
1551 2166 1611 2194 qua:
1621 2165 1703 2186 erant
1713 2161 1831 2195 parvuli.
1846 2170 1855 2187 ι

1032 2188 1055 2218 D
1069 2206 1182 2241 Oportet
1205 2212 1270 2240 ergo
1289 2205 1368 2232 talem
1385 2188 1447 2232 esse
1464 2188 1538 2232 hunc
1558 2188 1604 2239 qui
1624 2188 1743 2233 olfertdr
1764 2207 1819 2234 Deo
1832 2211 1858 2233 ut

1070 2253 1175 2280 habitet
1191 2253 1217 2278 in
1229 2251 1344 2283 sanctis,
1357 2251 1403 2285 qui
1417 2252 1501 2286 possit
1514 2251 1585 2278 vesci
1599 2252 1731 2280 carnibus
1747 2253 1857 2283 sanctis,

1070 2298 1102 2326 de
1114 2297 1213 2332 quibus
1225 2297 1353 2332 scriptum
1370 2302 1412 2324 est
1425 2297 1447 2313 "
1462 2306 1469 2324 :
1486 2306 1494 2323 ι
1511 2296 1730 2325 Sanctificamini
1747 2303 1858 2326 utman-

1069 2344 1174 2372 ducetis
1189 2350 1296 2372 carnes.
1308 2352 1318 2369 ι

1104 2389 1131 2418 9.
1149 2388 1202 2417 Sed
1220 2389 1359 2417 videamus
1380 2389 1453 2423 quali
1476 2396 1537 2416 eum
1560 2395 1641 2424 prece
1662 2388 1743 2416 Anna
1756 2409 1765 2422 ,
1782 2389 1808 2416 id
1820 2394 1860 2417 est

1070 2436 1156 2471 gratia
1170 2456 1178 2468 ,
1197 2441 1343 2463 consecrat
1373 2436 1437 2463 Deo.
1465 2435 1569 2462 Nomm
1589 2435 1691 2471 quippe
1713 2436 1818 2471 aliquid
1835 2436 1859 2463 in
1882 2450 1884 2463 ι

1069 2482 1210 2518 principiis
1233 2482 1299 2517 ipsis
1324 2481 1542 2509 observabimus.
1566 2482 1614 2509 Ait
1637 2483 1714 2510 enitn
1735 2483 1781 2510 ὀε
1802 2492 1812 2508 ι
1830 2482 1860 2509 Et

1070 2528 1161 2556 oravit
1175 2528 1264 2560 Anna,
1281 2532 1308 2555 et
1324 2527 1403 2555 dixit.
1419 2536 1429 2552 ι
1449 2527 1482 2554 Et
1497 2535 1631 2563 nusquam
1650 2535 1713 2556 eam
1727 2529 1808 2564 quasi
1827 2529 1858 2555 ad

1206 2586 1229 2602 "
1244 2585 1314 2613 Gen.
1335 2593 1392 2613 xxI.
1435 2585 1478 2612 "l
1500 2584 1562 2613 Cor.
1581 2593 1641 2618 χιιι,
1657 2585 1704 2613 ΙΙ.
1743 2586 1767 2603 ’⁷
1782 2586 1856 2614 Num.

1072 2698 1082 2714 ι
1104 2690 1232 2724 respexit.
1244 2689 1391 2719 convertit.
1405 2698 1414 2724 ι

1107 2721 1302 2759 (ω’-εἰςιιὶῇεαι
1316 2724 1384 2750 enim
1404 2722 1513 2759 Phineas
1529 2722 1557 2749 in
1571 2721 1665 2757 lingua
1680 2728 1775 2750 nostra
1791 2730 1798 2737 '
1808 2722 1856 2749 oris

1073 2757 1216 2790 obiurutio,
1231 2757 1269 2786 rei
1282 2759 1324 2785 ori
1336 2765 1455 2792 parcens.
1470 2757 1491 2784 A
1506 2761 1544 2787 re:
1563 2765 1573 2782 ι
1585 2765 1616 2786 os
1628 2766 1638 2784 ι
1653 2762 1753 2788 etum
1765 2767 1774 2784 ι
1785 2759 1856 2786 obtu-

1071 2795 1150 2827 ravit,
1168 2803 1176 2820 ι
1193 2793 1233 2822 vcl
1246 2798 1297 2824 mn
1313 2793 1462 2828 spcpcrcit.
1474 2801 1483 2818 ι
