1896 3052
77 109 140 138 1005

635 115 668 142 IN
688 112 815 141 LIBRUM
835 111 954 140 REGUM
973 110 1114 139 llOMlIJA
1134 111 1154 138 l.

1619 107 1689 136 1008

75 168 154 195 Deum
172 172 296 196 orantem
315 169 436 203 invenio,
454 169 498 197 vel
525 169 680 204 loquentem
692 189 700 200 ,
726 169 776 197 nisi
807 176 854 204 per
869 169 890 197 Α
906 167 1018 194 sterium
1045 166 1194 193 docebatur
1208 185 1214 197 ,
1231 172 1304 196 cum,
1321 163 1410 199 Moyse
1435 163 1556 191 elevaute
1570 171 1666 191 manus
1680 183 1690 198 ,

74 214 124 241 duo
141 219 245 241 tantum
269 215 350 242 verba
363 235 370 246 ,
396 216 440 242 ubi
461 216 528 243 dicit
541 217 582 242 θὶς
603 224 613 241 ι
633 215 732 242 Lunata
752 223 810 242 smn
828 215 853 240 in

73 259 181 286 salutari
195 264 249 292 tuo,
268 269 277 286 ι
292 265 318 287 et
331 260 404 288 aliud
424 269 430 288 :
447 270 456 286 ι
471 260 539 294 Quia
559 269 611 288 non
627 266 669 287 est
684 265 781 295 praeter
798 264 851 287 te.»

71 303 176 332 Initium
191 309 282 332 autem
298 306 337 333 sic
361 306 444 334 habet
460 317 466 334 :
486 316 496 333 ε
515 307 666 334 Exsultavit
692 315 739 334 cor
763 314 853 334 meum

74 350 98 378 in
112 351 232 378 Domino.
244 361 254 377 ι
268 351 325 379 Non
338 352 418 383 dixit.
435 353 587 380 Exsultavit
604 360 652 380 cor
669 355 757 379 meum
772 353 797 379 iu
817 357 852 379 te.

74 396 100 424 Si
110 397 182 424 enim
193 402 266 425 esset
278 398 376 429 oratiu,
395 398 430 424 ita
451 398 503 425 dici
521 406 691 433 consequens
707 403 787 425 erat:
805 399 855 425 Ex-

72 442 178 471 sultavit
190 451 238 471 cor
249 450 337 471 meum
355 443 380 471 in
396 444 477 472 te.Et
489 444 586 471 iterum
598 445 624 472 in
637 445 760 479 sequenti
774 452 852 472 versu

71 488 127 522 ejus
147 489 213 516 dicit
229 499 236 517 :
250 499 260 514 ι
278 489 434 517 Exaltatum
452 495 493 518 est
509 498 592 518 cornu
611 498 699 517 meum
718 491 742 517 in
762 490 823 518 Deo.
842 500 851 516 ι

72 533 125 560 Non
141 533 210 561 dixit
227 544 234 562 :
251 535 401 562 Exaltatutn
418 541 459 563 est
475 544 558 563 cornu
570 543 658 563 meum
674 536 699 562 iu
714 540 748 569 te,
763 537 810 563 sed
827 538 853 564 in

72 578 133 606 Deo.
154 587 164 604 t
178 578 325 607 Dilatatum
341 586 382 608 est
396 589 426 608 os
445 589 533 608 meum
547 588 628 616 super
643 581 776 614 inimicos,
791 581 853 617 quia

71 623 156 652 laetata
176 632 235 652 sum
251 625 277 652 in
293 626 404 653 salutari
421 631 476 654 tuo.
493 636 502 652 ι
521 626 613 659 Unus,
635 631 665 654 ut
681 627 748 659 dixi,
763 635 854 655 sermo

70 669 218 697 orationem
235 671 355 699 continet
369 681 376 700 :
390 681 399 698 ι
411 671 512 699 Lastata
527 680 586 700 sum
603 673 628 700 in
644 672 757 700 salutari
773 678 828 705 tuo,
840 683 850 700 υ

69 719 95 741 et
110 714 135 741 in
153 717 387 750 consequentibus
404 725 455 744 non
471 717 537 744 dicit
551 718 614 752 quia
628 725 679 744 non
691 723 733 745 est
744 724 854 746 sanctus

68 759 117 787 nisi
130 764 168 792 tu,
180 759 237 790 sed,
252 768 261 784 Ι
279 758 338 785 Non
354 763 395 786 est
409 764 519 787 sanctus
530 763 561 787 ut
575 765 616 788 est
633 760 772 794 Dominus,
789 771 798 788 )
813 767 850 796 et,

70 813 79 830 ι
96 805 154 832 Non
169 809 211 832 est
225 809 323 839 praeter
345 809 380 831 te.
401 813 410 830 ι
427 804 476 832 Hic
492 812 582 833 sermo
595 814 651 834 non
671 806 776 834 videtur
792 815 849 835 scr-

70 856 145 877 vasse
154 851 286 878 orationis
297 853 432 880 ordinem.
447 853 475 879 lu
494 853 649 881 novissimis
663 859 753 881 autem
767 854 852 890 longa:

69 895 278 930 supplicationis
294 899 395 931 specie,
410 898 492 925 etiam
510 899 709 927 commmiones
721 900 851 934 quasdam

69 941 232 975 introducit,
257 943 350 971 dicens
366 945 399 971 ίε
425 953 434 969 ι
452 943 540 971 Nolite
565 945 745 980 multiplicare
779 945 851 980 loqui

67 988 155 1020 mala,
172 996 261 1023 neque
275 994 352 1017 exeat
373 990 592 1025 maliloquacitas
619 991 652 1018 de
674 999 723 1019 ore
741 996 851 1025 vestro,

66 1033 128 1067 quia
146 1035 229 1062 fortis
247 1035 273 1062 in
295 1036 406 1063 scientia
425 1036 587 1063 Dominus.i
603 1037 630 1064 ln
646 1045 698 1071 quo
713 1044 762 1065 nec
777 1038 852 1066 vide-

67 1082 110 1105 tur
120 1079 178 1112 jam
194 1081 227 1107 ad
246 1080 386 1108 Dominum
410 1082 494 1117 loqui.
511 1082 580 1116 Quid
598 1089 664 1116 ergo
680 1083 802 1110 dicemus
818 1084 852 1112 de

67 1123 127 1151 his?
143 1125 199 1160 Ego
212 1133 275 1153 cum
294 1126 413 1161 legerem
432 1128 582 1162 aliquando
606 1129 676 1163 apud
692 1128 850 1163 Apostolum

64 1170 135 1203 quod
150 1171 241 1197 dixit'
257 1180 264 1198 :
282 1181 291 1197 ι
306 1171 372 1199 Sine
390 1172 593 1200 intermissione
608 1179 700 1205 orate,
719 1183 729 1200 I
746 1182 851 1209 quaere-

65 1212 126 1240 bam
141 1214 164 1242 si
181 1223 345 1252 praeceptum
361 1217 413 1245 hoc
426 1217 553 1253 possibile
568 1223 639 1246 esset
654 1220 768 1254 impleri.
786 1220 852 1254 Quis

64 1265 136 1286 enim
152 1266 243 1296 potest
258 1271 395 1298 nunquam
417 1264 542 1293 desinere
562 1267 595 1294 ab
612 1267 752 1300 oratione,
768 1267 804 1294 ita
822 1272 851 1296 ut

64 1313 152 1340 neque
167 1307 258 1335 cibum
272 1328 280 1340 ,
304 1316 391 1344 neque
408 1315 500 1344 potum
525 1312 650 1340 sumendi
676 1317 781 1348 tempus
804 1313 852 1341 ha-

63 1349 146 1379 beat?
158 1353 260 1388 quippe
276 1362 337 1382 cum
355 1355 376 1382 si
395 1356 452 1384 lucc
468 1356 544 1390 ﬁant,
560 1358 764 1386 intermittenda
778 1359 851 1387 vide-

63 1400 106 1423 tur
131 1399 232 1426 oratio.
258 1399 309 1426 Sed
328 1408 378 1427 nec
397 1401 548 1430 dormiendi
577 1407 624 1430 aut
651 1403 752 1439 aliquid
778 1403 851 1432 aliud

62 1441 175 1470 hutnani
193 1451 258 1471 usus
273 1446 369 1480 agendi
393 1447 499 1473 veniam
516 1448 665 1476 secundum
690 1448 760 1476 istud
782 1456 851 1484 prte-

60 1492 172 1523 ceptum
188 1491 277 1517 oratio
292 1491 472 1519 communiter
497 1492 633 1521 intellecta
652 1493 788 1521 concedit.
807 1494 850 1522 Vi-
863 1507 886 1537 α

60 1533 175 1563 donatus
184 1543 249 1571 ergo
260 1544 293 1564 ue
303 1537 374 1564 forte
386 1545 482 1566 omnes
495 1543 570 1566 actus
585 1539 644 1574 ejus
659 1540 706 1574 qui
720 1540 746 1567 in
758 1540 851 1568 divino

58 1586 190 1608 versatur
203 1579 302 1615 cilicio,
331 1587 358 1610 et
385 1584 476 1611 omnia
493 1589 567 1620 gesta
587 1585 628 1613 vel
646 1586 716 1613 dicta
733 1594 793 1621 qua:
808 1594 853 1614 se-

58 1626 182 1653 cundum
201 1626 286 1655 Deum
303 1629 372 1664 gerit
388 1633 415 1656 et
435 1629 513 1662 dicit,
541 1631 575 1658 ad
592 1631 743 1659 orationem
759 1639 852 1666 repor—

58 1676 163 1701 tentur.
181 1673 211 1700 Si
232 1674 303 1701 enim
321 1675 409 1702 oratio
426 1676 476 1703 hoc
493 1675 580 1703 solum
596 1677 764 1712 intelligatur
779 1677 851 1711 quod

57 1719 246 1746 communiter
274 1721 386 1753 scimus,
416 1728 503 1756 neque
521 1723 598 1749 Anna
629 1723 655 1749 in
689 1723 732 1750 his
760 1723 851 1751 verbis

55 1771 154 1792 orasse
169 1765 317 1799 videbitur,
334 1772 361 1793 et
377 1775 512 1803 nunquam
526 1768 738 1804 ullusjustorum
752 1776 851 1797 secun-

56 1810 122 1837 dum
133 1812 264 1846 Apostoli
286 1819 452 1849 praeceptum
476 1815 535 1842 sine
556 1815 758 1844 intermissione
772 1823 852 1844 orare

52 1860 160 1890 potest.
186 1857 216 1884 Si
236 1865 301 1885 vero
322 1859 410 1886 ounds
433 1865 511 1886 actus
531 1859 597 1893 justi
613 1881 620 1891 .
647 1868 728 1895 quem
752 1869 850 1889 secun-

54 1903 118 1929 dum
138 1903 228 1930 Deum
252 1904 307 1938 agit
322 1910 348 1932 et
364 1905 511 1932 secundum
534 1907 689 1934 mandatum
708 1907 828 1935 divinum
841 1929 849 1941 ,

51 1948 148 1975 oratio
176 1953 334 1983 reputatur,
361 1952 423 1985 quia
449 1951 540 1985 justus
566 1951 624 1978 sine
647 1952 851 1981 intermissione

51 2001 113 2028 qua:
140 1995 223 2030 justa
250 2000 315 2023 sunt
341 1998 415 2031 agit,
434 2004 482 2032 per
502 1997 554 2025 hoc
572 1998 634 2026 sine
650 1999 852 2027 intermissione

47 2038 141 2073 justus
166 2041 271 2073 orabit,
297 2049 346 2069 nec
370 2050 488 2077 unquam
509 2044 542 2070 ab
562 2044 687 2071 oratione
709 2045 849 2072 cessabit:

50 2087 103 2113 nisi
116 2087 221 2120 justus
235 2094 296 2114 esse
312 2087 437 2114 desistat.
452 2088 519 2116 Curti
547 2089 620 2116 enim
651 2089 780 2123 iujustum
802 2091 851 2117 ali-

48 2133 115 2167 quid
132 2133 250 2168 agimus
264 2138 311 2160 aut
323 2132 515 2168 delinquimus,
539 2139 641 2161 certqu
662 2139 703 2162 est
727 2135 799 2168 quod
818 2143 851 2163 eo

907 210 1032 237 vincebat
1057 209 1139 237 Israel
1161 209 1185 242 ⁸;
1211 209 1371 236 demittente
1400 216 1463 236 vero
1493 213 1522 236 et
1548 209 1691 242 dejicieute

906 255 1032 282 deorsum
1046 276 1053 287 ,
1069 255 1194 282 vincebat
1210 254 1341 282 Amalec?
1363 255 1395 282 Et
1410 256 1431 282 si
1450 264 1460 281 ε
1477 255 1568 282 omnia
1586 256 1643 284 haec
1657 257 1690 284 ll-

906 306 938 333 gu
944 299 1037 326 raliter
1044 299 1236 334 contingebant
1246 299 1309 332 illis,
1318 300 1419 335 scripta
1430 304 1492 327 sunt
1503 308 1568 327 vero
1579 306 1691 337 propter

906 352 965 378 nos,
978 345 1004 371 in
1021 353 1089 380 quos
1106 345 1173 373 lines
1187 346 1348 373 saeculorum
1369 346 1537 373 devenerunt
1548 346 1584 373 ’.ι
1602 345 1691 380 Quare

906 389 1057 424 intelligere
1075 390 1221 422 debemus,
1243 390 1306 424 quia
1326 390 1413 417 donec
1433 389 1551 418 famulus
1571 391 1619 418 Dei
1635 391 1691 419 ele—

907 441 951 462 vat
970 440 1049 463 actus
1063 443 1126 463 sttos
1142 436 1177 463 ad
1191 436 1286 468 Deum,
1301 436 1385 463 vincit
1398 443 1465 471 gens
1482 436 1529 464 Dei
1543 446 1550 463 :
1566 444 1628 464 cum
1643 445 1691 464 au-

907 485 960 507 tem
981 479 1112 514 dcjecerit
1138 485 1164 507 et
1190 480 1329 507 demiserit
1355 488 1463 513 manus,
1487 481 1512 508 id
1532 486 1593 514 est,
1613 486 1691 509 actus

906 534 980 557 suos.
1000 526 1086 554 vincit
1103 526 1215 554 Amalec
1242 527 1368 554 inimicus
1387 527 1444 555 Dei.
1466 528 1517 554 Aut
1535 528 1599 562 quid
1614 528 1690 555 vide-

906 572 1054 607 tur?(volo
1069 571 1141 599 enitn
1170 571 1309 606 paululum
1334 572 1473 599 immorari
1497 580 1556 599 cum
1583 573 1626 600 his
1643 574 1689 608 qui

906 617 1000 645 nolunt
1025 618 1083 645 hare
1110 617 1290 650 spiritaliter,
1317 618 1364 645 sed
1397 618 1545 646 semmdum
1572 618 1689 646 litteram

905 662 1047 698 intelligi.)
1059 663 1254 698 numquidnam
1283 664 1431 698 putandum
1456 669 1496 691 est
1512 684 1519 695 .
1544 665 1614 698 quod
1631 673 1691 692 om-

905 709 1029 742 nipotens
1052 708 1123 735 Deus
1139 709 1171 736 ad
1189 717 1284 737 manus
1300 709 1450 744 respiceret
1477 709 1582 746 Moysi,
1605 715 1632 738 et
1652 711 1690 739 si-

903 755 1012 788 quidem
1036 754 1137 781 videret
1161 762 1207 782 cas
1232 763 1340 783 sursum
1367 755 1509 787 elevatas.
1538 756 1619 784 Israel
1648 758 1689 784 vi-

903 800 1018 827 ctoriam
1041 800 1140 827 daret:
1159 801 1181 828 si
1201 809 1267 828 vero
1295 801 1421 829 deorsum
1449 802 1568 836 deiectas
1581 823 1589 836 ,
1609 802 1691 830 Ama-

867 841 888 868 B
905 845 1017 873 lecitis?
1041 845 1150 874 Siccine
1180 847 1288 881 dignum
1312 852 1354 875 est
1383 849 1416 875 de
1448 849 1535 876 sancti
1571 849 1690 884 Spiritus

904 891 1006 918 sentire
1031 892 1225 919 sermonibus?
1253 893 1295 920 An
1320 893 1385 920 illud
1418 894 1506 928 potius
1542 894 1689 929 putandum

903 942 967 970 est,
991 937 1061 971 quod
1084 937 1171 964 lutura
1199 938 1225 966 in
1253 938 1296 966 his
1319 939 1448 974 mysteria
1470 941 1691 975 prteformabatl

903 983 968 1016 Quae
987 984 1097 1018 quidem
1126 985 1160 1011 de
1193 985 1285 1012 crucis
1308 991 1481 1014 sacramenlo
1511 991 1538 1015 et
1565 987 1691 1015 atlixioue

904 1037 1032 1057 manuum
1069 1030 1218 1058 Salvatoris
1250 1031 1362 1066 intelligi
1395 1033 1488 1060 tritum
1517 1032 1590 1067 jam,
1617 1038 1645 1061 et
1672 1044 1688 1062 a

902 1075 984 1112 487
992 1075 1083 1103 multis
1089 1084 1160 1111 smpe
1168 1076 1311 1104 dissertum
1318 1082 1370 1105 est.
1379 1078 1432 1105 Sed
1441 1079 1570 1113 quoniam
1579 1080 1691 1107 innova-

903 1122 925 1149 ri
935 1123 1156 1157 scmperjubetur
1165 1123 1198 1155 is,
1207 1123 1252 1158 qui
1266 1124 1414 1151 secundum
1422 1124 1597 1160 Evangelium
1610 1127 1688 1158 vivit,

903 1171 930 1194 et
946 1167 1050 1194 Novum
1067 1168 1270 1196 Testamentum
1287 1176 1394 1204 semper
1410 1171 1489 1198 debet
1505 1173 1582 1200 novis
1598 1173 1688 1200 sensi-

903 1212 954 1240 bus
974 1213 1114 1247 illuslrari,
1132 1218 1159 1242 et
1186 1219 1297 1242 cantare
1323 1216 1437 1244 Domino
1458 1216 1586 1250 jubemur
1600 1219 1689 1247 canti-

903 1265 964 1286 cum
993 1266 1103 1292 novum,
1125 1263 1153 1286 et
1178 1259 1292 1287 interior
1316 1260 1396 1288 homo
1420 1266 1513 1290 noster
1540 1271 1593 1290 non
1620 1264 1691 1292 dixit

903 1303 1003 1332 Paulus
1019 1305 1080 1339 quia
1099 1310 1246 1333 renavatur
1261 1309 1288 1333 et
1305 1307 1390 1339 stetit,
1408 1308 1456 1335 sed
1475 1317 1484 1334 ι
1497 1314 1644 1337 renovatur
1655 1311 1689 1338 de

902 1350 946 1377 die
960 1350 987 1377 in
1004 1351 1093 1378 diem“
1103 1359 1110 1383 ;
1122 1359 1132 1377 ι
1149 1352 1292 1386 oportebat
1305 1352 1388 1380 etiam
1405 1361 1455 1381 nos
1470 1355 1541 1381 etde
1555 1356 1690 1384 orationis

902 1395 984 1423 modo
1010 1396 1127 1430 qualiter
1151 1397 1211 1424 sine
1230 1397 1431 1426 intermissione
1453 1401 1584 1429 orandum
1600 1402 1646 1434 sit,
1662 1409 1690 1430 et

903 1442 938 1470 de
958 1442 1111 1470 elevatione
1136 1451 1275 1477 manuum,
1301 1446 1372 1480 quod
1397 1446 1562 1475 sacriﬁcium
1588 1449 1690 1478 dicitur

903 1488 1096 1522 vespertinum,
1114 1497 1166 1516 non
1186 1489 1271 1517 solum
1295 1491 1403 1519 usitatis
1418 1497 1445 1520 et
1462 1493 1572 1528 attritis,
1592 1495 1640 1523 sed
1657 1501 1686 1523 et

903 1532 1102 1567 aliquantulum
1127 1535 1264 1563 innovatis
1292 1536 1503 1566 dissertionibus
1527 1540 1685 1575 explanare.

939 1578 982 1606 l0.
1000 1577 1146 1606 Videamus
1159 1587 1224 1614 ergo
1239 1581 1303 1615 quid
1323 1580 1374 1607 sibi
1390 1581 1447 1608 vult
1463 1583 1533 1610 ratio
1557 1584 1607 1612 ista
1625 1592 1690 1612 ora-

904 1624 982 1652 tionis
1006 1624 1102 1657 Annae,
1118 1633 1198 1660 quam
1219 1626 1240 1653 si
1269 1626 1457 1661 didicerimus,
1483 1628 1611 1656 similiter
1635 1629 1690 1658 for-

904 1670 984 1698 tassis
999 1675 1026 1698 et
1035 1678 1084 1698 nos
1100 1678 1179 1699 orare
1195 1673 1354 1707 poterimus.
1369 1681 1378 1698 ε
1391 1672 1554 1709 Exsullavit,
1568 1675 1656 1710 inquit
1666 1677 1690 1710 ',

903 1723 951 1744 cor
982 1723 1071 1743 meum
1095 1717 1121 1744 in
1146 1717 1292 1745 Domino.»
1314 1717 1475 1747 Necessario
1499 1721 1623 1751 addidit.:
1639 1723 1688 1750 «lu

903 1762 1028 1790 Domino.
1040 1773 1050 1790 ι
1078 1763 1125 1791 Est
1142 1764 1214 1791 enim
1232 1765 1376 1792 exsultatio
1389 1773 1449 1800 qua:
1463 1774 1517 1795 non
1532 1773 1573 1795 est
1587 1769 1613 1796 in
1634 1769 1687 1797 Do-

903 1809 1067 1840 mino,sicut
1080 1815 1106 1837 et
1121 1810 1186 1837 illud
1197 1810 1330 1837 dicitur”:
1344 1820 1353 1836 ι
1364 1811 1485 1840 Gaudete
1500 1813 1527 1841 in
1544 1814 1686 1842 Domino.-

902 1854 995 1882 Potest
1007 1855 1078 1882 enim
1096 1855 1157 1890 quis
1173 1856 1291 1890 gaudere
1307 1856 1334 1883 in
1358 1857 1525 1892 carnalibus,
1541 1865 1569 1887 et
1586 1868 1640 1888 non
1661 1863 1687 1889 iu

904 1900 1028 1928 Domino.
1046 1900 1073 1927 Si
1092 1901 1163 1928 enim
1180 1902 1311 1936 gaudeant
1335 1903 1405 1937 quod
1423 1903 1514 1931 inveni
1532 1905 1688 1935 thesaurum

903 1945 1047 1978 visibilem,
1067 1946 1136 1973 istud
1152 1947 1278 1981 gaudium
1293 1949 1386 1975 carnis
1402 1953 1455 1980 est,
1472 1954 1500 1977 et
1521 1958 1574 1979 non
1594 1952 1621 1979 in
1636 1953 1691 1981 Do-

904 1992 988 2019 mino.
1005 1991 1033 2019 Si
1057 1992 1189 2026 gaudeam
1204 1994 1276 2026 quod
1298 2001 1340 2020 me
1356 1994 1480 2023 homines
1504 1996 1632 2032 laudant,
1664 2005 1691 2026 et

905 2037 974 2064 forte
989 2044 1041 2064 non
1064 2045 1113 2072 pro
1129 2038 1236 2070 merito.
1259 2045 1310 2066 non
1327 2044 1368 2067 est
1386 2040 1437 2067 hoc
1452 2042 1571 2076 gaudere
1586 2043 1614 2071 iu
1635 2043 1690 2072 Do-

904 2082 988 2109 mino.
1008 2082 1035 2109 Si
1052 2083 1184 2117 gaudeam
1204 2083 1231 2110 in
1250 2085 1330 2111 rebus
1352 2084 1496 2120 fragilibus
1519 2092 1546 2115 et
1567 2089 1689 2122 caducis.

905 2128 962 2156 hare
974 2129 1064 2156 omnia
1080 2136 1132 2156 non
1153 2129 1253 2157 habent
1279 2130 1413 2159 laudabile
1427 2133 1566 2167 gaudium.
1582 2134 1610 2162 Si
1626 2143 1692 2163 vero

49 2184 179 2213 tempore
203 2179 288 2206 etiam
318 2179 352 2206 ab
378 2179 499 2207 oratione
526 2187 673 2207 cessamus,
698 2179 766 2208 pulo
780 2183 850 2215 quod
867 2177 890 2209 υ
904 2174 1034 2208 gaudeant
1051 2175 1179 2209 quoniam
1199 2175 1296 2210 dignus
1316 2176 1425 2205 habitus
1439 2185 1498 2206 sum
1513 2187 1564 2214 pro
1581 2182 1691 2209 nomine

48 2223 100 2252 hoc
111 2224 271 2252 edocemur
285 2228 312 2251 ct
328 2224 354 2251 in
369 2223 483 2252 Psalmis
498 2232 560 2252 cum
572 2226 671 2253 dicitur
682 2226 692 2241 ³
706 2233 714 2252 :
729 2235 738 2252 ε
756 2227 850 2254 Eleva-

47 2272 85 2297 tio
101 2278 243 2298 manuum
261 2277 380 2298 mearum
392 2270 556 2298 sacriﬁcium
570 2271 778 2307 vespertinum.)
790 2272 848 2300 Non

46 2316 121 2344 enim
149 2321 225 2351 puto
250 2316 322 2349 quod
340 2315 361 2343 si
378 2315 439 2350 quis
463 2316 609 2343 elevaverit
636 2317 676 2344 vel
696 2318 850 2346 extenderit

47 2369 148 2390 manus
165 2361 204 2388 ad
225 2360 325 2388 ccelum
344 2360 385 2397 (ut
400 2361 509 2389 habitus
525 2362 661 2389 orantium
677 2370 737 2390 esse
756 2363 847 2399 solet),

45 2408 186 2434 continuo
197 2405 369 2433 sacriﬁcium
377 2406 506 2434 obtulerit
520 2407 584 2436 Deo.
596 2409 648 2436 Sed
662 2409 802 2436 videamus
817 2416 850 2436 ne

45 2451 119 2480 forte
138 2453 196 2480 hoc
219 2452 257 2479 sit
271 2453 342 2487 quod
359 2452 394 2480 ibi
419 2451 521 2481 indicat
543 2462 634 2482 sermo
651 2455 707 2486 Dei,
725 2455 786 2490 quia
803 2463 851 2490 per

46 2505 150 2527 manus
165 2505 259 2533 opera
282 2499 479 2536 intelliguntur.
495 2499 588 2527 Elevat
613 2508 710 2528 manus
726 2500 781 2532 ille,
804 2501 849 2535 qui

45 2545 139 2572 elevat
156 2549 246 2572 actus
258 2551 322 2571 suos
335 2553 350 2571 a
365 2550 451 2577 terra,
464 2550 491 2572 et
505 2545 678 2573 conversatio
690 2544 748 2579 ejus
761 2545 852 2572 adhuc

45 2589 72 2618 in
86 2595 166 2619 terra
182 2589 358 2617 ambulantis
375 2591 401 2617 in
418 2591 495 2618 cretis
509 2596 561 2617 est.
576 2590 680 2618 Excelsi
697 2598 763 2624 ergo
775 2596 852 2618 actus

44 2641 72 2663 ct
100 2636 261 2668 sublimes.
287 2642 357 2670 quos
382 2635 507 2663 videntes
525 2637 649 2663 homines
674 2636 852 2670 magnilicant

43 2680 158 2709 Patrem
175 2680 338 2711 cmlestetn,
355 2680 470 2708 elevatio
485 2688 614 2708 manuum
631 2681 742 2712 dicitur,
760 2686 787 2707 et
803 2689 849 2708 sa-

40 2728 185 2756 criﬁcium
201 2726 401 2760 vespertinum.
417 2728 513 2754 Annon
528 2731 555 2755 et
567 2727 593 2754 in
606 2726 664 2762 lege
676 2727 702 2754 id
716 2734 764 2762 per
793 2734 852 2762 my-

75 2785 100 2803 "
116 2785 125 2812 Ι
144 2786 219 2820 Reg.
243 2790 274 2815 tt,
291 2784 316 2816 Ι,
331 2784 358 2811 2.
404 2784 418 2820 ξ
435 2784 498 2812 ibid.
517 2785 544 2812 5.
590 2785 600 2800 ‘
613 2783 765 2820 liThESSN,
783 2785 825 2812 l7.

43 2818 53 2834 ⁸
67 2821 97 2849 ΙΙ.
117 2818 257 2852 Con—tv,
276 2820 317 2846 l6.
357 2820 386 2846 ⁷1
402 2819 467 2854 Reg.
487 2828 517 2852 ιι,
538 2821 562 2848 Ι.

600 2819 716 2855 “Philip.
731 2828 768 2854 tv,
784 2820 811 2847 4.
849 2820 859 2836 θ
870 2820 930 2847 Act.
956 2828 980 2847 v.

905 2220 1010 2246 Domini
1042 2220 1167 2254 injuriatn
1190 2221 1355 2256 pati',istud
1379 2223 1506 2258 gaudium
1534 2225 1560 2252 in
1578 2227 1691 2254 Domino

904 2270 956 2297 est,
972 2265 1034 2300 quia
1052 2266 1109 2301 ipse
1119 2266 1186 2294 dixit
1197 2274 1278 2301 super
1293 2267 1381 2295 bis”:
1398 2277 1407 2294 ε
1421 2268 1543 2299 Gaudete
1554 2275 1584 2299 et
1599 2273 1691 2300 exsul—

906 2316 969 2343 tate,
994 2313 1057 2347 quia
1080 2320 1184 2340 merces
1208 2318 1298 2340 vcstra
1320 2314 1403 2342 multa
1420 2321 1462 2343 est
1482 2316 1508 2344 in
1527 2317 1615 2345 caelis.
1630 2328 1639 2344 ι
1659 2319 1689 2346 Si

905 2359 1038 2394 gaudeant
1061 2367 1121 2386 cum
1144 2359 1206 2386 odia
1229 2360 1254 2386 in
1281 2367 1323 2387 lue
1345 2367 1510 2389 exercentur
1540 2363 1650 2398 injusla,
1667 2365 1690 2392 si

903 2406 1035 2440 gaudeam
1058 2413 1119 2432 cum
1140 2405 1284 2441 impugnor
1309 2412 1417 2442 propter
1447 2408 1559 2437 verbmn
1587 2409 1646 2442 Dei,
1665 2418 1689 2437 st

906 2453 1036 2488 gaudeam
1051 2459 1112 2479 cum
1129 2453 1248 2486 castigor
1262 2453 1289 2479 in
1305 2452 1492 2488 languoribus,
1511 2455 1537 2482 in
1560 2462 1689 2492 persecu-

905 2498 1035 2531 tionibus,
1062 2498 1086 2525 in
1111 2498 1254 2532 angustiis,
1277 2498 1299 2526 si
1331 2499 1387 2527 bznc
1413 2500 1503 2526 omnia
1519 2500 1597 2527 ianus
1613 2502 1689 2528 exci-

906 2545 988 2578 piam,
1006 2544 1077 2570 istud
1098 2544 1223 2578 gaudium
1247 2544 1273 2571 in
1295 2543 1408 2572 Domino
1422 2549 1473 2572 est.
1501 2545 1532 2572 Et
1555 2547 1616 2574 ideo
1640 2555 1690 2574 nos

906 2590 985 2617 docet
1000 2589 1151 2624 Scriptura,
1167 2594 1196 2616 ut
1210 2589 1368 2624 abjicienles
1382 2590 1480 2624 gaudia
1498 2594 1618 2626 terrena,
1634 2592 1690 2620 fra-

907 2636 969 2670 gilia
999 2641 1026 2663 ct
1041 2636 1153 2669 caduca,
1172 2636 1205 2663 de
1225 2637 1336 2664 mternis
1356 2637 1463 2672 gaudiis
1482 2638 1649 2666 exsultemus
1664 2640 1690 2667 in

905 2681 1030 2715 Domino,
1063 2687 1091 2709 ut
1122 2682 1219 2709 merito
1243 2682 1367 2710 dicamus
1395 2683 1466 2718 quod
1493 2683 1570 2711 Anna
1598 2684 1690 2713 dixit:

908 2736 917 2753 ι
934 2727 1085 2755 Exsultavit
1101 2735 1148 2755 cor
1164 2735 1253 2754 meum
1277 2728 1303 2755 in
1328 2728 1473 2757 Dominou
1494 2729 1528 2756 Et
1551 2731 1691 2765 quoniam,

883 2785 893 2800 ⁸
911 2783 983 2812 Psal.
1006 2792 1080 2815 cxu.
1105 2784 1133 2812 2.
1190 2783 1294 2811 ‘Exod.
1316 2791 1381 2811 svn.

1439 2785 1468 2812 ⁵1
1483 2785 1546 2813 Cor.
1582 2793 1611 2820 ι,
1645 2785 1691 2818 Η.

1021 2821 1042 2835 ιο
1062 2819 1157 2848 Matth.
1181 2827 1208 2853 v,
1231 2819 1275 2846 Η.
