1896 3052
227 106 293 133 l007

961 104 1122 132 ORIGENlS

1790 107 1852 135 {008

225 173 286 192 cum
308 166 365 193 haec
381 165 518 198 dicuntur,
538 165 644 200 quidam
663 163 695 190 de
719 163 871 192 astantibus
897 163 1013 198 repletus
1028 166 1048 194 Α
1064 165 1150 192 micos
1162 172 1246 192 meos.
1260 163 1308 192 ,ει
1319 163 1377 192 istis
1388 164 1535 192 confutatis
1544 170 1691 194 occurrant
1702 166 1852 203 philosophi

213 216 267 238 ’ρει
282 211 380 246 spiritu
403 212 551 244 immundo,
576 216 603 238 et
617 210 782 238 exclamavit
811 210 846 237 ita
877 214 906 237 ut
932 210 1010 237 ﬁet-et

225 259 316 293 populi
336 265 498 290 concursus,
524 257 647 284 dicamus
670 261 696 283 et
718 263 768 284 nos
789 263 854 283 cum
877 255 954 282 Anna
970 255 1011 282 di—

223 311 302 332 cente
315 312 324 332 :
341 314 349 330 t
361 303 511 331 Exsultavit
526 311 574 331 cor
589 310 678 330 meum
693 303 718 329 in
731 302 855 330 Domino.
868 311 877 328 ι
895 301 1011 329 Contra-

224 351 281 377 rius
303 350 413 384 spiritus
442 349 653 376 exsultationem
685 352 806 375 nostram
840 348 867 374 in
894 347 1008 375 Domino

223 396 294 422 ferre
307 403 359 422 non
376 395 472 428 potuit,
488 395 535 422 sed
551 396 607 423 vult
620 403 680 423 eam
697 401 809 424 mutare.
825 399 854 421 ιιι
874 394 961 420 ablata
977 402 1008 421 ea

224 440 379 468 iutroducat
409 441 567 472 tristitiam,
589 446 615 469 et
639 441 782 476 prohibeat
811 448 860 467 nos
889 439 1006 467 dicere:

224 495 234 511 ι
247 487 398 514 Exsultavit
413 495 461 514 cor
485 494 574 514 mcum
589 488 615 514 in
633 488 772 515 Domino.»
791 486 890 514 Verum
909 494 942 513 ne
962 494 1010 513 uos

222 533 410 567 impediamur,
426 534 471 560 sed
487 534 572 566 magis
588 541 620 560 ac
636 533 721 568 magis
732 533 854 560 dicamus
869 541 875 559 :
892 542 900 557 ι
913 532 1010 559 Exsul-

222 581 290 605 tavit
306 586 353 606 cor
371 587 459 606 meum
477 579 502 606 iu
517 579 629 606 Domino
644 587 651 606 :
669 588 678 605 ι
692 583 719 605 et
734 586 782 612 pro
799 578 850 605 hoc
868 578 926 612 ipso
939 578 1008 612 quod

223 625 346 652 videmus
363 624 517 652 immundos
533 623 645 658 spiritus
660 622 801 658 ﬂagellari.
821 623 985 656 gaudeamus
1001 631 1006 648 :

223 671 286 704 qttia
303 675 331 697 et
352 677 401 705 pcr
415 671 471 697 haec
488 670 566 697 multi
585 673 783 697 convertuntur
802 669 835 695 ad
855 669 1007 699 Domiuunt,

221 716 296 742 tttulti
313 716 500 748 emcndantur,
519 715 594 742 tnttlti
612 714 646 742 ad
662 715 739 741 ﬁdem
756 715 880 746 veniunt,
899 720 927 742 et
943 713 1007 740 uib‘il

220 767 262 789 est
287 763 357 797 quod
384 763 443 790 sine
465 769 545 789 causa
573 761 655 789 faciat
681 761 822 794 Dominus,
840 769 890 788 nec
908 761 1008 795 aliquid

221 808 278 835 lteri
306 807 406 835 frustra
433 808 574 842 permittit.
603 807 669 834 Nam
700 807 826 841 quoniam
848 807 924 834 multi
946 812 1009 834 Sttnt

219 855 265 888 qui
284 854 368 881 verbo
381 861 434 880 non
453 854 574 886 credunt,
591 861 639 881 nec
654 855 788 881 rationem
805 853 935 880 doctrina:
947 860 1006 880 sns-

219 901 334 935 ciplunt,
348 901 374 927 in
390 901 432 927 his
449 908 509 927 ctnn
534 901 637 928 dmmon
653 901 789 932 iusilierit,
811 905 875 928 tunc
890 907 1007 927 conver-

222 951 328 978 tuntttr,
349 950 378 972 ιιι.
400 947 446 972 ttbi
469 946 618 974 abundavit
638 947 777 979 delictum,
805 946 1007 981 superabundet

220 991 307 1024 gratia
323 1002 329 1019 :
346 997 373 1018 et
399 992 443 1018 tibi
459 992 575 1027 maligna
589 993 676 1019 virtus
690 997 800 1027 operata
826 997 878 1024 est,
897 992 932 1019 ibi
949 991 1007 1026 plus

220 1039 389 1070 posttnodunt
408 1038 514 1065 Domini
531 1039 615 1073 gratia
633 1043 759 1073 operetur
776 1047 782 1064 :
798 1038 860 1073 quia
878 1046 940 1065 cttm
957 1045 1006 1065 ex-

221 1083 320 1118 pulerit
336 1083 441 1111 Domini
456 1085 543 1120 gratia
559 1084 708 1119 malignum
727 1083 866 1118 spiritum.
883 1084 1007 1111 introdu-

217 1130 256 1156 cit
274 1128 404 1164 Spiritum
421 1134 544 1157 sanctum
557 1134 600 1156 :et
614 1129 702 1155 anima
725 1136 784 1163 qute
803 1128 904 1163 repleta
924 1128 1006 1155 fuerit

218 1175 315 1210 spiritu
330 1175 480 1207 immundo,
499 1175 618 1211 repletur
631 1175 802 1210 postmodum
820 1174 924 1208 Spiritu
939 1182 1003 1202 san-

218 1227 272 1248 cto.
297 1221 358 1249 Ideo
379 1229 428 1256 pro
452 1222 495 1249 his
518 1221 645 1248 omnibtts
670 1220 814 1248 dicamus:
835 1219 1006 1248 tExsultavit

217 1274 267 1293 cor
281 1273 370 1293 tneum
384 1266 543 1293 iuDomiuo.
557 1265 588 1292 Et
601 1266 748 1293 exaltatum
760 1270 803 1292 est
814 1272 898 1292 cornu
914 1273 1004 1293 meum

217 1312 246 1339 in
262 1312 316 1340 Deo
334 1319 404 1339 meo.
417 1321 427 1338 ι
445 1311 515 1339 Sunt
527 1312 649 1347 quzedam
670 1319 772 1339 cornua
792 1311 929 1346 jus-torum
943 1311 1005 1346 qui-

218 1359 270 1386 bus
285 1362 396 1385 utuutttr
410 1359 452 1385 vel
466 1362 578 1393 agentes
595 1358 696 1393 aliquid
711 1357 752 1385 vel
771 1357 923 1392 loquentes,
935 1358 1009 1387 sicut

219 1411 281 1431 eum
297 1404 389 1430 dicunt
401 1404 421 1419 “
439 1413 446 1430 :
461 1413 471 1429 ί
485 1403 512 1431 In
535 1408 560 1431 te
583 1404 709 1431 inimicos
735 1408 845 1434 nostros
863 1406 1006 1433 ventilabi-

218 1457 279 1477 tuus
305 1457 400 1477 cornu.
416 1459 425 1476 ι
445 1448 473 1476 In
497 1449 592 1477 Grteco
616 1451 798 1489 κερατῐσομεν
816 1451 1004 1487 dicitur,quod

1064 210 1228 238 insultantes
1240 212 1407 247 simplicitati
1428 211 1489 238 ﬁdei
1514 218 1624 244 nostrte,
1638 217 1667 239 et
1687 212 1793 240 idiotas
1810 221 1856 241 nos

1064 255 1258 291 imperitosque
1281 257 1466 287 clamitantes.
1491 261 1518 284 et
1544 261 1690 284 convertar
1716 258 1803 285 etiam
1823 260 1852 285 ad

1062 309 1147 336 ipsos,
1175 307 1202 329 et
1231 311 1302 330 vera:
1320 303 1461 338 sapientia:
1479 303 1582 330 rit-ibus
1598 302 1674 330 falsa:
1698 311 1733 330 ac
1755 304 1852 332 fucat:

1062 349 1203 383 sapientia:
1223 350 1350 377 nebulam
1368 350 1560 381 obturbavero,
1580 354 1606 377 et
1623 357 1677 376 non
1696 350 1790 377 solum
1808 352 1852 378 lm-

1060 396 1105 429 jus
1125 395 1227 428 mundi,
1251 396 1298 423 sed
1316 400 1343 422 cl.
1358 394 1511 429 principutn
1536 394 1615 428 hujus
1629 396 1724 422 mundi
1746 397 1851 430 sapien-

1063 441 1126 466 tiam
1137 441 1308 473 destruxero,
1321 446 1385 466 tunc
1395 439 1500 474 plenius
1509 439 1649 466 dilatatum
1662 445 1706 467 est
1718 447 1750 468 os
1765 448 1850 467 meum

1063 493 1143 520 super
1166 485 1291 513 inimicos
1317 493 1401 513 meos.
1429 487 1522 514 Sancti
1543 492 1584 514 est
1605 494 1671 521 ergo
1687 494 1741 513 vox
1761 487 1814 514 ista
1828 492 1851 514 et

1062 531 1186 566 perfecti,
1203 532 1248 565 qtti
1269 533 1350 559 rebus
1369 533 1435 566 ipsis
1452 538 1479 560 et
1499 533 1614 560 veritate
1630 532 1781 559 subnixum
1803 533 1849 559 Ιιιι·

1057 577 1210 612 jusceutodi
1237 585 1390 606 sermonem
1414 579 1499 613 possit
1523 577 1649 610 proferre
1677 582 1707 605 et
1733 578 1848 605 dicere:

1064 624 1230 651 «Dilatatutn
1253 629 1294 652 est
1315 631 1347 652 os
1374 632 1463 651 meum
1489 631 1570 658 super
1597 623 1726 650 inimicos
1743 631 1846 650 llleOSJ

1060 670 1172 705 Oportet
1193 677 1258 705 ergo
1285 676 1333 696 nos
1358 669 1446 703 primo
1472 676 1503 696 os
1526 673 1648 696 nostrum
1671 668 1802 698 dilatare,
1824 671 1850 694 ut

1060 715 1172 750 impleat
1188 714 1250 742 illud
1269 714 1351 741 Deus.
1367 714 1508 747 Quomodo
1523 718 1613 741 autem
1627 721 1660 740 os
1676 713 1766 748 primo
1784 713 1850 740 dila-

1061 761 1168 788 tantus‘l
1183 768 1231 795 per
1247 760 1450 788 meditationem
1468 760 1544 787 verbi
1561 759 1658 790 divini.
1674 763 1704 786 ut
1714 759 1850 794 possimus

1059 814 1091 833 eo
1110 814 1194 842 usque
1211 807 1354 841 proﬁcere,
1371 811 1401 833 ut
1425 813 1440 832 a
1466 805 1628 833 dilatatione
1643 805 1702 832 oris
1716 805 1802 832 etiam
1818 806 1850 831 ad

1060 852 1150 880 cordis
1165 852 1351 879 dilatatioucm
1367 852 1519 883 veniamus,
1533 855 1561 878 et
1576 858 1637 878 cum
1655 850 1791 885 Apostolo
1811 851 1852 877 di-

1060 898 1172 925 cere“:
1188 908 1196 924 t
1209 898 1263 925 Cor
1279 905 1367 924 meutn
1383 897 1524 925 dilatatutn
1543 901 1584 924 est
1599 897 1632 924 ad
1647 904 1705 927 vos.
1722 904 1739 923 o
1755 896 1851 924 Corin-

1060 943 1119 971 thii.
1133 953 1141 969 ι
1160 944 1198 970 Ex
1215 943 1359 971 latitudine
1373 943 1445 970 enim
1462 943 1553 970 cordis
1567 943 1736 970 abundantia
1752 942 1795 970 ori
1808 950 1851 969 sa-

1059 990 1141 1024 pienti
1156 990 1338 1017 tninistratur.

1094 1035 1137 1062 ll.
1152 1044 1160 1060 t
1174 1035 1240 1068 Quia
1257 1035 1346 1062 laetata
1362 1042 1422 1062 sum
1437 1034 1462 1061 in
1477 1034 1586 1061 salutari
1602 1035 1685 1061 tuo."
1697 1045 1707 1061 ι
1727 1035 1757 1062 Si
1774 1035 1851 1061 tarta-

1060 1086 1101 1108 tus
1121 1080 1198 1108 fuero
1224 1081 1250 1108 iu
1276 1081 1387 1109 salutari
1413 1081 1472 1114 Dei,
1502 1087 1564 1109 tunc
1585 1082 1728 1109 dilatatum
1754 1087 1796 1108 est
1820 1090 1850 1108 os

1058 1134 1148 1154 meum
1169 1135 1251 1162 super
1268 1127 1394 1156 inimicos
1411 1136 1495 1156 nteos.
1519 1137 1528 1154 t
1540 1127 1597 1155 Non
1621 1132 1663 1155 est
1682 1127 1769 1163 488
1784 1135 1851 1154 sau-

1056 1177 1118 1201 ctus
1132 1173 1203 1201 sicut
1218 1174 1388 1202 Dominus".
1401 1183 1411 1201 ι
1431 1174 1459 1202 Si
1476 1174 1607 1209 scriptum
1629 1179 1712 1206 esset,
1728 1174 1790 1201 Non
1808 1178 1852 1200 est

1057 1224 1167 1247 sanctus
1180 1219 1230 1246 nisi
1248 1220 1388 1252 Dominus,
1406 1227 1576 1255 consequens
1599 1224 1660 1247 erat
1680 1226 1779 1246 omnes
1799 1226 1850 1246 nos

1057 1265 1217 1293 renuntiare
1235 1266 1437 1300 nobismetipsis
1454 1266 1487 1293 ab
1508 1265 1558 1292 hac
1573 1273 1620 1300 spe
1640 1269 1670 1292 ut
1683 1265 1775 1292 sancti
1789 1264 1850 1292 etli-

1055 1319 1182 1339 ceremur
1197 1321 1204 1340 :
1222 1320 1294 1340 nunc
1316 1317 1406 1339 autem
1426 1312 1578 1340 necessaria
1601 1311 1779 1338 distinctione
1795 1311 1851 1339 uti-

1057 1367 1101 1390 tur
1117 1365 1145 1390 et
1170 1359 1256 1389 dicit:
1273 1358 1351 1388 tNon
1371 1365 1414 1388 est
1436 1365 1548 1388 sanctus
1573 1364 1646 1387 Sicut
1670 1359 1820 1390 Dominus;
1835 1368 1845 1384 ι

1057 1409 1108 1436 hoc
1124 1413 1175 1440 est,
1190 1408 1240 1435 etsi
1256 1408 1311 1434 sint
1335 1407 1411 1434 ntulti
1431 1407 1529 1440 sancti,
1553 1408 1602 1435 sed
1617 1407 1707 1434 nullus
1723 1407 1761 1433 ita
1778 1413 1850 1433 san-

1056 1460 1115 1483 ctus
1134 1459 1175 1483 est
1203 1458 1232 1482 ut
1256 1453 1394 1481 Dominus.
1421 1452 1538 1480 Possunt
1560 1460 1625 1487 ergo
1652 1453 1729 1480 multi
1756 1453 1847 1481 sancti

219 1500 260 1522 εει
273 1503 357 1523 00m“
372 1500 509 1530 βειειπηει
531 1497 571 1525 vel
588 1499 788 1526 ventilabimus.
813 1497 865 1526 Sed
891 1502 918 1525 et
941 1497 1004 1525 alibi
1019 1502 1040 1531 α
1059 1501 1129 1533 ﬁeri,
1141 1501 1211 1528 sicut
1222 1505 1250 1527 et.
1261 1499 1416 1527 mandatum
1431 1497 1476 1526 Dei
1491 1499 1585 1526 dicit“
1596 1506 1604 1525 :
1616 1507 1625 1523 t
1638 1498 1731 1525 Saneti
1745 1503 1848 1530 estote.

219 1540 348 1569 dicitur"
363 1550 368 1569 :
386 1551 395 1569 t
409 1541 439 1570 Et
452 1544 647 1571 exaltabuutur
665 1553 766 1572 cornua
778 1544 855 1578 justi.
868 1553 878 1570 ι
892 1543 1005 1578 Oportet

217 1593 281 1622 ergo
299 1596 347 1616 nos
361 1589 460 1616 habere
481 1591 532 1617 ista
554 1597 668 1623 cornua,
686 1598 746 1625 quac
764 1590 846 1625 justis
865 1589 897 1616 de
914 1589 1005 1616 causis

219 1634 340 1668 apicibus
355 1635 454 1662 Christi
478 1637 568 1663 crucis
587 1638 774 1669 conferuntur,
789 1642 819 1664 ιιι
840 1637 868 1664 in
887 1637 930 1664 bis
958 1637 1005 1663 (Ie-

219 1685 358 1708 struamus
369 1686 396 1707 et
406 1680 567 1715 dejiciamus
576 1681 746 1709 adversarias
756 1682 869 1709 virtutes
876 1681 1004 1708 deanima

219 1731 322 1758 nostra,
337 1726 436 1760 quibus
449 1727 594 1762 prostratis
607 1732 632 1754 et
648 1727 768 1762 expulsis
783 1728 868 1762 possit
886 1728 912 1754 in
926 1727 1005 1755 nobis

218 1772 334 1805 platttari
349 1772 437 1805 vinea,
451 1772 515 1807 quia
532 1781 541 1797 ι
553 1773 631 1800 vinea
648 1773 720 1800 facta
735 1778 779 1801 est
793 1773 892 1801 dilecto
907 1773 932 1800 in
945 1781 1005 1801 cor-

218 1825 265 1849 nu,
286 1818 312 1845 iu
331 1817 392 1845 loco
407 1818 538 1845 uberi“.t
555 1818 706 1845 Exaltatum
724 1824 766 1846 est
786 1826 850 1854 ergo
872 1827 954 1847 cornu
978 1823 1005 1847 et

218 1863 387 1898 bujusjustae
405 1865 511 1899 gratia,
529 1870 556 1892 et
574 1865 736 1899 omnisjusti
751 1865 777 1892 itt
798 1865 922 1893 Domino.
938 1874 947 1891 t
960 1865 1005 1892 Di-

218 1910 330 1936 latatutn
342 1915 382 1936 est
393 1917 425 1937 os
439 1918 528 1937 meutn
543 1918 623 1945 super
636 1910 761 1938 iuitnicos
782 1911 911 1940 meos“.t
928 1911 1003 1938 Scri-

217 1961 292 1990 ptum
307 1956 377 1983 est"
390 1965 397 1982 :
411 1964 421 1982 t
436 1956 521 1983 Dilata
546 1964 576 1984 os
600 1961 687 1989 tutttu,
710 1959 738 1983 et
747 1955 900 1991 adimplebo
911 1955 1002 1989 illud,t

217 2005 245 2028 et
259 2008 328 2028 nunc
341 2001 407 2027 dicit
423 2001 479 2028 iure
489 2001 562 2035 justa
579 2012 585 2029 :
603 2010 612 2027 t
625 2002 771 2029 Dilatatutn
784 2005 826 2028 est
842 2008 872 2028 os
884 2009 1001 2028 meum.)

218 2047 246 2074 Si
264 2047 375 2073 idonetts
394 2051 421 2073 et
435 2047 514 2074 tortis
528 2047 605 2074 fuero
627 2047 652 2074 in
669 2047 750 2074 verbo
771 2046 895 2079 ell'ectus,
910 2051 937 2074 et
956 2054 1003 2073 va-

219 2092 288 2119 lidus
304 2092 330 2119 in
345 2092 488 2127 sapientia,
504 2093 540 2120 ita
553 2097 582 2120 ut
595 2101 647 2120 non
662 2090 782 2128 angustis
794 2092 1002 2124 assertionibus,

218 2138 265 2165 sed
277 2137 395 2165 dilatatis
404 2143 429 2165 el
443 2137 615 2166 afﬂuentibus
627 2138 769 2165 confutare
781 2138 884 2174 possim
896 2145 1003 2165 omnem

219 2181 359 2209 scientiam
374 2182 549 2209 extollentem
563 2190 593 2210 se
606 2183 750 2210 adversum
766 2182 845 2211 ﬁdem
862 2187 889 2210 et
904 2183 1004 2210 verita-
1022 2175 1042 2202 ί)

220 2233 273 2254 tem
288 2227 390 2254 Christi
404 2237 410 2254 :
425 2228 466 2255 vel
485 2235 545 2255 cum
562 2228 780 2255 incredulitatem
798 2228 839 2255 vel
863 2227 1003 2262 perﬁdiam

220 2280 336 2308 arguens
347 2272 502 2300 Iudaeorum
517 2280 550 2300 ex
566 2273 625 2308 lege
640 2278 666 2300 et
679 2281 711 2301 ex
727 2273 866 2308 prophetis
877 2274 1004 2308 deprom-

220 2325 304 2353 ptam,
322 2319 468 2346 ostendero
483 2326 544 2346 esse
555 2318 699 2346 Christum
716 2319 819 2353 Jcsum,
834 2325 861 2347 et
874 2320 900 2347 in
916 2320 1005 2347 omni-

221 2365 270 2392 bus
287 2369 382 2399 potero
400 2365 564 2399 redarguere
578 2365 699 2392 veritatis
719 2365 844 2393 inimicos
860 2374 867 2392 :
883 2370 946 2393 tunc
965 2366 1006 2392 di-

219 2419 272 2446 gne
287 2419 396 2446 possunt
416 2412 496 2438 etiam
522 2419 572 2445 ego
595 2412 706 2440 dicere:
723 2413 888 2440 «Dilatatum
910 2417 953 2440 est
973 2420 1004 2440 os

221 2465 309 2483 meutn
324 2464 406 2492 super
432 2457 560 2484 inimicos
585 2465 692 2484 meos.)
722 2458 750 2484 Si
776 2458 840 2485 mihi
866 2463 1003 2486 certamen

220 2508 327 2529 moveat
342 2502 483 2535 Basilides,
497 2509 524 2530 et
541 2511 604 2530 eum
621 2504 795 2530 vehementer
812 2503 948 2532 obtrivero
961 2514 968 2532 :
982 2505 1003 2532 si

219 2549 353 2576 Valentini
376 2549 523 2584 discipulus
538 2553 668 2577 occurrat
693 2555 719 2576 et
744 2557 787 2577 mc
807 2550 1004 2584 quaestionibus

219 2594 341 2628 ventilet,
361 2596 436 2623 etde
458 2595 508 2623 hoc
531 2595 680 2623 certamine
694 2596 783 2623 victor
796 2596 907 2624 extero:
921 2597 943 2623 si
961 2597 1003 2624 bis

219 2641 369 2675 prostratis,
386 2641 506 2669 Marcion
524 2647 662 2674 occurrat,
688 2647 715 2669 ct
737 2642 895 2670 discesserit
920 2643 1002 2670 etiaut

219 2686 276 2721 ipse
292 2693 435 2722 superatus
448 2697 455 2717 :
470 2697 480 2715 t
494 2689 638 2716 Dilatatum
653 2694 697 2717 est
710 2696 742 2717 os
754 2696 843 2717 meum
859 2697 941 2724 super
952 2690 1004 2717 ini-

255 2788 360 2817 “Psal.
385 2797 455 2822 xuv,
472 2790 500 2819 5.
539 2792 560 2808 "

616 2791 687 2819 Psal.
702 2800 784 2826 μιν,
802 2793 846 2820 10.

222 2830 258 2854 Vt,
278 2823 317 2851 ll.
356 2825 374 2839 ⁸⁷
392 2825 399 2851 Ι
422 2824 486 2859 Reg.
504 2833 533 2858 It,
553 2827 576 2854 Ι.

617 2827 639 2843 ¹⁸
648 2828 714 2855 ibid.
742 2831 768 2854 2.

901 2792 923 2808 ¹³
935 2792 996 2819 lsai.
1020 2800 1046 2823 ν,
1067 2793 1092 2821 l.

809 2828 830 2843 ¹⁰
851 2827 936 2855 chit.
960 2835 1004 2860 xx,
1020 2827 1065 2855 '26.

1055 1547 1183 1582 quoniam
1200 1551 1226 1574 et
1241 1553 1290 1581 ego
1301 1550 1411 1572 sanctus
1422 1553 1491 1572 sutn.
1506 1554 1516 1571 ι
1531 1544 1583 1571 Sed
1598 1549 1849 1579 quantumcunque

1055 1593 1116 1628 quis
1139 1593 1166 1620 in
1183 1593 1327 1620 sanctitate
1344 1591 1479 1626 proﬁciat,
1494 1590 1695 1626 quantumlibet
1717 1591 1850 1625 puritatis

1055 1643 1083 1667 et
1095 1638 1260 1666 sinceritatis
1274 1637 1407 1672 acquirat,
1426 1636 1462 1663 ita
1477 1643 1538 1663 eSSe
1555 1641 1665 1663 sanctus
1690 1636 1775 1663 homo
1790 1643 1846 1662 non

1055 1688 1142 1719 potest
1160 1684 1229 1711 sicut
1246 1683 1388 1715 Dominus;
1406 1684 1469 1718 quia
1487 1682 1531 1709 ille
1547 1682 1660 1716 largitor
1684 1682 1847 1709 sanctitatis

1055 1735 1108 1762 est,
1122 1730 1171 1757 iste
1186 1734 1344 1764 susceptor;
1362 1729 1407 1756 ille
1418 1728 1572 1756 sanctitatis
1585 1727 1646 1754 fons
1663 1732 1719 1760 est,
1735 1727 1782 1754 hic
1795 1735 1848 1754 au-

1057 1782 1110 1804 tetn
1134 1776 1222 1805 sancti
1240 1775 1323 1803 fontis
1344 1780 1467 1810 potator;
1492 1775 1536 1801 ille
1555 1774 1708 1802 sanctitatis
1728 1774 1776 1800 lux
1792 1779 1848 1806 est,

1055 1823 1100 1850 hic
1115 1826 1216 1849 sanctae
1230 1821 1297 1848 lucis
1312 1821 1464 1855 inspector;
1478 1825 1504 1846 et
1516 1820 1575 1846 ideo
1590 1828 1600 1845 t
1612 1826 1664 1846 non
1678 1823 1721 1845 est
1732 1823 1848 1846 sanctus

1055 1868 1123 1894 sicut
1136 1866 1275 1898 Dominus,
1285 1871 1312 1894 et
1327 1873 1378 1893 nou
1394 1871 1436 1892 est
1452 1869 1550 1900 praeter
1562 1869 1598 1892 te.
1610 1873 1619 1890 ι
1633 1864 1701 1897 Quid
1716 1868 1760 1890 est
1772 1864 1847 1898 quod

1055 1911 1130 1942 dicit.
1152 1919 1224 1938 tuon
1250 1916 1292 1938 est
1314 1915 1411 1946 praeter
1436 1915 1492 1942 ιαμ
1521 1917 1575 1937 non
1598 1911 1677 1944 plane
1699 1909 1790 1943 capio.
1817 1909 1846 1936 Si

1054 1957 1178 1989 dixisset,
1193 1965 1245 1984 non
1258 1961 1300 1984 est
1316 1957 1387 1984 Deus
1403 1962 1499 1991 praeter
1517 1962 1553 1989 te,
1569 1956 1611 1983 vel
1627 1963 1680 1982 tton
1703 1960 1748 1982 est
1768 1962 1849 1982 crea-

1056 2008 1097 2030 tor
1110 2008 1207 2037 praater
1222 2007 1259 2035 te,
1273 2007 1319 2029 aut
1339 2002 1390 2029 tale
1414 2002 1515 2037 aliquid
1530 2001 1688 2032 addidisset,
1713 2001 1781 2027 nihil
1801 2009 1846 2028 re-

1055 2049 1216 2084 qttirendum
1232 2049 1384 2080 videbatur,
1401 2056 1471 2075 nttnc
1492 2053 1581 2074 autem
1597 2047 1658 2081 quia
1672 2046 1751 2078 dicit,
1770 2055 1780 2072 t
1791 2054 1845 2073 non

1055 2100 1095 2122 cst
1109 2099 1207 2129 praeter
1220 2099 1256 2127 te,
1269 2104 1277 2120 ι
1300 2095 1366 2121 mihi
1384 2095 1434 2122 hoc
1447 2094 1555 2121 videtur
1570 2093 1596 2120 in
1614 2092 1673 2119 loco
1691 2092 1846 2127 designari,

1055 2140 1121 2167 nihil
1137 2147 1230 2168 eorum
1247 2148 1308 2175 quae
1323 2145 1397 2172 sunt,
1423 2141 1474 2167 hoc
1490 2139 1578 2173 ipsutn
1595 2138 1666 2174 quod
1684 2143 1751 2166 sunt
1768 2143 1846 2165 tiatu-

1056 2186 1149 2213 raliter
1163 2186 1274 2214 habere.
1296 2185 1335 2213 Tu
1359 2185 1432 2213 solus
1457 2192 1497 2218 es,
1518 2186 1560 2212 ctti
1581 2185 1653 2219 quod
1674 2192 1716 2216 es,
1741 2192 1756 2211 a
1773 2184 1845 2211 nullo

1056 2232 1147 2258 dattttn
1164 2237 1216 2259 est.
1236 2231 1289 2259 Nos
1309 2231 1382 2258 enim
1395 2239 1500 2264 omnes,
1523 2231 1549 2257 id
1567 2235 1609 2258 est
1622 2230 1751 2257 universa
1769 2237 1847 2257 crea-

1056 2282 1126 2308 tura,
1140 2283 1192 2303 non
1205 2283 1316 2303 eramus
1326 2280 1470 2309 antequam
1483 2282 1648 2304 crearentur.
1661 2280 1689 2301 et
1701 2274 1764 2301 ideo
1772 2273 1845 2308 quod

1054 2329 1159 2354 stuuus,
1171 2322 1295 2349 voluntas
1306 2327 1347 2348 est
1357 2321 1502 2349 Creatoris.
1518 2321 1548 2348 Et
1558 2321 1620 2355 quia
1631 2320 1781 2354 aliquando
1792 2327 1846 2346 ttou

1056 2369 1166 2402 fuimus,
1181 2376 1232 2396 non
1258 2373 1299 2396 est
1315 2368 1449 2403 integrum
1464 2368 1486 2395 si
1508 2367 1616 2394 dicatur
1636 2369 1670 2393 de
1686 2366 1766 2393 nobis
1780 2367 1846 2400 quia

1057 2421 1160 2445 smnus,
1174 2419 1302 2448 quantum
1315 2414 1348 2441 ad
1364 2414 1426 2440 illud
1440 2417 1546 2447 spectat
1562 2420 1624 2440 cum
1639 2419 1693 2438 non
1709 2419 1845 2438 essemm.

1057 2460 1111 2486 Sed
1129 2458 1202 2486 solus
1216 2464 1258 2486 est
1273 2458 1356 2491 Deus,
1371 2459 1416 2494 qui
1431 2458 1502 2493 quod
1518 2463 1561 2485 est
1576 2464 1684 2491 semper
1696 2457 1806 2488 habuit.
1821 2462 1848 2484 et

1058 2513 1110 2532 non
1127 2505 1233 2540 accepit
1249 2509 1278 2531 ut
1294 2510 1366 2532 esset
1386 2505 1502 2532 inititnn.
1525 2503 1646 2537 Denique
1662 2502 1770 2538 Moyses
1782 2509 1846 2529 eum

1056 2551 1161 2578 discere
1179 2550 1258 2578 vellet
1280 2558 1294 2577 a
1316 2550 1370 2578 Deo
1383 2550 1454 2585 qttod
1475 2549 1499 2577 ei
1522 2557 1620 2576 nomen
1645 2554 1729 2580 esset,
1745 2549 1847 2575 docens

1054 2605 1115 2624 ettm
1131 2597 1201 2624 Deus
1214 2596 1314 2623 dixit'I
1330 2603 1360 2622 :t
1371 2595 1426 2630 Ego
1448 2603 1506 2622 sttnt
1521 2594 1566 2629 qui
1585 2601 1658 2626 sum,
1671 2594 1765 2621 ethoc
1779 2593 1846 2620 mihi

1057 2650 1152 2670 nomen
1167 2647 1221 2670 est.
1241 2651 1252 2668 ι
1269 2641 1297 2669 Si
1311 2649 1377 2676 ergo
1395 2641 1469 2668 aliud
1481 2641 1581 2675 aliquid
1603 2640 1629 2667 ιιι
1643 2640 1781 2668 creaturis
1795 2639 1847 2666 hoc

1056 2690 1164 2718 nomine
1181 2689 1224 2717 vel
1245 2689 1296 2716 hac
1311 2687 1495 2723 signiﬁcantia
1511 2686 1641 2722 appellari
1659 2691 1762 2722 posset,
1777 2693 1845 2712 nun-

1132 2792 1153 2808 “
1172 2791 1181 2819 1
1197 2791 1264 2827 Reg.
1284 2799 1313 2822 tt.
1329 2791 1354 2818 Ι.
1394 2789 1501 2827 "’_Psal.
1520 2797 1599 2827 xvn_t,_
1619 2789 1665 2818 10.
1706 2789 1762 2817 “ll
1782 2787 1844 2817 Cor.

1105 2827 1151 2854 ¹⁰Ι
1172 2825 1285 2861 Regfn,
1306 2826 1333 2853 2.
1371 2826 1391 2841 "
1407 2825 1492 2853 Exod.
1508 2832 1549 2857 nt,
1569 2825 1622 2859 M_
