1896 3052
56 107 129 149 loco"

606 123 640 150 IN
661 122 787 151 LIBRUM
806 115 925 150 nectat
944 115 1086 147 nonum
1107 115 1127 142 ι.

1615 116 1685 144 1010

55 187 132 214 quam
143 180 250 207 diceret
263 179 395 207 Dominus
412 180 462 207 hoc
475 179 526 207 sibi
539 186 600 207 esse
613 186 722 206 nomen.
735 178 843 206 Sciebat
858 180 881 208 Α
897 178 989 209 homo,
1006 177 1067 211 quis
1080 183 1122 202 mc
1137 173 1265 202 liberabit
1282 173 1315 201 de
1327 179 1444 209 corpore
1458 173 1554 201 mortis
1568 173 1680 209 huius?»

55 225 123 252 enim
138 233 167 253 se
183 225 272 253 solum
294 234 365 259 esse,
382 232 524 254 creaturas
545 233 610 254 vero
630 233 645 253 a
659 233 688 253 se
705 226 844 260 accepisse

56 275 82 297 ut
92 275 191 299 essent.
201 271 269 298 Nam
279 277 305 299 et
319 272 413 299 umbra
427 272 459 299 ad
475 271 707 306 comparationem
719 271 845 306 corporis

56 327 104 346 nou
120 322 172 350 est,
191 323 220 345 et
235 318 327 346 fumus
343 318 376 345 ad
390 318 620 352 comparationem
635 317 704 351 ignis
724 324 776 344 non
790 322 840 344 est.

56 366 98 393 Sic
113 372 177 399 ergo
196 369 224 391 et
239 372 299 399 qme
315 365 342 391 in
358 364 435 392 caelis
454 369 517 391 sunt
536 369 560 390 et
576 371 637 398 qum
656 364 681 390 in
704 368 788 396 terra,
803 364 844 390 vi-

55 411 138 439 sibilia
159 415 186 438 et
205 410 365 444 invisibilia,
383 416 515 445 quantum
530 411 563 437 ad
580 415 705 437 naturam
721 411 766 438 Dei
781 418 844 445 per-

55 456 128 488 tinet,
140 464 193 483 non
213 460 288 486 sunt,
316 460 445 490 quantum
461 456 493 482 ad
510 456 676 483 voluntatem
690 455 840 486 Creatoris,

54 507 111 531 sunt
135 503 187 530 hoc
205 502 279 536 quod
305 510 335 530 ea
356 509 417 529 esse
443 502 527 529 voluit
544 502 588 529 ille
613 502 658 536 qui
682 501 755 529 fecit.
780 501 842 528 Ideo

53 557 114 584 ergo
132 549 244 581 dicitur,
262 549 326 584 quia
343 558 351 574 ι
365 553 463 582 praeter
481 554 517 581 te,
534 556 586 575 nott
602 553 653 575 est.
671 557 680 574 ι

87 596 129 623 12.
150 605 160 622 ι
175 596 233 623 Non
245 601 286 623 est
299 601 394 630 potens
410 596 481 623 sicut
502 595 582 627 Deus,
594 595 663 623 Dctts
680 600 772 623 noster
784 597 815 622 ".
831 605 838 620 ι

54 642 144 669 Simile
155 647 200 671 est
215 642 266 669 hoc
288 642 324 668 illi
348 642 419 676 quod
438 642 564 676 superius
588 642 689 668 dictum
707 645 760 672 est,
778 642 840 675 qttia

54 696 103 716 non
121 693 161 716 est
178 693 291 716 sanctus
308 689 379 716 sicut
394 688 536 716 Dominus.
557 689 634 716 Sicut
648 688 719 716 enim
735 688 770 716 ibi
788 696 840 715 nou

54 734 128 768 dixit,
143 735 206 767 quia
222 742 277 762 non
295 739 335 762 est
354 739 464 762 sanctus
478 735 634 770 quisquam,
659 735 705 762 sed
731 742 782 762 non
801 739 842 763 est

54 785 158 807 sanctus
170 781 243 807 sicut
257 780 395 810 Dominus,
416 784 444 807 ut
458 781 617 808 ostenderet
631 781 692 815 quia
708 780 759 807 etsi
776 785 841 807 ειιιιι

54 827 146 857 sancti.
162 831 255 854 tamen
270 835 349 854 nemo
366 827 403 854 ita
418 833 459 854 est
472 833 585 855 sanctus
598 832 626 854 ιιι
639 831 680 854 εει
692 827 838 854 Dominus:

56 871 89 898 ita
106 877 132 900 et
148 872 173 899 in
194 873 248 900 hoc
265 873 324 900 loco
341 874 393 900 etsi
416 874 452 901 sit
467 873 564 908 aliquis
581 879 688 908 potens,
701 882 710 898 ι
722 881 773 900 nou
787 878 840 906 cst,

55 917 148 952 inquit,
165 923 262 953 potens
280 919 352 947 sicut
370 919 440 947 Deus
459 925 560 947 noster.
576 929 585 946 ι

88 962 129 990 15.
150 973 158 988 ι
172 963 263 991 Nolite
284 964 467 999 tnul.iplicare
492 965 564 1000 loqui
591 965 740 992 excelsa."
754 979 762 992 ο
787 966 841 993 Cur

57 1015 105 1035 non
122 1009 209 1036 dixit:
229 1009 319 1037 Nolite
341 1010 413 1045 loqui
442 1011 570 1039 exrelsa?
594 1011 664 1046 Ergo
688 1012 753 1039 licet
775 1012 840 1039 mihi

55 1054 139 1090 aliqua
156 1055 230 1090 loqui
250 1056 370 1089 excelsa,
388 1057 571 1092 multiplicare
587 1063 677 1085 atttem
694 1058 800 1086 excelsa
814 1063 841 1085 et

57 1099 132 1126 ardua
154 1107 207 1127 non
225 1101 291 1128 mihi
310 1101 384 1134 licet,
404 1102 456 1129 hoc
476 1103 548 1129 enim
576 1102 685 1130 videtur
703 1103 839 1138 designari

59 1151 101 1178 per
115 1145 139 1173 id
158 1146 229 1181 quod
246 1147 347 1174 dictum
365 1152 405 1175 est
419 1157 426 1175 :
445 1157 454 1174 ι
465 1148 555 1176 Nolite
570 1148 750 1184 multiplicare
768 1149 840 1184 loqui

58 1192 170 1219 excelsa.
183 1201 191 1217 ι
210 1193 280 1225 Quid
298 1191 362 1227 ergo
380 1202 427 1228 per
443 1194 495 1221 hoc
519 1195 665 1227 imlicetur,
684 1195 841 1223 considere-

59 1244 120 1263 mus.
131 1236 186 1264 Non
202 1239 370 1273 permittitur
383 1239 508 1268 humana:
524 1248 627 1269 natura:
639 1242 721 1269 mttlta
733 1244 839 1271 excelsa

58 1281 134 1317 loqui,
152 1291 240 1319 neqtte
255 1285 337 1312 multa
355 1286 464 1313 excelsa
485 1287 646 1322 intelligere.
664 1287 732 1315 Nam
748 1294 774 1316 et
790 1289 841 1316 Sa-

58 1327 138 1356 lotuou
155 1330 249 1357 dicit"
264 1342 271 1359 :
285 1331 408 1359 (Altiora
425 1337 449 1360 te
465 1340 497 1360 ne
512 1334 663 1367 quaesieris,
680 1339 707 1361 et
725 1335 838 1362 fortiora

57 1378 82 1401 te
93 1383 123 1402 ne
139 1381 275 1409 scrutere,
297 1378 345 1405 Sed
368 1378 400 1405 de
422 1379 521 1413 quibus
538 1379 585 1406 tibi
602 1384 769 1414 praeceptum
786 1384 838 1413 est,

59 1420 108 1447 haec
120 1421 249 1455 intellige.
267 1433 276 1449 ι
295 1423 367 1459 Ergo
382 1430 409 1452 et
427 1424 453 1452 in
470 1425 520 1452 ltoc
534 1425 593 1452 loco
609 1426 710 1453 dicitur
728 1427 840 1454 rexcel-

58 1476 106 1501 sa,»
122 1477 170 1496 non
186 1475 214 1497 ut
228 1472 341 1498 omnino
354 1480 406 1499 non
421 1481 538 1507 quat-ras,
553 1474 599 1500 sed
616 1482 648 1501 ne
663 1474 750 1501 dehis
765 1477 838 1501 mul-

58 1513 154 1546 tiplices
165 1517 340 1548 quaestiones.
356 1517 522 1552 ltespicienti
539 1520 639 1553 quippe
662 1520 695 1546 ad
715 1520 836 1547 itnbecil-
852 1523 873 1552 c

57 1558 150 1587 Iitatem
174 1561 341 1590 conditionis
363 1563 505 1597 humanae,
531 1565 647 1593 suiliciat
671 1566 718 1593 tibi
743 1574 774 1594 ea
805 1568 838 1594 de

57 1606 160 1633 excelsis
178 1611 204 1634 et
223 1608 317 1636 arduis
336 1609 375 1636 vel
394 1609 540 1644 inquisisse
560 1611 600 1637 vel
618 1612 755 1647 proloqui.
778 1621 838 1648 qtue

57 1649 132 1677 vitam
158 1651 197 1678 vel
222 1652 429 1686 inquirentibus
449 1655 490 1682 vel
512 1655 685 1690 loquentibus
705 1657 835 1687 tribuant.

58 1694 115 1726 Quae
128 1702 214 1724 autem
229 1703 292 1724 sunt
307 1698 333 1725 iu
348 1700 447 1733 quibus
461 1701 567 1728 excelsa
584 1709 626 1728 tne
642 1702 713 1737 loqui
728 1711 838 1732 necesse

59 1740 110 1766 est?
124 1740 236 1782 Quando
254 1743 287 1770 de
303 1744 499 1779 otnnipoteulia
526 1746 571 1773 Dei
591 1746 696 1780 loqttor,
714 1748 747 1774 de
770 1749 838 1775 invl-

59 1785 177 1814 sibilitate
201 1793 228 1814 et
248 1789 468 1822 sempiternitate
493 1791 563 1824 ejtts,
593 1793 700 1820 excelsa
729 1793 835 1828 loquor.

59 1829 163 1879 Quando
177 1833 210 1859 de
226 1833 366 1868 Uuigettiti
391 1835 449 1869 ejus
468 1837 656 1865 comtcrnilate
675 1840 837 1874 cmterisque

59 1882 110 1908 etus
132 1879 269 1912 mysteriis
293 1882 450 1914 pronuntio,
473 1883 580 1909 excelsa
599 1883 704 1917 loquor.
723 1885 836 1918 Quando

59 1921 88 1948 de
107 1925 189 1951 sancti
217 1924 338 1960 Spiritus
362 1927 564 1962 magnificentia
585 1930 700 1963 dissero,
728 1933 835 1959 excelsa

58 1966 154 2002 loquor.
173 1970 200 1997 In
216 1971 259 1998 Itis
277 1977 380 1999 tantum
411 1974 488 2001 nobis
512 1977 672 2004 conceditur
693 1977 764 2012 loqui
788 1986 836 2006 ex—

58 2013 131 2041 celsa.
151 2015 216 2044 Post
232 2018 292 2045 ltrec
309 2018 360 2045 tria
381 2018 438 2054 jam
457 2020 523 2047 nihil
547 2021 669 2056 loquaris
682 2024 834 2051 excelsum.

59 2060 143 2089 Omnia
160 2065 232 2091 enim
257 2065 368 2092 humilia
389 2072 451 2093 sunt
468 2072 494 2094 et
511 2068 625 2102 dejecta,
648 2075 780 2105 quantum
803 2071 835 2098 ad

58 2106 191 2136 Trinitatis
208 2110 291 2144 hujus
306 2111 494 2140 celsitudinem
518 2119 634 2147 spectat.
659 2114 747 2143 Nolite
769 2124 835 2152 ergo

60 2154 230 2189 multiplicare
246 2156 319 2190 loqui
334 2158 454 2191 excelsa,
472 2159 521 2186 nisi
537 2161 569 2187 de
584 2160 666 2188 Patre
681 2166 708 2189 et
723 2162 792 2190 Filio
809 2168 836 2190 ct

894 223 1026 250 Convenit
1040 223 1091 250 hoc
1104 222 1157 250 dici
1173 222 1206 249 de
1220 220 1294 248 omni
1312 220 1432 248 homine.
1458 219 1585 248 Miserum
1606 228 1683 247 nam-

894 278 946 305 que
960 275 1003 297 est
1026 269 1182 297 mortalium
1201 275 1306 303 genus:
1322 267 1454 303 siquidem
1472 274 1524 294 non
1547 267 1634 294 soluat
1655 267 1681 293 iu

895 317 984 348 malis,
997 317 1044 343 sed
1065 320 1092 342 et
1118 315 1144 342 in
1161 315 1240 342 honis
1265 314 1464 348 periclitamur.
1481 313 1562 340 Verbi
1580 313 1681 346 gratia,

895 363 1013 390 visiones
1031 361 1162 396 quasdam
1181 361 1234 387 vidi
1251 360 1346 390 bonas,
1370 359 1450 386 facta:
1464 364 1528 386 sunt
1543 359 1608 385 tuihi
1624 358 1682 386 ela-

895 409 970 436 tioni.
985 408 1067 443 Signa
1082 412 1109 434 et
1120 407 1240 442 prodigia
1257 414 1305 441 per
1319 413 1361 433 me
1377 405 1487 440 impleta
1500 410 1573 437 sunt,
1587 412 1682 439 supcr-

894 456 943 482 Itus
958 454 1071 480 effectus
1085 461 1143 480 sunt
1165 453 1191 479 itt
1210 452 1298 479 bonis.
1315 451 1428 478 Servavi
1451 450 1595 486 justitiam,
1613 458 1681 478 con-

895 500 1047 530 tinentiam,
1067 499 1205 529 virtutem,
1230 497 1277 524 sed
1297 497 1322 523 in
1340 497 1383 523 his
1402 496 1552 530 periclitor.
1569 495 1682 529 Quando

893 547 965 573 enim
985 545 1049 572 nihil
1073 543 1145 571 aliud
1171 543 1267 570 fecerit
1291 542 1418 574 Zabulus,
1438 550 1486 577 pro
1502 542 1542 569 Itis
1555 541 1684 569 omnibus

894 592 1007 618 suscitat
1024 591 1089 617 mihi
1110 590 1280 624 Superbiam.
1293 589 1328 615 ita
1345 593 1373 614 ιιι
1390 593 1482 623 postea
1497 587 1612 615 habeam
1630 595 1687 614 an-

893 637 982 672 gelum
1000 637 1109 665 Satanae
1124 638 1169 671 qui
1188 643 1230 663 me
1245 635 1409 669 colaphizet,
1428 635 1465 660 uti
1481 641 1515 662 ue
1525 634 1642 661 extollar
1659 639 1686 661 et

893 688 972 710 exeat
987 683 1197 718 magniloquiqu
1212 681 1245 708 de
1257 688 1305 708 ore
1319 688 1379 708 meo
1386 680 1419 713 ",
1435 680 1460 707 id
1473 685 1525 712 est,
1539 688 1573 708 ne
1584 688 1679 716 magna

893 730 926 756 de
957 730 1060 763 meipso
1087 728 1193 762 loqttar,
1222 726 1349 761 quoniam
1376 726 1485 760 quidem
1515 725 1682 756 exterminat

895 775 1024 802 Dominus
1049 774 1119 800 labia
1148 773 1251 805 dolosa,
1273 778 1299 799 et
1330 773 1447 806 linguam
1475 771 1678 806 magniloquam

893 828 986 847 eorum
1007 822 1051 854 qui
1070 819 1226 847 ditteruut"l
1241 829 1248 846 :
1262 828 1270 844 ι
1284 818 1416 853 Linguam
1433 823 1553 845 nostram
1573 818 1680 852 magni-

895 867 1046 894 licavimus.
1081 865 1138 892 Non
1163 872 1227 899 ergo
1247 870 1325 891 exeat
1349 863 1562 897 magniloqttiuat
1584 864 1616 890 de
1633 870 1681 890 ore

893 918 993 942 vestro.
1010 912 1073 946 quia
1094 912 1172 939 fortis
1186 911 1361 938 scientiarum
1376 910 1517 937 Dominus.
1530 919 1538 935 ι

928 957 972 984 15.
991 966 1000 982 ι
1017 956 1049 983 Et
1076 963 1128 983 non
1150 957 1364 982 eutendavcrunt
1387 958 1566 986 excusantes;
1585 963 1593 980 ι
1613 954 1680 981 sicut

892 1009 919 1031 ct
944 1003 981 1031 ibi
1006 1003 1108 1030 dictum
1129 1002 1197 1029 est“
1214 1011 1221 1028 ς
1236 1001 1313 1028 «Non
1340 1001 1457 1029 declinet
1477 1009 1524 1028 cor
1549 1007 1623 1027 tuum
1652 1001 1678 1027 in

892 1050 974 1077 verba
994 1049 1065 1078 mala
1091 1048 1122 1075 ad
1148 1048 1316 1075 excusandas
1341 1047 1535 1074 excusationes
1562 1048 1588 1074 in
1614 1055 1679 1082 pec-

892 1096 961 1123 catis
986 1103 1047 1122 cum
1081 1094 1238 1122 hominibus
1266 1093 1442 1128 operantibus
1471 1093 1675 1128 iniquitateth

893 1141 925 1169 Et
940 1141 966 1168 in
984 1140 1132 1167 Proverbiis
1148 1139 1279 1166 dicitur”
1292 1148 1298 1165 :
1313 1148 1322 1165 ι
1342 1139 1505 1166 Occasiones
1521 1139 1623 1174 accipit
1635 1139 1678 1173 pi-

892 1196 938 1223 ger
960 1192 989 1214 et
1011 1187 1074 1214 dicit
1095 1195 1102 1212 :
1121 1184 1177 1212 Leo
1201 1189 1241 1212 est
1268 1185 1295 1212 in
1324 1186 1388 1216 via,
1417 1184 1443 1212 iu
1472 1185 1567 1219 plateis
1588 1190 1676 1212 autem

892 1232 1045 1260 homicida'.
1062 1241 1071 1257 1
1092 1231 1246 1258 lnveniums
1266 1238 1331 1265 ergo
1348 1230 1416 1257 tales
1431 1238 1491 1257 esse
1510 1235 1677 1264 peccatores,

890 1278 974 1314 489
988 1283 1148 1305 accusantes
1160 1277 1251 1304 onmia
1272 1277 1358 1311 magis
1369 1284 1449 1311 quam
1465 1276 1635 1310 semetipsos,
1651 1279 1678 1303 et

891 1325 1049 1352 occasiones
1074 1324 1183 1351 sibimet
1208 1323 1412 1350 excusatiouum
1443 1322 1585 1357 fingentes,
1613 1329 1674 1349 cum

891 1372 1006 1399 dicuttt:
1022 1370 1140 1397 Zabulus
1160 1377 1202 1396 tne
1226 1369 1418 1403 supplantavit,
1442 1368 1538 1395 utulier
1567 1375 1609 1394 me
1633 1375 1678 1394 se-

890 1417 978 1449 duxit,
996 1416 1041 1443 ille
1056 1416 1120 1443 mibi
1141 1416 1312 1443 occasionem
1331 1415 1455 1449 pra-stitit
1474 1421 1500 1442 ut
1516 1422 1677 1449 peccarem,

891 1472 953 1491 cum
970 1463 1065 1497 utique
1086 1467 1226 1498 oporteret
1253 1462 1409 1489 meminisse
1433 1462 1558 1496 przccepti
1583 1462 1678 1489 dicen-

891 1510 952 1538 tis“
962 1521 968 1536 .
979 1518 988 1534 ι
1004 1509 1050 1536 Dic
1063 1514 1089 1536 tu
1103 1514 1213 1543 peccata
1227 1513 1272 1536 tua
1281 1509 1355 1539 prior
1368 1508 1582 1541 utjustiliceris:
1600 1519 1609 1534 ι
1623 1517 1676 1536 non

893 1556 964 1584 cnim
989 1555 1135 1582 emendant
1151 1556 1353 1587 excusationes,
1372 1563 1459 1590 neque
1482 1555 1536 1588 hic,
1552 1563 1638 1589 neque
1651 1556 1676 1583 in

893 1601 996 1633 futuro,
1014 1602 1035 1629 si
1058 1601 1128 1629 male
1143 1601 1301 1630 fecerimus.
1319 1601 1372 1628 Sed
1396 1605 1423 1628 et
1438 1601 1503 1628 illud
1519 1602 1545 1628 iu
1562 1609 1677 1629 excursu

893 1649 1049 1684 contingere
1059 1648 1243 1676 necessarium
1261 1647 1377 1676 videtur.
1389 1647 1487 1675 Mirum
1504 1649 1602 1683 quippe
1613 1656 1680 1676 cett-

893 1695 960 1723 tiuet
971 1704 1091 1728 sensum,
1110 1696 1172 1730 quia
1186 1696 1318 1731 scriptum
1333 1701 1375 1724 est
1385 1696 1407 1712 “
1421 1705 1429 1723 :
1445 1695 1557 1724 «Justus
1568 1700 1624 1732 ipse
1636 1698 1676 1726 sui

892 1746 1035 1767 accusator
1051 1741 1081 1768 Iit
1096 1741 1122 1767 in
1137 1741 1271 1776 principio
1282 1741 1416 1768 sermonis
1429 1742 1480 1772 sui,
1491 1752 1499 1768 ι
1513 1750 1572 1770 cum
1587 1748 1676 1770 tamen

892 1786 1007 1820 injttstus
1024 1795 1077 1813 ll0ll
1093 1786 1128 1813 sit
1143 1787 1183 1814 sui
1200 1791 1344 1814 accusator
1359 1806 1366 1818 ,
1389 1787 1434 1814 sed
1451 1787 1573 1815 aliorunt.
1601 1788 1678 1815 Sicut

891 1837 917 1858 et
936 1831 1053 1859 Zubulos
1068 1838 1210 1859 accusator
1228 1833 1335 1867 quidem
1351 1838 1403 1864 est,
1427 1839 1569 1860 accusator
1585 1839 1675 1861 autem

892 1885 944 1904 non
967 1878 1019 1909 sui,
1045 1878 1091 1904 sed
1120 1878 1243 1906 fratrum.
1260 1878 1368 1905 Interim
1385 1886 1479 1906 onmes
1503 1887 1613 1906 necesse
1635 1886 1677 1907 est

891 1923 1012 1950 accusari
1029 1931 1036 1950 :
1052 1924 1100 1951 sed
1115 1924 1137 1951 si
1150 1924 1258 1959 quidem
1273 1924 1363 1959 justus
1382 1925 1467 1957 fuero,
1485 1932 1536 1951 non
1549 1931 1677 1959 exspecto

892 1975 920 1996 ttt
934 1970 1002 1997 alius
1017 1977 1060 1997 me
1068 1975 1191 2002 accuset,
1209 1971 1255 1997 sed
1273 1971 1329 2004 ipse
1342 1971 1393 1997 mei
1410 1975 1551 1997 accusator
1561 1971 1675 1998 elsisto.

892 2017 1002 2044 Plenius
1022 2021 1111 2044 tamen
1130 2015 1211 2044 velim
1240 2016 1392 2047 discutere,
1420 2016 1556 2050 quomodo
1589 2022 1677 2052 potest

888 2062 979 2096 justus
1005 2062 1047 2088 sui
1072 2067 1215 2088 accusator
1233 2069 1306 2090 esse.
1333 2062 1442 2088 Certum
1458 2066 1498 2088 est
1515 2062 1576 2096 quia
1592 2062 1677 2089 donec

891 2107 953 2142 quis
973 2111 1067 2142 peccat
1084 2111 1111 2134 et
1127 2112 1267 2141 permanet
1284 2107 1309 2134 iu
1337 2107 1454 2140 delictis,
1476 2114 1564 2142 neque
1587 2107 1677 2143 justus

890 2159 942 2186 est,
970 2161 1058 2188 neque
1073 2158 1216 2180 accusator
1234 2157 1274 2180 est
1300 2154 1353 2181 sui.
1382 2152 1440 2180 Non
1467 2154 1540 2180 enim
1567 2158 1678 2181 accusat

59 2197 150 2244 Spiritu
167 2207 275 2229 sancto.
293 2202 326 2229 Et
341 2208 367 2229 ιιι
387 2204 494 2238 plenius
511 2207 684 2234 manifestum
701 2209 745 2235 ﬁat
762 2211 836 2244 quod
855 2201 875 2228 D
891 2201 962 2235 (ιιιοιι
977 2201 1043 2235 ³3η·
1059 2199 1126 2226 cum
1153 2206 1218 2226 νθτο
1247 2199 1404 2233 Pm'm“erit
1427 2207 1441 2224 θ
1472 2198 1589 2231 demus:
1614 2202 1678 2226 "'"C

59 2243 194 2280 loquimur,
222 2253 331 2274 utamur
362 2249 461 2282 adltuc,
486 2250 508 2277 si
536 2252 654 2285 videtur,
679 2243 833 2289 exemplis:

60 2291 125 2318 verbi
140 2293 223 2326 gratia
243 2299 339 2328 gentes
363 2295 461 2322 mttltos
482 2296 657 2324 introdttcunt
683 2299 757 2326 deos.
776 2299 836 2328 Ista:

59 2336 231 2380 multiplicant
258 2339 330 2374 loqui
357 2341 474 2369 excelsa.
493 2341 687 2371 Ilaerelicurum
710 2346 834 2380 quidam,

61 2379 266 2418 derelinquentes
290 2391 440 2414 creatorem
470 2389 572 2420 mundi,
596 2394 623 2416 et
644 2379 747 2417 Filium.
763 2392 833 2426 ejus,

60 2426 152 2461 lingunt
164 2431 215 2458 sibi
234 2431 317 2458 alium
332 2434 425 2460 nescio
441 2441 522 2468 quem
540 2435 719 2463 excelsiorem
741 2436 834 2469 deum,

62 2476 83 2498 et
93 2473 155 2502 alios
164 2476 289 2504 similiter
303 2478 488 2510 introducunt,
499 2480 556 2507 sive
569 2488 638 2515 quos
650 2481 762 2514 αἰῶνας.
778 2482 835 2510 sive

62 2525 120 2550 quos
141 2521 205 2548 deos
228 2522 377 2558 appellant.
393 2523 425 2551 Et
450 2524 494 2552 isti
514 2532 580 2560 ergo
597 2526 777 2561 multiplicant
793 2527 834 2554 lo—

60 2565 98 2599 qui
111 2568 225 2595 excelsa.

90 2611 130 2639 II.
156 2621 165 2638 ι
180 2613 237 2640 Non
253 2619 331 2642 exeat
344 2616 556 2650 magniloquium
570 2616 602 2643 dc
619 2624 666 2644 ore
678 2621 767 2644 vestro
776 2617 809 2642 ".
823 2625 832 2642 ι

60 2653 118 2683 Vide
135 2658 197 2692 quid
222 2659 324 2687 dictum
348 2665 390 2688 est
413 2661 446 2688 ab
469 2661 630 2695 Apostolo“
645 2670 651 2688 :
667 2670 676 2687 ι
687 2661 768 2689 Illiscr
785 2669 835 2696 ego

90 2757 110 2793 ξ’
125 2756 208 2793 lReg.
224 2767 254 2788 ll,
269 2759 297 2787 2.
345 2760 367 2775 ’³
387 2761 451 2787 ibid.
473 2761 500 2787 5.
549 2760 571 2776 ¹¹
593 2760 676 2787 Ει-ειί.
702 2769 739 2792 ιιι,
761 2761 806 2787 9.2.

61 2790 80 2804 “
91 2792 154 2819 l‘sal.
169 2790 214 2824 ιιῖι,
227 2794 253 2824 5,
267 2795 290 2821 ι.
331 2796 352 2810 ’³
366 2795 520 2826 1“ειιῐ.‹;ιι.1,
577 2796 602 2822 λι.

63 2831 89 2858 It,
102 2828 124 2854 ι.
161 2829 181 2844 ³⁸
197 2828 265 2856 l’sal.
281 2838 309 2862 tt,
325 2830 342 2857 2
360 2835 385 2858 et
403 2831 471 2858 l’sal.
491 2838 539 2864 vn,
558 2831 600 2858 15.

845 2762 868 2776 "
890 2759 897 2786 I
922 2760 990 2795 Reg.
1011 2768 1040 2790 tr,
1060 2759 1086 2786 5.

642 2797 663 2811 ³⁰
678 2795 754 2823 Ριοι.
775 2804 847 2828 λιιι,
867 2797 908 2823 ιζ’).

888 2247 979 2280 justus
990 2246 1121 2278 ellicitur,
1143 2250 1171 2272 et
1188 2252 1240 2271 non
1263 2244 1388 2278 alterius,
1411 2244 1459 2271 sed
1474 2245 1515 2271 sui
1533 2249 1677 2272 accusator

889 2293 1004 2320 exsistit.

925 2339 970 2367 t6.
985 2348 993 2364 ι
1012 2338 1100 2366 Arcus
1121 2337 1269 2372 potentium
1287 2336 1440 2364 inﬁrmatus
1457 2340 1498 2363 est
1512 2337 1544 2364 ³³.
1561 2337 1675 2369 piacula

890 2385 999 2420 maligni
1010 2392 1070 2420 quae
1090 2384 1218 2410 dicuntur
1236 2383 1331 2417 ignita,
1349 2391 1397 2416 per
1415 2392 1508 2412 arcum
1526 2385 1676 2418 potentium

890 2431 1061 2458 emittuntur.
1093 2429 1219 2456 Potentes
1234 2434 1324 2456 autem
1338 2430 1454 2457 virltttes
1481 2430 1607 2458 dicuntur
1629 2429 1677 2458 :td-

890 2484 987 2508 νει-διε.
1001 2476 1035 2504 de
1055 2476 1152 2510 quibus
1167 2475 1266 2503 dicitur
1278 2475 1317 2507 ³⁵,
1335 2484 1344 2500 ι
1367 2476 1429 2510 quia
1444 2483 1508 2503 ecce
1519 2480 1676 2510 peccatores

890 2523 1064 2551 intenderunt
1077 2530 1183 2554 arcum,
1199 2522 1265 2549 etin
1278 2523 1336 2556 ipso
1351 2526 1517 2558 paraverunt
1527 2528 1592 2548 vasa
1607 2529 1676 2548 tuor-

890 2569 934 2596 lis.
955 2579 964 2594 ι
983 2568 1015 2595 Ει
1029 2569 1127 2596 iterum
1144 2576 1150 2594 :
1169 2576 1178 2593 ι
1197 2567 1318 2602 Sagittas
1340 2575 1405 2594 suas
1427 2567 1585 2594 ardentibus
1608 2565 1673 2593 eﬂ'e-

889 2614 936 2641 cit.
955 2624 964 2641 ι
988 2614 1041 2641 Sed
1057 2619 1083 2642 et
1097 2621 1169 2642 nunc
1182 2614 1296 2644 dicitur,
1316 2613 1380 2647 quia
1397 2621 1406 2638 ι
1424 2620 1505 2639 arcus
1524 2612 1674 2646 potentiutu

889 2661 1042 2688 infirmatus
1056 2665 1107 2688 est.
1126 2670 1135 2686 ι
1155 2659 1184 2688 ει
1197 2660 1270 2687 enim
1287 2659 1397 2686 indutus
1415 2660 1453 2686 sis
1470 2659 1555 2685 armis
1571 2657 1630 2688 Dei.
1651 2658 1674 2685 si

1135 2759 1156 2773 '“
1175 2758 1251 2784 Rom
1271 2765 1318 2788 vn,
1337 2757 1382 2785 94.

1233 2794 1255 2809 ³¹
1272 2794 1349 2820 I'ror.
1364 2800 1440 2825 xvttt,
1461 2793 1502 2820 I8.

1436 2758 1456 2772 ’⁷
1474 2757 1492 2784 II
1506 2756 1568 2785 Cor.
1584 2765 1633 2788 xu,
1646 2757 1674 2784 7.

947 2792 1043 2822 "vlaai.
1061 2801 1137 2826 thtt,
1150 2794 1193 2820 26.
1233 2794 1255 2809 ³¹
1272 2794 1349 2820 I'rot'.
1364 2800 1440 2825 xvttt,
1461 2793 1502 2820 I8.
1539 2793 1561 2808 ³³
1577 2792 1586 2819 ι
1607 2793 1673 2828 lleg.
