1896 3052
214 110 279 138 ft)”

943 107 1104 137 ORIGENIS

1775 107 1843 135 1οη

211 173 290 196 scuto
309 168 370 196 ﬁdei
388 169 427 197 sis
444 170 599 198 munituset
613 169 690 205 galea
707 168 804 197 salutis
820 168 958 202 obtectus,
972 173 1000 195 et
1014 178 1036 205 Α
1053 168 1115 195 filiis
1137 167 1271 195 inﬁrmata
1288 171 1340 195 est.
1360 177 1370 192 ι
1388 166 1499 194 Patroni
1524 165 1624 194 littera
1644 165 1733 194 Judai
1763 168 1843 195 velint

211 213 297 242 lorica
318 214 473 246 charitatis,
505 220 533 242 et
559 215 646 250 gladio
673 214 785 249 spiritus
814 213 997 245 accinctus",

212 267 292 287 arcus
313 265 408 287 contra
430 265 455 287 te
479 260 628 295 patentium
644 268 694 295 pro
708 260 884 287 munimentis
901 259 999 286 talibus

213 305 408 332 inllrmabitur.
432 305 462 332 Si
475 306 546 332 enim
559 306 696 339 iaculatus
712 305 793 333 fuerit
810 305 954 333 adversum
974 310 999 332 te

214 359 297 379 unum
322 351 432 386 aliquod
447 351 568 385 jaculum
588 352 717 387 ignitum,
736 352 762 379 id
780 356 920 387 exceptum
937 350 998 378 fidei

213 403 291 425 scuto
304 397 434 424 continuo
451 397 641 433 restinguitur.
656 397 727 425 Jecit
741 402 769 424 et
782 397 853 424 aliud
867 396 999 431 jaculum,

212 443 349 478 repulsum
365 444 390 470 id
404 451 513 479 quoque
530 451 545 470 a
568 444 681 471 thorace
696 443 810 477 iustitia:
821 447 873 470 est.
887 442 954 469 Jecil
971 446 1000 470 et

213 490 333 523 tertium,
360 495 387 516 ct
416 490 442 517 id
471 489 563 525 gladio
591 489 703 524 spiritus
728 489 918 516 detruncatmn
945 490 998 514 est.

211 535 292 562 Mittit
306 535 429 562 fortassis
444 540 472 562 et
487 541 626 569 quartum,
643 535 715 569 quod
737 534 862 561 similiter
882 541 930 567 per
950 541 999 567 ga-

211 580 280 607 leam
297 581 393 608 salutis
415 580 548 614 abiectum
562 585 613 607 est.
635 580 757 615 Cumque
772 587 818 614 per
832 579 889 606 haec
908 578 997 605 omnia

213 625 294 653 horno
309 625 354 653 Dei
372 625 472 660 petitus
490 623 695 652 invulnerabilis
704 623 847 654 manserit,
859 626 921 649 tunc
933 629 999 648 arcu

212 672 362 706 potentium
375 678 543 706 nequaquam
560 674 599 697 tot
614 670 725 697 directis
745 667 856 704 spiculis
876 667 998 694 infirma-

211 716 295 744 bitur.

247 762 291 789 ΓΙ.
307 771 317 788 ι
334 761 368 789 Et
389 761 488 789 infirmi
505 761 620 789 accincti
635 765 700 788 sunt
722 760 881 788 fortitudine
894 761 926 786 ".
942 769 950 786 ι
970 759 997 787 Si

210 809 350 836 videamus
369 810 505 842 quomodo
520 817 529 833 ‹
550 815 610 842 quia:
625 807 707 834 stulta
726 811 791 834 sunt
806 807 898 834 mundi
918 806 1000 841 elegit

212 855 294 887 Deus,
308 859 337 881 ut
349 853 502 881 confundat
512 853 663 888 sapientes,
671 857 699 880 et
714 860 774 887 qua:
788 853 894 880 inﬁrma
906 852 997 879 mundi
1014 867 1035 894 Β

212 904 289 932 sunt,
313 904 343 927 ut
363 899 516 927 confundat
537 898 617 926 fortia
632 899 671 931 ",
688 908 697 924 ι
716 898 844 933 intelligis
865 897 998 933 quomodo

211 946 312 972 infirmi
327 945 440 973 accincti
454 949 517 972 sunt
533 944 706 972 fortitudine.
721 944 843 971 Inﬁrmus
856 948 914 971 erat
932 951 998 978 gon-

213 991 268 1018 tilis
291 991 404 1026 populus
419 1011 426 1023 ,
450 992 550 1026 quippe
573 991 620 1026 qui
655 991 758 1018 alienus
788 995 848 1018 erat
874 998 888 1017 a
913 995 998 1017 teda-

212 1042 306 1064 rnento
322 1036 391 1064 Dei:
409 1036 454 1064 hic
483 1037 597 1071 adeptus
618 1041 660 1064 est
688 1036 884 1064 fortitudinem.
912 1036 998 1069 Quam

211 1080 417 1109 fortitudinem?
434 1090 444 1107 ‹
464 1081 606 1109 Fortitudo
618 1089 678 1108 mea
691 1086 718 1108 et
736 1081 854 1109 laudatio
870 1089 929 1109 mea
947 1081 999 1108 Do-

212 1126 315 1159 minus,
330 1131 357 1154 et
369 1126 458 1154 factus
468 1131 511 1154 est
526 1127 591 1154 mihi
608 1128 634 1154 in
651 1127 766 1155 salutem
785 1127 817 1153 ³⁸.
835 1137 844 1153 ι
858 1126 1000 1154 Fortitudo

211 1179 277 1208 ergo
291 1179 349 1200 mea
367 1173 424 1207 ipse
445 1178 487 1200 est
502 1173 631 1201 Christus
649 1173 780 1201 Dominus
791 1194 797 1205 ,
813 1181 866 1208 qua
883 1173 999 1201 accincti

210 1225 305 1246 sumus
320 1226 370 1246 nos
383 1219 428 1253 qui
440 1226 551 1247 erarnns
564 1219 711 1254 aliquando
721 1220 799 1247 alieni
813 1227 828 1246 a
839 1223 1000 1247 testamento

212 1263 271 1296 Dei,
287 1269 315 1291 ct
332 1265 390 1292 sine
407 1266 461 1292 Deo
479 1265 504 1292 in
523 1266 573 1292 hoc
588 1265 689 1292 mundo
702 1265 735 1293 ’°.

248 1310 291 1338 18.
308 1319 318 1336 r
338 1310 459 1337 Salurati
487 1311 604 1345 panibus
619 1310 726 1337 deducti
743 1314 807 1337 sunt
822 1310 855 1337 ad
880 1310 999 1337 servitu-

212 1355 306 1382 tem“.
325 1365 335 1381 ι
349 1355 490 1390 Culpabile
507 1355 625 1384 ostendit
649 1363 709 1383 esse
734 1355 850 1382 saturari
873 1356 1000 1390 panibus,

211 1400 274 1435 quia
289 1400 373 1428 Jaeob
388 1400 593 1428 manducavitet
604 1401 717 1432 bibit,ct
729 1401 846 1436 repletus
860 1405 946 1433 esl,et
957 1400 1001 1428 in-

212 1452 351 1474 crassatus
366 1451 417 1478 est.
433 1452 460 1473 et
475 1446 657 1474 rccalcitravit
673 1447 789 1474 dilectus
800 1446 836 1473 ".
849 1456 858 1472 ι
873 1446 1001 1474 Esurien-

213 1497 255 1520 tes
268 1492 512 1527 dereliqueruut“.
526 1503 535 1519 ι
547 1492 610 1520 lllos
626 1493 691 1520 dicit
706 1493 752 1528 qui
767 1493 880 1520 saturali
892 1492 1001 1520 fuerant

1050 215 1144 241 videre
1160 214 1297 249 quomodo
1312 219 1438 241 asserunt
1453 212 1525 248 quod
1540 212 1654 240 fecunda
1680 214 1708 240 in
1723 213 1791 240 ﬁliis
1807 214 1843 239 in-

1050 260 1187 292 firmatur,
1208 264 1235 287 et
1249 259 1354 287 sterilis
1372 260 1508 294 quomodo
1523 260 1628 295 peperit
1647 264 1759 294 septem
1774 268 1782 286 :
1800 260 1842 286 sed

1051 306 1156 333 illorum
1183 305 1280 332 fabulis
1296 306 1395 340 spretis
1417 313 1466 333 nos
1481 307 1699 337 consideremus,
1717 313 1754 333 ne
1778 305 1844 333 forte

1053 351 1242 385 unusquisque
1262 356 1387 378 nostrum
1405 352 1502 379 habeat
1516 352 1586 379 intra
1602 359 1631 379 se
1646 352 1774 379 sterilem
1787 359 1844 386 quae

1050 398 1155 433 peperit
1174 402 1290 432 septem,
1306 398 1405 425 habeat
1424 403 1451 425 et
1471 398 1616 425 fecundam
1645 398 1671 425 in
1701 398 1769 425 filiis
1786 406 1843 433 qua:

1050 443 1212 470 infirmatur.
1241 442 1366 470 Fecunda
1386 443 1412 470 in
1430 444 1577 478 propagine
1602 449 1663 471 erat
1688 451 1760 471 caro
1787 451 1842 470 mea

1051 488 1153 516 habens
1168 488 1299 523 plurimos
1314 489 1406 516 carnis
1418 488 1533 520 fructus,
1546 489 1775 523 fornicatimrem,
1795 490 1842 516 im-

1051 533 1223 566 munditiam,
1247 533 1459 568 impudicitiam,
1483 533 1679 567 idololatriam,
1696 535 1840 566 veneﬁcia,

1051 579 1218 612 inimicitias,
1245 580 1446 613 contentiones,
1477 580 1675 613 :cmulationes,
1701 581 1840 607 incitatio-

1050 632 1109 658 nes,
1126 625 1331 658 dissensiones;
1347 626 1405 653 haec
1418 630 1496 653 erant
1508 626 1600 653 carnis
1616 630 1720 653 nostra:
1748 633 1838 653 nume-

1051 678 1122 698 rosa:
1134 671 1289 706 progenies.
1305 670 1357 698 Sed
1371 678 1434 698 cum
1461 672 1583 698 venimus
1602 671 1635 698 ad
1651 672 1736 698 tidem
1754 672 1842 698 crucis

1050 716 1162 748 Christi,
1175 722 1203 743 et
1226 716 1460 744 mortificationem
1476 716 1549 749 lesu,
1566 717 1702 751 coepimus
1723 717 1842 745 cireum-

1051 763 1122 791 ferre
1147 763 1174 790 in
1198 771 1315 798 corpore
1340 768 1442 796 nostro,
1467 768 1494 790 et
1521 764 1688 791 mortillcare
1721 764 1842 792 membra

1050 813 1143 836 nostra
1156 816 1217 843 qua;
1230 812 1296 835 sunt
1315 815 1396 843 super
1416 813 1530 840 terram,
1548 814 1575 835 et
1589 809 1723 835 exhibere
1739 816 1773 835 ea
1788 816 1843 835 ser-

1051 854 1228 889 virejustitia:
1242 860 1268 882 et
1283 854 1423 882 sobrietati
1438 863 1445 881 :
1463 859 1526 882 tunc
1538 855 1690 881 fecunditas
1706 854 1844 889 probrosa

1050 900 1130 934 liuius
1141 900 1323 935 generationis
1335 900 1447 928 exclusa
1463 905 1515 933 est,
1527 905 1554 928 et
1566 901 1616 928 hoc
1631 901 1715 927 modo
1728 900 1844 928 fecunda

1049 946 1075 972 in
1085 945 1146 973 ﬁliis
1157 946 1294 974 infirmata
1305 951 1357 973 est.
1366 946 1507 980 Quomodo
1517 951 1607 973 autem
1620 946 1725 973 sterilis
1739 952 1844 981 septem

1050 991 1154 1026 pariat,
1171 992 1323 1019 videamus.
1342 992 1451 1028 Sterilis
1473 997 1532 1018 erat
1546 993 1573 1018 in
1589 999 1633 1019 me
1648 991 1743 1018 anima
1763 999 1822 1019 mea
1835 1012 1843 1025 ,

1049 1043 1102 1062 non
1120 1035 1250 1063 afferebat
1263 1035 1369 1064 fructus
1384 1037 1496 1072 justitize
1512 1045 1519 1063 :
1537 1044 1608 1063 nunc
1625 1041 1718 1063 autem
1733 1037 1783 1064 ubi
1799 1044 1845 1072 per

1051 1079 1130 1106 ﬁdem
1147 1079 1248 1108 Christi
1270 1081 1370 1108 meruit
1395 1080 1512 1116 gratiam
1538 1079 1656 1114 Spiritus
1681 1079 1794 1113 sancti,
1819 1084 1846 1106 et

1049 1125 1162 1160 replevit
1183 1133 1242 1152 eam
1266 1126 1378 1161 spiritus
1392 1126 1532 1161 sapientia:
1549 1130 1576 1153 et
1593 1125 1754 1152 intellectus
1767 1147 1774 1158 ,
1791 1125 1846 1160 spi-

1050 1171 1119 1198 ritus
1133 1171 1239 1199 consilii
1255 1177 1282 1198 et
1299 1171 1476 1204 fortitudinis,
1496 1171 1732 1205 spiritusjustitiaa
1747 1176 1777 1198 et
1794 1171 1844 1197 mi-

1050 1217 1214 1249 sericordia,
1239 1221 1267 1244 et
1282 1217 1394 1251 replevit
1408 1225 1467 1244 eam
1483 1217 1595 1252 spiritus
1621 1216 1731 1244 timoris
1751 1216 1844 1243 Domi-

1051 1262 1112 1289 ni"
1128 1271 1134 1289 :
1153 1269 1259 1290 certum
1275 1268 1317 1290 est
1333 1263 1405 1298 quod
1427 1263 1529 1290 sterilis
1549 1264 1656 1298 peperit
1677 1267 1801 1297 septem,
1821 1266 1846 1289 et

1051 1307 1167 1336 fecunda
1184 1309 1209 1336 in
1226 1308 1288 1336 ﬁliis
1302 1309 1437 1336 infirmata
1454 1313 1503 1336 est.

1087 1355 1130 1383 l9.
1150 1363 1160 1381 ‹
1182 1355 1312 1383 Dominus
1329 1355 1475 1383 mortificat
1489 1360 1517 1382 et
1533 1354 1654 1382 viviﬁcat
1671 1354 1707 1381 "’.
1728 1364 1739 1381 ι
1759 1354 1844 1388 Quem

1051 1400 1198 1428 mortiﬁcat
1226 1401 1368 1434 Dominus,
1395 1405 1422 1428 et
1447 1408 1526 1436 quem
1545 1400 1684 1427 vivitlcat?
1706 1400 1843 1435 Meipsum

1052 1445 1211 1478 mortificat,
1226 1453 1289 1473 cum
1305 1453 1347 1473 me
1363 1451 1497 1474 mortuum
1513 1447 1577 1474 facit
1597 1454 1658 1473 esse
1672 1452 1803 1481 peccato.
1815 1447 1846 1474 Et

1053 1491 1184 1526 meipsum
1200 1491 1331 1523 viviﬁcat,
1348 1499 1412 1518 cum
1427 1498 1469 1518 me
1485 1490 1552 1518 facit
1569 1492 1659 1519 vchre
1684 1493 1754 1520 Deo.
1779 1492 1845 1520 Pec-

213 1536 403 1571 panibugquia
414 1537 832 1572 reliqueruntcsurientes.Venil
843 1537 937 1570 farnes,
946 1545 998 1564 non
1014 1536 1034 1565 ϐ
1051 1541 1127 1564 calor
1152 1544 1238 1569 eram,
1265 1541 1292 1563 et
1317 1536 1343 1563 in
1358 1536 1463 1563 delictis
1496 1536 1621 1563 vivebam
1639 1546 1646 1564 :
1662 1538 1844 1565 mortificavit

214 1582 300 1610 fames
315 1582 401 1617 panis,
421 1590 506 1617 neque
519 1590 595 1617 aqua:
607 1582 677 1615 silis,
687 1583 733 1609 sed
747 1582 871 1609 audiendi
887 1582 998 1609 verbum

213 1629 318 1656 Domini
331 1629 363 1656 ".
374 1628 517 1663 Propterea
532 1635 598 1660 ergo
613 1636 622 1654 ι
634 1628 785 1655 esurientes
797 1628 999 1662 dcreliquerunt

212 1680 352 1707 usquequo
363 1673 464 1700 sterilis
475 1673 580 1707 peperit
593 1677 708 1706 septem,
723 1678 750 1699 et
762 1672 876 1700 fecunda
893 1672 920 1699 in
933 1672 996 1700 [iliis

212 1719 348 1746 infirmata
362 1719 445 1747 est“.
459 1719 533 1746 Multi
546 1719 616 1746 enim
630 1719 676 1745 lilii
694 1719 806 1745 deserta:
822 1718 907 1753 magis
917 1726 998 1752 quam

211 1763 269 1797 ejus
281 1772 342 1798 quae
354 1765 437 1792 habet
450 1765 536 1791 virum
547 1764 581 1791 ".
598 1774 607 1790 ι
627 1764 734 1791 Sterilis
749 1768 791 1791 est
807 1769 893 1791 mater
905 1769 997 1791 nostra

212 1809 349 1844 Ecclesia,
365 1810 422 1837 hac
443 1810 548 1845 peperit
564 1815 679 1844 septem.
693 1810 878 1844 septenarium
893 1809 1000 1836 scilicet

211 1863 366 1889 numerum,
382 1856 426 1883 cui
441 1856 548 1891 requies
561 1855 680 1890 ascripta
696 1859 748 1883 est.
762 1865 772 1881 ι
790 1855 824 1884 Ει
839 1855 953 1883 fecunda
972 1855 998 1882 in

333 1990 415 2027 490
431 1991 551 2025 Origenis
567 1991 593 2027 in
611 1991 688 2027 primi
703 1991 763 2017 libri
780 1990 878 2024 Regum

359 2025 417 2060 cap.
437 2034 530 2053 nvut.
542 2026 616 2053 —l)e
630 2025 853 2061 Engmtrimytho.

248 2081 313 2114 Quae
328 2081 397 2108 lecta
413 2081 576 2112 audivimus,
590 2081 666 2115 plura
687 2085 749 2108 sunt
767 2090 774 2107 ε
790 2081 823 2107 de
840 2081 872 2108 iis
888 2081 914 2108 in
930 2081 997 2108 duas

1052 1590 1095 1609 me
1112 1589 1126 1608 a
1143 1582 1272 1617 peccatis,
1289 1582 1357 1609 mori
1374 1589 1416 1609 me
1436 1582 1501 1609 fecit
1516 1582 1577 1608 vitae
1592 1582 1690 1616 priori,
1708 1587 1738 1609 et
1758 1583 1846 1610 virili-

1052 1628 1125 1655 cabit
1141 1635 1184 1655 me
1204 1633 1234 1655 ut
1253 1629 1278 1655 in
1305 1628 1402 1655 timore
1427 1635 1476 1655 suo
1502 1628 1601 1660 vivam,
1618 1633 1648 1655 ut
1673 1629 1702 1655 in
1722 1629 1777 1655 fide
1797 1637 1845 1656 sua

1051 1679 1130 1707 stem,
1147 1680 1174 1701 ιιι
1191 1675 1258 1701 ultra
1274 1683 1325 1702 non
1342 1675 1429 1702 vivam
1454 1680 1575 1709 peccato,
1593 1675 1640 1702 sed
1659 1675 1727 1706 Deo,
1745 1676 1791 1710 qui
1805 1683 1846 1703 me

1052 1728 1066 1746 a
1084 1721 1197 1748 mortuis
1220 1721 1371 1753 suscitavit,
1387 1727 1415 1747 ut
1435 1721 1461 1747 in
1483 1721 1604 1748 novitate
1619 1721 1683 1747 vitae
1702 1722 1843 1748 ambulem

1053 1765 1079 1792 in
1095 1765 1204 1792 Christo
1218 1765 1280 1793 Jesu
1301 1765 1414 1792 Domino
1427 1771 1531 1797 nostro.
1549 1765 1592 1792 eui
1604 1770 1647 1792 est
1658 1765 1748 1801 gloria
1758 1771 1786 1794 et
1797 1766 1846 1792 im-

1052 1809 1156 1844 perium
1171 1809 1197 1836 in
1210 1809 1307 1837 saecula
1324 1810 1496 1838 smculorum.
1510 1810 1608 1838 Amen.

1015 1993 1038 2022 D
1058 1994 1223 2029 Ὤριτένους
1241 1995 1284 2026 εὶς
1302 1994 1360 2027 τὴν
1375 1992 1433 2029 τῶν
1445 1992 1611 2020 Βασιλειῶν
1626 1992 1761 2026 πρώτην,
1777 2001 1842 2028 περ.

1168 2032 1222 2062 κη’.
1239 2044 1273 2049 --
1294 2029 1376 2062 Ὑπὲρ
1392 2028 1447 2062 τῆς
1461 2028 1726 2063 Ἐτγαστρψύθου.

1088 2076 1128 2103 Τὰ
1139 2075 1348 2110 ἀναγνωσθέντα
1371 2074 1483 2100 πλείονά
1501 2074 1558 2099 ἐστι
1574 2073 1623 2107 (1)·
1641 2073 1690 2099 καὶ
1706 2074 1769 2099 ἐπεὶ.
1791 2072 1842 2108 χρὴ

214 2131 305 2161 partes
325 2126 421 2154 divisis
443 2134 532 2154 sermo
553 2127 633 2154 nobis
649 2126 789 2153 habendus
802 2126 866 2153 erit.
888 2126 952 2159 Qua:
965 2127 998 2153 de

1067 2123 1258 2159 πιτεμνόμενον
1274 2123 1359 2148 εἰπεῖν
1373 2121 1433 2148 δυσὶ
1450 2121 1622 2156 περικοπαῖς.
1634 2119 1795 2154 ἀνεγνώσθη
1810 2119 1841 2146 τὰ

247 2195 271 2212 ³³
287 2196 384 2230 Ephes.
404 2203 441 2229 vr,
463 2195 506 2225 M.
525 2195 568 2228 l6,
589 2196 630 2224 l7.

213 2231 236 2247 ⁸⁰
248 2230 257 2257 l
271 2231 337 2263 Reg.
354 2238 382 2258 ιι.
399 2231 425 2258 5.

213 2266 236 2282 ⁸⁵
250 2266 299 2294 lsa.
313 2273 351 2297 XI,
370 2265 397 2297 2,
412 2266 439 2293 5.

682 2196 704 2212 ³ο
724 2195 732 2222 l
754 2196 821 2231 Regi.
845 2203 875 2231 ιι.
893 2196 921 2224 4.

476 2231 498 2246 ⁶¹
518 2230 594 2258 Deut.
615 2239 701 2260 xxx".
713 2231 756 2258 15.

490 2266 535 2292 "l
551 2265 616 2300 Reg.
632 2273 663 2298 ιι,
681 2266 707 2292 6.

248 2335 287 2370 (l)
314 2334 552 2370 Ἀναγνωσθέντα
566 2333 691 2370 πλείοιςά
706 2333 781 2370 ἐσζι.
797 2333 824 2361 ld
846 2334 928 2361 moris
946 2338 1005 2360 erat

212 2368 282 2404 apud
301 2375 421 2401 veteres,
439 2370 476 2396 uti
494 2369 520 2396 in
544 2369 638 2396 homil.
655 2369 690 2396 20
710 2369 735 2396 in
747 2368 810 2396 Jesu
828 2370 917 2401 Nave,
938 2377 999 2402 cap.

213 2405 258 2436 15.
274 2403 482 2436 adnotabamus,
496 2410 525 2430 ut
541 2411 601 2431 cum
623 2404 655 2430 ad
674 2412 751 2431 sacra
769 2405 907 2436 coiisseut,
926 2409 1001 2431 certa

212 2441 335 2475 quaulam
359 2439 509 2474 Scriptura:
532 2440 622 2473 capita
645 2439 742 2474 populo
757 2441 1001 2475 iprwlegcrrntur,

212 2483 271 2509 quae
296 2476 354 2502 fusa
380 2475 553 2509 postmodum
568 2474 703 2506 oratione,
730 2474 763 2501 ad
786 2474 929 2501 arbitrium
946 2474 1002 2508 cpi-

212 2508 299 2545 scopi,
319 2513 348 2537 et
367 2508 399 2536 ad
413 2509 577 2544 preﬁnitum
596 2515 712 2544 tempus,
726 2508 909 2545 prmseutibusr
918 2510 1001 2535 etiam

212 2542 420 2572 catechumenis
451 2545 628 2572 concionator
652 2542 828 2578 explanaret.
865 2542 998 2578 Origenes

212 2581 292 2614 paulo
318 2579 432 2606 inferius
457 2588 465 2606 :
492 2579 639 2615 Τεσσάρων
666 2575 1001 2615 ρῦσῶνέττᾷρικφπῶῦηῶν

214 2613 316 2650 ἑκάστη
328 2615 477 2650 πράγματα
493 2615 542 2641 οὐκ
558 2613 636 2648 ὸὶζιγα
658 2614 728 2650 ἔχειἱ
742 2613 873 2650 ῥιλλὰίκαὶ
884 2615 941 2650 τοῖς
954 2613 1001 2650 6o-

214 2624 316 2650 εκαστη
328 2624 477 2676 πὲαγματα
493 2624 542 2641 ουκ
558 2624 636 2648 οΛιγσ.
658 2624 725 2649 εχει,
743 2624 810 2639 alma
827 2624 873 2640 χαι
884 2624 941 2645 τοις
954 2624 1001 2639 ου-

213 2650 341 2684 ναμένοις
368 2650 489 2683 ξετάζειν
503 2650 640 2685 δυνάμενα
654 2648 804 2685 ἁσχολῇσαι
814 2649 925 2685 (lipang
938 2649 1001 2685 μιᾶς

216 2683 367 2718 συιιὰξεως,
386 2685 453 2711 ἀλλὰ
473 2685 520 2711 καὶ
536 2683 675 2715 πλειόνων,
696 2685 710 2710 ὅ
724 2684 750 2710 τί
768 2683 972 2718 ποτεβούλεται
988 2684 1002 2709 ὁ

214 2717 362 2755 irrisione;
376 2720 543 2755 προτεινάτω
555 2719 608 2745 τῶν
623 2719 774 2755 τεσσάρων,
787 2717 909 2755 ἴνᾳρτερὶ
924 2717 1002 2755 τοῦτο

214 2753 466 2790 ἀσχοληθῶμεῆζὼς
481 2755 514 2781 τὰ
529 2755 595 2789 περὶ
604 2755 653 2790 τῆς
662 2753 890 2790 ὲγγάστριμύθορ,
906 2753 1000 2788 φησὶν,

215 2789 392 2821 ἐξεταζέσθω.
410 2789 443 2815 Ει
455 2789 501 2815 lib.
520 2797 548 2822 ιιι
569 2795 661 2815 contra
683 2789 750 2815 Cels.
762 2797 768 2814 :
782 2789 814 2815 Τί
825 2789 928 2820 τούτοις
948 2797 1001 2814 πα-

218 2824 368 2859 ραπλήσιον
384 2824 549 2859 πράττομεν,
563 2825 586 2850 οἱ
606 2825 651 2850 καὶ
667 2825 700 2851 δι’
719 2825 937 2859 ἀναγνωσμάτων
955 2823 1001 2849 καὶ

973 2195 994 2211 ³⁷
1015 2195 1024 2222 l
1041 2194 1104 2222 Cor.
1122 2202 1141 2225 I,
1160 2194 1205 2221 27.

809 2230 853 2258 “l
873 2231 940 2266 Reg.
956 2238 986 2264 ll,
1004 2230 1032 2258 5.

1244 2193 1267 2208 ³⁸
1289 2191 1359 2218 Psal.
1384 2199 1477 2221 cum,
1500 2190 1541 2217 Μ.
1580 2190 1602 2206 ³⁵
1624 2190 1727 2222 Ephes.
1750 2199 1780 2221 ιι,
1801 2190 1838 2216 l2.

1084 2229 1106 2245 “
1124 2231 1218 2260 Amos,
1240 2235 1298 2260 vm,
1315 2228 1353 2254 Il.
1392 2226 1415 2242 “
1428 2226 1436 2252 Ι
1450 2226 1515 2260 ιιι-ε.
1532 2233 1562 2256 ιι,
1575 2225 1602 2252 5.
1639 2225 1661 2240 “
1679 2225 1731 2251 lsu.
1747 2233 1802 2256 Lrv,
1817 2226 1838 2251 t.

1057 2332 1101 2359 διὰ
1117 2332 1171 2358 τῶν
1185 2331 1225 2362 εἰς
1240 2330 1274 2357 τὰ
1287 2329 1489 2363 ἁναγνώςματα
1503 2327 1655 2363 διηγήσεων
1673 2328 1843 2363 προτρέπον-

1057 2376 1102 2399 τες
1123 2367 1170 2402 μὲν
1193 2367 1238 2392 ἐπὶ
1261 2365 1309 2402 τίῂν
1329 2366 1368 2396 εἰς
1388 2364 1453 2402 Θεὸν
1475 2363 1535 2402 εῶῖ
1548 2363 1616 2402 ᾆλωγ
1634 2363 1799 2402 ειξσὲὃειᾳκ
1817 2368 1843 2402 et

1055 2398 1149 2429 homil.
1168 2402 1201 2428 12
1225 2403 1249 2428 in
1271 2398 1356 2428 Exod.
1371 2405 1397 2426 et
1413 2398 1505 2425 homil.
1520 2398 1535 2425 7
1555 2399 1581 2424 in
1601 2398 1687 2424 Levit.
1706 2404 1735 2424 et
1750 2399 1841 2425 horruit.

1054 2438 1070 2464 6
1083 2442 1110 2464 ct
1126 2437 1160 2464 15
1195 2438 1222 2463 in
1242 2436 1320 2462 Num.
1342 2434 1442 2461 Morem
1462 2433 1532 2460 lmuc
1549 2435 1690 2466 elrgauter
1711 2433 1843 2459 describit

1052 2472 1174 2499 Justinus
1189 2471 1297 2505 Apalog.
1313 2471 1339 2498 2.
1353 2470 1407 2496 Nec
1420 2469 1486 2505 viris
1496 2468 1582 2505 solum
1594 2467 1649 2505 Deo
1658 2468 1842 2505 consecratis.

1053 2509 1099 2535 led
1115 2507 1190 2534 laicis
1206 2503 1288 2533 etiam
1308 2506 1333 2532 id
1354 2504 1473 2531 muneris
1488 2503 1635 2536 aliquando
1653 2503 1775 2536 episcopi
1794 2504 1840 2528 de-

1054 2543 1228 2569 mandabanl.
1257 2540 1332 2573 Quod
1356 2540 1381 2566 in
1403 2539 1518 2572 Origene
1538 2538 1656 2564 nondum
1683 2538 1843 2573 presbytero

1054 2578 1153 2604 factum
1171 2578 1204 2604 ah
1218 2572 1370 2603 Alexandro
1380 2573 1638 2608 Hierosolymitmm,
1647 2577 1674 2599 et
1684 2572 1842 2600 Theoclisto

1053 2612 1213 2639 C:esariensi
1241 2610 1375 2645 episcopis
1400 2617 1461 2637 cum
1488 2608 1843 2645 De1nelrins_Alexandria:

1052 2647 1194 2681 episcopus
1208 2643 1427 2680 reprehenderet,
1445 2644 1493 2677 ipsi
1508 2648 1633 2669 auctores
1647 2643 1712 2669 facti
1727 2643 1841 2681 ali_oruu|

1054 2678 1199 2709 multorum
1216 2678 1340 2714 ekemplo
1362 2682 1540 2709 excusarunt,
1560 2682 1591 2714 ut
1604 2683 1647 2714 est
1664 2678 1737 2712 apud
1756 2678 1839 2714 Euse-

1053 2717 1137 2749 binrn,
1152 2717 1197 2742 lih.
1215 2723 1240 2741 ιι
1264 2712 1365 2741 Hister.
1380 2714 1456 2746 εει-Ι..
1480 2721 1540 2747 cap.
1551 2712 1601 2749 719.
1612 2713 1782 2739 Concionem
1795 2713 1840 2739 de-

1054 2748 1134 2778 muur
1153 2750 1305 2784 excipiebat
1321 2750 1466 2784 precatio:
1485 2748 1555 2782 quod
1565 2748 1695 2784 __discere
1720 2748 1839 2784 licetgex

1054 2787 1162 2813 homilia
1201 2781 1235 2812 ΞΒ
1251 2781 1375 2820 Urigénis
1394 2785 1419 2810 in
1436 2781 1548 2820 Lucam.
1565 2781 1629 2820 lla-5:
1644 2782 1839 2820 consuetudoe

1054 2821 1197 2856 synagogis
1214 2817 1368 2848 .ludtcorum
1389 2820 1415 2846 iu
1437 2818 1571 2846 Ecclesins
1587 2817 1694 2845 Christi
1711 2817 1837 2845 transiit;
