1888 3051
59 104 133 132 1015

610 101 644 130 ΙΝ
663 105 791 134 LIBRUM
813 105 930 134 BEGUM
954 104 1096 133 llOMl-LlA
1115 104 1147 132 Hc

1623 92 1692 121 1οη

33 156 40 175 ³
55 163 122 199 ἐξῆς
136 162 202 199 περὶ
216 162 310 190 Ναὸὰλ
323 163 370 191 τδν
387 163 556 200 Καρμήλιον·
576 160 636 190 εἶτα
654 162 725 199 μετὰ
738 163 778 189 τοὶ

943 162 1003 190 lralc
1029 160 1157 189 Carmelo
1194 159 1337 194 Scriptura
1376 157 1524 187 narrat".
1551 155 1688 191 legimus;

54 209 164 245 ίστορία
179 209 196 244 ή
219 209 284 245 περὶ
298 209 345 236 τοῦ
361 209 514 245 κεκρύφθαι
536 209 582 236 τὸν
603 209 684 236 Δαυϊδ
699 209 774 245 παρὰ
793 210 850 241 τοῖς

55 254 192 289 Ζιφαίοις,
208 255 256 282 καὶ
268 254 462 291 διαϐεϐλῆσθαι
485 255 566 282 αὐτὸν
584 255 630 282 ὑπ’
643 255 743 287 αὐτῶν,
756 255 851 291 ἐληλυ-

54 300 134 327 θέναι.
147 300 176 327 δὲ
189 300 236 328 τὸν
247 300 334 327 Σαοὺλ
345 301 505 336 βουλόμενον
523 301 614 327 λαϐεῖν
629 301 675 328 τὸν
689 301 779 333 Δαυῒδ,
804 302 851 328 καὶ.

55 345 206 382 ἐληλυθότα
227 347 392 383 ἐπιτηρῆσαι
416 347 520 383 καιρὸν,
546 347 739 382 ἐπεληλυθέναι
759 356 787 373 τε
812 346 851 382 τῷ

54 392 146 420 Σαοὺλ
168 392 213 420 τὸν
234 393 326 426 ams,
347 393 395 421 καὶ
410 393 561 428 εἰληφέναι,
580 394 751 429 κοιμωμένου
768 393 850 420 αὑτοῦ

54 440 105 466 καὶ
120 439 175 467 τῶν
190 440 345 476 φερούντων
360 440 399 475 (2)
412 440 503 472 αὑτὸν,
521 441 552 468 τὸ
565 441 627 477 δόρυ
644 443 690 468 καὶ
705 442 751 468 τὸν
764 442 851 476 φακὸν

52 485 104 511 τοῦ
120 484 226 517 ὕδατος,
240 485 287 512 καὶ
309 485 379 520 μετὰ
394 485 489 512 τούτου
501 485 610 521 ἔλεγχον
626 487 851 522 προσενηνοχέναι

53 532 113 562 τοῖς
125 531 353 566 πεπιστευμένοις
370 531 419 567 μὲν
434 531 579 565 φυλάττειν
594 532 686 564 αὑτὸν,
699 533 851 568 ἀποκοιμη-

54 575 128 602 θείσι
142 576 180 603 δέ.
200 574 267 603 Εἶτα
277 576 311 603 τὰ
322 577 385 612 ἐξῆς
401 578 417 612 ἡ
435 577 540 612 ἱστορία
557 575 591 613 ἦν
608 578 696 613 τρίτη,
711 579 752 605 ὅτι
772 579 851 605 κατέ-

54 630 129 656 φυγε
146 622 214 658 πρὸς
230 623 318 658 Ἀχαρ
330 622 441 657 βασιλέα
453 623 503 648 Γὲθ
520 623 534 649 ὁ
545 622 636 655 Δαυῒδ,
651 624 699 649 καὶ
707 623 773 659 ὅσην
787 620 850 659 εὗρε

53 668 139 704 χάριν
161 669 226 704 παρ’
249 669 323 704 αὐτῷ
351 668 420 704 μετὰ
440 669 474 696 τὰ
489 668 573 695 πολλὰ
591 669 824 705 ἀνδραγαθήματα
836 669 850 695 ὁ

53 710 148 744 Δαυῒδ,
165 712 233 747 πρὸς
249 712 290 744 ὃν,
304 722 313 738 ι
337 712 635 748 Ἀρχισωματοφύλακα
650 713 767 749 θήσομαί
781 723 820 746 σε,
838 723 846 740 ι

53 757 151 792 φησιν.
176 758 255 792 Ἑξῆς
269 758 374 790 τούτοις
386 756 420 794 ἦν
436 759 453 794 ὴ
469 758 574 794 ἱστορία
588 760 604 794 ή
622 759 765 794 διαὸόητος
780 759 851 795 ὑπὲρ

52 802 107 838 τῆς
119 803 337 839 ἐγγαστριμύθου
350 805 396 831 καὶ
410 805 475 840 περὶ
489 804 535 831 τοῦ
554 805 689 840 Σαμουήλ-
705 805 745 832 ὅτι
762 803 850 837 ἔδοξεν

52 848 216 884 ἀνηνοχέναι
229 851 245 885 ή
258 849 477 885 ἐγγαστρίμυθος
493 850 539 877 τὸν
552 850 688 886 Σαμουὴλ,
708 852 755 877 καὶ
765 851 780 877 ό
795 852 847 877 Σα-
866 842 885 871 Β

55 894 144 930 μουὴλ
170 895 336 931 προφητεύει
362 897 400 931 (5)
416 896 455 932 τῷ
473 896 570 924 Σαούλ.
593 897 739 933 Τεσσάρων
759 898 848 924 οὐσῶν

53 940 213 974 περικοπῶν
225 941 275 976 (4),
294 938 332 969 ὧν
346 942 448 978 ἐκάστη
462 942 613 978 πράγματα
630 944 680 969 οὐκ
691 943 767 978 ὀλίγα
779 944 846 979 ἔχει,

53 985 125 1012 ἀλλὰ
144 986 260 1018 καὶτοῖς
275 986 434 1022 δυναμένοις
452 987 590 1020 ἐξετάζειν
611 989 747 1024 δυνάμενα
771 989 849 1024 ἀσχο-

53 1030 138 1066 λῆσαι
162 1031 236 1068 ὥρας
254 1033 284 1059 οὺ
307 1033 371 1068 μιᾶς
389 1034 535 1066 συνάξεως,
553 1034 622 1061 ἀλλὰ
643 1035 689 1061 καὶ
707 1035 845 1065 πλειόνων,

52 1077 70 1104 δ
83 1078 111 1104 τί
127 1086 192 1104 ποτε
209 1077 333 1113 βούλεται
348 1079 362 1105 ό
376 1079 525 1111 ἐπίσκοπος
535 1080 703 1116 προιτεινάτω
721 1079 774 1106 τῶν
791 1088 847 1107 τεσ-

54 1124 160 1159 σάρων,
177 1124 220 1150 ἵνα
236 1125 300 1160 περὶ
311 1124 390 1152 τοῦτο
401 1125 604 1162 ἀσχοληθῶμεψ
618 1126 656 1158 ὡς
672 1127 706 1153 τὰ
720 1127 784 1162 περὶ
796 1127 846 1162 τῆς

54 1170 290 1206 ἐγγαστριμύθου,
311 1171 404 1207 φησιν,
419 1171 596 1203 ἐξεταζέσθω.
613 1172 702 1198 Ἕνιαι
714 1172 763 1206 μὲν
777 1171 847 1197 ἱστο-

55 1216 113 1250 ρίαι
124 1216 175 1251 οὐχ
189 1215 415 1253 ἃπτονταιήμῶν·
424 1216 496 1244 οὕτω
510 1218 531 1244 δ’
543 1214 630 1249 εἷπον,
647 1217 771 1253 ἱστορίαι,
784 1217 846 1243 ἐπεὶ

52 1262 161 1289 οὐδέπω
190 1262 326 1298 φθάνομεν
344 1262 390 1290 ἐπὶ
406 1263 440 1290 τὰ
453 1263 503 1298 τῆς
521 1263 679 1298 ἀναγωγῆς,
696 1263 777 1289 παντὶ
807 1262 846 1298 τῷ

51 1307 137 1335 εἰδότι
146 1308 267 1343 ἀνάγειν,
279 1308 296 1344 ἦ
309 1308 418 1335 ἀκούειν
427 1309 601 1344 ἀναγομένων
617 1310 740 1344 χρήσιμα
751 1309 843 1335 πᾶσιν*

51 1351 110 1380 οἷον
124 1353 162 1385 ὼς
174 1353 220 1380 ἐπὶ
229 1352 449 1390 παραδείγματος
463 1355 479 1390 ἡ
496 1354 600 1390 ἱστορία
610 1355 627 1390 ὴ
643 1355 707 1390 περὶ
723 1355 770 1382 τοῦ
783 1355 845 1383 Λὼτ

51 1400 104 1427 καὶ
115 1399 171 1427 τῶν
181 1399 339 1436 θυγατέρων
358 1400 450 1428 αὑτοῦΔ
466 1401 498 1428 El
517 1401 608 1436 μέντοι
623 1402 694 1429 κατὰ
716 1402 765 1438 τὴν
775 1404 844 1430 ἁνα-

51 1446 150 1482 γωτὴν
162 1445 218 1481 ἐχει
236 1447 380 1482 χρήσιμον,
398 1446 464 1479 Θεὸς
477 1445 541 1479 οἶδε,
551 1448 598 1474 καὶ
611 1445 633 1481 ᾧ
646 1447 679 1474 ἂν
698 1449 844 1484 χαρίσηται

50 1492 119 1523 τοὺς
129 1491 226 1525 λόγους
241 1492 362 1523 ἐκείνους
372 1492 519 1525 ἐξετάζειν·
538 1494 562 1520 εί
577 1493 606 1520 δὲ
619 1493 690 1521 κατὰ
706 1495 756 1530 τὴν
771 1496 843 1522 ιστο-

52 1537 118 1572 ρίαν
133 1535 263 1573 ζητήσαις
277 1536 320 1568 ἂν,
333 1538 360 1563 τί
377 1538 431 1573 γὰρ
442 1537 537 1572 ὄφελός
553 1547 597 1574 μοι
617 1539 649 1566 ἐκ
665 1540 714 1575 τῆς
725 1540 844 1576 ἱστορίας

49 1581 106 1616 τῆς
118 1582 236 1617 περὶτοῦ
251 1582 311 1609 Λὼτ
324 1583 430 1609 καὶτῶν
439 1583 596 1619 θυγατέρων
609 1585 691 1612 αὑτοῦ
703 1594 710 1618 ;
728 1586 845 1621 Ὁμοίως

49 1628 82 1656 τε
100 1628 196 1663 ὄφελός
221 1638 266 1664 μοι
280 1629 372 1662 ἁπλῶς
389 1630 514 1665 λεχθεῖσα
527 1632 543 1666 ἡ
557 1632 661 1667 ἱστορία
681 1633 696 1668 ἡ
715 1633 779 1668 περὶ
800 1633 845 1660 τὺν

50 1674 144 1702 Σαοὺλ
158 1675 205 1702 καὶ
213 1676 262 1712 τὴν
270 1676 487 1712 ἐγγαστρίμυθον
497 1677 623 1710 ;ῐῙάντων
633 1678 747 1705 ἆπτεται
761 1679 845 1713 ἀναγ-

51 1720 122 1747 καία
136 1720 250 1756 ἀλήθεια
266 1721 336 1749 κατὰ
352 1722 398 1748 τὸν
420 1722 508 1757 λόγον·
534 1723 576 1755 τίς
593 1724 657 1759 γὰρ,
678 1724 846 1759 ἀπαλλαγεὶς

51 1765 152 1792 τούτου
168 1767 213 1793 τοῦ
227 1766 294 1802 βίου,
310 1767 381 1794 θέλει
394 1766 463 1794 εἶναι
479 1769 531 1795 ὑπὸ
547 1768 671 1801 ἐξουσίαν
688 1769 843 1805 δαιμονίου;

53 1810 116 1838 Ἵνα
131 1811 347 1848 ἐγγαστρίμυθος
361 1813 486 1849 ἁναγάγῃ
499 1814 529 1840 οὐ
544 1814 589 1841 τὸν
604 1815 720 1849 τυχόντα
729 1815 782 1842 τῶν
797 1825 847 1842 πει

52 1858 250 1891 πιστευκότων,
271 1858 338 1886 ἀλλὰ
361 1859 485 1895 Σαμουὴλ
505 1860 550 1886 τὸν
562 1861 714 1897 προφήτην,
736 1862 800 1897 περὶ
816 1859 845 1889 οὗ

50 1910 139 1939 φησιν
158 1905 172 1931 ὁ
188 1903 254 1936 Θεὸς
279 1905 324 1932 διὰ
348 1905 394 1932 τοῦ
415 1907 559 1942 Ἱερεμίου·
579 1915 588 1932 ι
610 1907 671 1933 Οὐδ’
689 1906 721 1933 ἂν
744 1908 846 1943 Μωσῆς

51 1949 104 1977 καὶ
124 1950 250 1987 Σαμουὴλ
265 1951 319 1987 πρὸ
344 1951 488 1986 προσώπου
506 1961 568 1987 μου,
586 1952 646 1979 οὐδὲ
660 1952 760 1979 τούτων
789 1954 845 1979 εἰσ-

92 2041 115 2057 ⁸³
127 2040 136 2068 l
153 2041 218 2076 Reg.
232 2048 290 2068 xnt.

54 2084 102 2108 xv,
118 2076 144 2104 Ι.
196 2076 220 2092 ⁸⁸
238 2077 308 2105 Psal.
324 2084 419 2110 xcwu,
432 2076 459 2107 ϐξ

344 2041 366 2058 ⁸⁹
381 2041 389 2069 l
407 2043 472 2081 Reg.
512 2051 585 2070 xxw.
615 2045 637 2060 ⁵ο
651 2044 716 2072 ibid.
735 2045 777 2073 l2.
803 2047 824 2063 ⁵¹
837 2045 845 2073 l
859 2045 923 2081 Reg.
942 2052 1026 2072 xxvtt.
1050 2044 1072 2059 δ’
1091 2043 1099 2070 l
1115 2043 1180 2079 Reg.
1196 2043 1321 2075 XX\‘III,2.
1360 2042 1459 2070 "ibid.
1473 2042 1500 2070 8.

902 209 1021 244 posthaec
1042 206 1234 235 occultationis
1249 204 1359 232 Davidis
1372 205 1441 239 apud
1459 203 1583 237 Ziphzeos
1604 203 1691 230 histo-

902 255 969 282 riam
987 255 1020 286 δ’,
1036 253 1110 281 illum
1129 252 1163 280 al)
1180 252 1220 279 eis
1232 256 1404 281 accusatum,
1421 250 1564 277 advenisse
1579 248 1689 276 Sauletn

900 309 934 328 eo
948 301 1050 332 animo,
1074 304 1103 327 ιιι
1119 299 1247 326 Davidetn
1267 302 1393 333 caperet,
1415 301 1442 324 ct
1457 303 1519 323 eum
1535 295 1690 322 advenisset

903 352 1010 382 tempus
1027 351 1219 381 exspectasse;
1237 343 1430 379 supervenisse
1453 341 1526 370 Sauli
1550 341 1688 371 Davident,

902 393 1000 428 illoque
1030 400 1062 418 ac.
1094 391 1167 418 illius
1194 389 1352 417 cttstodibus
1376 388 1596 419 dormientibus.
1632 387 1690 413 lan—

902 446 977 466 ceam
1000 443 1026 465 et
1042 445 1118 472 aqua;
1146 436 1300 463 lenticulam
1325 435 1447 470 rapuisse
1459 435 1497 465 ι¹⁴⁵;
1527 439 1620 469 postea
1637 433 1690 461 illis

902 484 948 519 qui
963 484 1034 511 illius
1052 482 1181 510 custodes
1193 486 1280 513 erant,
1297 481 1446 508 revelasse.
1465 479 1595 514 Sequitur
1608 479 1690 506 tertia

902 530 1023 557 narratio
1035 529 1068 560 “,
1087 528 1214 555 Davidem
1235 528 1269 555 ad
1293 527 1384 555 Achar
1408 534 1499 562 regem
1517 526 1585 554 Geth
1614 526 1689 552 aufu-

901 577 984 610 gisse,
999 581 1025 602 et
1043 584 1123 611 quam
1141 575 1244 602 invenit
1258 574 1374 609 gratiam
1393 572 1477 600 David
1492 577 1552 607 post
1568 581 1610 600 res
1622 581 1690 607 pra:-

901 624 973 650 t'lare
988 627 1088 657 gestas,
1113 623 1146 649 ad
1172 629 1263 656 quem,
1282 631 1290 646 ι
1306 620 1436 655 Corporis
1464 619 1515 647 mei
1548 619 1689 647 eustodetn

901 669 1063 696 constituam
1083 673 1118 697 te.
1142 677 1150 693 I
1171 668 1257 702 inquit
1272 668 1305 694 “.
1327 666 1426 694 Ultima
1446 667 1567 694 omnium
1586 671 1628 693 est
1645 673 1690 693 ce-

902 714 984 742 lebris
1010 715 1122 742 historia
1145 714 1178 741 de
1196 714 1365 748 ventriloqua
1385 718 1413 741 et
1431 713 1558 741 Samuelo
1573 713 1607 740 ⁵³.
1627 712 1688 740 Visa

901 769 1016 795 namque
1025 766 1066 788 est
1079 761 1246 795 ventriloqna
1260 760 1412 788 Satnueletn
1426 767 1569 791 evocasse;
1580 758 1689 786 Saintth

903 806 976 833 Sauli
1002 807 1176 833 vaticinatur.
1200 805 1332 839 Qnazlibct
1361 805 1458 832 harum
1477 804 1603 839 partium,
1629 812 1689 838 qua:

902 858 1019 887 quatuor
1032 857 1105 884 sunt,
1120 860 1211 879 rerum
1221 851 1310 886 copia,
1321 851 1402 877 etiam
1414 850 1454 877 Itis
1467 849 1596 884 quiltisce
1609 849 1691 877 rebus

901 899 1087 927 examinandis
1097 898 1151 934 apti
1163 904 1236 930 sunt,
1253 905 1308 924 non
1321 897 1411 929 unius,
1424 895 1471 923 sed
1485 895 1629 930 pluritnunt
1642 895 1687 922 llO-

901 952 992 972 rarum
1003 952 1176 980 congressum
1186 943 1352 977 occupando,
1365 941 1500 978 negotium
1512 941 1633 968 lacesset.
1642 940 1689 967 Ar-

902 990 1002 1018 bitratu
1016 998 1065 1017 suo
1077 993 1192 1024 partem,
1205 996 1286 1024 quam
1304 988 1371 1019 vult,
1389 990 1521 1022 proponat
1533 986 1686 1021 episcopus,

901 1039 930 1062 ut
942 1035 968 1062 in
980 1035 1005 1061 id
1014 1035 1133 1062 studiqu
1144 1039 1264 1061 nostrum
1274 1033 1456 1061 conferamus.
1467 1033 1531 1066 Quae,
1542 1033 1575 1060 de
1586 1033 1689 1060 ventri-

901 1079 979 1115 loqua
991 1079 1202 1112 narrantur,ait,
1212 1078 1410 1106 examinentur.
1420 1077 1560 1105 Nonnullae
1570 1077 1694 1104 historiae-

901 1129 994 1152 nostra
1005 1133 1056 1152 non
1069 1125 1215 1152 intersunt.
1228 1123 1265 1151 lla
1276 1131 1338 1151 veru
1349 1123 1455 1150 loeutus
1469 1131 1527 1150 sum
1539 1131 1545 1154 ;
1562 1123 1686 1157 quamlu-

901 1171 1010 1205 quidem
1026 1170 1060 1197 ad
1080 1170 1193 1198 altiores
1212 1177 1302 1197 rerum
1323 1176 1436 1201 sensus,
1460 1168 1687 1202 suhlltnioresquu

901 1215 1020 1242 nondutn
1037 1214 1222 1249 pervenimus,
1237 1213 1285 1248 qui
1301 1213 1428 1240 omnibus
1445 1212 1527 1239 utiles
1541 1216 1616 1244 sttul,
1632 1215 1687 1238 tum

901 1261 934 1288 iis
946 1261 990 1295 qtti
1001 1260 1062 1287 illos
1072 1259 1208 1295 proferre,
1222 1263 1278 1286 tuttt
1289 1258 1322 1285 iis
1333 1257 1379 1292 qui
1389 1257 1450 1284 illos
1459 1257 1552 1284 audire
1563 1260 1686 1292 possunt.

899 1306 978 1342 49],
1000 1305 1158 1340 Exemplum
1176 1309 1217 1331 est
1241 1304 1353 1332 historia
1371 1304 1404 1330 de
1422 1303 1472 1330 Lot
1505 1307 1532 1329 et
1546 1302 1606 1336 eius
1619 1301 1687 1328 lilia-

899 1353 960 1380 bus.
977 1352 1005 1379 Si
1021 1359 1100 1379 sensu
1125 1351 1252 1387 mystico,
1274 1357 1306 1377 ac
1331 1349 1481 1381 recondito,
1497 1348 1616 1382 aliquam
1632 1355 1687 1382 pra:

900 1405 929 1425 se
953 1397 1005 1425 fert
1028 1397 1186 1430 utilitatem,
1200 1396 1271 1424 Deus
1294 1395 1380 1427 novit,
1393 1399 1420 1422 et
1436 1395 1458 1422 is
1475 1394 1519 1422 cui
1542 1394 1611 1422 Deus
1625 1401 1694 1429 gra-

901 1444 965 1471 tiam
982 1443 1098 1471 contnlit
1119 1450 1260 1471 sermones
1284 1441 1343 1469 illos
1370 1440 1556 1468 exantinandi.
1576 1439 1604 1467 Si
1622 1447 1686 1467 vero

899 1493 1048 1521 secttndum
1061 1492 1181 1519 historia:
1196 1491 1293 1519 seriem
1312 1491 1462 1526 perquiras,
1474 1489 1583 1516 cuinam
1600 1488 1687 1515 histo-

900 1539 938 1566 ria
953 1538 1013 1572 Lot,
1030 1539 1156 1574 illiusque
1171 1538 1287 1565 ﬁliarum
1305 1537 1415 1564 utilitati
1430 1537 1495 1564 mihi
1509 1536 1566 1563 est?
1582 1535 1686 1562 Simili-

900 1589 941 1612 ter
968 1585 1103 1619 quodnam
1130 1585 1193 1611 mihi
1218 1585 1273 1618 jam
1305 1584 1376 1610 dicta
1401 1583 1434 1610 de
1463 1582 1633 1616 ventriloqua
1659 1586 1687 1608 et

900 1629 980 1656 Saule
998 1629 1110 1656 historia
1126 1629 1206 1656 all‘ert
1223 1628 1556 1656 emolumentum?Otnnia
1575 1626 1686 1658 veritas.

900 1682 960 1709 qua:
974 1677 999 1701 in
1017 1682 1142 1702 sermone
1157 1680 1209 1707 εει,
1223 1675 1377 1702 necessario
1388 1679 1506 1708 superat.
1521 1673 1586 1706 Quis
1601 1673 1689 1706 enim,

900 1722 1027 1756 praisenti
1049 1721 1103 1748 vita
1127 1721 1246 1753 deserta,
1263 1721 1312 1748 sub
1333 1725 1468 1756 potestate
1484 1721 1614 1748 daemonis
1627 1728 1687 1748 csse

900 1767 981 1793 velit?
996 1766 1210 1800 Utventriloqua
1227 1771 1322 1794 evocet
1345 1775 1398 1794 non
1416 1775 1431 1794 e
1448 1767 1572 1794 ﬁdelibus
1591 1775 1685 1797 unum,

900 1813 947 1840 sed
972 1812 1125 1839 Satuuelem
1146 1812 1315 1847 prophetam,
1332 1812 1365 1839 de
1378 1821 1432 1847 quo
1451 1813 1521 1840 Deus
1541 1821 1587 1848 per
1609 1812 1686 1840 Jere-

899 1860 980 1886 tniant
1003 1858 1161 1885 dixerat":
1177 1868 1187 1884 ι
1202 1858 1294 1893 Neque
1308 1860 1329 1886 si
1346 1859 1453 1894 Moyses
1470 1864 1497 1886 et
1513 1859 1622 1886 Samuel
1637 1868 1686 1885 att-

899 1910 924 1932 te
943 1904 1039 1932 l'acictn
1068 1912 1166 1937 tneatn,
1192 1912 1239 1931 eos
1268 1905 1428 1936 exaudiant;
1445 1914 1453 1929 ι
1482 1905 1514 1931 de
1541 1913 1595 1938 quo
1621 1905 1684 1930 lll'lll

900 1951 1032 1986 Propheta
1048 1950 1149 1978 fatetur
1161 1950 1188 1977 in
1202 1949 1309 1985 hymnis
1320 1950 1342 1965 "
1356 1959 1362 1976 :
1379 1958 1387 1974 ι
1412 1949 1515 1984 Moyses
1542 1954 1567 1976 et
1594 1949 1683 1976 Aaron

1547 2043 1570 2058 ⁸⁵
1581 2041 1684 2070 Jerem.

54 2155 92 2184 ibi
107 2154 179 2192 enim
187 2158 264 2192 erant
279 2154 461 2192 ἀναγνῶσται,
477 2160 503 2192 et
516 2157 549 2183 ad
565 2164 628 2184 suos
641 2165 706 2185 usus
719 2157 798 2192 Scrip

934 2157 973 2190 [3)
994 2157 1188 2192 Προφητεύει.
1222 2156 1471 2190 Forlelegendum,
1487 2156 1679 2192 npotpq'tstisw.

56 2198 116 2218 ram
132 2190 159 2216 in
173 2189 308 2226 sectiones
322 2191 613 2226 populoprwlegendas
625 2189 840 2225 distribuebant;

54 2230 82 2253 et
98 2232 159 2259 qua
182 2224 311 2261 praelecta
336 2224 454 2258 fuerant,
472 2224 688 2260 exponebantnr.
716 2228 791 2261 Quod
818 2228 840 2256 si

54 2265 204 2298 extraneas
231 2259 340 2298 aliquis
356 2259 514 2298 dignitate,
538 2262 680 2298 itineritisve
710 2259 841 2298 praestans

54 2296 174 2326 adesset.
196 2296 300 2327 copiam
317 2295 340 2322 ei
356 2294 459 2329 legendi
484 2301 511 2322 et
528 2297 678 2323 disserendi
696 2294 840 2325 facit-bant.

53 2329 150 2366 Fidem
172 2329 216 2357 his
231 2329 335 2357 faciunt
352 2338 412 2364 qtne
436 2335 529 2358 narrat
553 2331 651 2365 Lucas,
668 2340 728 2366 cap.
746 2341 783 2365 tv,
797 2334 840 2366 l6,

53 2365 101 2396 17,
116 2369 145 2392 et
169 2371 238 2398 seq.,
263 2369 290 2391 et
306 2365 365 2391 Act.
390 2373 451 2398 χιιι,
467 2374 521 2397 xiv,
545 2374 590 2399 xv,
607 2365 841 2395 xxvrtfl‘luutdent

52 2400 140 2437 igitur
153 2399 348 2437 dividendtein
364 2401 516 2436 περικοπὰς
536 2401 693 2436 Scriptura.
706 2407 733 2430 et
749 2404 782 2429 ad
795 2411 844 2437 po-

52 2433 339 2471 p‘ulutn‘prazlegeudag
372 2433 582 2471 etiexponenda‘.
598 2433 705 2464 'moretn
729 2433 843 2471 usurpao

53 2468 122 2509 runt
139 2468 458 2509 C_hris_tiaui._IQuonianj
481 2476 570 2509 autem
595 2472 742 2507 aliquando
765 2468 843 2509 πέρι-

51 2505 137 2541 κοπήν
153 2503 267 2539 longior,
284 2504 429 2538 aliquando
445 2506 563 2538 brevior,
590 2503 704 2541 qua-tque
722 2503 842 2535 versicu-

51 2541 110 2567 lum
122 2540 255 2578 duntttaat
271 2547 353 2566 unum
376 2541 541 2578 t'nnlinert'l,
555 2540 666 2578 populo
678 2543 841 2578 prmlegeha-

53 2581 111 2607 tur,
129 2575 191 2601 inde
206 2575 307 2613 factum
324 2579 352 2601 ut
370 2575 538 2613 ἀνάγνωσμα
554 2577 623 2604 idettt
640 2575 684 2604 sit'
695 2575 842 2613 alitpiando

53 2618 86 2637 ac
105 2610 252 2644 περικοπή.
271 2609 415 2643 aliquando
439 2609 509 2638 idem
535 2620 566 2637 ac
584 2609 747 2639 versiculus.-
764 2613 840 2639 Ἀνα-

53 2644 170 2679 γνώσεις
184 2652 231 2671 seu
247 2644 449 2680 ἀναγνώσματα
463 2646 548 2673 (ἶι-ιιιοὶ
563 2646 668 2678 Patres.
690 2647 776 2674 Latini
803 2649 840 2675 Ιο-

54 2680 163 2716 crinitos
174 2680 319 2716 appellant,
331 2687 401 2707 uttue
414 2683 546 2715 hodieque
562 2683 589 2708 in
606 2683 714 2716 liturgia
732 2684 821 2710 missa:
831 2703 838 2713 .

56 2725 66 2740 ι
88 2715 172 2741 lectio
194 2714 331 2748 epistola):
351 2725 361 2741 ο
384 2716 446 2742 inde
468 2718 549 2743 etiam
574 2714 701 2748 lectores;
728 2717 789 2744 inde
814 2723 841 2745 et

56 2749 227 2777 lvminttaria.
246 2749 313 2776 Vide
329 2758 377 2777 nos
399 2751 425 2777 in
445 2750 525 2778 Joan.
551 2759 580 2783 ιι,
601 2752 633 2778 η
650 2758 676 2779 et
691 2761 748 2787 seq.
769 2752 840 2780 liue-

57 2793 130 2814 fill-*-

92 2819 131 2855 ιδὲὶ
151 2819 330 2852 Φερούντων.
346 2819 457 2849 διτίὺοι]
470 2821 534 2855 ἰιιιι,
548 2821 773 2856 δορυφορούντων.

932 2193 970 2227 (4)
991 2191 1173 2226 Περικοπῶν.
1197 2191 1355 2226 Περικοπάς
1374 2191 1417 2219 hic
1430 2192 1554 2226 appellnt.
1575 2200 1634 2226 quae
1656 2194 1682 2222 in

897 2229 994 2255 uisitata
1031 2227 1175 2254 bihliorum
1204 2227 1379 2254 distinctione
1406 2228 1494 2260 capita
1522 2232 1684 2257 censentur.

896 2263 1055 2297 Quanquam
1068 2262 1118 2288 alia
1133 2267 1196 2289 tttnc
1212 2267 1272 2288 erat
1283 2269 1422 2289 sacrorutn
1440 2262 1570 2288 librorunt
1585 2263 1682 2291 divisio

896 2303 977 2332 atque
995 2305 1066 2324 nunc
1083 2302 1145 2324 est:
1164 2305 1228 2324 suos
1249 2297 1321 2324 enim
1346 2304 1451 2326 versus.
1478 2304 1525 2323 sua
1550 2297 1680 2331 capitula,

896 2341 960 2361 suos
978 2333 1070 2359 titulos
1093 2332 1227 2360 habebant
1247 2340 1261 2359 a
1286 2332 1386 2359 uestris
1400 2332 1478 2365 plane
1499 2333 1634 2358 diversos.
1653 2335 1679 2361 Id

897 2373 1018 2394 veterum
1034 2368 1182 2402 Scriptura:
1204 2367 1381 2401 interpretum
1399 2367 1587 2393 commentarii
1612 2370 1681 2396 satis

896 2404 1022 2437 probant,
1038 2403 1084 2436 qui
1100 2402 1157 2430 suis
1179 2402 1297 2429 distittcti
1311 2406 1374 2429 sunt
1388 2402 1537 2436 capitibus.
1552 2411 1566 2428 ιι
1580 2406 1680 2431 nostris

896 2438 1008 2465 omnino
1023 2437 1128 2465 alienis.
1145 2437 1267 2472 Vulgata,
1280 2438 1328 2464 ista
1341 2445 1422 2472 quam
1437 2445 1608 2471 usurpamus,
1624 2439 1680 2465 (118-

897 2473 992 2500 tim-tio
1016 2473 1151 2500 recentior
1171 2471 1228 2505 est;
1257 2480 1307 2500 nec
1327 2471 1475 2506 Séripturte
1509 2471 1614 2503 solum,
1632 2475 1678 2500 sed

895 2509 1063 2536 eaolicorum
1086 2509 1265 2542 quorumdam
1291 2513 1443 2538 auctorum,
1462 2506 1508 2540 qui
1529 2506 1597 2542 olim
1624 2516 1678 2534 nno

895 2548 991 2570 coulex
998 2549 1024 2569 tu
1032 2548 1059 2570 et
1071 2541 1142 2570 série
1156 2542 1294 2577 descripti,
1302 2543 1359 2569 suis
1368 2549 1438 2568 nunc
1445 2541 1533 2567 ornati
1542 2542 1679 2577 capitibus

896 2585 921 2605 et
931 2578 1014 2605 titulis
1022 2579 1157 2605 videntur.
1167 2578 1193 2604 ld
1204 2583 1267 2604 ante
1276 2585 1361 2603 annos
1371 2577 1482 2603 circiter
1492 2576 1565 2602 tnille
1573 2577 1599 2602 in
1614 2577 1677 2604 Ari-

892 2614 987 2640 stotele
993 2618 1018 2640 et
1025 2613 1274 2647 aliiscomplnrihtts
1280 2612 1460 2647 studiosorum
1468 2612 1605 2638 hominum
1613 2621 1655 2639 cui
1662 2621 1682 2640 ει

894 2649 1052 2681 attentavit;
1066 2646 1180 2683 quorum
1197 2646 1356 2683 industriam
1368 2646 1577 2683 ternulatiltujus
1590 2650 1681 2674 aetatis

893 2684 994 2714 critici,
1018 2680 1145 2710 anciores
1164 2682 1298 2716 hodieque
1311 2682 1452 2708 divelluut.
1474 2680 1677 2716 Non’negamns

896 2723 986 2745 tamen
1004 2719 1150 2753 scriptores
1162 2718 1276 2753 aliquos,
1295 2716 1427 2753 Agelliutn
1452 2721 1527 2753 puta.
1547 2716 1678 2743 librorum

896 2761 1008 2779 suorum
1026 2751 1161 2787 capitibus
1184 2751 1275 2781 titulos
1301 2751 1459 2786 praetlsisse;
1477 2751 1530 2780 Sed
1552 2753 1608 2780 [nec
1628 2760 1679 2779 suo

893 2787 953 2816 loco
966 2787 1132 2816 disserenda.

930 2796 953 2816 εο
966 2795 1132 2816 (ΙΙδὸϐΓῧΙΙιΙίι.
