1888 3051
71 131 131 160 l0”

614 136 647 164 IN
667 136 796 165 LIBRUM
815 137 933 165 REGUM
954 137 1096 166 llOMlLlA
1115 139 1148 166 ΙΙ.

1618 142 1686 171 1018

68 190 142 225 ἡμᾶς,
161 188 258 224 ἴδωμεν
288 187 401 224 πότερόν
421 198 485 216 ποτε
508 190 630 226 νενόηται
647 192 663 227 ἡ
690 192 710 218 Γ
712 192 786 228 ραφὴ
810 191 845 226 τῷ

901 199 1046 222 concutere
1065 195 1162 227 Vztleal,
1191 194 1330 223 videamus
1355 201 1444 224 utrum
1467 202 1540 226 recte
1562 198 1685 234 Scriptu-

66 234 137 261 τοῦτο
150 234 186 269 μὴ
207 235 431 271 παραδεξαμένῳ·
446 235 462 271 ἢ
484 236 537 263 ἀπὸ
550 237 661 270 ἐνδόξων
681 238 729 273 μὲν
745 239 847 273 ἐπιχει-

68 282 114 317 ρεῖ,
141 280 247 307 ἐναντία
271 281 299 308 δὲ
314 281 387 315 λέγει
408 283 462 313 τοῖς
476 284 687 318 γεγραμμένοις.
703 284 769 310 Τίνα
792 285 846 320 γάρ

66 325 161 352 ἐστιτά
174 326 370 362 γεγραμμένας
387 336 395 352 ι
417 327 472 354 Καὶ
489 325 565 354 εἶπεν
581 330 687 365 ὴγυνή·
706 329 771 356 Τίνα
786 330 848 357 ἀνα-

65 370 136 404 γάγω
148 378 202 403 σοι;
221 380 230 396 ι
249 371 327 403 Τίνος
343 373 487 408 πρόσωπόν
507 375 564 400 ἐστι
579 375 609 401 τὺ
623 374 712 409 λέγον,
731 385 740 401 ι
763 373 846 402 Εἶπεν

65 417 168 452 ἡγυνή;
192 426 202 442 r
224 414 297 453 τΑρα
315 418 345 444 τὸ
361 418 505 453 πρόσωπον
525 419 601 453 ἁγίου
622 421 790 456 Πνεύματος,
816 421 846 454 ἐξ

63 461 90 490 οὖ
103 462 277 489 πεπίστευται
290 463 495 500 ἀναγεγράφθαι
511 467 527 502 ἠ
548 466 653 502 Γραφὴ,
670 467 686 502 ἢ
702 468 845 503 πρόσωπον

62 509 136 536 ἄλλου
151 509 238 541 τινόςς
259 509 294 536 Τὸ
306 509 359 546 γὰρ
374 510 569 547 διηγηματικὸν
588 513 733 548 πρόσωπον
747 522 845 541 παντα-

62 555 116 590 χοῦ,
131 554 166 586 ὼς
186 553 258 581 ἴσασι
276 555 322 581 καὶ
336 556 359 582 οἱ
375 556 438 591 περὶ
456 557 639 589 παντοδαποὺς
650 559 786 593 γενόμενοι
801 559 845 586 λό-

61 608 132 633 γους,
149 600 205 626 ἐστὶ
221 601 367 636 πρόσωπον
390 601 437 627 τοῦ
459 603 647 638 συγγραφέως.
668 605 844 640 Συγγραφεὺς

60 646 86 672 δὲ
99 647 142 673 ἐπὶ
158 646 260 673 τούτων
272 648 326 674 τῶν
343 647 429 682 λόγων
449 649 625 677 πεπίστευται
644 649 713 678 εἶναι
731 652 781 678 οὐκ
797 651 844 678 ἄν·

61 692 173 727 Θριυπος,
190 693 258 720 ἀλλά
282 695 457 730 συγγραφεὺς
481 695 510 722 τὸ
527 696 638 731 Πνεῦμα
657 697 687 723 τὸ
706 697 793 732 ἅγιον,
812 698 843 725 τὸ

59 739 167 774 κινῆσαν
180 740 241 772 τοὺς
256 739 424 776 ἀνθρώπους·
441 741 537 768 οὐκοῦν
550 742 580 768 τὸ
600 743 713 778 Πνεῦμα
726 743 755 769 τὸ
767 743 842 778 ἆγιον

58 785 137 819 λέγει’
160 795 169 810 ‹
187 786 243 813 Καὶ
267 784 368 822 εἶπενὴ
381 787 458 823 γυνή·
478 787 544 814 Τίνα
568 789 698 823 ἀναγάγω
715 798 770 822 σοι;
794 790 841 816 καὶ

56 828 124 857 εἶπε·
142 832 268 868 Σαμουὴλ
282 832 402 866 ἀνάγαγε
420 841 472 867 μοι.
488 843 497 858 ι
509 833 556 865 Τίς
574 833 657 868 λέγει·
677 843 686 860 t
705 834 760 860 Καὶ
773 832 841 861 εἶδεν

56 878 146 913 ήγυνὴ
159 871 204 905 τδν
217 879 354 914 Σαμουὴλ,
372 879 418 905 καὶ
433 879 544 914 ἐϐόησεν
556 880 572 915 ἡ
585 880 652 916 γυνὴ
667 882 742 916 φωνῇ
759 881 844 916 μεγά-

55 922 86 960 λῃ
98 923 228 958 λέγουσα;
249 934 258 950 ι
283 924 414 960 Ἐροῦμεν
435 925 502 960 πρὸς
522 927 625 953 ἐκεῖνον
643 926 762 953 τοσαῦτα
777 928 842 962 ἡμῖν

54 969 310 1006 καταδομϐήσαντα,
327 971 374 997 καὶ
396 971 480 1006 μυρία
499 972 639 1008 εἰρηκότα,
662 973 700 1005 ὼς
715 973 769 1008 ἀρα
790 974 842 999 Σα-

55 1015 135 1051 μουὴλ
150 1017 200 1043 οὐκ
215 1014 249 1052 ἧν
268 1018 296 1044 ἐν
308 1017 381 1054 ᾅδου.
401 1028 410 1045 t
432 1017 508 1046 Εἷδεν
523 1022 538 1056 ἡ
554 1021 623 1057 γυνὴ
642 1021 778 1056 Σαμουὴλ,
799 1031 808 1047 ι
825 1022 841 1056 ἡ

51 1060 236 1097 διηγηματικὴ
248 1063 323 1099 φωνὴ
333 1064 410 1090 τοῦτο
423 1064 518 1100 ἔφησε,
535 1075 544 1090 ι
561 1066 607 1092 καὶ
620 1065 731 1101 ὲεόησεν
743 1067 759 1101 η
773 1066 840 1101 γυνὴ

52 1107 125 1142 φωνῇ
148 1107 265 1144 μεγάλῃ,
284 1108 329 1135 καὶ
347 1106 418 1142 εἷπε,
433 1110 478 1145 Μὴ
490 1110 583 1144 φοϐοῦ.
602 1111 667 1145 πρὸς
685 1111 780 1138 Σαούλ·
798 1113 841 1140 ἵνα

49 1151 74 1177 τί
86 1153 286 1188 παρηνοχλήςω
302 1163 345 1189 με,
360 1155 406 1182 καὶ
422 1156 455 1182 σὺ
465 1154 491 1182 εἴ
504 1156 604 1189 Σαούλ;
616 1158 670 1183 Καὶ
683 1156 759 1184 εἶπεν
770 1159 839 1195 αὐτῇ

50 1198 63 1223 ὸ
77 1197 211 1232 βασιλεύς·
230 1200 261 1226 Τί
281 1200 334 1236 γάρ
356 1201 433 1235 ἐστι,
450 1202 495 1237 Μὴ
525 1202 624 1237 φοὸοὖ;
642 1203 673 1229 Τί
692 1203 838 1239 ἑώρακας;

49 1243 99 1270 Καὶ
111 1242 188 1272 εἶπεν
199 1246 217 1281 ἡ
235 1246 302 1282 γυνὴ
318 1247 386 1282 πρὸς
400 1248 446 1275 τὸν
470 1248 563 1275 Σαούλ’
585 1249 668 1281 Θεοὺς
688 1247 757 1276 εἶδον
774 1251 839 1276 ἀνα-

48 1288 187 1323 ϐαίνοντας
209 1293 242 1318 ἐκ
258 1293 307 1327 τῆς
332 1293 392 1328 γῆς.
414 1294 469 1321 Καὶ
484 1293 560 1321 εἶπεν
576 1295 654 1330 αὒτῖγ
672 1296 704 1322 Τί
720 1295 750 1323 τὸ
770 1293 839 1327 εἶδος

46 1335 150 1368 αὐτῶν;
169 1337 226 1363 Καὶ
242 1335 317 1364 εἶπεν
329 1338 413 1373 αὐτῷ·
437 1339 518 1374 Ἀνὴρ
532 1339 716 1375 πρεσϐύτερος
727 1341 840 1367 ἀναϐαί-

45 1390 113 1412 νων,
136 1383 183 1409 καὶ
209 1383 291 1415 αὐτὸς
318 1384 549 1419 περιϐεϐλημένος
571 1385 690 1412 διπλοΐδα
710 1386 800 1420 ἐφούδ.
825 1397 833 1412 t

45 1426 124 1460 Λέγει
148 1427 236 1463 αὐτὴν
252 1429 404 1464 ἑωρακέναι
421 1429 467 1455 καὶ
480 1429 510 1456 τὸ
523 1429 629 1465 ἱμάτιον
642 1430 671 1457 τὸ
689 1431 835 1466 ζερατικόν.

44 1469 109 1499 Οἶδα
122 1473 162 1505 δὲ,
176 1474 218 1501 ὅτι
239 1474 359 1501 ἐναντίον
377 1475 408 1501 ἐκ
431 1475 477 1501 τοῦ
492 1476 571 1509 λόγου
587 1476 670 1510 λέγει,
683 1477 712 1503 οὺ
734 1477 835 1513 θαῦμα.

860 864 880 891 Β

900 246 942 265 ras
953 240 1116 274 perceperit,
1134 241 1181 274 qui
1198 240 1224 267 id
1239 249 1291 268 non
1306 241 1435 275 admittit,
1454 243 1495 270 vel
1512 251 1684 280 argutnente.

898 289 942 310 tur
975 285 1009 312 ab
1033 285 1192 318 illustribus,
1225 288 1430 322 pugnantiaque
1453 289 1525 315 dicat
1549 290 1602 318 illis
1625 299 1685 326 qum

898 331 998 365 scripta
1025 337 1099 360 sunt.
1125 332 1192 359 Nam
1217 341 1277 367 quae
1291 339 1353 360 sunt
1370 335 1469 369 scripta
1483 336 1524 363 σοι
1544 347 1553 363 ι
1569 338 1601 365 Ει
1616 338 1684 365 dixit

897 378 1002 412 mulier,
1015 378 1100 412 Quem
1115 380 1234 406 evocabo
1250 380 1315 408 tibi?
1330 391 1339 406 ι
1354 380 1500 415 annsnam
1514 389 1554 411 est
1567 392 1683 418 persona

898 424 952 457 illa,
976 432 1036 458 qua:
1062 424 1153 452 dicit:
1171 425 1264 452 tDixit
1289 427 1421 454 mulier?)
1448 429 1544 456 Annon
1569 439 1682 464 persona

897 469 1015 503 Spiritus
1030 471 1128 502 sancti,
1149 478 1164 497 a
1181 479 1235 505 quo
1250 472 1355 500 divinas
1370 473 1474 500 litteras
1488 476 1604 509 scriptas
1624 484 1684 505 esse

896 516 1042 548 credimus,
1057 516 1099 543 vel
1117 517 1230 545 alterius
1260 518 1429 553 cujnspiatn?
1447 519 1551 555 Quippe
1569 530 1681 556 persona

896 569 1010 588 narrans
1035 562 1145 596 ubique,
1173 566 1403 598 quemadmodum
1432 567 1477 599 qui
1506 574 1554 600 per
1588 576 1684 596 omnes

895 607 1030 634 ovationis
1057 609 1151 635 modos
1175 610 1276 636 versati
1295 616 1357 637 sunt
1382 612 1486 644 optime
1509 613 1619 643 callent.
1636 622 1684 641 att-

896 653 978 680 cmris
994 661 1105 688 persmta
1121 655 1216 682 esl.At
1234 664 1388 683 sermonum
1398 657 1494 684 horum
1511 664 1617 691 auctor,
1630 668 1682 688 nun

896 699 986 730 homo,
1010 699 1056 726 sed
1079 700 1198 733 Spiritus
1227 706 1347 732 sanctus.
1366 703 1411 736 qui
1440 704 1524 731 movit
1547 704 1682 737 homines,

895 750 956 770 esse
976 744 1105 771 creditur.
1129 745 1199 772 Dicit
1229 746 1309 780 igitur
1329 746 1447 781 Spiritus
1471 754 1583 777 sanctus
1601 759 1608 776 :
1626 760 1635 776 ι
1649 750 1683 778 Ει

895 789 963 816 dixit
975 789 1071 816 mulier
1089 799 1095 816 :
1110 790 1195 823 Quem
1213 791 1327 818 educam
1343 793 1451 821 tibi?et
1462 794 1530 822 dixit
1545 804 1551 822 :
1565 795 1680 824 Samue-

895 835 946 862 letn
965 836 1033 863 cduc
1049 837 1126 865 mihi.
1143 846 1152 863 ›
1170 836 1236 870 Quis
1250 839 1338 866 dicit:
1353 848 1362 864 ι
1377 839 1407 866 Ει
1423 841 1490 868 vidit
1518 842 1615 869 mulier
1631 842 1681 870 Sa-

896 880 1023 914 muclem,
1045 886 1072 909 et
1087 882 1215 910 clamavit
1233 884 1330 911 mulier
1344 892 1411 912 voce
1433 893 1529 920 magna
1545 887 1655 916 dicens?
1669 897 1678 914 ι

894 926 1014 954 Dicimus
1035 928 1067 954 ad
1089 928 1174 960 illum,
1190 929 1235 963 qui
1258 934 1369 957 nostras
1394 939 1475 958 aures
1496 932 1617 967 implevit
1634 942 1680 960 rtt-

892 973 1023 1004 morilius,
1041 972 1241 1009 immodicaque
1263 975 1409 1002 verborum
1425 977 1504 1012 copia
1524 977 1680 1006 Samuelem

892 1017 962 1049 apud
984 1015 1085 1044 inferos
1103 1025 1156 1045 non
1175 1018 1258 1046 fuisse
1280 1020 1431 1047 contendit.
1457 1030 1466 1047 ι
1483 1021 1553 1049 Vidit
1581 1023 1679 1050 u‘mlier

892 1061 1053 1094 Samuelem,
1071 1073 1080 1089 ι
1096 1071 1209 1090 narrans
1220 1072 1271 1091 vox
1287 1065 1396 1096 dixit“.
1410 1075 1419 1092 ι
1438 1070 1463 1093 et
1474 1067 1603 1094 clamavit
1619 1077 1680 1095 mll-

891 1107 941 1134 lier
957 1115 1022 1135 voce
1039 1116 1150 1143 magna,
1173 1115 1201 1137 et
1216 1111 1284 1138 dixit
1298 1111 1331 1137 ad
1349 1112 1422 1138 Sauli
1435 1120 1459 1139 m
1478 1121 1485 1139 :
1504 1112 1543 1140 Ne
1561 1114 1677 1141 timeas:

891 1153 997 1188 utquid
1014 1153 1143 1189 dcccpisti
1172 1163 1225 1188 me,
1236 1162 1262 1183 et
1286 1161 1313 1183 ιιι
1342 1165 1372 1184 es
1400 1157 1483 1185 Sani?
1503 1157 1537 1185 Et
1562 1158 1631 1185 dixit
1652 1159 1677 1186 ei

891 1206 937 1226 rex
953 1207 960 1226 :
977 1198 1046 1233 Quid
1063 1200 1089 1226 id
1102 1204 1160 1232 est.
1176 1198 1214 1228 Ne
1232 1202 1421 1235 timeas?Quid
1435 1203 1548 1230 vidisti?
1565 1204 1596 1231 Et
1610 1205 1678 1231 dixit

891 1245 988 1271 mulier
1006 1246 1038 1272 ad
1059 1245 1122 1272 Saul
1138 1255 1145 1273 :
1162 1246 1230 1274 Deos
1246 1247 1299 1274 vidi
1317 1249 1495 1276 ascendentes
1508 1258 1522 1277 e
1541 1255 1625 1279 terra.
1645 1252 1677 1279 Et

890 1291 957 1318 dixit
971 1291 1004 1317 ad
1018 1299 1097 1318 eam:
1114 1291 1178 1326 Quae
1189 1299 1230 1320 est
1247 1293 1331 1321 l'urma
1352 1294 1460 1322 illorunt
1470 1296 1523 1323 ?Et
1537 1297 1605 1323 dixit
1623 1298 1674 1324 illi:

891 1335 939 1362 Vir
954 1337 1044 1364 senior
1063 1338 1224 1369 ascendens,
1244 1344 1271 1366 et
1285 1339 1329 1366 hic
1347 1341 1440 1367 senior
1455 1341 1573 1375 diploide
1587 1342 1676 1376 epliod

890 1381 1009 1410 indutus.
1024 1392 1033 1408 ι
1050 1383 1163 1410 Fatetur
1177 1391 1235 1410 eam
1249 1385 1351 1411 vidisse
1365 1390 1393 1412 et
1406 1391 1506 1412 vestem
1521 1387 1677 1414 sacerdota-

890 1427 952 1454 lem.
967 1427 1035 1455 Novi
1051 1429 1206 1463 oppositum
1223 1431 1324 1461 dicere,
1341 1431 1411 1464 quod
1430 1431 1527 1458 mirum
1551 1441 1603 1459 non
1622 1438 1674 1460 est.

889 1471 947 1506 Ipse
962 1473 1061 1507 quippe
1088 1473 1204 1501 Satanas
1233 1475 1411 1502 transformat
1439 1483 1468 1502 se
1494 1476 1519 1502 in
1549 1477 1675 1512 angi-inm

44 1518 130 1550 Αὐτὸς
139 1519 195 1554 γὰρ
211 1520 226 1545 ὁ
242 1520 364 1551 Σατανᾶς
378 1520 644 1555 μετασχηματίζεται
664 1522 703 1552 εἰς
723 1522 838 1556 ἄγγελον

891 1516 957 1544 lucis
967 1517 999 1543 ”.
1018 1517 1108 1550 Quare
1129 1526 1256 1553 magnum
1274 1528 1325 1546 non
1352 1526 1404 1551 est.
1421 1521 1443 1548 si
1461 1525 1488 1548 et
1505 1521 1579 1548 illitis
1597 1522 1676 1548 titini-

47 1564 205 1608 φωτόςξοὺ,
215 1566 286 1603 μέγα
295 1564 340 1592 οὖν
354 1566 466 1592 είκαὶοὶ
483 1565 687 1592 διάκονοιαὺτοῦ
703 1575 839 1603 μετασχη-

43 1609 261 1644 ματίζοηπαιῖὒς
279 1611 396 1637 διάκονοι
411 1610 592 1646 δικαιοσύνης.
614 1610 694 1636 Ἀλλὰ
710 1611 735 1637 τί
754 1612 837 1644 ἐστιν,

39 1655 108 1692 ὅπερ
121 1655 195 1683 εἶδεν
210 1658 227 1691 ἡ
243 1655 321 1691 γυνὴ,
342 1655 388 1683 τοῦ
405 1656 544 1691 Σαμουήλ;
570 1655 648 1683 Ἀλλά
673 1656 837 1691 γέγραπται,

39 1701 79 1727 ὅτι
107 1703 181 1736 ἔγνω
205 1702 302 1734 Σαοὺλ,
321 1703 362 1729 ὅτι
388 1702 514 1737 Σαμουὴλ
544 1703 612 1734 ἐστι,
640 1712 648 1728 ι
665 1703 719 1729 Καὶ
743 1703 838 1729 ἔπεσεν

38 1748 82 1773 ἐπὶ
97 1749 249 1784 πρόσωπον
261 1748 306 1774 ἐπὶ
323 1748 371 1784 τὴν
378 1748 441 1783 γῆν,
459 1748 506 1774 καὶ
522 1748 734 1784 προσεκύνησεν.
751 1759 760 1773 ι
771 1747 837 1775 Εἶτα

40 1793 121 1820 πάλιν
135 1793 168 1820 τὺ
182 1793 332 1830 πρόσωπον
345 1794 395 1828 τῆς
411 1794 532 1829 Γραφῆς·
550 1803 558 1819 t
574 1794 627 1820 Καὶ
641 1792 700 1820 εἷπε
711 1794 837 1830 Σαμουὴλ

37 1839 105 1874 πρὸς
119 1839 222 1866 Σαούλ·
244 1838 301 1865 Ἵνα
321 1839 347 1866 τί
364 1839 543 1875 παρώργισάς
569 1848 602 1875 με
620 1839 666 1866 τοῦ
686 1840 835 1874 ἀναγαγεῖν

37 1891 86 1917 με;
98 1894 107 1910 ι
125 1881 243 1916 «Elite,»
258 1883 339 1919 φησὶν
351 1884 368 1919 ἡ
393 1885 498 1920 Γραφὴ,
513 1885 566 1911 ἔδει
587 1885 731 1917 πιστεύειν,
749 1895 757 1911 ι
777 1884 836 1912 εἷπε

33 1929 176 1966 Σαμουῆλε
195 1930 257 1956 Ἵνα
268 1929 293 1956 τί
310 1929 488 1966 παρώργισάς
500 1940 533 1966 με
550 1931 596 1957 τοῦ
610 1932 756 1966 ἀναγαγεῖν
766 1940 799 1967 με
810 1940 833 1964 ςι

34 1973 102 2002 Εἶτα
126 1975 200 2012 repit;
214 1975 309 2002 τοῦτον
334 1977 511 2013 ἀποκρίνεται
534 1977 629 2003 Σαούλ·
652 1987 659 2002 ι
684 1977 789 2013 Σφόδρα
811 1978 835 2003 oi

31 2021 182 2057 ἀλλόφυλοι
210 2022 376 2057 πολεμοῦσιν
398 2024 427 2050 ὲν
445 2023 517 2058 ἐμοὶ,
540 2023 585 2050 καὶ
608 2024 622 2050 ό
642 2023 709 2054 Θεὸς
729 2023 834 2059 ἀπέστη

31 2068 77 2094 ἀπ’
90 2068 175 2104 ἐμοῦ,
198 2070 250 2096 καὶ
260 2069 309 2096 οὐκ
323 2069 458 2104 ἀπεκρίθη
476 2078 520 2105 μοι
536 2070 588 2099 ἔτι.
606 2070 652 2096 καί
667 2078 700 2104 γε
722 2070 750 2095 ἐν
764 2070 835 2106 χειρὶ

28 2114 83 2141 τῶν
104 2115 276 2151 προφητῶν,
292 2115 339 2141 καὶ
359 2115 388 2141 ἐν
404 2116 461 2146 τοῖς
486 2115 619 2146 ἐνυπνίοις
637 2115 764 2147 ἐκάλεσα,
787 2115 834 2142 τοῦ

27 2156 152 2192 δηλῶσαί
168 2167 217 2194 μοι
232 2159 258 2185 τί
273 2160 387 2194 ποιήσω.
404 2168 413 2184 ι
434 2159 518 2186 Πάλιν
539 2160 554 2195 ή
570 2159 675 2195 Γραφὴ,
694 2160 743 2187 οὐκ
756 2160 834 2192 ἄλλος

27 2201 117 2236 εἶπεν,
141 2203 207 2231 ἀλλ’
230 2204 272 2230 ὅτι
295 2205 375 2236 αὐτὸς
398 2205 524 2242 Σαμουὴλ
547 2206 614 2242 ἔφη·
634 2215 643 2232 ι
660 2207 715 2233 Καὶ⁴
741 2207 784 2233 ἳνα
808 2208 834 2234 τί

27 2250 220 2285 ὲπερὼτησάς
243 2259 292 2284 με;
316 2251 371 2277 Καὶ
399 2251 500 2287 Κύριος
521 2253 626 2288 ἀπέστη
643 2253 696 2279 ἀπὸ
711 2253 768 2282 σοῦ,
788 2254 835 2280 καὶ

26 2293 147 2330 ἐγενήθη
167 2294 245 2321 κατὰ
259 2294 317 2325 σοῦ,
337 2295 383 2321 καὶ
399 2297 525 2331 ἐποίησεν
539 2297 617 2324 ἄλλον
632 2298 717 2333 αὐτῷ,
733 2297 762 2324 ὃν
777 2299 835 2334 τρό-

26 2349 76 2366 πον
89 2340 234 2376 ἐλάλησεν
250 2342 277 2366 ἐν
293 2341 365 2376 χειρί
381 2351 440 2377 μου.
457 2343 512 2369 Καὶ
531 2343 673 2379 ὂιαρῤήξει
690 2344 739 2378 τὴν
760 2344 834 2379 βασι-

24 2385 100 2414 λείαν
118 2387 153 2414 ἐκ
181 2386 280 2422 χειρός
309 2395 366 2413 σου.
389 2396 398 2412 ι
425 2388 479 2414 Καὶ
503 2388 640 2424 δαιμόνιον
665 2390 831 2425 προφητεύει

23 2432 90 2467 περὶ
110 2431 265 2468 βασιλείας
282 2432 490 2468 Ίσραηλιτικῆς.
516 2433 548 2459 Τί
574 2442 656 2468 φησιν
678 2435 692 2461 ὀ
712 2435 832 2467 ἐναντίος

22 2477 121 2512 λόγοςς
149 2479 259 2515 Ὁρᾶτε
272 2479 333 2511 ὅσος
344 2479 418 2513 ἀγών
431 2480 504 2506 ἐστιν
519 2481 547 2507 ὲν
560 2480 598 2516 τῷ
610 2480 682 2516 λόγῳ
694 2481 740 2508 τοῦ
753 2482 832 2514 Θεοῦ,

21 2525 120 2560 χρείαν
136 2526 215 2561 ἔχων
235 2525 284 2552 καὶ
300 2526 440 2561 ἀκροατῶν
454 2526 608 2562 δυναμένων
627 2527 711 2561 ἀγίων
723 2528 831 2555 ἀκούειν

19 2572 111 2607 λόγων
130 2572 281 2609 μεγάλων,
294 2574 340 2599 καὶ
350 2574 512 2608 ἀπορρήτων
528 2573 582 2600 τῶν
595 2575 659 2609 περὶ
668 2575 717 2609 τῆς
727 2574 830 2607 ἐξόδου,

19 2617 272 2654 ὲπαπορουμένων
285 2626 314 2644 τε
327 2617 380 2643 τῶν
397 2617 547 2653 προτέρων,
560 2617 620 2644 οὔτε
633 2618 685 2645 τῶν
700 2618 832 2654 δευτέρων

21 2665 119 2700 σαφῶν
149 2665 259 2691 ὄντων.
291 2664 360 2690 Ἀλλ’
375 2665 389 2690 ὁ
404 2664 482 2698 λόγος
502 2664 542 2691 ἔτι
572 2665 728 2698 ἐξετάζεται
754 2665 832 2699 Λέγω

17 2711 57 2742 δὲ,
84 2712 130 2738 ὅτι
155 2709 306 2743 ἀναγκαία
331 2710 376 2736 καὶ
398 2711 414 2745 ἡ
441 2710 555 2745 ἱστορία,
577 2711 658 2745 καὶὴ
680 2711 831 2747 ὲξέτασιςή

18 2758 85 2793 περὶ
103 2758 211 2792 αὐτῆς,
235 2755 281 2782 ἵνα
295 2756 394 2790 ἴδωμεν
411 2756 437 2782 τί
458 2757 531 2791 ἡμᾶς
546 2759 601 2792 ἔχει
615 2757 684 2792 μετὰ
704 2757 752 2793 τὴν
776 2758 832 2791 ἑξο-

54 2845 79 2861 “
95 2845 106 2873 ι
121 2844 195 2879 Reg.
215 2851 316 2877 χιιι-ιιι,
334 2844 374 2872 li.

414 2845 435 2861 ⁶λ
451 2846 526 2878 ιιιιιιη
543 2846 585 2879 l2,
601 2847 640 2875 15.
681 2847 702 2863 ⁸⁸
719 2847 738 2874 Η
755 2847 816 2875 Cor.
835 2855 871 2879 λι,
890 2847 931 2875 ΙΙ.

892 1563 940 1590 stri
964 1563 990 1589 itt
1014 1564 1280 1599 tttinislrosjustilia:
1301 1572 1513 1594 commutantur.
1536 1567 1588 1594 Sed
1611 1568 1674 1602 quid

891 1609 917 1636 id
932 1613 982 1640 est,
997 1609 1068 1644 quod
1094 1610 1229 1637 Samuelis
1250 1619 1310 1639 esse
1338 1612 1435 1639 ttutlier
1456 1613 1600 1647 cognovit!
1622 1613 1675 1640 Sed

890 1656 1022 1690 scriptum
1048 1661 1089 1683 est
1114 1656 1223 1684 Saulem
1242 1659 1404 1692 cognovisse
1427 1658 1503 1685 illum
1520 1659 1602 1686 fuisse
1624 1659 1660 1687 Sa

890 1701 1057 1728 mucletn“:
1074 1711 1082 1728 ι
1106 1702 1140 1729 Et
1165 1703 1304 1736 procubuit
1322 1703 1402 1738 493
1432 1703 1457 1730 itt
1486 1704 1581 1731 faciem
1597 1712 1674 1731 suam

888 1754 971 1781 super
992 1751 1102 1779 terram,
1121 1752 1147 1775 et
1162 1748 1295 1775 adoravit.
1311 1758 1319 1773 ι
1342 1748 1447 1775 Rursus
1466 1749 1530 1775 item
1547 1749 1675 1783 Scriptu-

889 1799 925 1818 ra:
943 1796 1056 1819 auctor:
1073 1801 1082 1817 ι
1098 1793 1130 1819 Ει
1148 1793 1216 1819 dixit
1231 1793 1338 1820 Samuel
1353 1793 1385 1819 ad
1409 1792 1519 1819 Saultsm
1536 1802 1542 1820 :
1558 1792 1592 1820 Ut
1610 1793 1674 1826 quid

888 1839 1051 1872 per-turbasti
1069 1847 1112 1866 me
1124 1838 1245 1866 faciendo
1257 1838 1431 1866 ascendere?»
1451 1837 1563 1869 «Dixit,»
1588 1839 1675 1873 inquit

889 1883 1041 1917 Scriptura,
1058 1883 1113 1917 jam
1135 1884 1246 1910 credere
1261 1890 1329 1918 opus
1350 1887 1392 1909 est
1408 1890 1413 1907 :
1434 1891 1443 1908 ι
1455 1882 1527 1909 Dixit
1540 1883 1649 1910 Samuel
1665 1891 1673 1909 :

888 1928 922 1956 Ut
941 1929 1004 1963 quid
1029 1929 1054 1955 in
1073 1929 1143 1956 iram
1161 1929 1285 1956 excitasti
1305 1937 1357 1961 me,
1380 1929 1503 1955 faciendo
1525 1936 1568 1956 me
1581 1937 1676 1956 ascen-

887 1975 985 2001 dere'h
1006 1975 1159 2009 Respondet
1175 1975 1273 2002 deinde
1289 1975 1352 2002 Saul
1370 1985 1376 2002 :
1392 1984 1402 2000 ι
1416 1975 1499 2002 Valde
1516 1974 1675 2009 alienigena:

886 2027 1007 2055 pugnant
1025 2021 1050 2048 in
1065 2028 1125 2053 me,
1143 2026 1170 2048 et
1186 2021 1258 2048 Deus
1277 2022 1404 2048 discessit
1422 2029 1435 2048 a
1453 2029 1505 2051 me.
1521 2026 1548 2047 et
1564 2029 1614 2048 non
1631 2029 1676 2048 re-

886 2067 996 2100 spondit
1021 2066 1087 2094 mihi
1118 2067 1199 2098 ultra.
1220 2067 1284 2094 licet
1309 2067 1396 2102 ipsum
1421 2068 1446 2094 in
1472 2069 1598 2095 manibus
1615 2076 1675 2101 pro-

886 2113 1039 2147 phetarum,
1066 2118 1091 2140 et
1118 2113 1143 2140 in
1173 2114 1287 2141 somniis
1315 2114 1510 2146 invocaverim,
1529 2115 1562 2140 ad
1581 2113 1672 2140 notiﬂ-

886 2159 1084 2186 candumvmilti
1102 2159 1165 2193 quid
1184 2159 1292 2186 faciam.
1307 2170 1316 2185 ›
1335 2160 1435 2186 lterum
1454 2159 1609 2194 Scriptura,
1624 2167 1674 2186 nec

887 2203 956 2231 alius
977 2204 1057 2235 dixit,
1076 2205 1161 2238 ipsum
1187 2203 1341 2231 Samuelcm
1364 2206 1496 2232 dixisse"
1513 2214 1519 2232 :
1536 2215 1545 2231 ι
1558 2205 1592 2233 Ut
1607 2205 1673 2239 quid

887 2251 1038 2284 interrogas
1067 2250 1130 2277 me?
1149 2251 1179 2277 Et
1209 2251 1338 2277 Dominus
1363 2251 1486 2278 discessit
1501 2259 1516 2278 a
1536 2257 1571 2284 te,
1593 2257 1619 2278 et
1638 2252 1674 2278 l'a-

887 2301 948 2322 ctus
964 2301 1002 2322 est
1024 2302 1117 2322 contra
1134 2301 1169 2327 tc.
1194 2301 1220 2322 et
1245 2296 1310 2323 fecit
1325 2297 1409 2324 alium
1433 2297 1494 2328 sibi,
1512 2297 1582 2324 sicut
1603 2297 1680 2324 locn-

887 2347 929 2369 lus
945 2346 986 2369 est
1005 2342 1030 2368 in
1049 2350 1128 2368 manu
1148 2350 1217 2371 mea.
1238 2342 1271 2370 Et
1287 2343 1428 2369 altscindel
1441 2351 1552 2378 regnum
1568 2343 1600 2369 dc
1614 2351 1676 2369 ma-

886 2395 921 2414 nu
939 2391 994 2413 tua.
1007 2397 1016 2412 ι
1041 2387 1206 2414 ὓςιξιιιοιιίιιιιι
1223 2388 1257 2414 de
1275 2388 1423 2415 israelitico
1439 2396 1521 2422 regno
1535 2389 1666 2414 vaticina-

886 2439 940 2460 tur.
957 2433 1027 2466 Quid
1043 2435 1077 2460 ad
1097 2434 1164 2467 haec,
1179 2435 1223 2468 qui
1237 2435 1406 2461 contrarium
1426 2433 1575 2461 asserunt?
1592 2434 1673 2461 Vide-

887 2480 921 2507 tis
941 2480 1076 2514 quodnam
1095 2485 1235 2507 certamen
1262 2480 1295 2506 sit
1320 2480 1347 2507 in
1373 2480 1464 2507 verbis
1480 2479 1596 2510 Domini,
1610 2486 1670 2512 quae

885 2527 1054 2553 auditoribus
1070 2526 1203 2559 indigent.
1224 2526 1268 2559 qui
1286 2533 1382 2559 magna
1399 2529 1426 2551 et
1448 2523 1593 2551 ineﬂ'abilia
1610 2531 1670 2558 pos-

883 2573 937 2600 sint
952 2572 1101 2607 intelligere
1120 2573 1154 2600 de
1168 2573 1241 2599 exitu
1259 2580 1292 2599 ex
1319 2572 1369 2598 hac
1382 2572 1446 2602 vita,
1462 2579 1522 2598 cum
1541 2571 1628 2605 prima
1643 2570 1670 2597 in

884 2618 994 2645 dubium
1007 2623 1254 2649 controvertautur,
1274 2617 1434 2644 etsecunda
1455 2616 1597 2643 tttanil’esta
1616 2623 1670 2642 non

883 2664 946 2690 sint.
964 2663 1017 2691 Sed
1039 2671 1130 2690 sermo
1146 2663 1235 2690 adhuc
1254 2658 1280 2689 in
1302 2662 1428 2689 examine
1455 2667 1508 2689 est.
1527 2662 1592 2689 Dico
1606 2669 1671 2688 vero

885 2711 1064 2738 necessariam
1079 2717 1139 2737 esse
1155 2715 1182 2736 et
1194 2709 1351 2742 historiam,
1369 2714 1396 2736 et
1415 2709 1486 2736 illius
1500 2717 1626 2741 examen,
1641 2713 1670 2736 ut

885 2756 949 2792 quid
969 2763 1017 2783 nos
1034 2760 1094 2790 post
1117 2755 1178 2783 vitae
1198 2755 1279 2789 hujus
1292 2756 1395 2783 exitum
1410 2760 1560 2790 exspectat.
1576 2755 1668 2782 videa-

981 2846 1003 2862 "
1017 2845 1024 2873 I
1039 2844 1105 2881 Reg.
1122 2854 1216 2880 xxurt,
1233 2847 1276 2875 Η.
1315 2846 1335 2863 ⁸⁷
1350 2845 1403 2875 ibi]
1418 2867 1426 2881 ,
1448 2847 1488 2879 16,
1510 2847 1550 2874 Π.
