  <div class='ocr_page' id='page_1' title='image "/cluster/home/n/w/nwhite01/storage/ocr_20150623/12/njp.32101077772422/538.png"; bbox 0 0 1888 3051; ppageno 0'>
   <div class='ocr_carea' id='block_1_1' title="bbox 66 127 136 156">
    <p class='ocr_par' dir='ltr' id='par_1_1' title="bbox 66 127 136 156">
     <span class='ocr_line' id='line_1_1' title="bbox 66 127 136 156; baseline 0 -1"><span class='ocrx_word' id='word_1_1' title='bbox 66 127 136 156; x_wconf 64' lang='grc'><strong>1091</strong></span> 
     </span>
    </p>
   </div>
   <div class='ocr_carea' id='block_1_2' title="bbox 614 124 1150 154">
    <p class='ocr_par' dir='ltr' id='par_1_2' title="bbox 614 124 1150 154">
     <span class='ocr_line' id='line_1_2' title="bbox 614 124 1150 154; baseline 0 0"><span class='ocrx_word' id='word_1_2' title='bbox 614 127 646 154; x_wconf 79' lang='lat' dir='ltr'><strong>IN</strong></span> <span class='ocrx_word' id='word_1_3' title='bbox 668 124 796 154; x_wconf 78' lang='lat' dir='ltr'><strong>LIBRUM</strong></span> <span class='ocrx_word' id='word_1_4' title='bbox 815 125 933 153; x_wconf 79' lang='lat' dir='ltr'><strong>REGUM</strong></span> <span class='ocrx_word' id='word_1_5' title='bbox 955 124 1097 154; x_wconf 75' lang='lat' dir='ltr'><strong>IIOMILIA</strong></span> <span class='ocrx_word' id='word_1_6' title='bbox 1117 125 1150 154; x_wconf 90' lang='lat' dir='ltr'><strong>ll.</strong></span> 
     </span>
    </p>
   </div>
   <div class='ocr_carea' id='block_1_3' title="bbox 1628 124 1699 153">
    <p class='ocr_par' dir='ltr' id='par_1_3' title="bbox 1628 124 1699 153">
     <span class='ocr_line' id='line_1_3' title="bbox 1628 124 1699 153; baseline 0 -1"><span class='ocrx_word' id='word_1_7' title='bbox 1628 124 1699 153; x_wconf 69' lang='grc'><strong>1022</strong></span> 
     </span>
    </p>
   </div>
   <div class='ocr_carea' id='block_1_4' title="bbox 63 182 808 224">
    <p class='ocr_par' dir='ltr' id='par_1_4' title="bbox 63 186 808 224">
     <span class='ocr_line' id='line_1_4' title="bbox 63 186 808 224; baseline 0.003 -11"><span class='ocrx_word' id='word_1_8' title='bbox 63 187 116 222; x_wconf 75' lang='grc' dir='ltr'><strong>οὐχ</strong></span> <span class='ocrx_word' id='word_1_9' title='bbox 132 187 170 219; x_wconf 82' lang='grc' dir='ltr'>ὡς</span> <span class='ocrx_word' id='word_1_10' title='bbox 182 186 275 218; x_wconf 80' lang='grc' dir='ltr'><strong>δοῦλος</strong></span> <span class='ocrx_word' id='word_1_11' title='bbox 289 187 343 214; x_wconf 89' lang='grc' dir='ltr'><strong>τῶν</strong></span> <span class='ocrx_word' id='word_1_12' title='bbox 354 187 422 221; x_wconf 83' lang='grc' dir='ltr'><strong>ἐκεῖ,</strong></span> <span class='ocrx_word' id='word_1_13' title='bbox 436 187 493 214; x_wconf 78' lang='grc' dir='ltr'><strong>ἀλλ’</strong></span> <span class='ocrx_word' id='word_1_14' title='bbox 512 187 550 220; x_wconf 81' lang='grc' dir='ltr'>ὡς</span> <span class='ocrx_word' id='word_1_15' title='bbox 564 188 697 224; x_wconf 81' lang='grc' dir='ltr'><strong>δεσπότης</strong></span> <span class='ocrx_word' id='word_1_16' title='bbox 708 188 808 215; x_wconf 78' lang='grc' dir='ltr'><strong>παλαια</strong></span> 
     </span>
    </p>
   </div>
   <div class='ocr_carea' id='block_1_5' title="bbox 949 182 1694 224">
    <p class='ocr_par' dir='ltr' id='par_1_5' title="bbox 949 182 1694 220">
     <span class='ocr_line' id='line_1_5' title="bbox 949 182 1694 220; baseline -0.008 -5"><span class='ocrx_word' id='word_1_17' title='bbox 949 195 957 215; x_wconf 66' lang='grc' dir='ltr'><strong>ι</strong></span> <span class='ocrx_word' id='word_1_18' title='bbox 970 195 1001 216; x_wconf 85' lang='lat' dir='ltr'><strong>cs</strong></span> <span class='ocrx_word' id='word_1_19' title='bbox 1016 194 1107 220; x_wconf 81' lang='lat' dir='ltr'><strong>suum,</strong></span> <span class='ocrx_word' id='word_1_20' title='bbox 1122 185 1194 214; x_wconf 77' lang='lat' dir='ltr'><strong>sicut</strong></span> <span class='ocrx_word' id='word_1_21' title='bbox 1209 183 1252 212; x_wconf 89' lang='lat' dir='ltr'><strong>leo</strong></span> <span class='ocrx_word' id='word_1_22' title='bbox 1266 183 1374 218; x_wconf 83' lang='lat' dir='ltr'><strong>rapiens</strong></span> <span class='ocrx_word' id='word_1_23' title='bbox 1387 186 1416 210; x_wconf 89' lang='lat' dir='ltr'><strong>et</strong></span> <span class='ocrx_word' id='word_1_24' title='bbox 1432 182 1551 219; x_wconf 87' lang='lat' dir='ltr'><strong>rugiens.</strong></span> <span class='ocrx_word' id='word_1_25' title='bbox 1571 182 1694 218; x_wconf 75' lang='lat' dir='ltr'><strong>Dispersa</strong></span> 
     </span>
    </p>
   </div>
   <div class='ocr_carea' id='block_1_6' title="bbox 62 232 858 270">
    <p class='ocr_par' dir='ltr' id='par_1_6' title="bbox 62 232 858 270">
     <span class='ocr_line' id='line_1_6' title="bbox 62 232 858 270; baseline 0.003 -11"><span class='ocrx_word' id='word_1_26' title='bbox 62 232 105 263; x_wconf 74' lang='lat' dir='ltr'><strong>di;</strong></span> <span class='ocrx_word' id='word_1_27' title='bbox 127 232 223 268; x_wconf 81' lang='grc' dir='ltr'>πρώην</span> <span class='ocrx_word' id='word_1_28' title='bbox 250 232 379 268; x_wconf 72' lang='grc' dir='ltr'><strong>ἐλέγομεν</strong></span> <span class='ocrx_word' id='word_1_29' title='bbox 394 233 571 269; x_wconf 78' lang='grc' dir='ltr'><strong>ἐξηγούμενοι</strong></span> <span class='ocrx_word' id='word_1_30' title='bbox 597 233 644 261; x_wconf 72' lang='grc' dir='ltr'><strong>τὸν</strong></span> <span class='ocrx_word' id='word_1_31' title='bbox 666 233 774 270; x_wconf 79' lang='grc' dir='ltr'><strong>ψαλμὸν</strong></span> <span class='ocrx_word' id='word_1_32' title='bbox 799 237 858 261; x_wconf 61' lang='lat' dir='ltr'><strong>ita&quot;</strong></span> 
     </span>
    </p>
   </div>
   <div class='ocr_carea' id='block_1_7' title="bbox 66 277 861 315">
    <p class='ocr_par' dir='ltr' id='par_1_7' title="bbox 66 277 861 315">
     <span class='ocr_line' id='line_1_7' title="bbox 66 277 861 315; baseline 0.003 -11"><span class='ocrx_word' id='word_1_33' title='bbox 66 286 77 303; x_wconf 73' lang='grc' dir='ltr'><strong>ι</strong></span> <span class='ocrx_word' id='word_1_34' title='bbox 105 277 333 313; x_wconf 82' lang='grc' dir='ltr'><strong>Περιεκύκλωσάν</strong></span> <span class='ocrx_word' id='word_1_35' title='bbox 353 287 387 314; x_wconf 82' lang='grc' dir='ltr'>με</span> <span class='ocrx_word' id='word_1_36' title='bbox 409 279 503 313; x_wconf 78' lang='grc' dir='ltr'><strong>μόσχοι</strong></span> <span class='ocrx_word' id='word_1_37' title='bbox 523 278 626 311; x_wconf 79' lang='grc' dir='ltr'><strong>πολλοὶ,</strong></span> <span class='ocrx_word' id='word_1_38' title='bbox 650 279 745 315; x_wconf 81' lang='grc' dir='ltr'><strong>ταῦροι</strong></span> <span class='ocrx_word' id='word_1_39' title='bbox 769 279 861 311; x_wconf 79' lang='grc' dir='ltr'><strong>πίονες</strong></span> 
     </span>
    </p>
   </div>
   <div class='ocr_carea' id='block_1_8' title="bbox 63 323 861 360">
    <p class='ocr_par' dir='ltr' id='par_1_8' title="bbox 63 323 861 360">
     <span class='ocr_line' id='line_1_8' title="bbox 63 323 861 360; baseline 0.001 -10"><span class='ocrx_word' id='word_1_40' title='bbox 63 324 212 359; x_wconf 76' lang='grc' dir='ltr'><strong>περιέσχον</strong></span> <span class='ocrx_word' id='word_1_41' title='bbox 229 332 274 358; x_wconf 89' lang='grc' dir='ltr'><strong>με.</strong></span> <span class='ocrx_word' id='word_1_42' title='bbox 291 323 420 357; x_wconf 76' lang='grc' dir='ltr'><strong>Ἤνοιξαν</strong></span> <span class='ocrx_word' id='word_1_43' title='bbox 433 324 478 350; x_wconf 89' lang='grc' dir='ltr'><strong>ἐπ’</strong></span> <span class='ocrx_word' id='word_1_44' title='bbox 493 325 542 360; x_wconf 79' lang='grc' dir='ltr'><strong>ἐμὲ</strong></span> <span class='ocrx_word' id='word_1_45' title='bbox 559 325 589 351; x_wconf 82' lang='grc' dir='ltr'><strong>τὸ</strong></span> <span class='ocrx_word' id='word_1_46' title='bbox 607 325 693 360; x_wconf 83' lang='grc' dir='ltr'><strong>στόμα</strong></span> <span class='ocrx_word' id='word_1_47' title='bbox 705 324 805 356; x_wconf 80' lang='grc' dir='ltr'><strong>αὐτῶν,</strong></span> <span class='ocrx_word' id='word_1_48' title='bbox 823 325 861 356; x_wconf 81' lang='grc' dir='ltr'>ὡς</span> 
     </span>
    </p>
   </div>
   <div class='ocr_carea' id='block_1_9' title="bbox 61 368 861 406">
    <p class='ocr_par' dir='ltr' id='par_1_9' title="bbox 61 368 861 406">
     <span class='ocr_line' id='line_1_9' title="bbox 61 368 861 406; baseline 0.003 -11"><span class='ocrx_word' id='word_1_49' title='bbox 61 368 134 395; x_wconf 67' lang='grc' dir='ltr'><strong>λάων</strong></span> <span class='ocrx_word' id='word_1_50' title='bbox 150 368 280 405; x_wconf 78' lang='grc' dir='ltr'><strong>ἁρπάζων</strong></span> <span class='ocrx_word' id='word_1_51' title='bbox 294 369 340 396; x_wconf 79' lang='grc' dir='ltr'><strong>καὶ</strong></span> <span class='ocrx_word' id='word_1_52' title='bbox 354 369 520 405; x_wconf 78' lang='grc' dir='ltr'><strong>ὼρυὸμενος.</strong></span> <span class='ocrx_word' id='word_1_53' title='bbox 531 371 730 406; x_wconf 82' lang='grc' dir='ltr'><strong>Διεσκορπίσθη</strong></span> <span class='ocrx_word' id='word_1_54' title='bbox 745 370 779 397; x_wconf 83' lang='grc' dir='ltr'><strong>τὰ</strong></span> <span class='ocrx_word' id='word_1_55' title='bbox 795 371 861 396; x_wconf 81' lang='grc' dir='ltr'><strong>ὀστᾶ</strong></span> 
     </span>
    </p>
   </div>
   <div class='ocr_carea' id='block_1_10' title="bbox 63 414 862 451">
    <p class='ocr_par' dir='ltr' id='par_1_10' title="bbox 63 414 862 451">
     <span class='ocr_line' id='line_1_10' title="bbox 63 414 862 451; baseline 0.001 -10"><span class='ocrx_word' id='word_1_56' title='bbox 63 423 129 449; x_wconf 85' lang='grc' dir='ltr'>μου,</span> <span class='ocrx_word' id='word_1_57' title='bbox 144 424 152 441; x_wconf 80' lang='grc' dir='ltr'><strong>ι</strong></span> <span class='ocrx_word' id='word_1_58' title='bbox 164 414 377 450; x_wconf 80' lang='grc' dir='ltr'><strong>Μεμνῄμεθα,εῐ</strong></span> <span class='ocrx_word' id='word_1_59' title='bbox 385 423 417 449; x_wconf 92' lang='grc' dir='ltr'><strong>γε</strong></span> <span class='ocrx_word' id='word_1_60' title='bbox 426 416 598 451; x_wconf 77' lang='grc' dir='ltr'><strong>μεμνήμεθα,</strong></span> <span class='ocrx_word' id='word_1_61' title='bbox 611 416 668 443; x_wconf 86' lang='grc' dir='ltr'><strong>τῶν</strong></span> <span class='ocrx_word' id='word_1_62' title='bbox 683 415 761 451; x_wconf 82' lang='grc' dir='ltr'><strong>ἱερῶν</strong></span> <span class='ocrx_word' id='word_1_63' title='bbox 768 423 862 451; x_wconf 80' lang='grc' dir='ltr'><strong>γραμ-</strong></span> 
     </span>
    </p>
   </div>
   <div class='ocr_carea' id='block_1_11' title="bbox 63 459 858 498">
    <p class='ocr_par' dir='ltr' id='par_1_11' title="bbox 63 459 858 498">
     <span class='ocr_line' id='line_1_11' title="bbox 63 459 858 498; baseline 0.003 -11"><span class='ocrx_word' id='word_1_64' title='bbox 63 459 170 495; x_wconf 80' lang='grc' dir='ltr'><strong>μάτων·</strong></span> <span class='ocrx_word' id='word_1_65' title='bbox 193 460 334 496; x_wconf 81' lang='grc' dir='ltr'><strong>μέμνημαι</strong></span> <span class='ocrx_word' id='word_1_66' title='bbox 349 461 404 496; x_wconf 83' lang='grc' dir='ltr'><strong>γὰρ</strong></span> <span class='ocrx_word' id='word_1_67' title='bbox 422 461 511 489; x_wconf 84' lang='grc' dir='ltr'><strong>αὐτῶν</strong></span> <span class='ocrx_word' id='word_1_68' title='bbox 531 462 682 498; x_wconf 77' lang='grc' dir='ltr'><strong>εἰρημένων</strong></span> <span class='ocrx_word' id='word_1_69' title='bbox 699 463 740 495; x_wconf 81' lang='grc' dir='ltr'><strong>εἰς</strong></span> <span class='ocrx_word' id='word_1_70' title='bbox 756 463 802 490; x_wconf 83' lang='grc' dir='ltr'><strong>τὸν</strong></span> <span class='ocrx_word' id='word_1_71' title='bbox 816 465 858 489; x_wconf 88' lang='grc' dir='ltr'><strong>κα¹</strong></span> 
     </span>
    </p>
   </div>
   <div class='ocr_carea' id='block_1_12' title="bbox 60 505 860 544">
    <p class='ocr_par' dir='ltr' id='par_1_12' title="bbox 60 505 860 544">
     <span class='ocr_line' id='line_1_12' title="bbox 60 505 860 544; baseline 0.005 -13"><span class='ocrx_word' id='word_1_72' title='bbox 60 506 182 542; x_wconf 76' lang='grc' dir='ltr'>ψαλμόν.</span> <span class='ocrx_word' id='word_1_73' title='bbox 197 505 303 532; x_wconf 78' lang='grc' dir='ltr'><strong>Οὐκοῦν</strong></span> <span class='ocrx_word' id='word_1_74' title='bbox 319 507 333 533; x_wconf 84' lang='grc' dir='ltr'><em>ὁ</em></span> <span class='ocrx_word' id='word_1_75' title='bbox 351 506 447 543; x_wconf 81' lang='grc' dir='ltr'><strong>Σωτὴρ</strong></span> <span class='ocrx_word' id='word_1_76' title='bbox 466 508 631 544; x_wconf 82' lang='grc' dir='ltr'><strong>κατελήλυθε</strong></span> <span class='ocrx_word' id='word_1_77' title='bbox 647 508 758 535; x_wconf 79' lang='grc' dir='ltr'><strong>σώσωνο</strong></span> <span class='ocrx_word' id='word_1_78' title='bbox 780 517 860 535; x_wconf 83' lang='grc' dir='ltr'><strong>κατε-</strong></span> 
     </span>
    </p>
   </div>
   <div class='ocr_carea' id='block_1_13' title="bbox 61 551 857 590">
    <p class='ocr_par' dir='ltr' id='par_1_13' title="bbox 61 551 857 590">
     <span class='ocr_line' id='line_1_13' title="bbox 61 551 857 590; baseline 0.004 -12"><span class='ocrx_word' id='word_1_79' title='bbox 61 551 182 588; x_wconf 81' lang='grc' dir='ltr'><strong>λήλυθεν</strong></span> <span class='ocrx_word' id='word_1_80' title='bbox 207 553 266 578; x_wconf 82' lang='grc' dir='ltr'><strong>ἐκεῖ</strong></span> <span class='ocrx_word' id='word_1_81' title='bbox 288 552 489 588; x_wconf 80' lang='grc' dir='ltr'><strong>προκηρυχθεὶς</strong></span> <span class='ocrx_word' id='word_1_82' title='bbox 508 553 560 580; x_wconf 76' lang='grc' dir='ltr'><strong>ὑπὸ</strong></span> <span class='ocrx_word' id='word_1_83' title='bbox 583 554 637 581; x_wconf 86' lang='grc' dir='ltr'><strong>τῶν</strong></span> <span class='ocrx_word' id='word_1_84' title='bbox 659 554 815 590; x_wconf 67' lang='grc' dir='ltr'><strong>προφητῶν,</strong></span> <span class='ocrx_word' id='word_1_85' title='bbox 841 555 857 590; x_wconf 81' lang='grc' dir='ltr'>ἢ</span> 
     </span>
    </p>
   </div>
   <div class='ocr_carea' id='block_1_14' title="bbox 61 597 860 636">
    <p class='ocr_par' dir='ltr' id='par_1_14' title="bbox 61 597 860 636">
     <span class='ocr_line' id='line_1_14' title="bbox 61 597 860 636; baseline 0.004 -12"><span class='ocrx_word' id='word_1_86' title='bbox 61 598 94 625; x_wconf 80' lang='grc' dir='ltr'><strong>οῦ</strong></span> <span class='ocrx_word' id='word_1_87' title='bbox 107 607 114 631; x_wconf 86' lang='grc'>;</span> <span class='ocrx_word' id='word_1_88' title='bbox 136 597 206 624; x_wconf 77' lang='grc' dir='ltr'><strong>Ἀλλ’</strong></span> <span class='ocrx_word' id='word_1_89' title='bbox 218 597 316 624; x_wconf 77' lang='grc' dir='ltr'><strong>ἐνθάδε</strong></span> <span class='ocrx_word' id='word_1_90' title='bbox 336 598 385 633; x_wconf 81' lang='grc' dir='ltr'><strong>μὲν</strong></span> <span class='ocrx_word' id='word_1_91' title='bbox 401 599 594 634; x_wconf 80' lang='grc' dir='ltr'><strong>προεκηρύχθη</strong></span> <span class='ocrx_word' id='word_1_92' title='bbox 609 599 662 626; x_wconf 83' lang='grc' dir='ltr'><strong>ὑπὸ</strong></span> <span class='ocrx_word' id='word_1_93' title='bbox 680 599 734 626; x_wconf 90' lang='grc' dir='ltr'><strong>τῶν</strong></span> <span class='ocrx_word' id='word_1_94' title='bbox 753 609 860 636; x_wconf 74' lang='grc' dir='ltr'><strong>προφη-</strong></span> 
     </span>
    </p>
   </div>
   <div class='ocr_carea' id='block_1_15' title="bbox 61 641 860 680">
    <p class='ocr_par' dir='ltr' id='par_1_15' title="bbox 61 641 860 680">
     <span class='ocr_line' id='line_1_15' title="bbox 61 641 860 680; baseline 0.004 -12"><span class='ocrx_word' id='word_1_95' title='bbox 61 641 130 668; x_wconf 78' lang='grc' dir='ltr'><strong>τῶν·</strong></span> <span class='ocrx_word' id='word_1_96' title='bbox 148 642 265 677; x_wconf 85' lang='grc' dir='ltr'><strong>ἅλλαχοῦ</strong></span> <span class='ocrx_word' id='word_1_97' title='bbox 279 642 308 669; x_wconf 70' lang='grc' dir='ltr'><strong>δὲ</strong></span> <span class='ocrx_word' id='word_1_98' title='bbox 325 642 486 677; x_wconf 79' lang='grc' dir='ltr'><strong>κατέρχεται</strong></span> <span class='ocrx_word' id='word_1_99' title='bbox 499 643 530 669; x_wconf 84' lang='grc' dir='ltr'><strong>οὐ</strong></span> <span class='ocrx_word' id='word_1_100' title='bbox 555 642 598 669; x_wconf 83' lang='grc' dir='ltr'><strong>διὰ</strong></span> <span class='ocrx_word' id='word_1_101' title='bbox 619 644 781 680; x_wconf 82' lang='grc' dir='ltr'><strong>προφητῶν;</strong></span> <span class='ocrx_word' id='word_1_102' title='bbox 805 645 860 672; x_wconf 79' lang='grc' dir='ltr'><strong>Καὶ</strong></span> 
     </span>
    </p>
   </div>
   <div class='ocr_carea' id='block_1_16' title="bbox 61 687 859 723">
    <p class='ocr_par' dir='ltr' id='par_1_16' title="bbox 61 687 859 723">
     <span class='ocr_line' id='line_1_16' title="bbox 61 687 859 723; baseline 0.004 -10"><span class='ocrx_word' id='word_1_103' title='bbox 61 687 169 722; x_wconf 83' lang='grc' dir='ltr'><strong>Μωσῆς</strong></span> <span class='ocrx_word' id='word_1_104' title='bbox 185 687 267 714; x_wconf 73' lang='grc' dir='ltr'><strong>αὑτὸν</strong></span> <span class='ocrx_word' id='word_1_105' title='bbox 285 687 418 723; x_wconf 77' lang='grc' dir='ltr'><strong>κηρύσσει</strong></span> <span class='ocrx_word' id='word_1_106' title='bbox 438 688 641 723; x_wconf 81' lang='grc' dir='ltr'><strong>ἐπιδημήσοντα</strong></span> <span class='ocrx_word' id='word_1_107' title='bbox 652 688 691 723; x_wconf 85' lang='grc' dir='ltr'><strong>τῷ</strong></span> <span class='ocrx_word' id='word_1_108' title='bbox 708 689 782 722; x_wconf 81' lang='grc' dir='ltr'><strong>γένει</strong></span> <span class='ocrx_word' id='word_1_109' title='bbox 805 690 859 717; x_wconf 89' lang='grc' dir='ltr'><strong>τῶν</strong></span> 
     </span>
    </p>
   </div>
   <div class='ocr_carea' id='block_1_17' title="bbox 60 733 857 771">
    <p class='ocr_par' dir='ltr' id='par_1_17' title="bbox 60 733 857 771">
     <span class='ocr_line' id='line_1_17' title="bbox 60 733 857 771; baseline 0.003 -11"><span class='ocrx_word' id='word_1_110' title='bbox 60 733 226 770; x_wconf 75' lang='grc' dir='ltr'><strong>ἀνθρώπιον·</strong></span> <span class='ocrx_word' id='word_1_111' title='bbox 244 733 314 760; x_wconf 79' lang='grc' dir='ltr'><strong>ὥστε</strong></span> <span class='ocrx_word' id='word_1_112' title='bbox 338 733 464 768; x_wconf 81' lang='grc' dir='ltr'><strong>λέγεσθαι</strong></span> <span class='ocrx_word' id='word_1_113' title='bbox 489 734 579 765; x_wconf 76' lang='grc' dir='ltr'><strong>καλῶς</strong></span> <span class='ocrx_word' id='word_1_114' title='bbox 600 734 653 761; x_wconf 81' lang='grc' dir='ltr'><strong>ὑπὸ</strong></span> <span class='ocrx_word' id='word_1_115' title='bbox 686 735 733 761; x_wconf 81' lang='grc' dir='ltr'><strong>τοῦ</strong></span> <span class='ocrx_word' id='word_1_116' title='bbox 756 735 857 771; x_wconf 85' lang='grc' dir='ltr'>Κυρίου</span> 
     </span>
    </p>
   </div>
   <div class='ocr_carea' id='block_1_18' title="bbox 61 779 857 816">
    <p class='ocr_par' dir='ltr' id='par_1_18' title="bbox 61 779 857 816">
     <span class='ocr_line' id='line_1_18' title="bbox 61 779 857 816; baseline 0.003 -10"><span class='ocrx_word' id='word_1_117' title='bbox 61 779 113 806; x_wconf 79' lang='grc' dir='ltr'><strong>καὶ</strong></span> <span class='ocrx_word' id='word_1_118' title='bbox 129 779 255 815; x_wconf 60' lang='grc' dir='ltr'><strong>ἃυτῆρος</strong></span> <span class='ocrx_word' id='word_1_119' title='bbox 267 779 354 815; x_wconf 81' lang='grc' dir='ltr'><strong>ἡμῶν·</strong></span> <span class='ocrx_word' id='word_1_120' title='bbox 371 788 380 805; x_wconf 82' lang='grc' dir='ltr'><strong>ι</strong></span> <span class='ocrx_word' id='word_1_121' title='bbox 392 780 422 806; x_wconf 84' lang='lat' dir='ltr'><strong>El</strong></span> <span class='ocrx_word' id='word_1_122' title='bbox 436 779 593 806; x_wconf 72' lang='grc' dir='ltr'><strong>ἐπιττεύετε</strong></span> <span class='ocrx_word' id='word_1_123' title='bbox 606 780 703 816; x_wconf 79' lang='grc' dir='ltr'><strong>Μωσῇ,</strong></span> <span class='ocrx_word' id='word_1_124' title='bbox 716 781 857 808; x_wconf 80' lang='grc' dir='ltr'><strong>ἐπιστεύε-</strong></span> 
     </span>
    </p>
   </div>
   <div class='ocr_carea' id='block_1_19' title="bbox 60 825 856 862">
    <p class='ocr_par' dir='ltr' id='par_1_19' title="bbox 60 825 856 862">
     <span class='ocr_line' id='line_1_19' title="bbox 60 825 856 862; baseline 0.001 -10"><span class='ocrx_word' id='word_1_125' title='bbox 60 834 94 852; x_wconf 86' lang='grc' dir='ltr'><strong>τε</strong></span> <span class='ocrx_word' id='word_1_126' title='bbox 110 825 144 852; x_wconf 81' lang='grc' dir='ltr'><strong>ἂν</strong></span> <span class='ocrx_word' id='word_1_127' title='bbox 163 826 239 861; x_wconf 81' lang='grc' dir='ltr'><strong>ἐμοί·</strong></span> <span class='ocrx_word' id='word_1_128' title='bbox 257 825 320 861; x_wconf 83' lang='grc' dir='ltr'><strong>περὶ</strong></span> <span class='ocrx_word' id='word_1_129' title='bbox 338 825 393 860; x_wconf 82' lang='grc' dir='ltr'><strong>γὰρ</strong></span> <span class='ocrx_word' id='word_1_130' title='bbox 411 825 478 861; x_wconf 85' lang='grc' dir='ltr'>ἐμοῦ</span> <span class='ocrx_word' id='word_1_131' title='bbox 501 826 604 858; x_wconf 84' lang='grc' dir='ltr'><strong>ἐκεῖνος</strong></span> <span class='ocrx_word' id='word_1_132' title='bbox 627 825 756 862; x_wconf 73' lang='grc' dir='ltr'><strong>ἔγραψεν.</strong></span> <span class='ocrx_word' id='word_1_133' title='bbox 776 827 806 853; x_wconf 83' lang='lat' dir='ltr'><strong>El</strong></span> <span class='ocrx_word' id='word_1_134' title='bbox 827 827 856 854; x_wconf 88' lang='grc' dir='ltr'><strong>δέ</strong></span> 
     </span>
    </p>
   </div>
   <div class='ocr_carea' id='block_1_20' title="bbox 911 229 1698 262">
    <p class='ocr_par' dir='ltr' id='par_1_20' title="bbox 911 229 1698 262">
     <span class='ocr_line' id='line_1_20' title="bbox 911 229 1698 262; baseline -0.009 -1"><span class='ocrx_word' id='word_1_135' title='bbox 911 239 976 262; x_wconf 91' lang='lat' dir='ltr'><strong>sunt</strong></span> <span class='ocrx_word' id='word_1_136' title='bbox 989 234 1082 261; x_wconf 85' lang='lat' dir='ltr'><strong>omnia</strong></span> <span class='ocrx_word' id='word_1_137' title='bbox 1103 239 1166 260; x_wconf 84' lang='lat' dir='ltr'><strong>ossa</strong></span> <span class='ocrx_word' id='word_1_138' title='bbox 1187 237 1246 258; x_wconf 84' lang='lat' dir='ltr'><strong>mea</strong></span> <span class='ocrx_word' id='word_1_139' title='bbox 1258 229 1291 256; x_wconf 83' lang='lat'><strong>&quot;.</strong></span> <span class='ocrx_word' id='word_1_140' title='bbox 1307 239 1316 256; x_wconf 75' lang='grc' dir='ltr'><strong>ι</strong></span> <span class='ocrx_word' id='word_1_141' title='bbox 1340 229 1412 257; x_wconf 82' lang='lat' dir='ltr'><strong>Sane</strong></span> <span class='ocrx_word' id='word_1_142' title='bbox 1435 230 1612 256; x_wconf 69' lang='lat' dir='ltr'><strong>recordamur</strong></span> <span class='ocrx_word' id='word_1_143' title='bbox 1633 229 1698 255; x_wconf 91' lang='lat' dir='ltr'><strong>divi-</strong></span> 
     </span>
    </p>
   </div>
   <div class='ocr_carea' id='block_1_21' title="bbox 911 274 1696 315">
    <p class='ocr_par' dir='ltr' id='par_1_21' title="bbox 911 274 1696 315">
     <span class='ocr_line' id='line_1_21' title="bbox 911 274 1696 315; baseline -0.01 -8"><span class='ocrx_word' id='word_1_144' title='bbox 911 287 1007 307; x_wconf 89' lang='lat' dir='ltr'><strong>narum</strong></span> <span class='ocrx_word' id='word_1_145' title='bbox 1031 279 1196 311; x_wconf 84' lang='lat' dir='ltr'><strong>litterarum,</strong></span> <span class='ocrx_word' id='word_1_146' title='bbox 1212 284 1332 313; x_wconf 82' lang='lat' dir='ltr'><strong>namque</strong></span> <span class='ocrx_word' id='word_1_147' title='bbox 1349 276 1407 303; x_wconf 78' lang='lat' dir='ltr'><strong>haec</strong></span> <span class='ocrx_word' id='word_1_148' title='bbox 1429 275 1456 302; x_wconf 95' lang='lat' dir='ltr'><strong>in</strong></span> <span class='ocrx_word' id='word_1_149' title='bbox 1478 274 1584 309; x_wconf 75' lang='lat' dir='ltr'><strong>psalmo</strong></span> <span class='ocrx_word' id='word_1_150' title='bbox 1597 274 1696 315; x_wconf 39' lang='lat' dir='ltr'><strong>vigesis</strong></span> 
     </span>
    </p>
   </div>
   <div class='ocr_carea' id='block_1_22' title="bbox 910 320 1697 360">
    <p class='ocr_par' dir='ltr' id='par_1_22' title="bbox 910 320 1697 360">
     <span class='ocr_line' id='line_1_22' title="bbox 910 320 1697 360; baseline -0.009 -8"><span class='ocrx_word' id='word_1_151' title='bbox 910 334 955 353; x_wconf 88' lang='lat' dir='ltr'><strong>tuo</strong></span> <span class='ocrx_word' id='word_1_152' title='bbox 968 325 1057 360; x_wconf 86' lang='lat' dir='ltr'><strong>primo</strong></span> <span class='ocrx_word' id='word_1_153' title='bbox 1079 325 1181 359; x_wconf 87' lang='lat' dir='ltr'><strong>scripta</strong></span> <span class='ocrx_word' id='word_1_154' title='bbox 1195 331 1256 352; x_wconf 85' lang='lat' dir='ltr'><strong>esse</strong></span> <span class='ocrx_word' id='word_1_155' title='bbox 1278 323 1400 351; x_wconf 90' lang='lat' dir='ltr'><strong>memini.</strong></span> <span class='ocrx_word' id='word_1_156' title='bbox 1412 321 1498 356; x_wconf 86' lang='lat' dir='ltr'><strong>Igitur</strong></span> <span class='ocrx_word' id='word_1_157' title='bbox 1511 320 1637 347; x_wconf 76' lang='lat' dir='ltr'><strong>Salvator</strong></span> <span class='ocrx_word' id='word_1_158' title='bbox 1650 320 1697 346; x_wconf 87' lang='lat' dir='ltr'><strong>de-</strong></span> 
     </span>
    </p>
   </div>
   <div class='ocr_carea' id='block_1_23' title="bbox 909 365 1697 404">
    <p class='ocr_par' dir='ltr' id='par_1_23' title="bbox 909 365 1697 404">
     <span class='ocr_line' id='line_1_23' title="bbox 909 365 1697 404; baseline -0.008 -7"><span class='ocrx_word' id='word_1_159' title='bbox 909 371 1026 404; x_wconf 77' lang='lat' dir='ltr'><strong>scendit,</strong></span> <span class='ocrx_word' id='word_1_160' title='bbox 1043 374 1072 397; x_wconf 82' lang='lat' dir='ltr'><strong>ut</strong></span> <span class='ocrx_word' id='word_1_161' title='bbox 1095 369 1234 399; x_wconf 85' lang='lat' dir='ltr'><strong>liberaret.</strong></span> <span class='ocrx_word' id='word_1_162' title='bbox 1250 368 1428 397; x_wconf 79' lang='lat' dir='ltr'><strong>descenditne</strong></span> <span class='ocrx_word' id='word_1_163' title='bbox 1451 366 1516 394; x_wconf 89' lang='lat' dir='ltr'><strong>illuc</strong></span> <span class='ocrx_word' id='word_1_164' title='bbox 1532 365 1697 400; x_wconf 72' lang='lat' dir='ltr'><strong>prtenuntia-</strong></span> 
     </span>
    </p>
   </div>
   <div class='ocr_carea' id='block_1_24' title="bbox 910 411 1696 450">
    <p class='ocr_par' dir='ltr' id='par_1_24' title="bbox 910 411 1696 450">
     <span class='ocr_line' id='line_1_24' title="bbox 910 411 1696 450; baseline -0.006 -7"><span class='ocrx_word' id='word_1_165' title='bbox 910 421 978 443; x_wconf 84' lang='lat' dir='ltr'><strong>tusa</strong></span> <span class='ocrx_word' id='word_1_166' title='bbox 994 415 1146 450; x_wconf 82' lang='lat' dir='ltr'><strong>prophetis,</strong></span> <span class='ocrx_word' id='word_1_167' title='bbox 1164 414 1276 441; x_wconf 73' lang='lat' dir='ltr'><strong>sanan?</strong></span> <span class='ocrx_word' id='word_1_168' title='bbox 1290 415 1324 442; x_wconf 76' lang='lat' dir='ltr'><strong>At</strong></span> <span class='ocrx_word' id='word_1_169' title='bbox 1341 413 1385 440; x_wconf 90' lang='lat' dir='ltr'><strong>hic</strong></span> <span class='ocrx_word' id='word_1_170' title='bbox 1399 412 1510 447; x_wconf 90' lang='lat' dir='ltr'><strong>quidem</strong></span> <span class='ocrx_word' id='word_1_171' title='bbox 1526 418 1540 438; x_wconf 85' lang='lat' dir='ltr'><strong>a</strong></span> <span class='ocrx_word' id='word_1_172' title='bbox 1556 411 1696 446; x_wconf 81' lang='lat' dir='ltr'><strong>prophetis</strong></span> 
     </span>
    </p>
   </div>
   <div class='ocr_carea' id='block_1_25' title="bbox 909 459 1696 496">
    <p class='ocr_par' dir='ltr' id='par_1_25' title="bbox 909 459 1696 496">
     <span class='ocr_line' id='line_1_25' title="bbox 909 459 1696 496; baseline -0.008 -8"><span class='ocrx_word' id='word_1_173' title='bbox 909 461 1106 496; x_wconf 67' lang='lat' dir='ltr'><strong>praenuntiatus</strong></span> <span class='ocrx_word' id='word_1_174' title='bbox 1121 464 1180 494; x_wconf 83' lang='lat' dir='ltr'><strong>est;</strong></span> <span class='ocrx_word' id='word_1_175' title='bbox 1197 459 1252 488; x_wconf 80' lang='lat' dir='ltr'><strong>alio</strong></span> <span class='ocrx_word' id='word_1_176' title='bbox 1270 467 1335 487; x_wconf 87' lang='lat' dir='ltr'><strong>vero</strong></span> <span class='ocrx_word' id='word_1_177' title='bbox 1352 459 1490 486; x_wconf 79' lang='lat' dir='ltr'><strong>descendit</strong></span> <span class='ocrx_word' id='word_1_178' title='bbox 1504 465 1555 484; x_wconf 91' lang='lat' dir='ltr'><strong>non</strong></span> <span class='ocrx_word' id='word_1_179' title='bbox 1569 463 1617 491; x_wconf 91' lang='lat' dir='ltr'><strong>per</strong></span> <span class='ocrx_word' id='word_1_180' title='bbox 1633 464 1696 490; x_wconf 80' lang='lat' dir='ltr'><strong>pro-</strong></span> 
     </span>
    </p>
   </div>
   <div class='ocr_carea' id='block_1_26' title="bbox 915 505 1696 543">
    <p class='ocr_par' dir='ltr' id='par_1_26' title="bbox 915 505 1696 543">
     <span class='ocr_line' id='line_1_26' title="bbox 915 505 1696 543; baseline -0.005 -9"><span class='ocrx_word' id='word_1_181' title='bbox 915 507 1031 543; x_wconf 77' lang='lat' dir='ltr'><strong>phetas?</strong></span> <span class='ocrx_word' id='word_1_182' title='bbox 1046 506 1152 542; x_wconf 81' lang='lat' dir='ltr'><strong>Moyses</strong></span> <span class='ocrx_word' id='word_1_183' title='bbox 1168 506 1232 534; x_wconf 88' lang='lat' dir='ltr'><strong>item</strong></span> <span class='ocrx_word' id='word_1_184' title='bbox 1252 506 1339 540; x_wconf 86' lang='lat' dir='ltr'><strong>ipsum</strong></span> <span class='ocrx_word' id='word_1_185' title='bbox 1353 505 1514 540; x_wconf 65' lang='lat' dir='ltr'><strong>praenuntiat</strong></span> <span class='ocrx_word' id='word_1_186' title='bbox 1528 511 1577 538; x_wconf 87' lang='lat' dir='ltr'><strong>pro</strong></span> <span class='ocrx_word' id='word_1_187' title='bbox 1597 510 1696 537; x_wconf 80' lang='lat' dir='ltr'><strong>genere</strong></span> 
     </span>
    </p>
   </div>
   <div class='ocr_carea' id='block_1_27' title="bbox 909 548 1696 585">
    <p class='ocr_par' dir='ltr' id='par_1_27' title="bbox 909 548 1696 585">
     <span class='ocr_line' id='line_1_27' title="bbox 909 548 1696 585; baseline -0.008 -4"><span class='ocrx_word' id='word_1_188' title='bbox 909 554 1030 581; x_wconf 83' lang='lat' dir='ltr'><strong>humano</strong></span> <span class='ocrx_word' id='word_1_189' title='bbox 1043 553 1235 585; x_wconf 77' lang='lat' dir='ltr'><strong>adventorum,</strong></span> <span class='ocrx_word' id='word_1_190' title='bbox 1251 552 1288 579; x_wconf 90' lang='lat' dir='ltr'><strong>ita</strong></span> <span class='ocrx_word' id='word_1_191' title='bbox 1306 558 1335 578; x_wconf 88' lang='lat' dir='ltr'><strong>ttt</strong></span> <span class='ocrx_word' id='word_1_192' title='bbox 1350 556 1423 579; x_wconf 88' lang='lat' dir='ltr'><strong>recte</strong></span> <span class='ocrx_word' id='word_1_193' title='bbox 1439 558 1453 578; x_wconf 90' lang='lat' dir='ltr'><strong>a</strong></span> <span class='ocrx_word' id='word_1_194' title='bbox 1468 550 1582 577; x_wconf 90' lang='lat' dir='ltr'><strong>Domino</strong></span> <span class='ocrx_word' id='word_1_195' title='bbox 1591 554 1614 576; x_wconf 90' lang='lat' dir='ltr'><strong>et</strong></span> <span class='ocrx_word' id='word_1_196' title='bbox 1633 548 1696 576; x_wconf 76' lang='lat' dir='ltr'><strong>Sal-</strong></span> 
     </span>
    </p>
   </div>
   <div class='ocr_carea' id='block_1_28' title="bbox 910 594 1697 631">
    <p class='ocr_par' dir='ltr' id='par_1_28' title="bbox 910 594 1697 631">
     <span class='ocr_line' id='line_1_28' title="bbox 910 594 1697 631; baseline -0.009 -4"><span class='ocrx_word' id='word_1_197' title='bbox 910 605 1002 627; x_wconf 86' lang='lat' dir='ltr'><strong>vatore</strong></span> <span class='ocrx_word' id='word_1_198' title='bbox 1016 604 1110 627; x_wconf 88' lang='lat' dir='ltr'><strong>nostro</strong></span> <span class='ocrx_word' id='word_1_199' title='bbox 1124 599 1229 627; x_wconf 83' lang='lat' dir='ltr'><strong>dicatur</strong></span> <span class='ocrx_word' id='word_1_200' title='bbox 1237 598 1261 614; x_wconf 72' lang='grc'><strong>⁷⁵</strong></span> <span class='ocrx_word' id='word_1_201' title='bbox 1273 605 1280 625; x_wconf 88' lang='lat'><strong>:</strong></span> <span class='ocrx_word' id='word_1_202' title='bbox 1293 606 1302 623; x_wconf 83' lang='grc' dir='ltr'><strong>ι</strong></span> <span class='ocrx_word' id='word_1_203' title='bbox 1317 597 1345 625; x_wconf 87' lang='lat' dir='ltr'><strong>Si</strong></span> <span class='ocrx_word' id='word_1_204' title='bbox 1354 596 1503 625; x_wconf 88' lang='lat' dir='ltr'><strong>crederetis</strong></span> <span class='ocrx_word' id='word_1_205' title='bbox 1520 594 1618 631; x_wconf 84' lang='lat' dir='ltr'><strong>Moysi,</strong></span> <span class='ocrx_word' id='word_1_206' title='bbox 1634 601 1697 621; x_wconf 90' lang='lat' dir='ltr'><strong>cre-</strong></span> 
     </span>
    </p>
   </div>
   <div class='ocr_carea' id='block_1_29' title="bbox 909 639 1697 676">
    <p class='ocr_par' dir='ltr' id='par_1_29' title="bbox 909 639 1697 676">
     <span class='ocr_line' id='line_1_29' title="bbox 909 639 1697 676; baseline -0.009 -3"><span class='ocrx_word' id='word_1_207' title='bbox 909 646 1011 674; x_wconf 87' lang='lat' dir='ltr'><strong>deretis</strong></span> <span class='ocrx_word' id='word_1_208' title='bbox 1028 650 1055 673; x_wconf 89' lang='lat' dir='ltr'><strong>et</strong></span> <span class='ocrx_word' id='word_1_209' title='bbox 1072 645 1138 672; x_wconf 89' lang='lat' dir='ltr'><strong>mihi</strong></span> <span class='ocrx_word' id='word_1_210' title='bbox 1154 653 1162 672; x_wconf 87' lang='lat'><strong>:</strong></span> <span class='ocrx_word' id='word_1_211' title='bbox 1179 645 1212 672; x_wconf 91' lang='lat' dir='ltr'><strong>de</strong></span> <span class='ocrx_word' id='word_1_212' title='bbox 1227 651 1270 671; x_wconf 89' lang='lat' dir='ltr'><strong>tne</strong></span> <span class='ocrx_word' id='word_1_213' title='bbox 1289 644 1362 671; x_wconf 91' lang='lat' dir='ltr'><strong>euitn</strong></span> <span class='ocrx_word' id='word_1_214' title='bbox 1388 642 1433 669; x_wconf 90' lang='lat' dir='ltr'><strong>ille</strong></span> <span class='ocrx_word' id='word_1_215' title='bbox 1447 641 1568 676; x_wconf 78' lang='lat' dir='ltr'><strong>scripsit.</strong></span> <span class='ocrx_word' id='word_1_216' title='bbox 1586 639 1614 666; x_wconf 91' lang='lat' dir='ltr'><strong>Si</strong></span> <span class='ocrx_word' id='word_1_217' title='bbox 1628 639 1697 667; x_wconf 87' lang='lat' dir='ltr'><strong>scri-</strong></span> 
     </span>
    </p>
   </div>
   <div class='ocr_carea' id='block_1_30' title="bbox 909 687 1698 726">
    <p class='ocr_par' dir='ltr' id='par_1_30' title="bbox 909 687 1698 726">
     <span class='ocr_line' id='line_1_30' title="bbox 909 687 1698 726; baseline -0.009 -7"><span class='ocrx_word' id='word_1_218' title='bbox 909 693 962 726; x_wconf 90' lang='lat' dir='ltr'><strong>ptis</strong></span> <span class='ocrx_word' id='word_1_219' title='bbox 977 692 1051 719; x_wconf 83' lang='lat' dir='ltr'><strong>illius</strong></span> <span class='ocrx_word' id='word_1_220' title='bbox 1073 699 1127 718; x_wconf 88' lang='lat' dir='ltr'><strong>tton</strong></span> <span class='ocrx_word' id='word_1_221' title='bbox 1148 690 1273 722; x_wconf 82' lang='lat' dir='ltr'><strong>creditis,</strong></span> <span class='ocrx_word' id='word_1_222' title='bbox 1296 689 1433 724; x_wconf 89' lang='lat' dir='ltr'><strong>quomodo</strong></span> <span class='ocrx_word' id='word_1_223' title='bbox 1450 687 1542 715; x_wconf 83' lang='lat' dir='ltr'><strong>verbis</strong></span> <span class='ocrx_word' id='word_1_224' title='bbox 1559 687 1627 714; x_wconf 83' lang='lat' dir='ltr'><strong>meis</strong></span> <span class='ocrx_word' id='word_1_225' title='bbox 1642 693 1698 714; x_wconf 48' lang='lat' dir='ltr'><strong>ore.</strong></span> 
     </span>
    </p>
   </div>
   <div class='ocr_carea' id='block_1_31' title="bbox 910 733 1699 766">
    <p class='ocr_par' dir='ltr' id='par_1_31' title="bbox 910 733 1699 766">
     <span class='ocr_line' id='line_1_31' title="bbox 910 733 1699 766; baseline -0.008 -3"><span class='ocrx_word' id='word_1_226' title='bbox 910 736 1015 763; x_wconf 73' lang='lat' dir='ltr'><strong>detis‘h</strong></span> <span class='ocrx_word' id='word_1_227' title='bbox 1033 736 1065 763; x_wconf 86' lang='lat' dir='ltr'><strong>Et</strong></span> <span class='ocrx_word' id='word_1_228' title='bbox 1073 735 1147 762; x_wconf 88' lang='lat' dir='ltr'><strong>venit</strong></span> <span class='ocrx_word' id='word_1_229' title='bbox 1162 735 1189 762; x_wconf 91' lang='lat' dir='ltr'><strong>iu</strong></span> <span class='ocrx_word' id='word_1_230' title='bbox 1204 735 1273 762; x_wconf 81' lang='lat' dir='ltr'><strong>hanc</strong></span> <span class='ocrx_word' id='word_1_231' title='bbox 1284 735 1368 761; x_wconf 72' lang='lat' dir='ltr'><strong>vitam</strong></span> <span class='ocrx_word' id='word_1_232' title='bbox 1381 733 1519 765; x_wconf 81' lang='lat' dir='ltr'><strong>Christus,</strong></span> <span class='ocrx_word' id='word_1_233' title='bbox 1529 738 1556 759; x_wconf 87' lang='lat' dir='ltr'><strong>et</strong></span> <span class='ocrx_word' id='word_1_234' title='bbox 1572 739 1699 766; x_wconf 63' lang='lat' dir='ltr'><strong>praenun-</strong></span> 
     </span>
    </p>
   </div>
   <div class='ocr_carea' id='block_1_32' title="bbox 911 777 1698 812">
    <p class='ocr_par' dir='ltr' id='par_1_32' title="bbox 911 777 1698 812">
     <span class='ocr_line' id='line_1_32' title="bbox 911 777 1698 812; baseline -0.006 -4"><span class='ocrx_word' id='word_1_235' title='bbox 911 782 992 809; x_wconf 90' lang='lat' dir='ltr'><strong>tiatur</strong></span> <span class='ocrx_word' id='word_1_236' title='bbox 1004 781 1132 809; x_wconf 86' lang='lat' dir='ltr'><strong>Christus</strong></span> <span class='ocrx_word' id='word_1_237' title='bbox 1144 781 1171 808; x_wconf 91' lang='lat' dir='ltr'><strong>in</strong></span> <span class='ocrx_word' id='word_1_238' title='bbox 1183 781 1252 808; x_wconf 89' lang='lat' dir='ltr'><strong>hanc</strong></span> <span class='ocrx_word' id='word_1_239' title='bbox 1272 781 1357 807; x_wconf 85' lang='lat' dir='ltr'><strong>vitam</strong></span> <span class='ocrx_word' id='word_1_240' title='bbox 1373 780 1531 807; x_wconf 82' lang='lat' dir='ltr'><strong>adveniens.</strong></span> <span class='ocrx_word' id='word_1_241' title='bbox 1548 777 1574 804; x_wconf 79' lang='lat' dir='ltr'><strong>Si</strong></span> <span class='ocrx_word' id='word_1_242' title='bbox 1593 777 1698 812; x_wconf 84' lang='lat' dir='ltr'><strong>Moyses</strong></span> 
     </span>
    </p>
   </div>
   <div class='ocr_carea' id='block_1_33' title="bbox 911 823 1700 862">
    <p class='ocr_par' dir='ltr' id='par_1_33' title="bbox 911 823 1700 862">
     <span class='ocr_line' id='line_1_33' title="bbox 911 823 1700 862; baseline -0.008 -7"><span class='ocrx_word' id='word_1_243' title='bbox 911 827 944 855; x_wconf 88' lang='lat' dir='ltr'><strong>de</strong></span> <span class='ocrx_word' id='word_1_244' title='bbox 961 827 1007 854; x_wconf 90' lang='lat' dir='ltr'><strong>illo</strong></span> <span class='ocrx_word' id='word_1_245' title='bbox 1030 827 1074 854; x_wconf 87' lang='lat' dir='ltr'><strong>hic</strong></span> <span class='ocrx_word' id='word_1_246' title='bbox 1089 827 1255 862; x_wconf 70' lang='lat' dir='ltr'><strong>prmnuntiat</strong></span> <span class='ocrx_word' id='word_1_247' title='bbox 1267 846 1275 859; x_wconf 91' lang='lat'><strong><em>,</em></strong></span> <span class='ocrx_word' id='word_1_248' title='bbox 1291 833 1345 853; x_wconf 93' lang='lat' dir='ltr'><strong>non</strong></span> <span class='ocrx_word' id='word_1_249' title='bbox 1365 825 1405 852; x_wconf 80' lang='lat' dir='ltr'><strong>vis</strong></span> <span class='ocrx_word' id='word_1_250' title='bbox 1426 829 1453 853; x_wconf 90' lang='lat' dir='ltr'><strong>et</strong></span> <span class='ocrx_word' id='word_1_251' title='bbox 1472 826 1558 860; x_wconf 85' lang='lat' dir='ltr'><strong>ipsum</strong></span> <span class='ocrx_word' id='word_1_252' title='bbox 1578 823 1640 850; x_wconf 87' lang='lat' dir='ltr'><strong>illuc</strong></span> <span class='ocrx_word' id='word_1_253' title='bbox 1654 824 1700 849; x_wconf 81' lang='lat' dir='ltr'><strong>de-</strong></span> 
     </span>
    </p>
   </div>
   <div class='ocr_carea' id='block_1_34' title="bbox 60 869 805 909">
    <p class='ocr_par' dir='ltr' id='par_1_34' title="bbox 60 871 805 909">
     <span class='ocr_line' id='line_1_34' title="bbox 60 871 805 909; baseline 0.003 -11"><span class='ocrx_word' id='word_1_254' title='bbox 60 873 121 904; x_wconf 79' lang='grc' dir='ltr'><strong>τοῖς</strong></span> <span class='ocrx_word' id='word_1_255' title='bbox 134 872 238 898; x_wconf 77' lang='grc' dir='ltr'><strong>ἐκείνου</strong></span> <span class='ocrx_word' id='word_1_256' title='bbox 249 871 409 907; x_wconf 81' lang='grc' dir='ltr'><strong>γράμμασιν</strong></span> <span class='ocrx_word' id='word_1_257' title='bbox 424 872 454 898; x_wconf 88' lang='grc' dir='ltr'><strong>οὐ</strong></span> <span class='ocrx_word' id='word_1_258' title='bbox 468 872 619 904; x_wconf 83' lang='grc' dir='ltr'><strong>πιστεύετε,</strong></span> <span class='ocrx_word' id='word_1_259' title='bbox 636 872 697 904; x_wconf 84' lang='grc' dir='ltr'><strong>πῶς</strong></span> <span class='ocrx_word' id='word_1_260' title='bbox 718 875 774 905; x_wconf 83' lang='grc' dir='ltr'><strong>τοῖς</strong></span> <span class='ocrx_word' id='word_1_261' title='bbox 783 874 805 909; x_wconf 68' lang='grc' dir='ltr'><strong>ἐι</strong></span> 
     </span>
    </p>
   </div>
   <div class='ocr_carea' id='block_1_35' title="bbox 951 869 1696 909">
    <p class='ocr_par' dir='ltr' id='par_1_35' title="bbox 951 869 1696 907">
     <span class='ocr_line' id='line_1_35' title="bbox 951 869 1696 907; baseline -0.008 -7"><span class='ocrx_word' id='word_1_262' title='bbox 951 874 1060 905; x_wconf 68' lang='lat' dir='ltr'><strong>audisse.</strong></span> <span class='ocrx_word' id='word_1_263' title='bbox 1076 878 1105 900; x_wconf 91' lang='grc' dir='ltr'><strong>ιιι</strong></span> <span class='ocrx_word' id='word_1_264' title='bbox 1120 872 1259 900; x_wconf 78' lang='lat' dir='ltr'><strong>Christum</strong></span> <span class='ocrx_word' id='word_1_265' title='bbox 1278 872 1436 907; x_wconf 69' lang='lat' dir='ltr'><strong>prtedicerel</strong></span> <span class='ocrx_word' id='word_1_266' title='bbox 1453 878 1485 898; x_wconf 91' lang='lat' dir='ltr'><strong>eo</strong></span> <span class='ocrx_word' id='word_1_267' title='bbox 1499 869 1696 904; x_wconf 71' lang='lat' dir='ltr'><strong>migraturum?</strong></span> 
     </span>
    </p>
   </div>
   <div class='ocr_carea' id='block_1_36' title="bbox 62 918 855 956">
    <p class='ocr_par' dir='ltr' id='par_1_36' title="bbox 62 918 855 956">
     <span class='ocr_line' id='line_1_36' title="bbox 62 918 855 956; baseline 0.003 -12"><span class='ocrx_word' id='word_1_268' title='bbox 62 918 170 954; x_wconf 78' lang='grc' dir='ltr'><strong>ῥήμασι</strong></span> <span class='ocrx_word' id='word_1_269' title='bbox 184 918 358 949; x_wconf 83' lang='grc' dir='ltr'><strong>πιστεύσετε;</strong></span> <span class='ocrx_word' id='word_1_270' title='bbox 371 927 380 943; x_wconf 77' lang='grc' dir='ltr'><strong>ι</strong></span> <span class='ocrx_word' id='word_1_271' title='bbox 397 918 451 944; x_wconf 76' lang='grc' dir='ltr'><strong>Καὶ</strong></span> <span class='ocrx_word' id='word_1_272' title='bbox 467 918 648 954; x_wconf 73' lang='grc' dir='ltr'><strong>ἐπιδεδήμηκε</strong></span> <span class='ocrx_word' id='word_1_273' title='bbox 660 919 748 954; x_wconf 82' lang='grc' dir='ltr'><strong>τούτῳ</strong></span> <span class='ocrx_word' id='word_1_274' title='bbox 755 919 794 954; x_wconf 83' lang='grc' dir='ltr'><strong>τῷ</strong></span> <span class='ocrx_word' id='word_1_275' title='bbox 805 919 855 956; x_wconf 85' lang='grc' dir='ltr'>βίῳ</span> 
     </span>
    </p>
   </div>
   <div class='ocr_carea' id='block_1_37' title="bbox 60 963 855 1001">
    <p class='ocr_par' dir='ltr' id='par_1_37' title="bbox 60 963 855 1001">
     <span class='ocr_line' id='line_1_37' title="bbox 60 963 855 1001; baseline 0.003 -12"><span class='ocrx_word' id='word_1_276' title='bbox 60 963 193 998; x_wconf 79' lang='grc' dir='ltr'><strong>Χριστος,</strong></span> <span class='ocrx_word' id='word_1_277' title='bbox 209 963 255 990; x_wconf 77' lang='grc' dir='ltr'><strong>καὶ</strong></span> <span class='ocrx_word' id='word_1_278' title='bbox 266 963 486 999; x_wconf 78' lang='grc' dir='ltr'><strong>προκηρύσσεται</strong></span> <span class='ocrx_word' id='word_1_279' title='bbox 495 964 610 1000; x_wconf 87' lang='grc' dir='ltr'><strong>Χριστὸς</strong></span> <span class='ocrx_word' id='word_1_280' title='bbox 621 964 761 1000; x_wconf 82' lang='grc' dir='ltr'><strong>ἐπιδημῶν</strong></span> <span class='ocrx_word' id='word_1_281' title='bbox 769 965 855 1001; x_wconf 86' lang='grc' dir='ltr'><strong>τούτῳ</strong></span> 
     </span>
    </p>
   </div>
   <div class='ocr_carea' id='block_1_38' title="bbox 59 1009 853 1045">
    <p class='ocr_par' dir='ltr' id='par_1_38' title="bbox 59 1009 853 1045">
     <span class='ocr_line' id='line_1_38' title="bbox 59 1009 853 1045; baseline 0.004 -11"><span class='ocrx_word' id='word_1_282' title='bbox 59 1009 103 1043; x_wconf 77' lang='grc' dir='ltr'><strong>τῷ</strong></span> <span class='ocrx_word' id='word_1_283' title='bbox 117 1009 177 1045; x_wconf 86' lang='grc' dir='ltr'><strong>βίῳ.</strong></span> <span class='ocrx_word' id='word_1_284' title='bbox 191 1011 222 1036; x_wconf 81' lang='lat' dir='ltr'><strong>El</strong></span> <span class='ocrx_word' id='word_1_285' title='bbox 242 1009 270 1036; x_wconf 83' lang='grc' dir='ltr'><strong>δὲ</strong></span> <span class='ocrx_word' id='word_1_286' title='bbox 291 1010 392 1045; x_wconf 80' lang='grc' dir='ltr'><strong>Μωσῆς</strong></span> <span class='ocrx_word' id='word_1_287' title='bbox 414 1010 581 1045; x_wconf 79' lang='grc' dir='ltr'><strong>προφητεύει</strong></span> <span class='ocrx_word' id='word_1_288' title='bbox 599 1010 680 1038; x_wconf 80' lang='grc' dir='ltr'><strong>αὐτὸν</strong></span> <span class='ocrx_word' id='word_1_289' title='bbox 697 1010 800 1043; x_wconf 78' lang='grc' dir='ltr'><strong>ἐνθάδε,</strong></span> <span class='ocrx_word' id='word_1_290' title='bbox 823 1011 853 1037; x_wconf 79' lang='grc' dir='ltr'><strong>οὐ</strong></span> 
     </span>
    </p>
   </div>
   <div class='ocr_carea' id='block_1_39' title="bbox 60 1054 855 1092">
    <p class='ocr_par' dir='ltr' id='par_1_39' title="bbox 60 1054 855 1092">
     <span class='ocr_line' id='line_1_39' title="bbox 60 1054 855 1092; baseline 0.001 -11"><span class='ocrx_word' id='word_1_291' title='bbox 60 1054 152 1086; x_wconf 82' lang='grc' dir='ltr'><strong>θέλεις</strong></span> <span class='ocrx_word' id='word_1_292' title='bbox 174 1055 255 1082; x_wconf 83' lang='grc' dir='ltr'><strong>αὑτὸν</strong></span> <span class='ocrx_word' id='word_1_293' title='bbox 272 1056 351 1082; x_wconf 78' lang='grc' dir='ltr'><strong>κάκεῖ</strong></span> <span class='ocrx_word' id='word_1_294' title='bbox 374 1055 603 1090; x_wconf 68' lang='grc' dir='ltr'><strong>καταϐεϐηκέναι,</strong></span> <span class='ocrx_word' id='word_1_295' title='bbox 618 1056 661 1083; x_wconf 84' lang='grc' dir='ltr'><strong>ἵνα</strong></span> <span class='ocrx_word' id='word_1_296' title='bbox 678 1056 855 1092; x_wconf 69' lang='grc' dir='ltr'><strong>προφητεύσει</strong></span> 
     </span>
    </p>
   </div>
   <div class='ocr_carea' id='block_1_40' title="bbox 60 1100 854 1140">
    <p class='ocr_par' dir='ltr' id='par_1_40' title="bbox 60 1100 854 1140">
     <span class='ocr_line' id='line_1_40' title="bbox 60 1100 854 1140; baseline 0.005 -14"><span class='ocrx_word' id='word_1_297' title='bbox 60 1100 182 1136; x_wconf 82' lang='grc' dir='ltr'><strong>Χριστὸν</strong></span> <span class='ocrx_word' id='word_1_298' title='bbox 196 1100 371 1133; x_wconf 82' lang='grc' dir='ltr'><strong>ἐλεύσεσθαι;</strong></span> <span class='ocrx_word' id='word_1_299' title='bbox 395 1101 428 1127; x_wconf 73' lang='grc' dir='ltr'><strong>Ίὶί</strong></span> <span class='ocrx_word' id='word_1_300' title='bbox 442 1101 488 1134; x_wconf 84' lang='grc' dir='ltr'><strong>δέ;</strong></span> <span class='ocrx_word' id='word_1_301' title='bbox 506 1102 610 1136; x_wconf 84' lang='grc' dir='ltr'><strong>Μωσῆς</strong></span> <span class='ocrx_word' id='word_1_302' title='bbox 628 1102 687 1138; x_wconf 78' lang='grc' dir='ltr'><strong>μὲν,</strong></span> <span class='ocrx_word' id='word_1_303' title='bbox 701 1103 725 1129; x_wconf 83' lang='grc' dir='ltr'><strong>οί</strong></span> <span class='ocrx_word' id='word_1_304' title='bbox 741 1103 770 1130; x_wconf 87' lang='grc' dir='ltr'><strong>δέ</strong></span> <span class='ocrx_word' id='word_1_305' title='bbox 791 1103 854 1140; x_wconf 80' lang='grc' dir='ltr'><strong>ἑξῆς</strong></span> 
     </span>
    </p>
   </div>
   <div class='ocr_carea' id='block_1_41' title="bbox 59 1147 853 1183">
    <p class='ocr_par' dir='ltr' id='par_1_41' title="bbox 59 1147 853 1183">
     <span class='ocr_line' id='line_1_41' title="bbox 59 1147 853 1183; baseline 0.004 -10"><span class='ocrx_word' id='word_1_306' title='bbox 59 1147 201 1182; x_wconf 78' lang='grc' dir='ltr'><strong>προφῆται</strong></span> <span class='ocrx_word' id='word_1_307' title='bbox 218 1147 296 1182; x_wconf 82' lang='grc' dir='ltr'><strong>οὐχί;</strong></span> <span class='ocrx_word' id='word_1_308' title='bbox 323 1147 448 1183; x_wconf 79' lang='grc' dir='ltr'><strong>Σαμουὴλ</strong></span> <span class='ocrx_word' id='word_1_309' title='bbox 463 1147 492 1174; x_wconf 76' lang='grc' dir='ltr'><strong>δὲ</strong></span> <span class='ocrx_word' id='word_1_310' title='bbox 511 1147 587 1183; x_wconf 86' lang='grc' dir='ltr'><strong>οὺχί;</strong></span> <span class='ocrx_word' id='word_1_311' title='bbox 616 1148 648 1175; x_wconf 89' lang='grc' dir='ltr'><strong>Τί</strong></span> <span class='ocrx_word' id='word_1_312' title='bbox 673 1149 773 1175; x_wconf 79' lang='grc' dir='ltr'><strong>ἄτοπόν</strong></span> <span class='ocrx_word' id='word_1_313' title='bbox 796 1150 853 1176; x_wconf 83' lang='grc' dir='ltr'><strong>ἐστι</strong></span> 
     </span>
    </p>
   </div>
   <div class='ocr_carea' id='block_1_42' title="bbox 58 1193 852 1230">
    <p class='ocr_par' dir='ltr' id='par_1_42' title="bbox 58 1193 852 1230">
     <span class='ocr_line' id='line_1_42' title="bbox 58 1193 852 1230; baseline 0.004 -11"><span class='ocrx_word' id='word_1_314' title='bbox 58 1193 126 1224; x_wconf 77' lang='grc' dir='ltr'><strong>τοὺς</strong></span> <span class='ocrx_word' id='word_1_315' title='bbox 143 1193 250 1229; x_wconf 73' lang='grc' dir='ltr'><strong>ἰατροὺς</strong></span> <span class='ocrx_word' id='word_1_316' title='bbox 265 1193 440 1220; x_wconf 72' lang='grc' dir='ltr'><strong>καταϐαίνειν</strong></span> <span class='ocrx_word' id='word_1_317' title='bbox 457 1193 525 1228; x_wconf 70' lang='grc' dir='ltr'><strong>πρὸς</strong></span> <span class='ocrx_word' id='word_1_318' title='bbox 544 1195 607 1226; x_wconf 82' lang='grc' dir='ltr'>τοὺς</span> <span class='ocrx_word' id='word_1_319' title='bbox 627 1194 720 1226; x_wconf 84' lang='grc' dir='ltr'><strong>κακῶς</strong></span> <span class='ocrx_word' id='word_1_320' title='bbox 731 1194 852 1230; x_wconf 60' lang='grc' dir='ltr'><strong>ἔχοντας</strong></span> 
     </span>
    </p>
   </div>
   <div class='ocr_carea' id='block_1_43' title="bbox 59 1237 853 1275">
    <p class='ocr_par' dir='ltr' id='par_1_43' title="bbox 59 1237 853 1275">
     <span class='ocr_line' id='line_1_43' title="bbox 59 1237 853 1275; baseline 0.003 -11"><span class='ocrx_word' id='word_1_321' title='bbox 59 1237 96 1264; x_wconf 82' lang='grc' dir='ltr'>Τί</span> <span class='ocrx_word' id='word_1_322' title='bbox 111 1237 139 1264; x_wconf 72' lang='grc' dir='ltr'><strong>δὲ</strong></span> <span class='ocrx_word' id='word_1_323' title='bbox 151 1238 249 1264; x_wconf 73' lang='grc' dir='ltr'><strong>ἄτοπόν</strong></span> <span class='ocrx_word' id='word_1_324' title='bbox 263 1239 337 1265; x_wconf 83' lang='grc' dir='ltr'><strong>ἐστιν</strong></span> <span class='ocrx_word' id='word_1_325' title='bbox 348 1238 391 1264; x_wconf 83' lang='grc' dir='ltr'><strong>’ίνα</strong></span> <span class='ocrx_word' id='word_1_326' title='bbox 408 1237 455 1264; x_wconf 73' lang='grc' dir='ltr'><strong>καὶ</strong></span> <span class='ocrx_word' id='word_1_327' title='bbox 469 1238 483 1264; x_wconf 83' lang='grc' dir='ltr'><strong>ὁ</strong></span> <span class='ocrx_word' id='word_1_328' title='bbox 496 1239 644 1274; x_wconf 83' lang='grc' dir='ltr'><strong>ἀρχίατρος</strong></span> <span class='ocrx_word' id='word_1_329' title='bbox 660 1239 766 1275; x_wconf 74' lang='grc' dir='ltr'><strong>καταϐῇ</strong></span> <span class='ocrx_word' id='word_1_330' title='bbox 785 1240 853 1275; x_wconf 81' lang='grc' dir='ltr'><strong>πρὸς</strong></span> 
     </span>
    </p>
   </div>
   <div class='ocr_carea' id='block_1_44' title="bbox 58 1283 852 1321">
    <p class='ocr_par' dir='ltr' id='par_1_44' title="bbox 58 1283 852 1321">
     <span class='ocr_line' id='line_1_44' title="bbox 58 1283 852 1321; baseline 0.004 -12"><span class='ocrx_word' id='word_1_331' title='bbox 58 1283 125 1314; x_wconf 79' lang='grc' dir='ltr'><strong>τοὺς</strong></span> <span class='ocrx_word' id='word_1_332' title='bbox 139 1283 230 1315; x_wconf 83' lang='grc' dir='ltr'><strong>κακῶς</strong></span> <span class='ocrx_word' id='word_1_333' title='bbox 240 1283 369 1318; x_wconf 76' lang='grc' dir='ltr'><strong>ἕχοντας;</strong></span> <span class='ocrx_word' id='word_1_334' title='bbox 397 1284 510 1311; x_wconf 83' lang='grc' dir='ltr'><strong>Ἐκεῖνοι</strong></span> <span class='ocrx_word' id='word_1_335' title='bbox 528 1285 614 1320; x_wconf 79' lang='grc' dir='ltr'><strong>ἰατροὶ</strong></span> <span class='ocrx_word' id='word_1_336' title='bbox 633 1285 681 1320; x_wconf 82' lang='grc' dir='ltr'>μὲν</span> <span class='ocrx_word' id='word_1_337' title='bbox 694 1283 764 1321; x_wconf 83' lang='grc' dir='ltr'><strong>ἦσαν</strong></span> <span class='ocrx_word' id='word_1_338' title='bbox 786 1285 852 1312; x_wconf 86' lang='grc' dir='ltr'><strong>πολ-</strong></span> 
     </span>
    </p>
   </div>
   <div class='ocr_carea' id='block_1_45' title="bbox 59 1328 853 1365">
    <p class='ocr_par' dir='ltr' id='par_1_45' title="bbox 59 1328 853 1365">
     <span class='ocr_line' id='line_1_45' title="bbox 59 1328 853 1365; baseline 0.003 -11"><span class='ocrx_word' id='word_1_339' title='bbox 59 1328 114 1360; x_wconf 79' lang='grc' dir='ltr'><strong>λοὶ,</strong></span> <span class='ocrx_word' id='word_1_340' title='bbox 131 1329 146 1354; x_wconf 70' lang='grc' dir='ltr'><strong>ὁ</strong></span> <span class='ocrx_word' id='word_1_341' title='bbox 157 1328 185 1354; x_wconf 77' lang='grc' dir='ltr'><strong>δὲ</strong></span> <span class='ocrx_word' id='word_1_342' title='bbox 204 1328 305 1364; x_wconf 81' lang='grc' dir='ltr'><strong>Κύριός</strong></span> <span class='ocrx_word' id='word_1_343' title='bbox 320 1337 370 1364; x_wconf 91' lang='grc' dir='ltr'><strong>μου</strong></span> <span class='ocrx_word' id='word_1_344' title='bbox 382 1329 428 1356; x_wconf 76' lang='grc' dir='ltr'><strong>καὶ</strong></span> <span class='ocrx_word' id='word_1_345' title='bbox 446 1328 541 1364; x_wconf 86' lang='grc' dir='ltr'><strong>Σωτὴρ</strong></span> <span class='ocrx_word' id='word_1_346' title='bbox 555 1329 701 1365; x_wconf 84' lang='grc' dir='ltr'><strong>ὰρχίατρός</strong></span> <span class='ocrx_word' id='word_1_347' title='bbox 716 1330 782 1356; x_wconf 86' lang='grc' dir='ltr'><strong>ἐστι·</strong></span> <span class='ocrx_word' id='word_1_348' title='bbox 806 1330 853 1356; x_wconf 74' lang='grc' dir='ltr'><strong>καὶ</strong></span> 
     </span>
    </p>
   </div>
   <div class='ocr_carea' id='block_1_46' title="bbox 58 1373 852 1410">
    <p class='ocr_par' dir='ltr' id='par_1_46' title="bbox 58 1373 852 1410">
     <span class='ocr_line' id='line_1_46' title="bbox 58 1373 852 1410; baseline 0.003 -10"><span class='ocrx_word' id='word_1_349' title='bbox 58 1373 118 1408; x_wconf 73' lang='grc' dir='ltr'><strong>γὰρ</strong></span> <span class='ocrx_word' id='word_1_350' title='bbox 128 1373 177 1409; x_wconf 80' lang='grc' dir='ltr'><strong>τὴν</strong></span> <span class='ocrx_word' id='word_1_351' title='bbox 189 1374 263 1401; x_wconf 84' lang='grc' dir='ltr'><strong>ἐνδον</strong></span> <span class='ocrx_word' id='word_1_352' title='bbox 279 1374 437 1410; x_wconf 82' lang='grc' dir='ltr'><strong>ἐπιθυμίαν,</strong></span> <span class='ocrx_word' id='word_1_353' title='bbox 453 1375 470 1409; x_wconf 85' lang='grc' dir='ltr'>ἢ</span> <span class='ocrx_word' id='word_1_354' title='bbox 483 1375 512 1401; x_wconf 85' lang='grc' dir='ltr'><strong>οὐ</strong></span> <span class='ocrx_word' id='word_1_355' title='bbox 525 1374 636 1402; x_wconf 85' lang='grc' dir='ltr'><strong>δύναται</strong></span> <span class='ocrx_word' id='word_1_356' title='bbox 648 1375 700 1402; x_wconf 77' lang='grc' dir='ltr'><strong>ὑπὸ</strong></span> <span class='ocrx_word' id='word_1_357' title='bbox 708 1375 795 1402; x_wconf 76' lang='grc' dir='ltr'><strong>ἄλλων</strong></span> <span class='ocrx_word' id='word_1_358' title='bbox 809 1375 852 1402; x_wconf 85' lang='grc' dir='ltr'><strong>θε-</strong></span> 
     </span>
    </p>
   </div>
   <div class='ocr_carea' id='block_1_47' title="bbox 60 1419 852 1456">
    <p class='ocr_par' dir='ltr' id='par_1_47' title="bbox 60 1419 852 1456">
     <span class='ocr_line' id='line_1_47' title="bbox 60 1419 852 1456; baseline 0.004 -11"><span class='ocrx_word' id='word_1_359' title='bbox 60 1419 241 1455; x_wconf 79' lang='grc' dir='ltr'><strong>ραπευθῆναι,</strong></span> <span class='ocrx_word' id='word_1_360' title='bbox 260 1420 340 1451; x_wconf 77' lang='grc' dir='ltr'><strong>αὐτὸς</strong></span> <span class='ocrx_word' id='word_1_361' title='bbox 356 1420 515 1455; x_wconf 82' lang='grc' dir='ltr'><strong>θεραπεύει·</strong></span> <span class='ocrx_word' id='word_1_362' title='bbox 532 1421 592 1456; x_wconf 74' lang='grc' dir='ltr'><strong>ἣτις</strong></span> <span class='ocrx_word' id='word_1_363' title='bbox 615 1421 665 1448; x_wconf 80' lang='grc' dir='ltr'><strong>οὐκ</strong></span> <span class='ocrx_word' id='word_1_364' title='bbox 681 1421 789 1456; x_wconf 87' lang='grc' dir='ltr'><strong>ῐσχυσεν</strong></span> <span class='ocrx_word' id='word_1_365' title='bbox 806 1422 852 1448; x_wconf 80' lang='grc' dir='ltr'><strong>ὑπ’</strong></span> 
     </span>
    </p>
   </div>
   <div class='ocr_carea' id='block_1_48' title="bbox 58 1465 852 1503">
    <p class='ocr_par' dir='ltr' id='par_1_48' title="bbox 58 1465 852 1503">
     <span class='ocr_line' id='line_1_48' title="bbox 58 1465 852 1503; baseline 0.004 -11"><span class='ocrx_word' id='word_1_366' title='bbox 58 1465 169 1498; x_wconf 76' lang='grc' dir='ltr'><strong>οὐδενὸς</strong></span> <span class='ocrx_word' id='word_1_367' title='bbox 193 1465 396 1502; x_wconf 76' lang='grc' dir='ltr'><strong>θεραπευθῆναι</strong></span> <span class='ocrx_word' id='word_1_368' title='bbox 416 1466 470 1493; x_wconf 83' lang='grc' dir='ltr'><strong>τῶν</strong></span> <span class='ocrx_word' id='word_1_369' title='bbox 487 1466 598 1502; x_wconf 79' lang='grc' dir='ltr'><strong>ἰατρῶν,</strong></span> <span class='ocrx_word' id='word_1_370' title='bbox 613 1467 729 1503; x_wconf 71' lang='grc' dir='ltr'><strong>Χριστὸς</strong></span> <span class='ocrx_word' id='word_1_371' title='bbox 751 1468 852 1503; x_wconf 83' lang='grc' dir='ltr'><strong>Ἰησοῦς</strong></span> 
     </span>
    </p>
   </div>
   <div class='ocr_carea' id='block_1_49' title="bbox 57 1509 852 1547">
    <p class='ocr_par' dir='ltr' id='par_1_49' title="bbox 57 1509 852 1547">
     <span class='ocr_line' id='line_1_49' title="bbox 57 1509 852 1547; baseline 0.003 -11"><span class='ocrx_word' id='word_1_372' title='bbox 57 1509 146 1546; x_wconf 77' lang='grc' dir='ltr'><strong>αὐτὴν</strong></span> <span class='ocrx_word' id='word_1_373' title='bbox 159 1509 314 1546; x_wconf 81' lang='grc' dir='ltr'><strong>θεραπεύει.</strong></span> <span class='ocrx_word' id='word_1_374' title='bbox 326 1509 371 1545; x_wconf 81' lang='grc' dir='ltr'><strong>Μὴ</strong></span> <span class='ocrx_word' id='word_1_375' title='bbox 383 1510 477 1544; x_wconf 76' lang='grc' dir='ltr'><strong>φοϐοῦ.</strong></span> <span class='ocrx_word' id='word_1_376' title='bbox 493 1510 539 1546; x_wconf 85' lang='grc' dir='ltr'><strong>Μὴ</strong></span> <span class='ocrx_word' id='word_1_377' title='bbox 556 1510 671 1545; x_wconf 79' lang='grc' dir='ltr'><strong>θαμσοῦ.</strong></span> <span class='ocrx_word' id='word_1_378' title='bbox 691 1511 794 1547; x_wconf 73' lang='grc' dir='ltr'><strong>Ἰησοῦς</strong></span> <span class='ocrx_word' id='word_1_379' title='bbox 812 1514 852 1544; x_wconf 82' lang='grc' dir='ltr'><strong>είς</strong></span> 
     </span>
    </p>
   </div>
   <div class='ocr_carea' id='block_1_50' title="bbox 909 916 1696 954">
    <p class='ocr_par' dir='ltr' id='par_1_50' title="bbox 909 916 1696 954">
     <span class='ocr_line' id='line_1_50' title="bbox 909 916 1696 954; baseline -0.008 -7"><span class='ocrx_word' id='word_1_380' title='bbox 909 919 978 953; x_wconf 82' lang='lat' dir='ltr'><strong>Quid</strong></span> <span class='ocrx_word' id='word_1_381' title='bbox 996 919 1094 954; x_wconf 75' lang='lat' dir='ltr'><strong>porro!</strong></span> <span class='ocrx_word' id='word_1_382' title='bbox 1112 918 1219 953; x_wconf 79' lang='lat' dir='ltr'><strong>Moyses</strong></span> <span class='ocrx_word' id='word_1_383' title='bbox 1230 917 1256 944; x_wconf 91' lang='lat' dir='ltr'><strong>id</strong></span> <span class='ocrx_word' id='word_1_384' title='bbox 1273 918 1328 952; x_wconf 96' lang='lat' dir='ltr'><strong>egit</strong></span> <span class='ocrx_word' id='word_1_385' title='bbox 1345 925 1352 944; x_wconf 89' lang='lat'>:</span> <span class='ocrx_word' id='word_1_386' title='bbox 1368 916 1464 951; x_wconf 86' lang='lat' dir='ltr'><strong>reliqui</strong></span> <span class='ocrx_word' id='word_1_387' title='bbox 1487 916 1626 950; x_wconf 83' lang='lat' dir='ltr'><strong>prophene</strong></span> <span class='ocrx_word' id='word_1_388' title='bbox 1643 922 1696 941; x_wconf 81' lang='lat' dir='ltr'><strong>nou</strong></span> 
     </span>
    </p>
   </div>
   <div class='ocr_carea' id='block_1_51' title="bbox 909 960 1696 997">
    <p class='ocr_par' dir='ltr' id='par_1_51' title="bbox 909 960 1696 997">
     <span class='ocr_line' id='line_1_51' title="bbox 909 960 1696 997; baseline -0.008 -5"><span class='ocrx_word' id='word_1_389' title='bbox 909 965 993 992; x_wconf 84' lang='lat' dir='ltr'><strong>item?</strong></span> <span class='ocrx_word' id='word_1_390' title='bbox 1005 964 1098 992; x_wconf 82' lang='lat' dir='ltr'><strong>Nonne</strong></span> <span class='ocrx_word' id='word_1_391' title='bbox 1119 963 1251 992; x_wconf 79' lang='lat' dir='ltr'><strong>Samuel?</strong></span> <span class='ocrx_word' id='word_1_392' title='bbox 1269 963 1404 997; x_wconf 78' lang='lat' dir='ltr'><strong>Quidnam</strong></span> <span class='ocrx_word' id='word_1_393' title='bbox 1417 961 1529 989; x_wconf 85' lang='lat' dir='ltr'><strong>absurtli</strong></span> <span class='ocrx_word' id='word_1_394' title='bbox 1547 966 1598 993; x_wconf 85' lang='lat' dir='ltr'><strong>est,</strong></span> <span class='ocrx_word' id='word_1_395' title='bbox 1612 960 1696 987; x_wconf 90' lang='lat' dir='ltr'><strong>medi-</strong></span> 
     </span>
    </p>
   </div>
   <div class='ocr_carea' id='block_1_52' title="bbox 908 1006 1696 1040">
    <p class='ocr_par' dir='ltr' id='par_1_52' title="bbox 908 1006 1696 1040">
     <span class='ocr_line' id='line_1_52' title="bbox 908 1006 1696 1040; baseline -0.008 -2"><span class='ocrx_word' id='word_1_396' title='bbox 908 1018 955 1038; x_wconf 86' lang='lat' dir='ltr'><strong>cos</strong></span> <span class='ocrx_word' id='word_1_397' title='bbox 971 1012 1004 1038; x_wconf 87' lang='lat' dir='ltr'><strong>ad</strong></span> <span class='ocrx_word' id='word_1_398' title='bbox 1018 1010 1087 1037; x_wconf 81' lang='lat' dir='ltr'><strong>male</strong></span> <span class='ocrx_word' id='word_1_399' title='bbox 1107 1018 1137 1038; x_wconf 89' lang='lat' dir='ltr'><strong>se</strong></span> <span class='ocrx_word' id='word_1_400' title='bbox 1153 1009 1287 1036; x_wconf 77' lang='lat' dir='ltr'><strong>habentes</strong></span> <span class='ocrx_word' id='word_1_401' title='bbox 1302 1008 1490 1036; x_wconf 78' lang='lat' dir='ltr'><strong>descendere?</strong></span> <span class='ocrx_word' id='word_1_402' title='bbox 1504 1007 1573 1040; x_wconf 84' lang='lat' dir='ltr'><strong>Quid</strong></span> <span class='ocrx_word' id='word_1_403' title='bbox 1586 1006 1696 1033; x_wconf 84' lang='lat' dir='ltr'><strong>ahsurdi</strong></span> 
     </span>
    </p>
   </div>
   <div class='ocr_carea' id='block_1_53' title="bbox 907 1054 1696 1090">
    <p class='ocr_par' dir='ltr' id='par_1_53' title="bbox 907 1054 1696 1090">
     <span class='ocr_line' id='line_1_53' title="bbox 907 1054 1696 1090; baseline -0.006 -7"><span class='ocrx_word' id='word_1_404' title='bbox 907 1061 949 1083; x_wconf 88' lang='lat' dir='ltr'><strong>est</strong></span> <span class='ocrx_word' id='word_1_405' title='bbox 972 1056 1119 1090; x_wconf 82' lang='lat' dir='ltr'><strong>principem</strong></span> <span class='ocrx_word' id='word_1_406' title='bbox 1149 1055 1315 1082; x_wconf 85' lang='lat' dir='ltr'><strong>medicorum</strong></span> <span class='ocrx_word' id='word_1_407' title='bbox 1339 1055 1372 1080; x_wconf 88' lang='lat' dir='ltr'><strong>ad</strong></span> <span class='ocrx_word' id='word_1_408' title='bbox 1394 1058 1559 1087; x_wconf 63' lang='lat' dir='ltr'><strong>aegrotantes</strong></span> <span class='ocrx_word' id='word_1_409' title='bbox 1582 1054 1696 1079; x_wconf 83' lang='lat' dir='ltr'><strong>descen-</strong></span> 
     </span>
    </p>
   </div>
   <div class='ocr_carea' id='block_1_54' title="bbox 908 1099 1694 1136">
    <p class='ocr_par' dir='ltr' id='par_1_54' title="bbox 908 1099 1694 1136">
     <span class='ocr_line' id='line_1_54' title="bbox 908 1099 1694 1136; baseline -0.004 -7"><span class='ocrx_word' id='word_1_410' title='bbox 908 1103 990 1130; x_wconf 85' lang='lat' dir='ltr'><strong>dere?</strong></span> <span class='ocrx_word' id='word_1_411' title='bbox 1014 1102 1053 1129; x_wconf 92' lang='lat' dir='ltr'><strong>Illi</strong></span> <span class='ocrx_word' id='word_1_412' title='bbox 1072 1102 1170 1129; x_wconf 75' lang='lat' dir='ltr'><strong>medici</strong></span> <span class='ocrx_word' id='word_1_413' title='bbox 1200 1101 1310 1136; x_wconf 86' lang='lat' dir='ltr'><strong>quidem</strong></span> <span class='ocrx_word' id='word_1_414' title='bbox 1334 1106 1422 1134; x_wconf 86' lang='lat' dir='ltr'><strong>erant,</strong></span> <span class='ocrx_word' id='word_1_415' title='bbox 1449 1104 1477 1127; x_wconf 91' lang='lat' dir='ltr'><strong>et</strong></span> <span class='ocrx_word' id='word_1_416' title='bbox 1501 1107 1567 1127; x_wconf 81' lang='lat' dir='ltr'><strong>sane</strong></span> <span class='ocrx_word' id='word_1_417' title='bbox 1598 1099 1694 1126; x_wconf 86' lang='lat' dir='ltr'><strong>multi:</strong></span> 
     </span>
    </p>
   </div>
   <div class='ocr_carea' id='block_1_55' title="bbox 907 1147 1696 1182">
    <p class='ocr_par' dir='ltr' id='par_1_55' title="bbox 907 1147 1696 1182">
     <span class='ocr_line' id='line_1_55' title="bbox 907 1147 1696 1182; baseline -0.005 -6"><span class='ocrx_word' id='word_1_418' title='bbox 907 1153 936 1176; x_wconf 86' lang='lat' dir='ltr'><strong>at</strong></span> <span class='ocrx_word' id='word_1_419' title='bbox 963 1148 1093 1176; x_wconf 88' lang='lat' dir='ltr'><strong>Dominus</strong></span> <span class='ocrx_word' id='word_1_420' title='bbox 1127 1155 1204 1175; x_wconf 88' lang='lat' dir='ltr'><strong>meus</strong></span> <span class='ocrx_word' id='word_1_421' title='bbox 1235 1151 1263 1175; x_wconf 87' lang='lat' dir='ltr'><strong>et</strong></span> <span class='ocrx_word' id='word_1_422' title='bbox 1282 1147 1409 1175; x_wconf 78' lang='lat' dir='ltr'><strong>Salvator</strong></span> <span class='ocrx_word' id='word_1_423' title='bbox 1444 1147 1570 1182; x_wconf 85' lang='lat' dir='ltr'><strong>princeps</strong></span> <span class='ocrx_word' id='word_1_424' title='bbox 1599 1153 1696 1173; x_wconf 87' lang='lat' dir='ltr'><strong>eorum</strong></span> 
     </span>
    </p>
   </div>
   <div class='ocr_carea' id='block_1_56' title="bbox 906 1187 1696 1229">
    <p class='ocr_par' dir='ltr' id='par_1_56' title="bbox 906 1187 1696 1229">
     <span class='ocr_line' id='line_1_56' title="bbox 906 1187 1696 1229; baseline -0.001 -7"><span class='ocrx_word' id='word_1_425' title='bbox 906 1200 957 1223; x_wconf 77' lang='lat' dir='ltr'><strong>est.</strong></span> <span class='ocrx_word' id='word_1_426' title='bbox 991 1194 1095 1222; x_wconf 82' lang='lat' dir='ltr'><strong>Etenim</strong></span> <span class='ocrx_word' id='word_1_427' title='bbox 1131 1187 1271 1222; x_wconf 67' lang='lat' dir='ltr'><strong>intermitti</strong></span> <span class='ocrx_word' id='word_1_428' title='bbox 1304 1194 1491 1225; x_wconf 84' lang='lat' dir='ltr'><strong>desiderium.</strong></span> <span class='ocrx_word' id='word_1_429' title='bbox 1519 1192 1601 1229; x_wconf 59' lang='lat'><strong>595</strong></span> <span class='ocrx_word' id='word_1_430' title='bbox 1625 1194 1696 1227; x_wconf 87' lang='lat' dir='ltr'><strong>quod</strong></span> 
     </span>
    </p>
   </div>
   <div class='ocr_carea' id='block_1_57' title="bbox 907 1236 1695 1276">
    <p class='ocr_par' dir='ltr' id='par_1_57' title="bbox 907 1236 1695 1276">
     <span class='ocr_line' id='line_1_57' title="bbox 907 1236 1695 1276; baseline -0.003 -8"><span class='ocrx_word' id='word_1_431' title='bbox 907 1249 960 1268; x_wconf 92' lang='lat' dir='ltr'><strong>nott</strong></span> <span class='ocrx_word' id='word_1_432' title='bbox 991 1245 1080 1276; x_wconf 86' lang='lat' dir='ltr'><strong>potest</strong></span> <span class='ocrx_word' id='word_1_433' title='bbox 1100 1240 1134 1267; x_wconf 87' lang='lat' dir='ltr'><strong>ah</strong></span> <span class='ocrx_word' id='word_1_434' title='bbox 1159 1240 1221 1267; x_wconf 86' lang='lat' dir='ltr'><strong>aliis</strong></span> <span class='ocrx_word' id='word_1_435' title='bbox 1254 1236 1361 1273; x_wconf 81' lang='lat' dir='ltr'><strong>curari,</strong></span> <span class='ocrx_word' id='word_1_436' title='bbox 1383 1244 1463 1267; x_wconf 80' lang='lat' dir='ltr'><strong>curat</strong></span> <span class='ocrx_word' id='word_1_437' title='bbox 1487 1239 1545 1274; x_wconf 86' lang='lat' dir='ltr'><strong>ipse</strong></span> <span class='ocrx_word' id='word_1_438' title='bbox 1563 1248 1571 1267; x_wconf 88' lang='lat'><strong>:</strong></span> <span class='ocrx_word' id='word_1_439' title='bbox 1587 1240 1658 1274; x_wconf 87' lang='lat' dir='ltr'><strong>quod</strong></span> <span class='ocrx_word' id='word_1_440' title='bbox 1680 1247 1695 1266; x_wconf 88' lang='lat' dir='ltr'><strong>a</strong></span> 
     </span>
    </p>
   </div>
   <div class='ocr_carea' id='block_1_58' title="bbox 907 1284 1696 1320">
    <p class='ocr_par' dir='ltr' id='par_1_58' title="bbox 907 1284 1696 1320">
     <span class='ocr_line' id='line_1_58' title="bbox 907 1284 1696 1320; baseline -0.003 -7"><span class='ocrx_word' id='word_1_441' title='bbox 907 1286 1015 1313; x_wconf 87' lang='lat' dir='ltr'><strong>nemine</strong></span> <span class='ocrx_word' id='word_1_442' title='bbox 1042 1286 1129 1320; x_wconf 91' lang='lat' dir='ltr'><strong>potuit</strong></span> <span class='ocrx_word' id='word_1_443' title='bbox 1151 1285 1318 1312; x_wconf 83' lang='lat' dir='ltr'><strong>medicorum</strong></span> <span class='ocrx_word' id='word_1_444' title='bbox 1345 1285 1448 1316; x_wconf 81' lang='lat' dir='ltr'><strong>sanari,</strong></span> <span class='ocrx_word' id='word_1_445' title='bbox 1463 1289 1574 1312; x_wconf 77' lang='lat' dir='ltr'><strong>sanatur</strong></span> <span class='ocrx_word' id='word_1_446' title='bbox 1588 1292 1603 1311; x_wconf 87' lang='lat' dir='ltr'><strong>a</strong></span> <span class='ocrx_word' id='word_1_447' title='bbox 1615 1284 1696 1312; x_wconf 87' lang='lat' dir='ltr'><strong>Chri-</strong></span> 
     </span>
    </p>
   </div>
   <div class='ocr_carea' id='block_1_59' title="bbox 906 1329 1695 1358">
    <p class='ocr_par' dir='ltr' id='par_1_59' title="bbox 906 1329 1695 1358">
     <span class='ocr_line' id='line_1_59' title="bbox 906 1329 1695 1358; baseline -0.001 0"><span class='ocrx_word' id='word_1_448' title='bbox 906 1336 949 1358; x_wconf 93' lang='lat' dir='ltr'><strong>sto</strong></span> <span class='ocrx_word' id='word_1_449' title='bbox 972 1330 1046 1358; x_wconf 70' lang='lat' dir='ltr'><strong>Iesu.</strong></span> <span class='ocrx_word' id='word_1_450' title='bbox 1067 1329 1107 1358; x_wconf 77' lang='lat' dir='ltr'><strong>Ne</strong></span> <span class='ocrx_word' id='word_1_451' title='bbox 1130 1330 1236 1358; x_wconf 84' lang='lat' dir='ltr'><strong>timeas.</strong></span> <span class='ocrx_word' id='word_1_452' title='bbox 1261 1329 1300 1357; x_wconf 79' lang='lat' dir='ltr'><strong>Ne</strong></span> <span class='ocrx_word' id='word_1_453' title='bbox 1315 1330 1432 1357; x_wconf 88' lang='lat' dir='ltr'><strong>mireris.</strong></span> <span class='ocrx_word' id='word_1_454' title='bbox 1455 1329 1578 1357; x_wconf 83' lang='lat' dir='ltr'><strong>Christus</strong></span> <span class='ocrx_word' id='word_1_455' title='bbox 1603 1330 1630 1357; x_wconf 95' lang='lat' dir='ltr'><strong>in</strong></span> <span class='ocrx_word' id='word_1_456' title='bbox 1652 1330 1695 1357; x_wconf 90' lang='lat' dir='ltr'><strong>iu-</strong></span> 
     </span>
    </p>
   </div>
   <div class='ocr_carea' id='block_1_60' title="bbox 907 1375 1694 1411">
    <p class='ocr_par' dir='ltr' id='par_1_60' title="bbox 907 1375 1694 1411">
     <span class='ocr_line' id='line_1_60' title="bbox 907 1375 1694 1411; baseline -0.001 -8"><span class='ocrx_word' id='word_1_457' title='bbox 907 1376 1012 1403; x_wconf 79' lang='lat' dir='ltr'><strong>feruum</strong></span> <span class='ocrx_word' id='word_1_458' title='bbox 1040 1376 1200 1408; x_wconf 84' lang='lat' dir='ltr'><strong>descendit,</strong></span> <span class='ocrx_word' id='word_1_459' title='bbox 1227 1380 1255 1404; x_wconf 89' lang='lat' dir='ltr'><strong>et</strong></span> <span class='ocrx_word' id='word_1_460' title='bbox 1280 1381 1343 1403; x_wconf 85' lang='lat' dir='ltr'><strong>ante</strong></span> <span class='ocrx_word' id='word_1_461' title='bbox 1373 1383 1435 1402; x_wconf 87' lang='lat' dir='ltr'><strong>eum</strong></span> <span class='ocrx_word' id='word_1_462' title='bbox 1464 1375 1621 1411; x_wconf 60' lang='lat' dir='ltr'><strong>propheta,</strong></span> <span class='ocrx_word' id='word_1_463' title='bbox 1648 1376 1694 1410; x_wconf 88' lang='lat' dir='ltr'><strong>qui</strong></span> 
     </span>
    </p>
   </div>
   <div class='ocr_carea' id='block_1_61' title="bbox 906 1421 1696 1456">
    <p class='ocr_par' dir='ltr' id='par_1_61' title="bbox 906 1421 1696 1456">
     <span class='ocr_line' id='line_1_61' title="bbox 906 1421 1696 1456; baseline -0.001 -7"><span class='ocrx_word' id='word_1_464' title='bbox 906 1421 964 1454; x_wconf 88' lang='lat' dir='ltr'><strong>ejus</strong></span> <span class='ocrx_word' id='word_1_465' title='bbox 985 1423 1129 1449; x_wconf 79' lang='lat' dir='ltr'><strong>adventum</strong></span> <span class='ocrx_word' id='word_1_466' title='bbox 1151 1421 1347 1456; x_wconf 65' lang='lat' dir='ltr'><strong>praedicabant.</strong></span> <span class='ocrx_word' id='word_1_467' title='bbox 1372 1422 1478 1449; x_wconf 79' lang='lat' dir='ltr'><strong>Addam</strong></span> <span class='ocrx_word' id='word_1_468' title='bbox 1512 1426 1642 1456; x_wconf 68' lang='lat' dir='ltr'><strong>praeterea</strong></span> <span class='ocrx_word' id='word_1_469' title='bbox 1667 1426 1696 1449; x_wconf 84' lang='lat' dir='ltr'><strong>et</strong></span> 
     </span>
    </p>
   </div>
   <div class='ocr_carea' id='block_1_62' title="bbox 906 1465 1696 1501">
    <p class='ocr_par' dir='ltr' id='par_1_62' title="bbox 906 1465 1696 1501">
     <span class='ocr_line' id='line_1_62' title="bbox 906 1465 1696 1501; baseline 0.001 -9"><span class='ocrx_word' id='word_1_470' title='bbox 906 1465 980 1492; x_wconf 90' lang='lat' dir='ltr'><strong>aliud</strong></span> <span class='ocrx_word' id='word_1_471' title='bbox 1002 1466 1171 1500; x_wconf 77' lang='lat' dir='ltr'><strong>nescioquid</strong></span> <span class='ocrx_word' id='word_1_472' title='bbox 1184 1474 1216 1494; x_wconf 76' lang='lat' dir='ltr'><strong>ex</strong></span> <span class='ocrx_word' id='word_1_473' title='bbox 1231 1467 1288 1501; x_wconf 76' lang='lat' dir='ltr'><strong>ipsa</strong></span> <span class='ocrx_word' id='word_1_474' title='bbox 1303 1465 1456 1501; x_wconf 82' lang='lat' dir='ltr'><strong>Scriptura.</strong></span> <span class='ocrx_word' id='word_1_475' title='bbox 1474 1465 1584 1494; x_wconf 84' lang='lat' dir='ltr'><strong>Samuel</strong></span> <span class='ocrx_word' id='word_1_476' title='bbox 1598 1473 1696 1493; x_wconf 80' lang='lat' dir='ltr'><strong>ascen-</strong></span> 
     </span>
    </p>
   </div>
   <div class='ocr_carea' id='block_1_63' title="bbox 906 1511 1694 1543">
    <p class='ocr_par' dir='ltr' id='par_1_63' title="bbox 906 1511 1694 1543">
     <span class='ocr_line' id='line_1_63' title="bbox 906 1511 1694 1543; baseline 0.001 -6"><span class='ocrx_word' id='word_1_477' title='bbox 906 1511 964 1543; x_wconf 87' lang='lat' dir='ltr'><strong>dit;</strong></span> <span class='ocrx_word' id='word_1_478' title='bbox 990 1516 1016 1537; x_wconf 93' lang='lat' dir='ltr'><strong>et</strong></span> <span class='ocrx_word' id='word_1_479' title='bbox 1035 1518 1099 1538; x_wconf 73' lang='lat' dir='ltr'><strong>ecce</strong></span> <span class='ocrx_word' id='word_1_480' title='bbox 1119 1511 1184 1538; x_wconf 90' lang='lat' dir='ltr'><strong>Saul</strong></span> <span class='ocrx_word' id='word_1_481' title='bbox 1206 1511 1273 1539; x_wconf 82' lang='lat' dir='ltr'><strong>dicit</strong></span> <span class='ocrx_word' id='word_1_482' title='bbox 1297 1519 1328 1539; x_wconf 85' lang='lat' dir='ltr'><strong>se</strong></span> <span class='ocrx_word' id='word_1_483' title='bbox 1353 1512 1454 1539; x_wconf 81' lang='lat' dir='ltr'><strong>vidisse</strong></span> <span class='ocrx_word' id='word_1_484' title='bbox 1476 1511 1595 1538; x_wconf 85' lang='lat' dir='ltr'><strong>animam</strong></span> <span class='ocrx_word' id='word_1_485' title='bbox 1615 1521 1621 1538; x_wconf 90' lang='lat'><strong>:</strong></span> <span class='ocrx_word' id='word_1_486' title='bbox 1642 1519 1694 1538; x_wconf 86' lang='lat' dir='ltr'><strong>nun</strong></span> 
     </span>
    </p>
   </div>
   <div class='ocr_carea' id='block_1_64' title="bbox 57 1551 802 1593">
    <p class='ocr_par' dir='ltr' id='par_1_64' title="bbox 57 1555 802 1593">
     <span class='ocr_line' id='line_1_64' title="bbox 57 1555 802 1593; baseline 0.003 -11"><span class='ocrx_word' id='word_1_487' title='bbox 57 1556 126 1592; x_wconf 67' lang='grc' dir='ltr'><strong>ᾅδου</strong></span> <span class='ocrx_word' id='word_1_488' title='bbox 139 1555 244 1590; x_wconf 83' lang='grc' dir='ltr'><strong>γέγονε,</strong></span> <span class='ocrx_word' id='word_1_489' title='bbox 261 1556 309 1582; x_wconf 77' lang='grc' dir='ltr'><strong>καὶ</strong></span> <span class='ocrx_word' id='word_1_490' title='bbox 323 1557 347 1582; x_wconf 81' lang='grc' dir='ltr'><strong>οἱ</strong></span> <span class='ocrx_word' id='word_1_491' title='bbox 362 1556 500 1591; x_wconf 83' lang='grc' dir='ltr'><strong>προφῆται</strong></span> <span class='ocrx_word' id='word_1_492' title='bbox 517 1556 570 1591; x_wconf 86' lang='grc' dir='ltr'><strong>πρὸ</strong></span> <span class='ocrx_word' id='word_1_493' title='bbox 579 1556 673 1589; x_wconf 81' lang='grc' dir='ltr'><strong>αὐτοῦ,</strong></span> <span class='ocrx_word' id='word_1_494' title='bbox 689 1557 736 1584; x_wconf 83' lang='grc' dir='ltr'><strong>καὶ</strong></span> <span class='ocrx_word' id='word_1_495' title='bbox 750 1566 802 1593; x_wconf 88' lang='grc' dir='ltr'><strong>προ</strong></span> 
     </span>
    </p>
   </div>
   <div class='ocr_carea' id='block_1_65' title="bbox 950 1551 1695 1593">
    <p class='ocr_par' dir='ltr' id='par_1_65' title="bbox 950 1556 1695 1591">
     <span class='ocr_line' id='line_1_65' title="bbox 950 1556 1695 1591; baseline 0.001 -8"><span class='ocrx_word' id='word_1_496' title='bbox 950 1556 969 1583; x_wconf 93' lang='lat' dir='ltr'><strong>it</strong></span> <span class='ocrx_word' id='word_1_497' title='bbox 986 1556 1124 1584; x_wconf 86' lang='lat' dir='ltr'><strong>hominem</strong></span> <span class='ocrx_word' id='word_1_498' title='bbox 1147 1564 1176 1584; x_wconf 88' lang='lat' dir='ltr'><strong>se</strong></span> <span class='ocrx_word' id='word_1_499' title='bbox 1198 1557 1311 1584; x_wconf 83' lang='lat' dir='ltr'><strong>vidisse.</strong></span> <span class='ocrx_word' id='word_1_500' title='bbox 1336 1556 1439 1584; x_wconf 88' lang='lat' dir='ltr'><strong>Timuit</strong></span> <span class='ocrx_word' id='word_1_501' title='bbox 1461 1564 1542 1591; x_wconf 89' lang='lat' dir='ltr'><strong>quem</strong></span> <span class='ocrx_word' id='word_1_502' title='bbox 1559 1557 1627 1584; x_wconf 83' lang='lat' dir='ltr'><strong>vidit</strong></span> <span class='ocrx_word' id='word_1_503' title='bbox 1644 1564 1651 1582; x_wconf 89' lang='lat'><strong>:</strong></span> <span class='ocrx_word' id='word_1_504' title='bbox 1667 1561 1695 1584; x_wconf 84' lang='lat' dir='ltr'><strong>at</strong></span> 
     </span>
    </p>
   </div>
   <div class='ocr_carea' id='block_1_66' title="bbox 60 1599 854 1637">
    <p class='ocr_par' dir='ltr' id='par_1_66' title="bbox 60 1599 854 1637">
     <span class='ocr_line' id='line_1_66' title="bbox 60 1599 854 1637; baseline 0.003 -10"><span class='ocrx_word' id='word_1_505' title='bbox 60 1601 191 1637; x_wconf 83' lang='grc' dir='ltr'><strong>ρύσσουσι</strong></span> <span class='ocrx_word' id='word_1_506' title='bbox 205 1600 253 1627; x_wconf 81' lang='grc' dir='ltr'><strong>τοῦ</strong></span> <span class='ocrx_word' id='word_1_507' title='bbox 269 1600 386 1636; x_wconf 78' lang='grc' dir='ltr'><strong>Χριστοῦ</strong></span> <span class='ocrx_word' id='word_1_508' title='bbox 398 1601 448 1636; x_wconf 84' lang='grc' dir='ltr'><strong>τὴν</strong></span> <span class='ocrx_word' id='word_1_509' title='bbox 459 1601 616 1636; x_wconf 84' lang='grc' dir='ltr'><strong>ἐπιδημίαν.</strong></span> <span class='ocrx_word' id='word_1_510' title='bbox 631 1599 697 1628; x_wconf 81' lang='grc' dir='ltr'><strong>Εἶτα</strong></span> <span class='ocrx_word' id='word_1_511' title='bbox 720 1602 767 1629; x_wconf 80' lang='grc' dir='ltr'><strong>καὶ</strong></span> <span class='ocrx_word' id='word_1_512' title='bbox 790 1602 854 1629; x_wconf 83' lang='grc' dir='ltr'><strong>ἄλλο</strong></span> 
     </span>
    </p>
   </div>
   <div class='ocr_carea' id='block_1_67' title="bbox 54 1646 853 1683">
    <p class='ocr_par' dir='ltr' id='par_1_67' title="bbox 54 1646 853 1683">
     <span class='ocr_line' id='line_1_67' title="bbox 54 1646 853 1683; baseline 0.003 -10"><span class='ocrx_word' id='word_1_513' title='bbox 54 1655 88 1674; x_wconf 80' lang='grc' dir='ltr'><strong>τι</strong></span> <span class='ocrx_word' id='word_1_514' title='bbox 107 1646 174 1674; x_wconf 79' lang='grc' dir='ltr'><strong>θέλω</strong></span> <span class='ocrx_word' id='word_1_515' title='bbox 189 1647 276 1674; x_wconf 69' lang='grc' dir='ltr'><strong>εἰπεῖν</strong></span> <span class='ocrx_word' id='word_1_516' title='bbox 289 1647 335 1674; x_wconf 80' lang='grc' dir='ltr'><strong>ἀπ’</strong></span> <span class='ocrx_word' id='word_1_517' title='bbox 348 1647 434 1681; x_wconf 78' lang='grc' dir='ltr'><strong>αὐτῆς</strong></span> <span class='ocrx_word' id='word_1_518' title='bbox 447 1647 495 1682; x_wconf 81' lang='grc' dir='ltr'><strong>τῆς</strong></span> <span class='ocrx_word' id='word_1_519' title='bbox 507 1647 628 1683; x_wconf 81' lang='grc' dir='ltr'><strong>Γραφῆς.</strong></span> <span class='ocrx_word' id='word_1_520' title='bbox 643 1648 771 1683; x_wconf 76' lang='grc' dir='ltr'>Σαμουὴλ</span> <span class='ocrx_word' id='word_1_521' title='bbox 789 1649 853 1676; x_wconf 87' lang='grc' dir='ltr'><strong>ἀνα-</strong></span> 
     </span>
    </p>
   </div>
   <div class='ocr_carea' id='block_1_68' title="bbox 58 1693 852 1729">
    <p class='ocr_par' dir='ltr' id='par_1_68' title="bbox 58 1693 852 1729">
     <span class='ocr_line' id='line_1_68' title="bbox 58 1693 852 1729; baseline 0.003 -10"><span class='ocrx_word' id='word_1_522' title='bbox 58 1693 159 1724; x_wconf 74' lang='grc' dir='ltr'><strong>ϐαίνει,</strong></span> <span class='ocrx_word' id='word_1_523' title='bbox 175 1693 222 1720; x_wconf 70' lang='grc' dir='ltr'><strong>καὶ</strong></span> <span class='ocrx_word' id='word_1_524' title='bbox 247 1693 300 1720; x_wconf 68' lang='grc' dir='ltr'><strong>ίδοὺ</strong></span> <span class='ocrx_word' id='word_1_525' title='bbox 317 1693 403 1721; x_wconf 78' lang='grc' dir='ltr'><strong>Σαοὺλ</strong></span> <span class='ocrx_word' id='word_1_526' title='bbox 424 1693 497 1727; x_wconf 82' lang='grc' dir='ltr'><strong>λέγει</strong></span> <span class='ocrx_word' id='word_1_527' title='bbox 520 1693 671 1729; x_wconf 79' lang='grc' dir='ltr'><strong>ἑωρακέναι</strong></span> <span class='ocrx_word' id='word_1_528' title='bbox 686 1694 775 1729; x_wconf 76' lang='grc' dir='ltr'>ψυχήν</span> <span class='ocrx_word' id='word_1_529' title='bbox 788 1703 794 1710; x_wconf 89' lang='grc'>·</span> <span class='ocrx_word' id='word_1_530' title='bbox 821 1695 852 1721; x_wconf 76' lang='grc' dir='ltr'><strong>οὐ</strong></span> 
     </span>
    </p>
   </div>
   <div class='ocr_carea' id='block_1_69' title="bbox 58 1739 850 1775">
    <p class='ocr_par' dir='ltr' id='par_1_69' title="bbox 58 1739 850 1775">
     <span class='ocr_line' id='line_1_69' title="bbox 58 1739 850 1775; baseline 0.004 -10"><span class='ocrx_word' id='word_1_531' title='bbox 58 1739 136 1773; x_wconf 83' lang='grc' dir='ltr'><strong>λέγει</strong></span> <span class='ocrx_word' id='word_1_532' title='bbox 148 1739 299 1775; x_wconf 76' lang='grc' dir='ltr'><strong>ἑωρακέναι</strong></span> <span class='ocrx_word' id='word_1_533' title='bbox 313 1739 465 1775; x_wconf 76' lang='grc' dir='ltr'><strong>ἄνθρωπον.</strong></span> <span class='ocrx_word' id='word_1_534' title='bbox 481 1739 602 1774; x_wconf 79' lang='grc' dir='ltr'><strong>Ἔπτηξε</strong></span> <span class='ocrx_word' id='word_1_535' title='bbox 620 1740 714 1768; x_wconf 83' lang='grc' dir='ltr'><strong>τοῦτον</strong></span> <span class='ocrx_word' id='word_1_536' title='bbox 733 1740 763 1768; x_wconf 77' lang='grc' dir='ltr'><strong>ὃν</strong></span> <span class='ocrx_word' id='word_1_537' title='bbox 782 1739 850 1768; x_wconf 74' lang='grc' dir='ltr'><strong>εῖδε-</strong></span> 
     </span>
    </p>
   </div>
   <div class='ocr_carea' id='block_1_70' title="bbox 56 1785 852 1821">
    <p class='ocr_par' dir='ltr' id='par_1_70' title="bbox 56 1785 852 1821">
     <span class='ocr_line' id='line_1_70' title="bbox 56 1785 852 1821; baseline 0.004 -10"><span class='ocrx_word' id='word_1_538' title='bbox 56 1785 122 1812; x_wconf 71' lang='grc' dir='ltr'><strong>⁴τίνα</strong></span> <span class='ocrx_word' id='word_1_539' title='bbox 133 1786 184 1821; x_wconf 75' lang='grc' dir='ltr'><strong>ὁρᾷ</strong></span> <span class='ocrx_word' id='word_1_540' title='bbox 195 1793 202 1817; x_wconf 87' lang='grc'><strong>;</strong></span> <span class='ocrx_word' id='word_1_541' title='bbox 212 1794 222 1811; x_wconf 77' lang='grc' dir='ltr'><strong>ι</strong></span> <span class='ocrx_word' id='word_1_542' title='bbox 238 1785 331 1818; x_wconf 75' lang='grc' dir='ltr'><strong>Θεοὺς,</strong></span> <span class='ocrx_word' id='word_1_543' title='bbox 348 1786 440 1821; x_wconf 85' lang='grc' dir='ltr'><strong>φησὶν,</strong></span> <span class='ocrx_word' id='word_1_544' title='bbox 457 1785 513 1820; x_wconf 84' lang='grc' dir='ltr'><strong>ἐγὼ</strong></span> <span class='ocrx_word' id='word_1_545' title='bbox 520 1785 598 1818; x_wconf 72' lang='grc' dir='ltr'><strong>εἶδον,</strong></span> <span class='ocrx_word' id='word_1_546' title='bbox 608 1786 685 1818; x_wconf 76' lang='grc' dir='ltr'><strong>θεοὺς</strong></span> <span class='ocrx_word' id='word_1_547' title='bbox 693 1787 852 1814; x_wconf 78' lang='grc' dir='ltr'><strong>ἀναδαίνον-</strong></span> 
     </span>
    </p>
   </div>
   <div class='ocr_carea' id='block_1_71' title="bbox 57 1831 852 1868">
    <p class='ocr_par' dir='ltr' id='par_1_71' title="bbox 57 1831 852 1868">
     <span class='ocr_line' id='line_1_71' title="bbox 57 1831 852 1868; baseline 0.004 -11"><span class='ocrx_word' id='word_1_548' title='bbox 57 1839 110 1863; x_wconf 65' lang='grc' dir='ltr'><strong>τας</strong></span> <span class='ocrx_word' id='word_1_549' title='bbox 125 1831 178 1858; x_wconf 82' lang='grc' dir='ltr'><strong>ἀπὺ</strong></span> <span class='ocrx_word' id='word_1_550' title='bbox 191 1831 242 1866; x_wconf 82' lang='grc' dir='ltr'><strong>τῆς</strong></span> <span class='ocrx_word' id='word_1_551' title='bbox 253 1832 313 1868; x_wconf 77' lang='grc' dir='ltr'><strong>γῆς.</strong></span> <span class='ocrx_word' id='word_1_552' title='bbox 329 1842 338 1858; x_wconf 75' lang='grc' dir='ltr'><strong>ι</strong></span> <span class='ocrx_word' id='word_1_553' title='bbox 354 1832 408 1859; x_wconf 76' lang='grc' dir='ltr'><strong>Καὶ</strong></span> <span class='ocrx_word' id='word_1_554' title='bbox 423 1832 493 1867; x_wconf 84' lang='grc' dir='ltr'><strong>τάχα</strong></span> <span class='ocrx_word' id='word_1_555' title='bbox 503 1832 629 1868; x_wconf 78' lang='grc' dir='ltr'>Σαμουὴλ</span> <span class='ocrx_word' id='word_1_556' title='bbox 640 1833 671 1859; x_wconf 87' lang='grc' dir='ltr'><strong>οὐ</strong></span> <span class='ocrx_word' id='word_1_557' title='bbox 691 1833 768 1868; x_wconf 86' lang='grc' dir='ltr'>μόνος</span> <span class='ocrx_word' id='word_1_558' title='bbox 786 1835 852 1860; x_wconf 80' lang='grc' dir='ltr'><strong>ἁνα-</strong></span> 
     </span>
    </p>
   </div>
   <div class='ocr_carea' id='block_1_72' title="bbox 57 1876 850 1913">
    <p class='ocr_par' dir='ltr' id='par_1_72' title="bbox 57 1876 850 1913">
     <span class='ocr_line' id='line_1_72' title="bbox 57 1876 850 1913; baseline 0.003 -11"><span class='ocrx_word' id='word_1_559' title='bbox 57 1876 161 1911; x_wconf 75' lang='grc' dir='ltr'><strong>σέθηκε</strong></span> <span class='ocrx_word' id='word_1_560' title='bbox 176 1877 222 1904; x_wconf 81' lang='grc' dir='ltr'><strong>καὶ</strong></span> <span class='ocrx_word' id='word_1_561' title='bbox 235 1877 296 1903; x_wconf 85' lang='grc' dir='ltr'><strong>τότε</strong></span> <span class='ocrx_word' id='word_1_562' title='bbox 312 1876 508 1913; x_wconf 80' lang='grc' dir='ltr'><strong>προφητεύσων</strong></span> <span class='ocrx_word' id='word_1_563' title='bbox 522 1877 560 1911; x_wconf 82' lang='grc' dir='ltr'><strong>τῷ</strong></span> <span class='ocrx_word' id='word_1_564' title='bbox 574 1877 674 1904; x_wconf 85' lang='grc' dir='ltr'><strong>Σαούλ·</strong></span> <span class='ocrx_word' id='word_1_565' title='bbox 690 1877 747 1904; x_wconf 78' lang='grc' dir='ltr'><strong>ἀλλ’</strong></span> <span class='ocrx_word' id='word_1_566' title='bbox 766 1878 850 1910; x_wconf 72' lang='grc' dir='ltr'><strong>εἰκὸς,</strong></span> 
     </span>
    </p>
   </div>
   <div class='ocr_carea' id='block_1_73' title="bbox 58 1922 852 1959">
    <p class='ocr_par' dir='ltr' id='par_1_73' title="bbox 58 1922 852 1959">
     <span class='ocr_line' id='line_1_73' title="bbox 58 1922 852 1959; baseline 0.003 -11"><span class='ocrx_word' id='word_1_567' title='bbox 58 1922 155 1957; x_wconf 78' lang='grc' dir='ltr'><strong>ὥσπερ</strong></span> <span class='ocrx_word' id='word_1_568' title='bbox 177 1922 304 1949; x_wconf 76' lang='grc' dir='ltr'><strong>ἐνταῦθα’</strong></span> <span class='ocrx_word' id='word_1_569' title='bbox 322 1931 331 1948; x_wconf 74' lang='grc' dir='ltr'><strong>ι</strong></span> <span class='ocrx_word' id='word_1_570' title='bbox 351 1922 428 1949; x_wconf 85' lang='grc' dir='ltr'><strong>Μετὰ</strong></span> <span class='ocrx_word' id='word_1_571' title='bbox 447 1923 520 1949; x_wconf 82' lang='grc' dir='ltr'>ὁσίου</span> <span class='ocrx_word' id='word_1_572' title='bbox 542 1922 690 1959; x_wconf 81' lang='grc' dir='ltr'><strong>ὁσιωοῄσῃ,</strong></span> <span class='ocrx_word' id='word_1_573' title='bbox 713 1924 760 1950; x_wconf 76' lang='grc' dir='ltr'><strong>καὶ</strong></span> <span class='ocrx_word' id='word_1_574' title='bbox 783 1924 852 1959; x_wconf 81' lang='grc' dir='ltr'><strong>μετὰ</strong></span> 
     </span>
    </p>
   </div>
   <div class='ocr_carea' id='block_1_74' title="bbox 56 1968 851 2004">
    <p class='ocr_par' dir='ltr' id='par_1_74' title="bbox 56 1968 851 2004">
     <span class='ocr_line' id='line_1_74' title="bbox 56 1968 851 2004; baseline 0.001 -9"><span class='ocrx_word' id='word_1_575' title='bbox 56 1968 156 2004; x_wconf 76' lang='grc' dir='ltr'><strong>ἀνδρὸς</strong></span> <span class='ocrx_word' id='word_1_576' title='bbox 166 1968 254 1995; x_wconf 84' lang='grc' dir='ltr'><strong>ἁθώου</strong></span> <span class='ocrx_word' id='word_1_577' title='bbox 272 1968 359 2000; x_wconf 58' lang='lat' dir='ltr'><strong>sese;</strong></span> <span class='ocrx_word' id='word_1_578' title='bbox 380 1969 440 2004; x_wconf 71' lang='grc' dir='ltr'><strong>ἔσῃ,</strong></span> <span class='ocrx_word' id='word_1_579' title='bbox 455 1970 502 1996; x_wconf 79' lang='grc' dir='ltr'><strong>καὶ</strong></span> <span class='ocrx_word' id='word_1_580' title='bbox 523 1969 592 2004; x_wconf 87' lang='grc' dir='ltr'><strong>μετὰ</strong></span> <span class='ocrx_word' id='word_1_581' title='bbox 615 1969 743 1996; x_wconf 81' lang='grc' dir='ltr'><strong>ἐκλεκτοῦ</strong></span> <span class='ocrx_word' id='word_1_582' title='bbox 775 1970 851 1996; x_wconf 86' lang='grc' dir='ltr'><strong>ἐκλε-</strong></span> 
     </span>
    </p>
   </div>
   <div class='ocr_carea' id='block_1_75' title="bbox 57 2013 850 2051">
    <p class='ocr_par' dir='ltr' id='par_1_75' title="bbox 57 2013 850 2051">
     <span class='ocr_line' id='line_1_75' title="bbox 57 2013 850 2051; baseline 0.001 -10"><span class='ocrx_word' id='word_1_583' title='bbox 57 2013 124 2045; x_wconf 70' lang='grc' dir='ltr'><strong>κτὸς</strong></span> <span class='ocrx_word' id='word_1_584' title='bbox 136 2013 196 2050; x_wconf 75' lang='grc' dir='ltr'><strong>ἔσῃ·</strong></span> <span class='ocrx_word' id='word_1_585' title='bbox 209 2023 217 2039; x_wconf 85' lang='lat' dir='ltr'><strong>t</strong></span> <span class='ocrx_word' id='word_1_586' title='bbox 231 2014 279 2041; x_wconf 75' lang='grc' dir='ltr'><strong>καὶ</strong></span> <span class='ocrx_word' id='word_1_587' title='bbox 296 2014 365 2040; x_wconf 79' lang='grc' dir='ltr'><strong>εἰσὶν</strong></span> <span class='ocrx_word' id='word_1_588' title='bbox 382 2014 497 2041; x_wconf 80' lang='grc' dir='ltr'><strong>ἐνταῦθα</strong></span> <span class='ocrx_word' id='word_1_589' title='bbox 513 2014 649 2050; x_wconf 77' lang='grc' dir='ltr'><strong>διατριϐαὶ</strong></span> <span class='ocrx_word' id='word_1_590' title='bbox 671 2015 757 2049; x_wconf 82' lang='grc' dir='ltr'><strong>ἁγίων</strong></span> <span class='ocrx_word' id='word_1_591' title='bbox 782 2016 850 2051; x_wconf 83' lang='grc' dir='ltr'><strong>μετὰ</strong></span> 
     </span>
    </p>
   </div>
   <div class='ocr_carea' id='block_1_76' title="bbox 55 2057 850 2096">
    <p class='ocr_par' dir='ltr' id='par_1_76' title="bbox 55 2057 850 2096">
     <span class='ocr_line' id='line_1_76' title="bbox 55 2057 850 2096; baseline 0.004 -12"><span class='ocrx_word' id='word_1_592' title='bbox 55 2057 153 2092; x_wconf 78' lang='grc' dir='ltr'><strong>ἀγίων-</strong></span> <span class='ocrx_word' id='word_1_593' title='bbox 173 2058 233 2093; x_wconf 78' lang='grc' dir='ltr'><strong>οὐχὶ</strong></span> <span class='ocrx_word' id='word_1_594' title='bbox 249 2058 277 2084; x_wconf 87' lang='grc' dir='ltr'><strong>δὲ</strong></span> <span class='ocrx_word' id='word_1_595' title='bbox 289 2058 374 2093; x_wconf 84' lang='grc' dir='ltr'><strong>ἁγίων</strong></span> <span class='ocrx_word' id='word_1_596' title='bbox 388 2059 457 2094; x_wconf 83' lang='grc' dir='ltr'><strong>μετά</strong></span> <span class='ocrx_word' id='word_1_597' title='bbox 471 2059 639 2095; x_wconf 84' lang='grc' dir='ltr'><strong>ἁμαρτωλῶν</strong></span> <span class='ocrx_word' id='word_1_598' title='bbox 649 2068 655 2075; x_wconf 89' lang='grc'><strong>·</strong></span> <span class='ocrx_word' id='word_1_599' title='bbox 681 2060 728 2086; x_wconf 77' lang='grc' dir='ltr'><strong>καὶ</strong></span> <span class='ocrx_word' id='word_1_600' title='bbox 746 2061 771 2087; x_wconf 76' lang='grc' dir='ltr'><strong>εί</strong></span> <span class='ocrx_word' id='word_1_601' title='bbox 795 2061 850 2096; x_wconf 77' lang='grc' dir='ltr'><strong>ἄρα</strong></span> 
     </span>
    </p>
   </div>
   <div class='ocr_carea' id='block_1_77' title="bbox 56 2102 848 2140">
    <p class='ocr_par' dir='ltr' id='par_1_77' title="bbox 56 2102 848 2140">
     <span class='ocr_line' id='line_1_77' title="bbox 56 2102 848 2140; baseline 0.004 -11"><span class='ocrx_word' id='word_1_602' title='bbox 56 2103 123 2130; x_wconf 81' lang='grc' dir='ltr'><strong>ποτέ</strong></span> <span class='ocrx_word' id='word_1_603' title='bbox 133 2103 191 2130; x_wconf 80' lang='grc' dir='ltr'><strong>ἐστι</strong></span> <span class='ocrx_word' id='word_1_604' title='bbox 205 2102 261 2130; x_wconf 83' lang='grc' dir='ltr'><strong>τῶν</strong></span> <span class='ocrx_word' id='word_1_605' title='bbox 273 2103 359 2138; x_wconf 80' lang='grc' dir='ltr'><strong>ἁγίων</strong></span> <span class='ocrx_word' id='word_1_606' title='bbox 373 2104 498 2140; x_wconf 72' lang='grc' dir='ltr'><strong>διατριϐὴ</strong></span> <span class='ocrx_word' id='word_1_607' title='bbox 511 2105 581 2139; x_wconf 75' lang='grc' dir='ltr'><strong>μετὰ</strong></span> <span class='ocrx_word' id='word_1_608' title='bbox 595 2104 648 2131; x_wconf 81' lang='grc' dir='ltr'><strong>τῶν</strong></span> <span class='ocrx_word' id='word_1_609' title='bbox 667 2105 848 2140; x_wconf 78' lang='grc' dir='ltr'><strong>ἁμαρτωλῶν,</strong></span> 
     </span>
    </p>
   </div>
   <div class='ocr_carea' id='block_1_78' title="bbox 56 2149 849 2187">
    <p class='ocr_par' dir='ltr' id='par_1_78' title="bbox 56 2149 849 2187">
     <span class='ocr_line' id='line_1_78' title="bbox 56 2149 849 2187; baseline 0.004 -12"><span class='ocrx_word' id='word_1_610' title='bbox 56 2149 128 2185; x_wconf 83' lang='grc' dir='ltr'><strong>ὑπὲρ</strong></span> <span class='ocrx_word' id='word_1_611' title='bbox 137 2149 185 2175; x_wconf 85' lang='grc' dir='ltr'><strong>τοῦ</strong></span> <span class='ocrx_word' id='word_1_612' title='bbox 198 2149 245 2176; x_wconf 72' lang='grc' dir='ltr'><strong>καὶ</strong></span> <span class='ocrx_word' id='word_1_613' title='bbox 258 2150 320 2181; x_wconf 75' lang='grc' dir='ltr'><strong>τοὺς</strong></span> <span class='ocrx_word' id='word_1_614' title='bbox 334 2150 512 2185; x_wconf 78' lang='grc' dir='ltr'><strong>ἁμαρτωλοὺς</strong></span> <span class='ocrx_word' id='word_1_615' title='bbox 528 2150 624 2177; x_wconf 83' lang='grc' dir='ltr'><strong>σῶσαι.</strong></span> <span class='ocrx_word' id='word_1_616' title='bbox 636 2150 788 2187; x_wconf 83' lang='grc' dir='ltr'><strong>Οὖτωτάχα</strong></span> <span class='ocrx_word' id='word_1_617' title='bbox 803 2151 849 2178; x_wconf 80' lang='grc' dir='ltr'><strong>καὶ</strong></span> 
     </span>
    </p>
   </div>
   <div class='ocr_carea' id='block_1_79' title="bbox 53 2195 848 2232">
    <p class='ocr_par' dir='ltr' id='par_1_79' title="bbox 53 2195 848 2232">
     <span class='ocr_line' id='line_1_79' title="bbox 53 2195 848 2232; baseline 0.001 -9"><span class='ocrx_word' id='word_1_618' title='bbox 53 2195 229 2223; x_wconf 75' lang='grc' dir='ltr'><strong>ἀναϐαίνοντι</strong></span> <span class='ocrx_word' id='word_1_619' title='bbox 240 2195 280 2230; x_wconf 87' lang='grc' dir='ltr'><strong>τῷ</strong></span> <span class='ocrx_word' id='word_1_620' title='bbox 294 2196 420 2231; x_wconf 80' lang='grc' dir='ltr'>Σαμουὴλ</span> <span class='ocrx_word' id='word_1_621' title='bbox 440 2196 691 2231; x_wconf 77' lang='grc' dir='ltr'><strong>συναναϐεὸἠκασιν</strong></span> <span class='ocrx_word' id='word_1_622' title='bbox 701 2197 759 2232; x_wconf 77' lang='grc' dir='ltr'><strong>ἦτοι</strong></span> <span class='ocrx_word' id='word_1_623' title='bbox 773 2198 848 2232; x_wconf 78' lang='grc' dir='ltr'><strong>ἅγιαι</strong></span> 
     </span>
    </p>
   </div>
   <div class='ocr_carea' id='block_1_80' title="bbox 53 2239 848 2280">
    <p class='ocr_par' dir='ltr' id='par_1_80' title="bbox 53 2239 848 2280">
     <span class='ocr_line' id='line_1_80' title="bbox 53 2239 848 2280; baseline 0.008 -14"><span class='ocrx_word' id='word_1_624' title='bbox 53 2240 140 2275; x_wconf 73' lang='grc' dir='ltr'>ψυχαὶ</span> <span class='ocrx_word' id='word_1_625' title='bbox 155 2239 242 2267; x_wconf 69' lang='grc' dir='ltr'><strong>αλλων</strong></span> <span class='ocrx_word' id='word_1_626' title='bbox 263 2241 420 2276; x_wconf 73' lang='grc' dir='ltr'><strong>προφητῶν.</strong></span> <span class='ocrx_word' id='word_1_627' title='bbox 442 2242 518 2277; x_wconf 84' lang='grc' dir='ltr'><strong>Τάχα</strong></span> <span class='ocrx_word' id='word_1_628' title='bbox 539 2243 677 2279; x_wconf 81' lang='grc' dir='ltr'><strong>ζητήσεις,</strong></span> <span class='ocrx_word' id='word_1_629' title='bbox 695 2245 718 2270; x_wconf 88' lang='grc' dir='ltr'><strong>οἱ</strong></span> <span class='ocrx_word' id='word_1_630' title='bbox 739 2245 848 2280; x_wconf 85' lang='grc' dir='ltr'><strong>ἄγγελοι</strong></span> 
     </span>
    </p>
   </div>
   <div class='ocr_carea' id='block_1_81' title="bbox 52 2283 847 2326">
    <p class='ocr_par' dir='ltr' id='par_1_81' title="bbox 52 2283 847 2326">
     <span class='ocr_line' id='line_1_81' title="bbox 52 2283 847 2326; baseline 0.01 -16"><span class='ocrx_word' id='word_1_631' title='bbox 52 2283 125 2321; x_wconf 79' lang='grc' dir='ltr'><strong>ἦσαν</strong></span> <span class='ocrx_word' id='word_1_632' title='bbox 142 2285 188 2311; x_wconf 71' lang='grc' dir='ltr'><strong>ἐπὶ</strong></span> <span class='ocrx_word' id='word_1_633' title='bbox 209 2285 264 2311; x_wconf 87' lang='grc' dir='ltr'><strong>τῶν</strong></span> <span class='ocrx_word' id='word_1_634' title='bbox 285 2287 448 2321; x_wconf 80' lang='grc' dir='ltr'><strong>πνευμάτων</strong></span> <span class='ocrx_word' id='word_1_635' title='bbox 467 2287 574 2321; x_wconf 84' lang='grc' dir='ltr'><strong>αὑτῶν;</strong></span> <span class='ocrx_word' id='word_1_636' title='bbox 595 2289 624 2315; x_wconf 88' lang='lat'><strong>&#39;0</strong></span> <span class='ocrx_word' id='word_1_637' title='bbox 640 2290 786 2326; x_wconf 66' lang='grc' dir='ltr'><strong>Προφήτης</strong></span> <span class='ocrx_word' id='word_1_638' title='bbox 803 2291 847 2318; x_wconf 87' lang='grc' dir='ltr'><strong>λέ-</strong></span> 
     </span>
    </p>
   </div>
   <div class='ocr_carea' id='block_1_82' title="bbox 51 2330 848 2372">
    <p class='ocr_par' dir='ltr' id='par_1_82' title="bbox 51 2330 848 2372">
     <span class='ocr_line' id='line_1_82' title="bbox 51 2330 848 2372; baseline 0.011 -17"><span class='ocrx_word' id='word_1_639' title='bbox 51 2339 96 2365; x_wconf 86' lang='grc' dir='ltr'><strong>γει</strong></span> <span class='ocrx_word' id='word_1_640' title='bbox 107 2338 114 2345; x_wconf 75' lang='grc'><strong><em>⁸</em></strong></span> <span class='ocrx_word' id='word_1_641' title='bbox 134 2339 143 2355; x_wconf 73' lang='grc' dir='ltr'><strong>ε</strong></span> <span class='ocrx_word' id='word_1_642' title='bbox 161 2330 293 2364; x_wconf 79' lang='grc' dir='ltr'><strong>Ἀγγελος</strong></span> <span class='ocrx_word' id='word_1_643' title='bbox 308 2332 323 2358; x_wconf 85' lang='grc' dir='ltr'>ὁ</span> <span class='ocrx_word' id='word_1_644' title='bbox 345 2332 434 2359; x_wconf 90' lang='grc' dir='ltr'><strong>λαλῶν</strong></span> <span class='ocrx_word' id='word_1_645' title='bbox 447 2334 476 2359; x_wconf 89' lang='grc' dir='ltr'><strong>ἐν</strong></span> <span class='ocrx_word' id='word_1_646' title='bbox 493 2333 580 2369; x_wconf 72' lang='grc' dir='ltr'>ἐμοί.»</span> <span class='ocrx_word' id='word_1_647' title='bbox 603 2334 637 2361; x_wconf 85' lang='grc' dir='ltr'><em>Ἦ</em></span> <span class='ocrx_word' id='word_1_648' title='bbox 651 2335 761 2370; x_wconf 81' lang='grc' dir='ltr'><strong>ἄγγελοι</strong></span> <span class='ocrx_word' id='word_1_649' title='bbox 777 2335 848 2372; x_wconf 82' lang='grc' dir='ltr'><strong>ἦσαν</strong></span> 
     </span>
    </p>
   </div>
   <div class='ocr_carea' id='block_1_83' title="bbox 53 2375 847 2419">
    <p class='ocr_par' dir='ltr' id='par_1_83' title="bbox 53 2375 847 2419">
     <span class='ocr_line' id='line_1_83' title="bbox 53 2375 847 2419; baseline 0.013 -19"><span class='ocrx_word' id='word_1_650' title='bbox 53 2375 126 2411; x_wconf 82' lang='grc' dir='ltr'><strong>μετὰ</strong></span> <span class='ocrx_word' id='word_1_651' title='bbox 144 2376 306 2411; x_wconf 85' lang='grc' dir='ltr'><strong>πνευμάτων</strong></span> <span class='ocrx_word' id='word_1_652' title='bbox 322 2379 581 2414; x_wconf 76' lang='grc' dir='ltr'><strong>συναναϐεϐηκότες,</strong></span> <span class='ocrx_word' id='word_1_653' title='bbox 603 2381 650 2408; x_wconf 71' lang='grc' dir='ltr'><strong>καὶ</strong></span> <span class='ocrx_word' id='word_1_654' title='bbox 673 2381 763 2409; x_wconf 82' lang='grc' dir='ltr'><strong>πάντα</strong></span> <span class='ocrx_word' id='word_1_655' title='bbox 779 2383 847 2419; x_wconf 89' lang='grc' dir='ltr'><strong>πλη-</strong></span> 
     </span>
    </p>
   </div>
   <div class='ocr_carea' id='block_1_84' title="bbox 53 2419 845 2460">
    <p class='ocr_par' dir='ltr' id='par_1_84' title="bbox 53 2419 845 2460">
     <span class='ocr_line' id='line_1_84' title="bbox 53 2419 845 2460; baseline 0.01 -15"><span class='ocrx_word' id='word_1_656' title='bbox 53 2419 151 2456; x_wconf 81' lang='grc' dir='ltr'><strong>ροῦται</strong></span> <span class='ocrx_word' id='word_1_657' title='bbox 164 2420 220 2456; x_wconf 83' lang='grc'><strong>(10)</strong></span> <span class='ocrx_word' id='word_1_658' title='bbox 236 2420 289 2447; x_wconf 85' lang='grc' dir='ltr'><strong>τῶν</strong></span> <span class='ocrx_word' id='word_1_659' title='bbox 312 2421 446 2457; x_wconf 85' lang='grc' dir='ltr'><strong>δεομένων</strong></span> <span class='ocrx_word' id='word_1_660' title='bbox 468 2424 622 2460; x_wconf 85' lang='grc' dir='ltr'><strong>σωτηρίας·</strong></span> <span class='ocrx_word' id='word_1_661' title='bbox 640 2434 650 2451; x_wconf 74' lang='grc' dir='ltr'><strong>ι</strong></span> <span class='ocrx_word' id='word_1_662' title='bbox 671 2425 726 2452; x_wconf 79' lang='grc' dir='ltr'><strong>Καὶ</strong></span> <span class='ocrx_word' id='word_1_663' title='bbox 745 2427 845 2459; x_wconf 81' lang='grc' dir='ltr'><strong>πάντες</strong></span> 
     </span>
    </p>
   </div>
   <div class='ocr_carea' id='block_1_85' title="bbox 51 2465 845 2503">
    <p class='ocr_par' dir='ltr' id='par_1_85' title="bbox 51 2465 845 2503">
     <span class='ocr_line' id='line_1_85' title="bbox 51 2465 845 2503; baseline 0.01 -12"><span class='ocrx_word' id='word_1_664' title='bbox 51 2466 108 2492; x_wconf 72' lang='lat' dir='ltr'><strong>sict</strong></span> <span class='ocrx_word' id='word_1_665' title='bbox 123 2465 296 2502; x_wconf 85' lang='grc' dir='ltr'><strong>λειτουργικὰ</strong></span> <span class='ocrx_word' id='word_1_666' title='bbox 310 2467 452 2503; x_wconf 89' lang='grc' dir='ltr'><strong>πνεύματα</strong></span> <span class='ocrx_word' id='word_1_667' title='bbox 467 2470 507 2500; x_wconf 82' lang='grc' dir='ltr'><strong>είς</strong></span> <span class='ocrx_word' id='word_1_668' title='bbox 524 2469 662 2498; x_wconf 83' lang='grc' dir='ltr'><strong>διακονίαν</strong></span> <span class='ocrx_word' id='word_1_669' title='bbox 681 2472 845 2500; x_wconf 83' lang='grc' dir='ltr'><strong>ἀποστελλό-</strong></span> 
     </span>
    </p>
   </div>
   <div class='ocr_carea' id='block_1_86' title="bbox 52 2510 846 2553">
    <p class='ocr_par' dir='ltr' id='par_1_86' title="bbox 52 2510 846 2553">
     <span class='ocr_line' id='line_1_86' title="bbox 52 2510 846 2553; baseline 0.011 -17"><span class='ocrx_word' id='word_1_670' title='bbox 52 2518 125 2545; x_wconf 84' lang='grc' dir='ltr'><strong>μενα</strong></span> <span class='ocrx_word' id='word_1_671' title='bbox 142 2510 187 2537; x_wconf 77' lang='grc' dir='ltr'><strong>διὰ</strong></span> <span class='ocrx_word' id='word_1_672' title='bbox 197 2512 259 2544; x_wconf 78' lang='grc' dir='ltr'><strong>τοὺς</strong></span> <span class='ocrx_word' id='word_1_673' title='bbox 275 2512 419 2548; x_wconf 78' lang='grc' dir='ltr'>μέλλοντας</span> <span class='ocrx_word' id='word_1_674' title='bbox 431 2514 608 2551; x_wconf 79' lang='grc' dir='ltr'><strong>κληρονομεῖν</strong></span> <span class='ocrx_word' id='word_1_675' title='bbox 624 2517 768 2553; x_wconf 84' lang='grc' dir='ltr'><strong>σωτηρίαν.</strong></span> <span class='ocrx_word' id='word_1_676' title='bbox 789 2528 798 2544; x_wconf 81' lang='grc'><strong>›</strong></span> <span class='ocrx_word' id='word_1_677' title='bbox 813 2519 846 2546; x_wconf 86' lang='grc' dir='ltr'><strong>Τί</strong></span> 
     </span>
    </p>
   </div>
   <div class='ocr_carea' id='block_1_87' title="bbox 50 2556 844 2598">
    <p class='ocr_par' dir='ltr' id='par_1_87' title="bbox 50 2556 844 2598">
     <span class='ocr_line' id='line_1_87' title="bbox 50 2556 844 2598; baseline 0.01 -16"><span class='ocrx_word' id='word_1_678' title='bbox 50 2556 124 2592; x_wconf 70' lang='grc' dir='ltr'>φοϐῇ</span> <span class='ocrx_word' id='word_1_679' title='bbox 143 2557 238 2589; x_wconf 83' lang='grc' dir='ltr'><strong>εἰπεῖν,</strong></span> <span class='ocrx_word' id='word_1_680' title='bbox 253 2559 295 2585; x_wconf 84' lang='grc' dir='ltr'><strong>ὃτι</strong></span> <span class='ocrx_word' id='word_1_681' title='bbox 312 2560 365 2591; x_wconf 82' lang='grc' dir='ltr'><strong>πᾶς</strong></span> <span class='ocrx_word' id='word_1_682' title='bbox 377 2560 460 2592; x_wconf 81' lang='grc' dir='ltr'><strong>τύπος</strong></span> <span class='ocrx_word' id='word_1_683' title='bbox 481 2560 577 2596; x_wconf 82' lang='grc' dir='ltr'><strong>χρῄζει</strong></span> <span class='ocrx_word' id='word_1_684' title='bbox 597 2562 684 2597; x_wconf 78' lang='grc' dir='ltr'><strong>Ἰησοῦ</strong></span> <span class='ocrx_word' id='word_1_685' title='bbox 706 2564 844 2598; x_wconf 84' lang='grc' dir='ltr'><strong>Χριστοῦ;</strong></span> 
     </span>
    </p>
   </div>
   <div class='ocr_carea' id='block_1_88' title="bbox 50 2602 845 2644">
    <p class='ocr_par' dir='ltr' id='par_1_88' title="bbox 50 2602 845 2644">
     <span class='ocr_line' id='line_1_88' title="bbox 50 2602 845 2644; baseline 0.009 -15"><span class='ocrx_word' id='word_1_686' title='bbox 50 2602 122 2629; x_wconf 76' lang='grc' dir='ltr'><strong>Οὐδὲ</strong></span> <span class='ocrx_word' id='word_1_687' title='bbox 139 2603 193 2638; x_wconf 86' lang='grc' dir='ltr'><strong>γὰρ</strong></span> <span class='ocrx_word' id='word_1_688' title='bbox 204 2603 321 2638; x_wconf 80' lang='grc' dir='ltr'><strong>Χριστοῦ</strong></span> <span class='ocrx_word' id='word_1_689' title='bbox 336 2605 384 2640; x_wconf 82' lang='grc' dir='ltr'><strong>μὲν</strong></span> <span class='ocrx_word' id='word_1_690' title='bbox 401 2606 497 2641; x_wconf 79' lang='grc' dir='ltr'><strong>χρῄζει</strong></span> <span class='ocrx_word' id='word_1_691' title='bbox 514 2606 567 2633; x_wconf 83' lang='grc' dir='ltr'><strong>τῶν</strong></span> <span class='ocrx_word' id='word_1_692' title='bbox 582 2608 729 2643; x_wconf 75' lang='grc' dir='ltr'><strong>προφητῶν</strong></span> <span class='ocrx_word' id='word_1_693' title='bbox 745 2610 759 2635; x_wconf 83' lang='grc' dir='ltr'>ὁ</span> <span class='ocrx_word' id='word_1_694' title='bbox 779 2609 845 2644; x_wconf 89' lang='grc' dir='ltr'><strong>χρῄ-</strong></span> 
     </span>
    </p>
   </div>
   <div class='ocr_carea' id='block_1_89' title="bbox 50 2646 845 2688">
    <p class='ocr_par' dir='ltr' id='par_1_89' title="bbox 50 2646 845 2688">
     <span class='ocr_line' id='line_1_89' title="bbox 50 2646 845 2688; baseline 0.009 -14"><span class='ocrx_word' id='word_1_695' title='bbox 50 2646 109 2679; x_wconf 80' lang='grc' dir='ltr'><strong>ζων</strong></span> <span class='ocrx_word' id='word_1_696' title='bbox 123 2647 171 2674; x_wconf 85' lang='grc' dir='ltr'><strong>τοῦ</strong></span> <span class='ocrx_word' id='word_1_697' title='bbox 189 2648 318 2683; x_wconf 80' lang='grc' dir='ltr'><strong>Χριστοῦ.</strong></span> <span class='ocrx_word' id='word_1_698' title='bbox 334 2649 400 2676; x_wconf 81' lang='grc' dir='ltr'><strong>Οὐδέ</strong></span> <span class='ocrx_word' id='word_1_699' title='bbox 411 2650 464 2686; x_wconf 82' lang='grc' dir='ltr'><strong>γὰρ</strong></span> <span class='ocrx_word' id='word_1_700' title='bbox 480 2651 598 2686; x_wconf 82' lang='grc' dir='ltr'><strong>Χριστοῦ</strong></span> <span class='ocrx_word' id='word_1_701' title='bbox 611 2652 659 2687; x_wconf 79' lang='grc' dir='ltr'><strong>μὲν</strong></span> <span class='ocrx_word' id='word_1_702' title='bbox 673 2653 778 2688; x_wconf 80' lang='grc' dir='ltr'><strong>χρῄζει,</strong></span> <span class='ocrx_word' id='word_1_703' title='bbox 791 2655 845 2682; x_wconf 84' lang='grc' dir='ltr'><strong>τῶν</strong></span> 
     </span>
    </p>
   </div>
   <div class='ocr_carea' id='block_1_90' title="bbox 47 2692 844 2734">
    <p class='ocr_par' dir='ltr' id='par_1_90' title="bbox 47 2692 844 2734">
     <span class='ocr_line' id='line_1_90' title="bbox 47 2692 844 2734; baseline 0.008 -15"><span class='ocrx_word' id='word_1_704' title='bbox 47 2692 78 2720; x_wconf 81' lang='grc' dir='ltr'><strong>δέ</strong></span> <span class='ocrx_word' id='word_1_705' title='bbox 91 2693 306 2729; x_wconf 79' lang='grc' dir='ltr'><strong>εὑτρεπιζόντων</strong></span> <span class='ocrx_word' id='word_1_706' title='bbox 325 2695 443 2730; x_wconf 84' lang='grc' dir='ltr'><strong>Χριστοῦ</strong></span> <span class='ocrx_word' id='word_1_707' title='bbox 466 2697 615 2732; x_wconf 82' lang='grc' dir='ltr'><strong>παρουσίαν</strong></span> <span class='ocrx_word' id='word_1_708' title='bbox 631 2698 677 2723; x_wconf 80' lang='grc' dir='ltr'><strong>καὶ</strong></span> <span class='ocrx_word' id='word_1_709' title='bbox 698 2698 844 2734; x_wconf 80' lang='grc' dir='ltr'><strong>ἐπιδημίαν</strong></span> 
     </span>
    </p>
   </div>
   <div class='ocr_carea' id='block_1_91' title="bbox 904 1602 1694 1638">
    <p class='ocr_par' dir='ltr' id='par_1_91' title="bbox 904 1602 1694 1638">
     <span class='ocr_line' id='line_1_91' title="bbox 904 1602 1694 1638; baseline 0.001 -10"><span class='ocrx_word' id='word_1_710' title='bbox 904 1609 984 1636; x_wconf 90' lang='lat' dir='ltr'><strong>quem</strong></span> <span class='ocrx_word' id='word_1_711' title='bbox 999 1602 1088 1629; x_wconf 75' lang='lat' dir='ltr'><strong>vidit?</strong></span> <span class='ocrx_word' id='word_1_712' title='bbox 1105 1611 1114 1628; x_wconf 75' lang='grc' dir='ltr'><strong>ι</strong></span> <span class='ocrx_word' id='word_1_713' title='bbox 1135 1602 1216 1634; x_wconf 78' lang='lat' dir='ltr'><strong>Deos,</strong></span> <span class='ocrx_word' id='word_1_714' title='bbox 1229 1603 1318 1638; x_wconf 90' lang='lat' dir='ltr'><strong>inquit</strong></span> <span class='ocrx_word' id='word_1_715' title='bbox 1330 1602 1364 1636; x_wconf 87' lang='grc'><strong>⁷⁸,</strong></span> <span class='ocrx_word' id='word_1_716' title='bbox 1376 1609 1425 1637; x_wconf 85' lang='lat' dir='ltr'><strong>ego</strong></span> <span class='ocrx_word' id='word_1_717' title='bbox 1441 1602 1505 1635; x_wconf 74' lang='lat' dir='ltr'><strong>ridi,</strong></span> <span class='ocrx_word' id='word_1_718' title='bbox 1519 1603 1585 1630; x_wconf 82' lang='lat' dir='ltr'><strong>deos</strong></span> <span class='ocrx_word' id='word_1_719' title='bbox 1597 1609 1694 1629; x_wconf 84' lang='lat' dir='ltr'><strong>ascen-</strong></span> 
     </span>
    </p>
   </div>
   <div class='ocr_carea' id='block_1_92' title="bbox 905 1647 1694 1676">
    <p class='ocr_par' dir='ltr' id='par_1_92' title="bbox 905 1647 1694 1676">
     <span class='ocr_line' id='line_1_92' title="bbox 905 1647 1694 1676; baseline 0 -2"><span class='ocrx_word' id='word_1_720' title='bbox 905 1647 1001 1674; x_wconf 85' lang='lat' dir='ltr'><strong>dentes</strong></span> <span class='ocrx_word' id='word_1_721' title='bbox 1013 1655 1028 1674; x_wconf 86' lang='lat' dir='ltr'><strong>e</strong></span> <span class='ocrx_word' id='word_1_722' title='bbox 1045 1652 1128 1676; x_wconf 80' lang='lat' dir='ltr'><strong>terra.</strong></span> <span class='ocrx_word' id='word_1_723' title='bbox 1146 1657 1154 1673; x_wconf 76' lang='grc' dir='ltr'><strong>ι</strong></span> <span class='ocrx_word' id='word_1_724' title='bbox 1172 1647 1205 1675; x_wconf 82' lang='lat' dir='ltr'><strong>Et</strong></span> <span class='ocrx_word' id='word_1_725' title='bbox 1220 1647 1336 1675; x_wconf 82' lang='lat' dir='ltr'><strong>fortasse</strong></span> <span class='ocrx_word' id='word_1_726' title='bbox 1360 1652 1423 1674; x_wconf 93' lang='lat' dir='ltr'><strong>tunc</strong></span> <span class='ocrx_word' id='word_1_727' title='bbox 1438 1656 1491 1675; x_wconf 91' lang='lat' dir='ltr'><strong>non</strong></span> <span class='ocrx_word' id='word_1_728' title='bbox 1511 1647 1586 1675; x_wconf 82' lang='lat' dir='ltr'><strong>solus</strong></span> <span class='ocrx_word' id='word_1_729' title='bbox 1602 1654 1694 1674; x_wconf 85' lang='lat' dir='ltr'><strong>ascen-</strong></span> 
     </span>
    </p>
   </div>
   <div class='ocr_carea' id='block_1_93' title="bbox 904 1692 1692 1721">
    <p class='ocr_par' dir='ltr' id='par_1_93' title="bbox 904 1692 1692 1721">
     <span class='ocr_line' id='line_1_93' title="bbox 904 1692 1692 1721; baseline 0 -1"><span class='ocrx_word' id='word_1_730' title='bbox 904 1693 943 1720; x_wconf 93' lang='lat' dir='ltr'><strong>dit</strong></span> <span class='ocrx_word' id='word_1_731' title='bbox 960 1692 1070 1720; x_wconf 81' lang='lat' dir='ltr'><strong>Samucl</strong></span> <span class='ocrx_word' id='word_1_732' title='bbox 1087 1693 1162 1720; x_wconf 82' lang='lat' dir='ltr'><strong>Sauli</strong></span> <span class='ocrx_word' id='word_1_733' title='bbox 1178 1693 1386 1721; x_wconf 76' lang='lat' dir='ltr'><strong>vaticittaturtts.</strong></span> <span class='ocrx_word' id='word_1_734' title='bbox 1411 1693 1464 1721; x_wconf 88' lang='lat' dir='ltr'><strong>Sed</strong></span> <span class='ocrx_word' id='word_1_735' title='bbox 1478 1698 1692 1721; x_wconf 87' lang='lat' dir='ltr'><strong>consentaneum</strong></span> 
     </span>
    </p>
   </div>
   <div class='ocr_carea' id='block_1_94' title="bbox 903 1738 1690 1774">
    <p class='ocr_par' dir='ltr' id='par_1_94' title="bbox 903 1738 1690 1774">
     <span class='ocr_line' id='line_1_94' title="bbox 903 1738 1690 1774; baseline 0.001 -9"><span class='ocrx_word' id='word_1_736' title='bbox 903 1743 956 1772; x_wconf 87' lang='lat' dir='ltr'><strong>est,</strong></span> <span class='ocrx_word' id='word_1_737' title='bbox 980 1738 1208 1774; x_wconf 89' lang='lat' dir='ltr'><strong>quemadmodum</strong></span> <span class='ocrx_word' id='word_1_738' title='bbox 1225 1739 1269 1766; x_wconf 91' lang='lat' dir='ltr'><strong>hic</strong></span> <span class='ocrx_word' id='word_1_739' title='bbox 1281 1739 1303 1754; x_wconf 81' lang='grc'><strong>⁷⁸</strong></span> <span class='ocrx_word' id='word_1_740' title='bbox 1320 1748 1327 1766; x_wconf 83' lang='lat'><strong>:</strong></span> <span class='ocrx_word' id='word_1_741' title='bbox 1349 1748 1358 1765; x_wconf 77' lang='grc' dir='ltr'><strong>ι</strong></span> <span class='ocrx_word' id='word_1_742' title='bbox 1378 1739 1445 1766; x_wconf 85' lang='lat' dir='ltr'><strong>Cum</strong></span> <span class='ocrx_word' id='word_1_743' title='bbox 1467 1744 1563 1767; x_wconf 84' lang='lat' dir='ltr'><strong>sancto</strong></span> <span class='ocrx_word' id='word_1_744' title='bbox 1578 1745 1690 1767; x_wconf 85' lang='lat' dir='ltr'><strong>sanctus</strong></span> 
     </span>
    </p>
   </div>
   <div class='ocr_carea' id='block_1_95' title="bbox 903 1784 1709 1819">
    <p class='ocr_par' dir='ltr' id='par_1_95' title="bbox 903 1784 1709 1819">
     <span class='ocr_line' id='line_1_95' title="bbox 903 1784 1709 1819; baseline 0.002 -7"><span class='ocrx_word' id='word_1_745' title='bbox 903 1785 970 1816; x_wconf 85' lang='lat' dir='ltr'><strong>eris,</strong></span> <span class='ocrx_word' id='word_1_746' title='bbox 993 1789 1020 1812; x_wconf 84' lang='lat' dir='ltr'><strong>et</strong></span> <span class='ocrx_word' id='word_1_747' title='bbox 1040 1792 1104 1812; x_wconf 91' lang='lat' dir='ltr'><strong>cum</strong></span> <span class='ocrx_word' id='word_1_748' title='bbox 1127 1785 1238 1812; x_wconf 85' lang='lat' dir='ltr'><strong>homine</strong></span> <span class='ocrx_word' id='word_1_749' title='bbox 1260 1784 1405 1812; x_wconf 85' lang='lat' dir='ltr'><strong>innocente</strong></span> <span class='ocrx_word' id='word_1_750' title='bbox 1429 1785 1559 1812; x_wconf 88' lang='lat' dir='ltr'><strong>innocens</strong></span> <span class='ocrx_word' id='word_1_751' title='bbox 1574 1787 1646 1819; x_wconf 87' lang='lat' dir='ltr'><strong>eris;</strong></span> <span class='ocrx_word' id='word_1_752' title='bbox 1664 1791 1709 1814; x_wconf 49' lang='lat' dir='ltr'><strong>etv</strong></span> 
     </span>
    </p>
   </div>
   <div class='ocr_carea' id='block_1_96' title="bbox 902 1830 1690 1864">
    <p class='ocr_par' dir='ltr' id='par_1_96' title="bbox 902 1830 1690 1864">
     <span class='ocr_line' id='line_1_96' title="bbox 902 1830 1690 1864; baseline 0.003 -7"><span class='ocrx_word' id='word_1_753' title='bbox 902 1838 963 1857; x_wconf 88' lang='lat' dir='ltr'><strong>cum</strong></span> <span class='ocrx_word' id='word_1_754' title='bbox 977 1830 1064 1858; x_wconf 90' lang='lat' dir='ltr'><strong>electo</strong></span> <span class='ocrx_word' id='word_1_755' title='bbox 1083 1831 1186 1857; x_wconf 86' lang='lat' dir='ltr'><strong>electus</strong></span> <span class='ocrx_word' id='word_1_756' title='bbox 1207 1831 1280 1863; x_wconf 85' lang='lat' dir='ltr'><strong>cris;</strong></span> <span class='ocrx_word' id='word_1_757' title='bbox 1302 1840 1312 1856; x_wconf 72' lang='grc' dir='ltr'><strong>ι</strong></span> <span class='ocrx_word' id='word_1_758' title='bbox 1339 1835 1455 1864; x_wconf 88' lang='lat' dir='ltr'><strong>suntque</strong></span> <span class='ocrx_word' id='word_1_759' title='bbox 1472 1831 1515 1858; x_wconf 93' lang='lat' dir='ltr'><strong>hic</strong></span> <span class='ocrx_word' id='word_1_760' title='bbox 1531 1837 1690 1859; x_wconf 83' lang='lat' dir='ltr'><strong>sanctorum</strong></span> 
     </span>
    </p>
   </div>
   <div class='ocr_carea' id='block_1_97' title="bbox 902 1875 1688 1908">
    <p class='ocr_par' dir='ltr' id='par_1_97' title="bbox 902 1875 1688 1908">
     <span class='ocr_line' id='line_1_97' title="bbox 902 1875 1688 1908; baseline 0.001 -6"><span class='ocrx_word' id='word_1_761' title='bbox 902 1883 964 1903; x_wconf 91' lang='lat' dir='ltr'><strong>cum</strong></span> <span class='ocrx_word' id='word_1_762' title='bbox 980 1875 1084 1902; x_wconf 83' lang='lat' dir='ltr'><strong>sanctis</strong></span> <span class='ocrx_word' id='word_1_763' title='bbox 1101 1875 1329 1908; x_wconf 79' lang='lat' dir='ltr'><strong>consuetudines;</strong></span> <span class='ocrx_word' id='word_1_764' title='bbox 1346 1881 1371 1903; x_wconf 87' lang='lat' dir='ltr'><strong>at</strong></span> <span class='ocrx_word' id='word_1_765' title='bbox 1387 1884 1438 1903; x_wconf 92' lang='lat' dir='ltr'><strong>Il0ll</strong></span> <span class='ocrx_word' id='word_1_766' title='bbox 1451 1881 1609 1903; x_wconf 84' lang='lat' dir='ltr'><strong>sanctorum</strong></span> <span class='ocrx_word' id='word_1_767' title='bbox 1625 1885 1688 1903; x_wconf 87' lang='lat' dir='ltr'><strong>cum</strong></span> 
     </span>
    </p>
   </div>
   <div class='ocr_carea' id='block_1_98' title="bbox 901 1920 1685 1956">
    <p class='ocr_par' dir='ltr' id='par_1_98' title="bbox 901 1920 1685 1956">
     <span class='ocr_line' id='line_1_98' title="bbox 901 1920 1685 1956; baseline 0.001 -8"><span class='ocrx_word' id='word_1_768' title='bbox 901 1920 1175 1956; x_wconf 71' lang='lat' dir='ltr'><strong>prazvarit-atorihus:</strong></span> <span class='ocrx_word' id='word_1_769' title='bbox 1196 1925 1224 1947; x_wconf 87' lang='lat' dir='ltr'><strong>et</strong></span> <span class='ocrx_word' id='word_1_770' title='bbox 1237 1921 1259 1948; x_wconf 88' lang='lat' dir='ltr'><strong>si</strong></span> <span class='ocrx_word' id='word_1_771' title='bbox 1286 1923 1447 1956; x_wconf 88' lang='lat' dir='ltr'><strong>quandoque</strong></span> <span class='ocrx_word' id='word_1_772' title='bbox 1462 1921 1520 1948; x_wconf 87' lang='lat' dir='ltr'><strong>tlcri</strong></span> <span class='ocrx_word' id='word_1_773' title='bbox 1534 1922 1630 1956; x_wconf 80' lang='lat' dir='ltr'><strong>possit,</strong></span> <span class='ocrx_word' id='word_1_774' title='bbox 1656 1926 1685 1949; x_wconf 90' lang='lat' dir='ltr'><strong>ut</strong></span> 
     </span>
    </p>
   </div>
   <div class='ocr_carea' id='block_1_99' title="bbox 901 1967 1686 2001">
    <p class='ocr_par' dir='ltr' id='par_1_99' title="bbox 901 1967 1686 2001">
     <span class='ocr_line' id='line_1_99' title="bbox 901 1967 1686 2001; baseline 0 -7"><span class='ocrx_word' id='word_1_775' title='bbox 901 1972 1059 1994; x_wconf 82' lang='lat' dir='ltr'><strong>sanctorum</strong></span> <span class='ocrx_word' id='word_1_776' title='bbox 1084 1974 1136 1993; x_wconf 87' lang='lat' dir='ltr'><strong>uua</strong></span> <span class='ocrx_word' id='word_1_777' title='bbox 1155 1974 1216 1993; x_wconf 91' lang='lat' dir='ltr'><strong>cutu</strong></span> <span class='ocrx_word' id='word_1_778' title='bbox 1235 1967 1425 2001; x_wconf 81' lang='lat' dir='ltr'><strong>peccatoribus</strong></span> <span class='ocrx_word' id='word_1_779' title='bbox 1448 1968 1616 1995; x_wconf 79' lang='lat' dir='ltr'><strong>consuetudo</strong></span> <span class='ocrx_word' id='word_1_780' title='bbox 1639 1968 1686 2000; x_wconf 81' lang='lat' dir='ltr'><strong>sit,</strong></span> 
     </span>
    </p>
   </div>
   <div class='ocr_carea' id='block_1_100' title="bbox 901 2012 1688 2048">
    <p class='ocr_par' dir='ltr' id='par_1_100' title="bbox 901 2012 1688 2048">
     <span class='ocr_line' id='line_1_100' title="bbox 901 2012 1688 2048; baseline 0.001 -8"><span class='ocrx_word' id='word_1_781' title='bbox 901 2018 931 2040; x_wconf 92' lang='lat' dir='ltr'><strong>ut</strong></span> <span class='ocrx_word' id='word_1_782' title='bbox 948 2017 1108 2048; x_wconf 84' lang='lat' dir='ltr'><strong>peccatores</strong></span> <span class='ocrx_word' id='word_1_783' title='bbox 1125 2012 1273 2040; x_wconf 90' lang='lat' dir='ltr'><strong>salventur.</strong></span> <span class='ocrx_word' id='word_1_784' title='bbox 1294 2012 1423 2040; x_wconf 76' lang='lat' dir='ltr'><strong>Fortasse</strong></span> <span class='ocrx_word' id='word_1_785' title='bbox 1444 2013 1495 2040; x_wconf 91' lang='lat' dir='ltr'><strong>hac</strong></span> <span class='ocrx_word' id='word_1_786' title='bbox 1513 2014 1619 2040; x_wconf 83' lang='lat' dir='ltr'><strong>ratione</strong></span> <span class='ocrx_word' id='word_1_787' title='bbox 1636 2021 1688 2041; x_wconf 81' lang='lat' dir='ltr'><strong>una</strong></span> 
     </span>
    </p>
   </div>
   <div class='ocr_carea' id='block_1_101' title="bbox 901 2058 1689 2087">
    <p class='ocr_par' dir='ltr' id='par_1_101' title="bbox 901 2058 1689 2087">
     <span class='ocr_line' id='line_1_101' title="bbox 901 2058 1689 2087; baseline 0.001 -2"><span class='ocrx_word' id='word_1_788' title='bbox 901 2066 963 2086; x_wconf 88' lang='lat' dir='ltr'><strong>cum</strong></span> <span class='ocrx_word' id='word_1_789' title='bbox 976 2058 1103 2085; x_wconf 89' lang='lat' dir='ltr'><strong>Samuele</strong></span> <span class='ocrx_word' id='word_1_790' title='bbox 1114 2058 1278 2086; x_wconf 82' lang='lat' dir='ltr'><strong>ascendente</strong></span> <span class='ocrx_word' id='word_1_791' title='bbox 1289 2059 1470 2086; x_wconf 86' lang='lat' dir='ltr'><strong>ascenderunt</strong></span> <span class='ocrx_word' id='word_1_792' title='bbox 1479 2060 1560 2086; x_wconf 77' lang='lat' dir='ltr'><strong>etiam</strong></span> <span class='ocrx_word' id='word_1_793' title='bbox 1573 2059 1689 2087; x_wconf 86' lang='lat' dir='ltr'><strong>aliorqu</strong></span> 
     </span>
    </p>
   </div>
   <div class='ocr_carea' id='block_1_102' title="bbox 901 2106 1687 2140">
    <p class='ocr_par' dir='ltr' id='par_1_102' title="bbox 901 2106 1687 2140">
     <span class='ocr_line' id='line_1_102' title="bbox 901 2106 1687 2140; baseline 0.001 -8"><span class='ocrx_word' id='word_1_794' title='bbox 901 2106 1093 2140; x_wconf 82' lang='lat' dir='ltr'><strong>prophetarum</strong></span> <span class='ocrx_word' id='word_1_795' title='bbox 1122 2106 1221 2132; x_wconf 72' lang='lat' dir='ltr'><strong>anima:</strong></span> <span class='ocrx_word' id='word_1_796' title='bbox 1247 2110 1361 2133; x_wconf 80' lang='lat' dir='ltr'><strong>sauctzu.</strong></span> <span class='ocrx_word' id='word_1_797' title='bbox 1385 2106 1487 2133; x_wconf 84' lang='lat' dir='ltr'><strong>Forsan</strong></span> <span class='ocrx_word' id='word_1_798' title='bbox 1511 2114 1633 2140; x_wconf 66' lang='lat' dir='ltr'><strong>quaeres,</strong></span> <span class='ocrx_word' id='word_1_799' title='bbox 1652 2115 1687 2133; x_wconf 89' lang='lat' dir='ltr'><strong>an</strong></span> 
     </span>
    </p>
   </div>
   <div class='ocr_carea' id='block_1_103' title="bbox 901 2150 1689 2186">
    <p class='ocr_par' dir='ltr' id='par_1_103' title="bbox 901 2150 1689 2186">
     <span class='ocr_line' id='line_1_103' title="bbox 901 2150 1689 2186; baseline 0.003 -9"><span class='ocrx_word' id='word_1_800' title='bbox 901 2151 1000 2178; x_wconf 76' lang='lat' dir='ltr'><strong>luet-int</strong></span> <span class='ocrx_word' id='word_1_801' title='bbox 1014 2150 1101 2185; x_wconf 77' lang='lat' dir='ltr'><strong>angeli</strong></span> <span class='ocrx_word' id='word_1_802' title='bbox 1112 2159 1193 2185; x_wconf 89' lang='lat' dir='ltr'><strong>super</strong></span> <span class='ocrx_word' id='word_1_803' title='bbox 1212 2152 1352 2186; x_wconf 81' lang='lat' dir='ltr'><strong>spiritibus</strong></span> <span class='ocrx_word' id='word_1_804' title='bbox 1375 2160 1480 2179; x_wconf 88' lang='lat' dir='ltr'><strong>eortttu.</strong></span> <span class='ocrx_word' id='word_1_805' title='bbox 1497 2151 1630 2186; x_wconf 88' lang='lat' dir='ltr'><strong>Propheta</strong></span> <span class='ocrx_word' id='word_1_806' title='bbox 1647 2153 1689 2179; x_wconf 93' lang='lat' dir='ltr'><strong>di-</strong></span> 
     </span>
    </p>
   </div>
   <div class='ocr_carea' id='block_1_104' title="bbox 901 2199 1688 2235">
    <p class='ocr_par' dir='ltr' id='par_1_104' title="bbox 901 2199 1688 2235">
     <span class='ocr_line' id='line_1_104' title="bbox 901 2199 1688 2235; baseline 0.004 -11"><span class='ocrx_word' id='word_1_807' title='bbox 901 2199 970 2224; x_wconf 78' lang='lat' dir='ltr'><strong>cit&quot;</strong></span> <span class='ocrx_word' id='word_1_808' title='bbox 984 2207 992 2226; x_wconf 87' lang='lat'><strong>:</strong></span> <span class='ocrx_word' id='word_1_809' title='bbox 1008 2207 1017 2224; x_wconf 76' lang='grc' dir='ltr'><strong>ι</strong></span> <span class='ocrx_word' id='word_1_810' title='bbox 1036 2199 1154 2234; x_wconf 85' lang='lat' dir='ltr'><strong>Angelus</strong></span> <span class='ocrx_word' id='word_1_811' title='bbox 1167 2199 1213 2233; x_wconf 84' lang='lat' dir='ltr'><strong>qui</strong></span> <span class='ocrx_word' id='word_1_812' title='bbox 1234 2201 1352 2233; x_wconf 82' lang='lat' dir='ltr'><strong>loquitur</strong></span> <span class='ocrx_word' id='word_1_813' title='bbox 1372 2200 1398 2227; x_wconf 92' lang='lat' dir='ltr'><strong>in</strong></span> <span class='ocrx_word' id='word_1_814' title='bbox 1424 2207 1478 2227; x_wconf 88' lang='lat' dir='ltr'><strong>me.</strong></span> <span class='ocrx_word' id='word_1_815' title='bbox 1500 2210 1509 2226; x_wconf 72' lang='grc' dir='ltr'><strong>ι</strong></span> <span class='ocrx_word' id='word_1_816' title='bbox 1528 2200 1576 2228; x_wconf 79' lang='lat' dir='ltr'><strong>Vel</strong></span> <span class='ocrx_word' id='word_1_817' title='bbox 1600 2201 1688 2235; x_wconf 71' lang='lat' dir='ltr'><strong>angeli</strong></span> 
     </span>
    </p>
   </div>
   <div class='ocr_carea' id='block_1_105' title="bbox 902 2244 1687 2279">
    <p class='ocr_par' dir='ltr' id='par_1_105' title="bbox 902 2244 1687 2279">
     <span class='ocr_line' id='line_1_105' title="bbox 902 2244 1687 2279; baseline 0.003 -7"><span class='ocrx_word' id='word_1_818' title='bbox 902 2248 992 2276; x_wconf 88' lang='lat' dir='ltr'><strong>erant,</strong></span> <span class='ocrx_word' id='word_1_819' title='bbox 1008 2244 1053 2279; x_wconf 87' lang='lat' dir='ltr'><strong>qui</strong></span> <span class='ocrx_word' id='word_1_820' title='bbox 1067 2252 1121 2271; x_wconf 88' lang='lat' dir='ltr'><strong>una</strong></span> <span class='ocrx_word' id='word_1_821' title='bbox 1135 2253 1197 2272; x_wconf 90' lang='lat' dir='ltr'><strong>cttm</strong></span> <span class='ocrx_word' id='word_1_822' title='bbox 1221 2245 1364 2279; x_wconf 86' lang='lat' dir='ltr'><strong>spiritibus</strong></span> <span class='ocrx_word' id='word_1_823' title='bbox 1377 2246 1570 2276; x_wconf 83' lang='lat' dir='ltr'><strong>ascenderunt.</strong></span> <span class='ocrx_word' id='word_1_824' title='bbox 1583 2247 1687 2274; x_wconf 87' lang='lat' dir='ltr'><strong>omnia-</strong></span> 
     </span>
    </p>
   </div>
   <div class='ocr_carea' id='block_1_106' title="bbox 901 2289 1689 2326">
    <p class='ocr_par' dir='ltr' id='par_1_106' title="bbox 901 2289 1689 2326">
     <span class='ocr_line' id='line_1_106' title="bbox 901 2289 1689 2326; baseline 0.001 -10"><span class='ocrx_word' id='word_1_825' title='bbox 901 2297 955 2323; x_wconf 88' lang='lat' dir='ltr'><strong>qtte</strong></span> <span class='ocrx_word' id='word_1_826' title='bbox 971 2289 1005 2316; x_wconf 83' lang='lat' dir='ltr'><strong>ad</strong></span> <span class='ocrx_word' id='word_1_827' title='bbox 1022 2290 1158 2323; x_wconf 74' lang='lat' dir='ltr'><strong>egentium</strong></span> <span class='ocrx_word' id='word_1_828' title='bbox 1177 2290 1293 2317; x_wconf 86' lang='lat' dir='ltr'><strong>salutent</strong></span> <span class='ocrx_word' id='word_1_829' title='bbox 1317 2291 1457 2326; x_wconf 87' lang='lat' dir='ltr'><strong>complent</strong></span> <span class='ocrx_word' id='word_1_830' title='bbox 1475 2300 1482 2319; x_wconf 91' lang='lat'><strong>:</strong></span> <span class='ocrx_word' id='word_1_831' title='bbox 1507 2300 1516 2316; x_wconf 79' lang='grc' dir='ltr'><strong>ι</strong></span> <span class='ocrx_word' id='word_1_832' title='bbox 1545 2292 1576 2318; x_wconf 81' lang='lat' dir='ltr'><strong>Et</strong></span> <span class='ocrx_word' id='word_1_833' title='bbox 1593 2299 1689 2318; x_wconf 79' lang='lat' dir='ltr'><strong>names</strong></span> 
     </span>
    </p>
   </div>
   <div class='ocr_carea' id='block_1_107' title="bbox 901 2335 1687 2371">
    <p class='ocr_par' dir='ltr' id='par_1_107' title="bbox 901 2335 1687 2371">
     <span class='ocr_line' id='line_1_107' title="bbox 901 2335 1687 2371; baseline 0.003 -9"><span class='ocrx_word' id='word_1_834' title='bbox 901 2339 964 2362; x_wconf 87' lang='lat' dir='ltr'><strong>sunt</strong></span> <span class='ocrx_word' id='word_1_835' title='bbox 988 2335 1100 2369; x_wconf 88' lang='lat' dir='ltr'><strong>spiritus</strong></span> <span class='ocrx_word' id='word_1_836' title='bbox 1132 2336 1342 2368; x_wconf 83' lang='lat' dir='ltr'><strong>ministrantes,</strong></span> <span class='ocrx_word' id='word_1_837' title='bbox 1380 2338 1425 2371; x_wconf 92' lang='lat' dir='ltr'><strong>qui</strong></span> <span class='ocrx_word' id='word_1_838' title='bbox 1454 2337 1480 2364; x_wconf 92' lang='lat' dir='ltr'><strong>in</strong></span> <span class='ocrx_word' id='word_1_839' title='bbox 1509 2337 1687 2364; x_wconf 87' lang='lat' dir='ltr'><strong>ministerium</strong></span> 
     </span>
    </p>
   </div>
   <div class='ocr_carea' id='block_1_108' title="bbox 901 2379 1686 2415">
    <p class='ocr_par' dir='ltr' id='par_1_108' title="bbox 901 2379 1686 2415">
     <span class='ocr_line' id='line_1_108' title="bbox 901 2379 1686 2415; baseline 0.001 -9"><span class='ocrx_word' id='word_1_840' title='bbox 901 2385 1010 2415; x_wconf 90' lang='lat' dir='ltr'><strong>propter</strong></span> <span class='ocrx_word' id='word_1_841' title='bbox 1024 2379 1127 2408; x_wconf 84' lang='lat' dir='ltr'><strong>futuros</strong></span> <span class='ocrx_word' id='word_1_842' title='bbox 1138 2380 1259 2408; x_wconf 80' lang='lat' dir='ltr'><strong>lia-redes</strong></span> <span class='ocrx_word' id='word_1_843' title='bbox 1271 2381 1365 2408; x_wconf 85' lang='lat' dir='ltr'><strong>salutis</strong></span> <span class='ocrx_word' id='word_1_844' title='bbox 1385 2382 1531 2409; x_wconf 88' lang='lat' dir='ltr'><strong>tnitttttttur</strong></span> <span class='ocrx_word' id='word_1_845' title='bbox 1546 2382 1579 2410; x_wconf 74' lang='grc'><strong>⁷⁸.</strong></span> <span class='ocrx_word' id='word_1_846' title='bbox 1593 2391 1602 2407; x_wconf 74' lang='grc' dir='ltr'><strong>ι</strong></span> <span class='ocrx_word' id='word_1_847' title='bbox 1617 2381 1686 2414; x_wconf 83' lang='lat' dir='ltr'><strong>Quid</strong></span> 
     </span>
    </p>
   </div>
   <div class='ocr_carea' id='block_1_109' title="bbox 902 2425 1688 2460">
    <p class='ocr_par' dir='ltr' id='par_1_109' title="bbox 902 2425 1688 2460">
     <span class='ocr_line' id='line_1_109' title="bbox 902 2425 1688 2460; baseline 0 -9"><span class='ocrx_word' id='word_1_848' title='bbox 902 2425 980 2452; x_wconf 90' lang='lat' dir='ltr'><strong>tintes</strong></span> <span class='ocrx_word' id='word_1_849' title='bbox 996 2426 1096 2459; x_wconf 70' lang='lat' dir='ltr'><strong>dicere,</strong></span> <span class='ocrx_word' id='word_1_850' title='bbox 1110 2433 1217 2453; x_wconf 89' lang='lat' dir='ltr'><strong>omnem</strong></span> <span class='ocrx_word' id='word_1_851' title='bbox 1233 2425 1321 2453; x_wconf 90' lang='lat' dir='ltr'><strong>locum</strong></span> <span class='ocrx_word' id='word_1_852' title='bbox 1335 2425 1399 2453; x_wconf 80' lang='lat' dir='ltr'><strong>Jesu</strong></span> <span class='ocrx_word' id='word_1_853' title='bbox 1419 2427 1530 2454; x_wconf 84' lang='lat' dir='ltr'><strong>Christo</strong></span> <span class='ocrx_word' id='word_1_854' title='bbox 1547 2425 1688 2460; x_wconf 76' lang='lat' dir='ltr'><strong>indigere?</strong></span> 
     </span>
    </p>
   </div>
   <div class='ocr_carea' id='block_1_110' title="bbox 898 2470 1687 2506">
    <p class='ocr_par' dir='ltr' id='par_1_110' title="bbox 898 2470 1687 2506">
     <span class='ocr_line' id='line_1_110' title="bbox 898 2470 1687 2506; baseline 0.001 -9"><span class='ocrx_word' id='word_1_855' title='bbox 898 2470 992 2505; x_wconf 86' lang='lat' dir='ltr'><strong>Neque</strong></span> <span class='ocrx_word' id='word_1_856' title='bbox 1007 2478 1082 2503; x_wconf 74' lang='lat' dir='ltr'><strong>vero,</strong></span> <span class='ocrx_word' id='word_1_857' title='bbox 1097 2470 1143 2505; x_wconf 89' lang='lat' dir='ltr'><strong>qui</strong></span> <span class='ocrx_word' id='word_1_858' title='bbox 1160 2470 1270 2498; x_wconf 82' lang='lat' dir='ltr'><strong>Christo</strong></span> <span class='ocrx_word' id='word_1_859' title='bbox 1294 2470 1404 2505; x_wconf 79' lang='lat' dir='ltr'><strong>indiget.</strong></span> <span class='ocrx_word' id='word_1_860' title='bbox 1429 2471 1580 2506; x_wconf 79' lang='lat' dir='ltr'><strong>prophetis,</strong></span> <span class='ocrx_word' id='word_1_861' title='bbox 1598 2471 1687 2505; x_wconf 76' lang='lat' dir='ltr'><strong>iisque</strong></span> 
     </span>
    </p>
   </div>
   <div class='ocr_carea' id='block_1_111' title="bbox 899 2516 1685 2551">
    <p class='ocr_par' dir='ltr' id='par_1_111' title="bbox 899 2516 1685 2551">
     <span class='ocr_line' id='line_1_111' title="bbox 899 2516 1685 2551; baseline 0.003 -9"><span class='ocrx_word' id='word_1_862' title='bbox 899 2516 944 2551; x_wconf 88' lang='lat' dir='ltr'><strong>qui</strong></span> <span class='ocrx_word' id='word_1_863' title='bbox 958 2516 1058 2544; x_wconf 82' lang='lat' dir='ltr'><strong>Christi</strong></span> <span class='ocrx_word' id='word_1_864' title='bbox 1073 2518 1244 2551; x_wconf 53' lang='lat' dir='ltr'><strong>praesentiam</strong></span> <span class='ocrx_word' id='word_1_865' title='bbox 1258 2521 1284 2543; x_wconf 88' lang='lat' dir='ltr'><strong>et</strong></span> <span class='ocrx_word' id='word_1_866' title='bbox 1299 2517 1444 2543; x_wconf 83' lang='lat' dir='ltr'><strong>adventum</strong></span> <span class='ocrx_word' id='word_1_867' title='bbox 1459 2522 1623 2550; x_wconf 60' lang='lat' dir='ltr'><strong>praeparant,</strong></span> <span class='ocrx_word' id='word_1_868' title='bbox 1633 2525 1685 2544; x_wconf 87' lang='lat' dir='ltr'><strong>uott</strong></span> 
     </span>
    </p>
   </div>
   <div class='ocr_carea' id='block_1_112' title="bbox 900 2562 1687 2598">
    <p class='ocr_par' dir='ltr' id='par_1_112' title="bbox 900 2562 1687 2598">
     <span class='ocr_line' id='line_1_112' title="bbox 900 2562 1687 2598; baseline 0.004 -10"><span class='ocrx_word' id='word_1_869' title='bbox 900 2562 1032 2598; x_wconf 87' lang='lat' dir='ltr'><strong>indigent.</strong></span> <span class='ocrx_word' id='word_1_870' title='bbox 1048 2563 1080 2590; x_wconf 87' lang='lat' dir='ltr'><strong>Et</strong></span> <span class='ocrx_word' id='word_1_871' title='bbox 1097 2563 1216 2590; x_wconf 80' lang='lat' dir='ltr'><strong>Joannes</strong></span> <span class='ocrx_word' id='word_1_872' title='bbox 1237 2571 1302 2590; x_wconf 79' lang='lat' dir='ltr'><strong>sane</strong></span> <span class='ocrx_word' id='word_1_873' title='bbox 1314 2583 1322 2595; x_wconf 85' lang='lat'><strong>.</strong></span> <span class='ocrx_word' id='word_1_874' title='bbox 1340 2571 1394 2598; x_wconf 84' lang='lat' dir='ltr'><strong>quo</strong></span> <span class='ocrx_word' id='word_1_875' title='bbox 1413 2563 1499 2596; x_wconf 90' lang='lat' dir='ltr'><strong>major</strong></span> <span class='ocrx_word' id='word_1_876' title='bbox 1521 2564 1592 2590; x_wconf 87' lang='lat' dir='ltr'><strong>inter</strong></span> <span class='ocrx_word' id='word_1_877' title='bbox 1608 2568 1687 2591; x_wconf 79' lang='lat' dir='ltr'><strong>natus</strong></span> 
     </span>
    </p>
   </div>
   <div class='ocr_carea' id='block_1_113' title="bbox 900 2609 1686 2645">
    <p class='ocr_par' dir='ltr' id='par_1_113' title="bbox 900 2609 1686 2645">
     <span class='ocr_line' id='line_1_113' title="bbox 900 2609 1686 2645; baseline 0.004 -10"><span class='ocrx_word' id='word_1_878' title='bbox 900 2609 1053 2642; x_wconf 83' lang='lat' dir='ltr'><strong>mulierum,</strong></span> <span class='ocrx_word' id='word_1_879' title='bbox 1076 2611 1186 2638; x_wconf 81' lang='lat' dir='ltr'><strong>Christo</strong></span> <span class='ocrx_word' id='word_1_880' title='bbox 1209 2611 1267 2645; x_wconf 89' lang='lat' dir='ltr'><strong>ipso</strong></span> <span class='ocrx_word' id='word_1_881' title='bbox 1285 2616 1363 2643; x_wconf 83' lang='lat' dir='ltr'><strong>teste,</strong></span> <span class='ocrx_word' id='word_1_882' title='bbox 1382 2619 1460 2637; x_wconf 82' lang='lat' dir='ltr'><strong>nemo</strong></span> <span class='ocrx_word' id='word_1_883' title='bbox 1483 2609 1554 2637; x_wconf 77' lang='lat' dir='ltr'><strong>fuit:</strong></span> <span class='ocrx_word' id='word_1_884' title='bbox 1573 2620 1581 2636; x_wconf 84' lang='grc' dir='ltr'><strong>ι</strong></span> <span class='ocrx_word' id='word_1_885' title='bbox 1601 2609 1686 2644; x_wconf 72' lang='lat' dir='ltr'><strong>Major</strong></span> 
     </span>
    </p>
   </div>
   <div class='ocr_carea' id='block_1_114' title="bbox 899 2656 1682 2690">
    <p class='ocr_par' dir='ltr' id='par_1_114' title="bbox 899 2656 1682 2690">
     <span class='ocr_line' id='line_1_114' title="bbox 899 2656 1682 2690; baseline 0 -8"><span class='ocrx_word' id='word_1_886' title='bbox 899 2656 970 2682; x_wconf 87' lang='lat' dir='ltr'><strong>inter</strong></span> <span class='ocrx_word' id='word_1_887' title='bbox 981 2661 1057 2682; x_wconf 80' lang='lat' dir='ltr'><strong>natos</strong></span> <span class='ocrx_word' id='word_1_888' title='bbox 1070 2656 1212 2683; x_wconf 88' lang='lat' dir='ltr'><strong>mulierum</strong></span> <span class='ocrx_word' id='word_1_889' title='bbox 1222 2656 1326 2684; x_wconf 79' lang='lat' dir='ltr'><strong>Joanne</strong></span> <span class='ocrx_word' id='word_1_890' title='bbox 1340 2656 1459 2690; x_wconf 64' lang='lat' dir='ltr'><strong>Baptista</strong></span> <span class='ocrx_word' id='word_1_891' title='bbox 1475 2656 1562 2684; x_wconf 87' lang='lat' dir='ltr'><strong>nullus</strong></span> <span class='ocrx_word' id='word_1_892' title='bbox 1574 2656 1620 2683; x_wconf 82' lang='lat' dir='ltr'><strong>fuit</strong></span> <span class='ocrx_word' id='word_1_893' title='bbox 1633 2657 1682 2688; x_wconf 73' lang='lat'><strong>7’;-</strong></span> 
     </span>
    </p>
   </div>
   <div class='ocr_carea' id='block_1_115' title="bbox 899 2701 1685 2735">
    <p class='ocr_par' dir='ltr' id='par_1_115' title="bbox 899 2701 1685 2735">
     <span class='ocr_line' id='line_1_115' title="bbox 899 2701 1685 2735; baseline 0.003 -8"><span class='ocrx_word' id='word_1_894' title='bbox 899 2708 986 2735; x_wconf 86' lang='lat' dir='ltr'><strong>neque</strong></span> <span class='ocrx_word' id='word_1_895' title='bbox 1011 2701 1108 2728; x_wconf 86' lang='lat' dir='ltr'><strong>timeas</strong></span> <span class='ocrx_word' id='word_1_896' title='bbox 1136 2701 1161 2728; x_wconf 94' lang='lat' dir='ltr'><strong>id</strong></span> <span class='ocrx_word' id='word_1_897' title='bbox 1182 2701 1316 2729; x_wconf 79' lang='lat' dir='ltr'><strong>aﬂirmare</strong></span> <span class='ocrx_word' id='word_1_898' title='bbox 1339 2709 1345 2728; x_wconf 74' lang='grc' dir='ltr'>ε</span> <span class='ocrx_word' id='word_1_899' title='bbox 1370 2702 1510 2729; x_wconf 78' lang='lat' dir='ltr'><strong>descendit</strong></span> <span class='ocrx_word' id='word_1_900' title='bbox 1527 2702 1559 2729; x_wconf 85' lang='lat' dir='ltr'><strong>ad</strong></span> <span class='ocrx_word' id='word_1_901' title='bbox 1583 2702 1685 2729; x_wconf 70' lang='lat' dir='ltr'><strong>inferos</strong></span> 
     </span>
    </p>
   </div>
   <div class='ocr_carea' id='block_1_116' title="bbox 87 2749 832 2793">
    <p class='ocr_par' dir='ltr' id='par_1_116' title="bbox 87 2749 832 2793">
     <span class='ocr_line' id='line_1_116' title="bbox 87 2749 832 2793; baseline 0.009 -18"><span class='ocrx_word' id='word_1_902' title='bbox 87 2749 202 2793; x_wconf 46' lang='grc' dir='ltr'><strong>τινε]ςῂ</strong></span> <span class='ocrx_word' id='word_1_903' title='bbox 218 2751 425 2793; x_wconf 50' lang='lat' dir='ltr'><strong>:t-xt.&#39;l5.li.l_5_,</strong></span> <span class='ocrx_word' id='word_1_904' title='bbox 463 2752 574 2780; x_wconf 80' lang='lat' dir='ltr'><strong>&quot;Joan.</strong></span> <span class='ocrx_word' id='word_1_905' title='bbox 588 2761 614 2786; x_wconf 80' lang='grc' dir='ltr'><strong>ν,</strong></span> <span class='ocrx_word' id='word_1_906' title='bbox 630 2754 674 2781; x_wconf 78' lang='grc'><strong>46.</strong></span> <span class='ocrx_word' id='word_1_907' title='bbox 713 2755 735 2770; x_wconf 86' lang='grc'><strong>⁷⁸</strong></span> <span class='ocrx_word' id='word_1_908' title='bbox 754 2755 761 2782; x_wconf 99' lang='grc' dir='ltr'><strong>Ι</strong></span> <span class='ocrx_word' id='word_1_909' title='bbox 778 2755 832 2792; x_wconf 70' lang='lat' dir='ltr'><strong>Reg</strong></span> 
     </span>
    </p>
   </div>
   <div class='ocr_carea' id='block_1_117' title="bbox 937 2749 1682 2793">
    <p class='ocr_par' dir='ltr' id='par_1_117' title="bbox 937 2758 1682 2793">
     <span class='ocr_line' id='line_1_117' title="bbox 937 2758 1682 2793; baseline 0.005 -9"><span class='ocrx_word' id='word_1_910' title='bbox 937 2765 953 2792; x_wconf 83' lang='grc' dir='ltr'><strong>ι,</strong></span> <span class='ocrx_word' id='word_1_911' title='bbox 971 2758 1013 2785; x_wconf 77' lang='grc'><strong>15.</strong></span> <span class='ocrx_word' id='word_1_912' title='bbox 1052 2759 1074 2774; x_wconf 78' lang='grc'><strong>⁷⁵</strong></span> <span class='ocrx_word' id='word_1_913' title='bbox 1090 2758 1159 2786; x_wconf 50' lang='grc' dir='ltr'><strong>[ναοί.</strong></span> <span class='ocrx_word' id='word_1_914' title='bbox 1176 2767 1243 2793; x_wconf 76' lang='lat' dir='ltr'><strong>xt&#39;tt,</strong></span> <span class='ocrx_word' id='word_1_915' title='bbox 1255 2759 1299 2787; x_wconf 75' lang='lat'><strong>26.</strong></span> <span class='ocrx_word' id='word_1_916' title='bbox 1338 2760 1359 2775; x_wconf 85' lang='grc'><strong>⁷⁷</strong></span> <span class='ocrx_word' id='word_1_917' title='bbox 1372 2759 1454 2787; x_wconf 81' lang='lat' dir='ltr'><strong>Zach.</strong></span> <span class='ocrx_word' id='word_1_918' title='bbox 1469 2767 1500 2793; x_wconf 86' lang='lat' dir='ltr'><strong>It,</strong></span> <span class='ocrx_word' id='word_1_919' title='bbox 1513 2760 1540 2788; x_wconf 82' lang='grc'><strong>5.</strong></span> <span class='ocrx_word' id='word_1_920' title='bbox 1578 2759 1601 2776; x_wconf 77' lang='grc'>’⁸</span> <span class='ocrx_word' id='word_1_921' title='bbox 1615 2760 1682 2788; x_wconf 80' lang='lat' dir='ltr'><strong>lleh.</strong></span> 
     </span>
    </p>
   </div>
   <div class='ocr_carea' id='block_1_118' title="bbox 50 2784 428 2818">
    <p class='ocr_par' dir='ltr' id='par_1_118' title="bbox 50 2784 428 2818">
     <span class='ocr_line' id='line_1_118' title="bbox 50 2784 428 2818; baseline 0.005 -7"><span class='ocrx_word' id='word_1_922' title='bbox 50 2792 71 2816; x_wconf 83' lang='grc' dir='ltr'><strong>Ι,</strong></span> <span class='ocrx_word' id='word_1_923' title='bbox 96 2784 142 2811; x_wconf 71' lang='grc' dir='ltr'><strong>Η.</strong></span> <span class='ocrx_word' id='word_1_924' title='bbox 179 2784 202 2799; x_wconf 79' lang='grc'><strong>⁷⁸</strong></span> <span class='ocrx_word' id='word_1_925' title='bbox 217 2784 312 2813; x_wconf 84' lang='lat' dir='ltr'><strong>Matth.</strong></span> <span class='ocrx_word' id='word_1_926' title='bbox 331 2794 367 2818; x_wconf 75' lang='lat' dir='ltr'><strong>XI,</strong></span> <span class='ocrx_word' id='word_1_927' title='bbox 389 2787 428 2814; x_wconf 88' lang='grc'><strong>11.</strong></span> 
     </span>
    </p>
   </div>
   <div class='ocr_carea' id='block_1_119' title="bbox 91 2840 643 2880">
    <p class='ocr_par' dir='ltr' id='par_1_119' title="bbox 91 2840 643 2880">
     <span class='ocr_line' id='line_1_119' title="bbox 91 2840 643 2880; baseline 0.005 -12"><span class='ocrx_word' id='word_1_928' title='bbox 91 2840 148 2877; x_wconf 77' lang='lat' dir='ltr'><strong>(l0)</strong></span> <span class='ocrx_word' id='word_1_929' title='bbox 165 2842 343 2876; x_wconf 62' lang='grc' dir='ltr'><strong>Πληροῦτιιι.</strong></span> <span class='ocrx_word' id='word_1_930' title='bbox 361 2843 453 2876; x_wconf 71' lang='lat' dir='ltr'><strong>Forte,</strong></span> <span class='ocrx_word' id='word_1_931' title='bbox 470 2844 643 2880; x_wconf 76' lang='grc' dir='ltr'><strong>πληροῦντες.</strong></span> 
     </span>
    </p>
   </div>
  </div>
