1888 3051
69 144 134 171 10⁸25

607 145 641 173 IN
662 143 790 172 LIBRUM
811 143 929 172 REGIIM
950 141 1090 170 HOMILIA
1112 141 1144 168 ll.

1624 140 1692 170 1020

67 201 134 232 ατοῦ,
146 200 292 236 πρόδρομοι
304 200 421 237 Χριστοῦ
438 201 462 227 οἱ
479 200 618 237 προφῆται
635 200 768 237 Χριστοῦ·
782 198 834 227 οὒτε

925 199 951 225 ed
963 203 990 226 ιιι
1005 203 1147 230 sanctum;
1167 196 1211 224 tibi
1228 197 1250 223 si
1263 201 1304 223 est
1318 202 1442 229 sanctus,
1458 202 1569 225 sanctus
1583 199 1695 226 omnino

67 247 109 274 καὶ
123 246 248 281 Σαμουὴλ
269 246 328 272 ἐκεῖ
342 245 530 281 καταϐέϐηκεν
540 255 546 261 ·
561 247 592 273 οὐ
609 246 663 282 γὰρ
679 246 782 278 ἁπλῶς,
797 241 855 273 ἀλλ’

67 293 102 324 ὡς
117 292 199 326 ἅγιος·
217 292 285 318 ὅπου
308 291 357 318 ἐὰν
408 292 422 318 ὁ
435 292 523 326 ἅγιος,
546 291 619 318 ἐστιν
636 292 650 318 ὁ
674 292 760 326 ἅγιος.
781 292 855 327 Μήτι

69 338 179 375 Χριστὸς
198 339 248 364 οὐκ
266 338 306 365 ἔτι
332 338 450 374 Χριστός
475 339 559 370 ἐστιν,
580 339 641 365 ἐπεὶ
655 339 684 365 ἐν
705 338 768 373 ᾅδου
791 338 855 364 ποτὲ

66 382 114 420 ἧν;
127 384 182 410 Οὐκ
202 383 242 410 ἔτι
261 381 296 420 ἦν
311 384 375 415 Υἱὸς
390 383 469 416 Θεοῦ,
495 384 556 410 ἐπεὶ
573 385 602 410 ὲν
619 384 658 419 τῷ
683 384 854 420 καταχθονίῳ

67 431 204 465 γεγένηται
224 430 309 464 τόπῳ,
332 439 342 455 ‹
358 429 402 456 ἵνα
425 430 479 456 πᾶν
494 430 558 464 γόνυ
579 429 675 465 κάμψῃ
695 430 725 457 ὲν
743 430 781 465 τῷ
797 430 855 456 ὀνό-

68 483 128 507 ματι
147 473 234 510 Ἰησοῦ
251 473 381 509 Χριστοῦ,
395 474 576 509 ἐπουρανίων,
590 475 636 500 καὶ
651 475 792 509 ἐπιγείων,
807 474 853 501 καὶ

66 520 242 556 καταχθονίων
255 528 262 551 ;
280 530 288 545 ι
306 519 399 552 Οὕτως
417 520 534 555 Χριστὸς
541 518 586 556 ἦν,
599 520 647 547 καὶ
658 521 732 547 κάτω
748 520 795 554 ὢν,
811 521 853 547 ἵνα

65 565 146 598 οὕτως
164 565 244 597 εἴπω,
261 566 290 592 ὲν
303 565 344 601 τῷ
366 565 441 592 κάτω
463 565 539 600 τόπῳ
562 565 610 597 ὢν,
626 566 783 601 προαιρέσει
797 565 853 592 ἄνω

57 610 96 648 Δἦν
111 621 117 628 ’
132 612 203 639 οὕτω
219 612 265 639 καλ⁹
279 613 303 638 οἱ
325 611 475 647 προφῆται,
491 612 538 638 καὶ
551 611 687 647 Σαμουὴλ,
701 611 752 638 κᾶν
769 620 852 638 κατα-

65 658 144 684 ϐῶσιν
162 658 228 684 ὅπου
243 659 272 684 αἱ
287 657 372 693 ψυχαὶ
389 659 417 684 αἱ
436 658 521 685 κάτω.
536 657 610 684 κάτω
632 658 758 684 δύνανται
782 655 852 684 εἶναι

65 701 145 736 τόπῳ,
157 702 187 727 οὐ
201 701 276 728 κάτω
289 702 317 728 δέ
330 702 382 728 εἰσι
394 703 426 738 τῇ
444 703 610 738 προαιρέσει.
627 702 799 737 Πυνθάνομαι
812 702 850 734 δὲ,

66 748 268 782 προεφήτευσαν
279 747 313 774 τὰ
328 747 528 784 ὑπερουράνιας
557 747 628 782 Ἐγὼ
646 748 674 774 δὲ
689 748 719 774 οὐ
735 747 851 782 δύναμαι

65 791 159 819 διδόναι
169 793 300 828 δαιμονίῳ
311 792 477 828 τηλικαύτην
489 793 612 829 δύναμιν,
625 794 665 820 ὅτι
686 793 850 829 προφητεύει

65 838 125 873 περὶ
138 838 224 866 Σαοὺλ
237 838 372 874 Σαμουὴλ,
387 839 432 865 καὶ
444 838 489 865 τοῦ
505 839 570 865 λαοῦ
584 839 630 865 τοῦ
640 839 716 871 Θεοῦ,
730 840 776 866 καὶ
784 847 851 875 προ-

906 249 957 272 est.
978 243 1071 271 Nonne
1085 243 1110 270 id
1127 243 1210 271 etiam
1227 243 1260 270 de
1273 243 1381 271 Christo
1393 243 1559 271 aﬂirmamus
1571 244 1583 271 τ
1597 245 1694 272 Annon

906 289 1031 317 Christus
1051 293 1122 321 erat,
1143 289 1206 316 licet
1220 288 1365 323 aliquando
1385 289 1455 324 apud
1472 289 1574 316 inferos
1591 288 1695 317 fuerit?

905 335 1002 362 Annon
1028 335 1078 362 fuit
1094 334 1178 361 Filius
1195 335 1239 361 Dei
1252 354 1260 367 ,
1278 335 1341 362 licet
1366 335 1391 362 in
1411 336 1595 363 subterraneis
1615 336 1693 371 dege-

907 386 946 408 rt-I
975 381 1058 413 locis,
1078 389 1087 406 ι
1114 386 1144 407 ιιι
1161 387 1241 407 omne
1269 389 1337 415 genu
1362 381 1514 408 ﬂecteretur
1536 382 1562 408 in
1587 383 1695 409 nomine

904 426 978 458 Jcsn,
1002 427 1165 457 caelestium,
1197 427 1366 454 terrestrium
1386 431 1414 453 et
1438 427 1604 454 infernorum
1619 427 1667 454 "1’
1686 435 1695 452 ι

905 471 963 498 Non
981 471 1060 498 aliter
1071 471 1197 498 Christus
1215 476 1284 502 erat.
1309 473 1370 499 licet
1384 473 1497 500 inferius
1514 479 1596 506 esset,
1612 479 1640 500 ιιι
1654 474 1695 501 sic

904 518 1005 551 dicam,
1023 522 1050 544 et
1066 517 1088 544 si
1111 518 1137 544 in
1156 517 1279 545 infcriori
1297 518 1355 544 loco
1373 523 1475 552 ageret.
1494 519 1634 546 voluntate
1650 527 1696 546 su-

904 565 994 598 perius
1021 569 1090 591 erat.
1109 564 1208 591 Eodem
1226 569 1305 599 pacto
1318 569 1345 591 et
1367 565 1517 599 prophetat.
1530 570 1556 592 et
1570 565 1694 598 Samuel,

904 609 1027 644 quamvis
1040 617 1073 637 eo
1091 609 1267 640 descendam,
1283 609 1327 636 ubi
1348 614 1412 636 sttut
1430 610 1528 637 animae
1539 618 1598 645 qua:
1613 611 1638 637 in
1654 611 1696 637 irt-

904 655 1001 688 fernis,
1021 656 1082 683 loco
1105 656 1214 691 quidem
1231 655 1344 684 inferius
1358 663 1438 690 sunt;
1456 662 1484 684 at
1506 666 1559 685 non
1583 658 1696 685 inferius

903 707 965 728 sunt
982 702 1131 728 voluntate.
1148 701 1179 728 Et
1196 709 1289 736 quer
1306 710 1340 728 an
1355 703 1560 736 supert-tnlestia
1578 703 1695 738 prophe-

902 747 993 774 tarint.
1010 748 1044 774 At
1057 754 1106 781 ego
1123 754 1254 780 nusquam
1278 747 1395 774 daemoni
1413 747 1528 775 similem
1547 749 1696 782 potentiam

901 791 1059 819 concedam.
1080 791 1146 818 Nam
1170 791 1281 818 Samuel
1309 792 1342 819 de
1363 791 1460 823 Saule,
1475 798 1502 819 et
1520 793 1617 828 populo
1635 793 1693 826 Dei,

901 842 929 864 et
947 845 1029 873 regno
1044 838 1140 870 David,
1153 837 1236 865 David
1255 838 1361 865 scilicet
1373 843 1547 872 regnaturum
1563 840 1695 867 vaticina-

65 883 171 919 ῳητεύει
184 885 248 920 περὶ
266 884 404 920 βασιλείας
422 884 513 917 Δαυῖδ,
527 886 568 911 ὅτι
583 885 674 920 μέλλει
687 885 834 920 βασιλεύειν

926 889 958 907 tr.
977 881 1027 914 Qui
1043 882 1210 909 contrarium
1227 883 1358 915 sentiunt,
1375 884 1600 920 veritatem,qua‘:
1613 885 1639 911 in
1660 892 1693 912 eo

65 930 185 957 Εῖσονται
194 931 218 956 οἱ
231 929 317 956 ταῦτα
334 930 458 964 λέγοντες
472 930 507 957 τὰ
514 931 565 966 τῆς
580 931 708 966 ἀληθείας
720 931 770 964 τῆς
778 932 849 958 κατά

63 975 105 1001 τὸν
110 975 201 1007 τόπον,
213 975 261 1010 οὐχ
270 975 414 1011 εὑρήσουσι
427 976 601 1011 παραστῆσαι
610 976 668 1008 πῶς
676 976 708 1003 ἂν
718 977 765 1003 καὶ
773 977 850 1011 ἅγιος

63 1019 164 1052 γένοιτο
181 1020 251 1056 ὑπὲρ
266 1021 401 1056 σωτηρίας
411 1021 464 1047 τῶν
482 1021 575 1053 κακῶς
596 1022 722 1057 ἑχόντων.
743 1023 789 1053 Είς
804 1022 850 1048 τὺν

63 1064 138 1091 τόπον
159 1065 214 1091 τῶν
237 1065 329 1097 κακῶς
351 1066 467 1101 ἑχόντων
496 1067 582 1102 ίατροὶ
606 1067 786 1101 γενέσθωσαν,
810 1069 850 1102 είς

62 1111 120 1142 τοὺς
132 1111 230 1142 τόπους
242 1111 295 1138 τῶν
309 1111 466 1146 καμνόντων
483 1112 665 1148 στρατιωτῶν,
680 1113 726 1140 καὶ
745 1113 850 1140 εἰσίτω-

63 1164 108 1182 σαν
120 1156 186 1183 ὅπου
207 1158 234 1183 αί
248 1157 374 1184 δυσωδίαι
387 1158 440 1184 τῶν
459 1159 623 1194 τραυμάτων
640 1159 739 1187 αὐτῶν.
763 1159 849 1187 Τοῦτο

63 1201 203 1229 ὑποϐάλλει
221 1203 237 1238 ὴ
256 1203 363 1239 ἰατρικὴ
384 1204 582 1241 φιλανθρωπία.
605 1204 683 1232 Οὕτω
695 1205 774 1232 τοῦτο
785 1206 849 1232 ὐπο-

63 1248 174 1285 δέϐληκε
192 1250 231 1285 τῷ
245 1250 351 1286 Σωτῆρι
364 1251 378 1277 ὁ
391 1250 470 1284 λόγος
484 1250 616 1285 κατὰιίι)
626 1251 681 1282 τοῖς
695 1251 849 1286 προφήταις

62 1295 104 1321 καὶ
116 1296 210 1322 ἐνθάδε
228 1295 326 1327 ἐλθεῖν,
340 1297 387 1324 καὶ
399 1297 438 1328 είς
451 1296 515 1332 ᾅδου
527 1296 690 1330 καταϐῆναι.
703 1297 758 1323 Καὶ
771 1296 849 1323 τοῦτο

60 1340 86 1367 δὲ
99 1342 262 1377 προσθετέον
281 1342 319 1377 τῷ
335 1342 407 1377 λόγῳ
417 1349 425 1357 ·
441 1342 482 1369 ὅτι
506 1342 632 1377 Σαμουὴλ
646 1343 787 1378 προφήτης
802 1339 846 1377 ἦν,

61 1387 104 1413 καὶ
116 1386 280 1419 ἐξελθόντος,
298 1387 402 1423 ἀπέστη
426 1387 473 1413 ἀπ’
486 1386 568 1413 αὺτοῦ
581 1387 596 1422 ή
611 1386 775 1422 προφητεία·
798 1387 847 1413 οὐκ

60 1429 111 1467 ἄρα
122 1432 250 1468 ἀληθεύει
266 1433 280 1458 ὁ
303 1432 388 1466 λέγων
409 1431 586 1463 Ἀπόστολος’
610 1441 618 1457 ι
641 1432 720 1467 Ἄρτι
743 1440 848 1467 προψη-

59 1478 126 1505 τεύω
139 1480 171 1506 ὲκ
193 1479 306 1515 μέρους,
329 1479 375 1505 καὶ
397 1479 429 1505 ὲκ
452 1477 553 1514 μέρους
573 1476 718 1512 γινώσκω·
740 1479 804 1505 ὅταν
818 1478 846 1504 δὲ

58 1523 118 1560 ιλθῃ
129 1525 158 1551 τὸ
171 1525 285 1555 τέλειον,
298 1524 344 1551 καὶ
357 1524 418 1550 τότε
432 1524 462 1550 τὸ
480 1524 514 1550 ὲκ
529 1523 629 1559 μέρους
644 1523 849 1559 καταργηθήσε-

904 926 964 954 loco
977 931 1029 960 est,
1055 928 1218 956 coulirntare
1237 936 1266 956 se
1283 937 1337 956 non
1362 937 1441 963 posse
1466 930 1692 958 auimadvertent.

904 972 956 999 Sed
969 980 1084 1006 quanam
1100 974 1205 1002 ratione
1220 980 1329 1003 sanctus
1348 983 1397 1010 pro
1415 975 1503 1002 salute
1518 975 1589 1003 male
1599 983 1628 1003 se
1642 976 1692 1003 ita-

904 1016 1034 1049 bentium,
1062 1019 1087 1044 in
1111 1018 1199 1045 locum
1228 1019 1272 1046 ubi
1305 1026 1461 1054 permanent
1495 1021 1645 1048 deveniet?
1664 1021 1691 1049 In

902 1062 983 1098 497
995 1063 1052 1090 loca
1066 1065 1181 1092 militum
1195 1067 1383 1101 trgrotantimn
1399 1067 1497 1095 medici
1515 1075 1638 1102 gressum
1651 1069 1693 1096 di-

904 1109 994 1143 rigant
1012 1117 1019 1136 :
1038 1109 1176 1138 introeant
1193 1112 1236 1138 ubi
1263 1111 1344 1139 ftetor
1368 1113 1489 1140 ulcerum
1506 1121 1600 1141 eorum
1622 1115 1692 1142 male

902 1153 966 1182 olet.
980 1154 1035 1182 Hoc
1049 1155 1170 1189 suggerit
1185 1156 1352 1184 medicorum
1367 1158 1394 1184 in
1409 1159 1533 1186 homines
1545 1167 1632 1187 amor.
1646 1161 1692 1189 Sic

902 1203 929 1226 et
945 1200 1121 1233 propheticus
1131 1208 1221 1228 sermo
1232 1201 1368 1229 Salvatori
1383 1205 1480 1236 suasit,
1492 1210 1520 1231 ut
1534 1212 1566 1232 eo
1575 1207 1690 1241 veniret,

902 1244 1132 1281 descentleretque
1147 1247 1173 1274 iu
1190 1247 1335 1274 infernum.
1352 1249 1418 1276 Illud
1433 1250 1496 1277 item
1512 1251 1627 1279 orationi
1641 1253 1690 1279 ad-

902 1290 1017 1317 dentium
1035 1299 1041 1317 :
1058 1291 1166 1320 Samuel
1182 1294 1310 1329 propheta
1326 1294 1387 1327 fuit,
1405 1302 1492 1330 eoque
1504 1302 1609 1324 mortuo
1625 1305 1694 1332 pro-

902 1336 993 1370 phetia
1007 1337 1041 1364 ab
1056 1338 1101 1365 illo
1129 1339 1267 1368 discessit.
1282 1341 1378 1368 Annon
1405 1349 1467 1368 vera
1489 1342 1555 1370 dicit
1575 1344 1693 1378 Aposto-

901 1381 943 1409 lus
956 1382 1001 1410 ":
1018 1392 1027 1409 ι
1050 1382 1108 1411 Jam
1133 1386 1263 1420 propheta
1280 1394 1313 1414 ex
1334 1392 1420 1422 parte,
1444 1393 1472 1415 et
1492 1396 1524 1416 ex
1552 1395 1627 1424 parte
1649 1397 1692 1416 co-

900 1435 1002 1463 gnosco
1017 1438 1023 1457 :
1039 1437 1100 1457 cum
1119 1438 1183 1458 vero
1200 1433 1400 1460 consummatio
1412 1435 1525 1467 venerit,
1542 1440 1606 1462 tunc
1619 1436 1690 1470 quod

900 1481 932 1502 ex
947 1481 1024 1509 parte
1038 1481 1089 1508 est,
1100 1477 1183 1504 etiam
1198 1480 1413 1507 evacuabiturh
1427 1480 1630 1509 Consummatio
1640 1482 1691 1510 ita-

900 1528 953 1556 que
970 1526 1030 1555 post
1053 1522 1134 1558 hujus
1149 1526 1211 1551 vitae
1233 1524 1312 1552 finem
1335 1530 1386 1553 est.
1408 1525 1441 1553 Et
1457 1527 1588 1561 quidquid
1605 1528 1689 1556 Isaias

57 1576 114 1603 ut;
130 1580 139 1596 ι
165 1570 272 1597 Οὐκοῦν
288 1569 318 1596 τὸ
334 1570 435 1596 τέλειον
448 1570 517 1605 μετὰ
533 1570 578 1596 τὸν
603 1569 660 1604 βίον
681 1569 764 1596 ἐστίν.
791 1570 834 1596 Κα

925 1568 1080 1602 "ophetavit,
1091 1576 1123 1595 ex
1138 1574 1214 1604 parte
1225 1577 1286 1597 cum
1298 1571 1371 1597 omni
1389 1571 1515 1599 libertate
1526 1573 1689 1602 vaticinatus

57 1615 83 1642 εἰ
93 1624 118 1642 τι
135 1617 340 1652 προεφήτευσεν
357 1616 480 1647 Ἡσαΐας,
493 1616 526 1641 ὲκ
543 1615 642 1651 μέρους
662 1616 846 1651 προεφήτευσε

57 1663 123 1697 μετὰ
136 1662 230 1698 πάσης
244 1662 416 1697 παρρησίας·
433 1660 642 1697 μεμαρτύρηται
651 1660 686 1706 ’δὲ
705 1661 740 1687 τὰ
753 1660 846 1687 ἐνθάδε

56 1708 69 1734 ὁ
81 1707 161 1734 Δαυῖδ
179 1709 245 1744 περὶ
256 1708 287 1734 τὸ
300 1706 403 1733 τέλειον
420 1706 469 1741 τῆς
483 1705 668 1742 προφητείαέ²
681 1705 731 1732 οὐκ
745 1706 847 1732 ἀπέλα-

56 1750 99 1776 ϐεν
109 1749 156 1778 οὖν
167 1751 217 1787 τὴν
241 1752 322 1787 χάριν
344 1751 393 1786 τὴν
414 1751 586 1786 προφητικὴν
611 1749 748 1786 Σαμουὴλ.
766 1750 794 1777 '0
818 1751 846 1777 δὲ

56 1796 113 1828 νοῦς
128 1805 179 1832 μου
201 1797 327 1833 ἄκαρπός
348 1799 420 1823 ἐστι·
437 1797 483 1822 καὶ
504 1797 545 1823 ὅτι
570 1796 731 1831 Ἐκκλησίαν
746 1797 848 1823 οίκοδο-

56 1843 247 1880 μείόγλώσσῃ
264 1842 362 1869 λαλῶν.
387 1843 442 1869 Καὶ
463 1842 518 1878 γὰρ
540 1841 614 1876 λέγει
637 1843 651 1868 ὁ
672 1842 787 1874 Παῦλος,
805 1843 845 1869 ὃτι

59 1886 222 1923 Ἐκκλησίαν
247 1888 385 1924 οἰκοδομεί
405 1889 420 1914 ὁ
442 1887 630 1923 προφητεύων,
646 1887 742 1918 αὐταῖς
757 1886 845 1920 λέξεσι

53 1932 145 1968 λέγων.
163 1935 196 1961 El
208 1935 236 1961 δὲ
248 1933 426 1970 προφητεύων
446 1932 609 1968 Ἐκκλησίαν
622 1932 766 1967 οἰκοδομεῖ,
788 1929 844 1966 εἶχε

53 1980 129 2016 χάριν
154 1981 350 2017 προφητικήν·
377 1980 408 2006 ού
433 1980 487 2015 γὰρ
512 1979 680 2006 ἀπολωλέκει
701 1978 786 2014 αὐτὴν
807 1979 844 2015 μὴ

51 2025 231 2062 meum”;
244 2025 309 2061 (l2)'
333 2025 411 2061 μόνος
427 2025 481 2060 γὰρ
500 2025 630 2051 ἀπόλλυσι
646 2025 725 2060 χάριν
742 2031 845 2060 προφη-

35 2071 135 2106 .τικὴν,
147 2072 178 2103 ὃς
192 2070 265 2106 μετὰ
278 2070 308 2097 τὸ
320 2070 507 2106 προφητεῦσαι
525 2070 675 2104 πεποίηκεν
688 2068 783 2102 ἀνάξια
796 2068 843 2095 τοῦ

49 2116 208 2153 Πνεύματος
221 2117 271 2144 τοῦ
285 2117 374 2150 ἁγίου,
389 2116 453 2143 ὥστ’
473 2115 667 2150 ἐγκαταλιπεῖν
690 2115 780 2148 αὐτὸν,
797 2115 844 2141 καὶ

49 2164 141 2197 φυγεῖν
157 2163 215 2190 ἀπὸ
243 2162 292 2189 τοῦ
313 2161 478 2197 ἡγεμονικοῦ
501 2160 599 2187 αὐτοῦ’
629 2161 697 2195 ὅπερ
721 2159 843 2194 ἐφοϐεῖτο

48 2209 104 2235 τότε
124 2209 172 2236 καὶ
197 2208 269 2244 μετὰ
296 2208 345 2243 τὴν
363 2207 499 2243 ἁμαρτίαν
521 2207 535 2233 ό
559 2205 650 2237 Δαυτδ,
673 2205 721 2232 καὶ
748 2205 840 2239 ἐλεγε-

51 2263 59 2279 t
78 2255 134 2281 Καὶ
159 2255 190 2282 τὸ
215 2255 330 2290 Πνεῦμα
342 2253 372 2280 τὺ
392 2253 468 2288 ἆγιόν
490 2261 537 2279 σου
559 2253 596 2288 μὴ
619 2251 768 2286 ἀντανέλῃς
793 2252 840 2278 ἀπ’

48 2299 123 2335 ἐμοῦ.
146 2311 156 2327 ι
174 2300 311 2328 Είτοίνυν
325 2300 356 2326 τὸ
376 2299 487 2335 Πνεῦμα
503 2298 533 2325 τὸ
559 2298 636 2332 ἅγιον
660 2297 840 2333 προφητεύειθ

47 2347 114 2380 τίνι;
139 2348 299 2382 ’Δγγέλοις-
328 2356 338 2372 ι
367 2343 407 2379 οἷς
429 2346 466 2382 μὴ
491 2345 586 2381 χρείαν
608 2344 664 2380 (l5)
687 2344 794 2379 ἔχουσιν
817 2346 840 2371 oi

49 2391 184 2426 ἰσχύοντες
201 2391 315 2428 ἰατρῶν,
332 2391 389 2419 ἀλλ’
399 2391 425 2418 oi
439 2390 532 2422 κακῶς
546 2389 663 2425 ἔχοντες.
687 2399 696 2415 ι
714 2389 840 2424 Δέχονται

46 2437 115 2470 τίνες
128 2439 179 2474 τῆς
192 2437 365 2473 προῳητείας
380 2436 436 2473 (υ)
451 2435 533 2463 αὐτοῦ
546 2444 553 2468 ;
575 2436 612 2462 Οὐ
629 2435 684 2471 γὰρ
699 2435 779 2470 ἀργεῖ
792 2435 840 2470 χά-

47 2491 86 2518 ρις
97 2485 259 2521 προφητική
270 2493 276 2499 -
287 2483 363 2510 οὐδὲν
378 2482 500 2518 χάρισμα
510 2482 589 2517 ἀργεῖ
596 2481 651 2508 τῶν
667 2482 695 2508 ὲν
705 2480 744 2516 τῷ
757 2481 837 2516 ἁγίῳ.

45 2530 99 2566 Τῆς
113 2529 161 2558 οὖν
179 2531 296 2567 χάριτος
311 2531 360 2566 τῆς
374 2529 543 2566 προφητικῆς
569 2529 597 2556 al
618 2528 703 2563 ψυχαὶ
713 2528 766 2555 τῶν
781 2537 838 2555 κοι-

46 2577 190 2612 μωμένων,
205 2576 337 2612 τολμήσω
352 2575 398 2602 καὶ
419 2575 499 2607 εῐπω,
515 2574 629 2601 ἐδέοντο.
652 2574 721 2600 Ἀλλ’
743 2573 836 2600 ἐνθάδε

45 2623 91 2657 μὲν
101 2624 198 2660 χρείαν
216 2623 309 2659 ἔχεται
326 2622 382 2658 (15)
392 2621 439 2648 τοῦ
454 2622 595 2658 προφήτου
615 2620 738 2657 Ἰσραήλ·
761 2621 807 2648 καὶ
822 2622 836 2648 6

76 2693 96 2710 "
112 2694 234 2730 Philipp.
253 2701 283 2725 ll,
299 2693 342 2720 10.
380 2693 403 2709 ⁸⁵
418 2692 426 2719 l
442 2692 503 2720 Cor.
517 2700 576 2726 xm,
589 2693 616 2720 9.
653 2693 676 2708 "
690 2692 698 2719 l
710 2691 774 2721 Cor.
790 2700 845 2725 xtr,
862 2692 904 2720 Η.

75 2764 85 2790 ί
89 2764 129 2796 Η)
140 2763 237 2791 Καινά.
257 2762 348 2799 Forte,
365 2762 450 2799 παρά.

75 2799 130 2861 (ιο)
153 2798 372 2842 Ἀφθειρτήσας.
387 2797 506 2841 ρηιηίηο
526 2797 668 2831 legendum
683 2807 688 2824 :
706 2798 834 2834 ἁμαρτή-

75 2844 98 2861 ε.
128 2834 189 2861 nfra
208 2841 295 2861 :ortsa
307 2833 429 2861 ὲωοϐειτο
443 2833 513 2861 τότε.
532 2832 579 2860 καὶ
595 2832 662 2861 μετὰ
678 2832 726 2861 τὴν
743 2834 833 2861 ἁμαρ.

41 2843 98 2867 σις.
116 2832 189 2862 Infra
208 2834 295 2869 :E'nrsp
307 2833 429 2869 ἐφοϐεῖτο
443 2833 513 2867 τότε,
532 2832 579 2860 καὶ
595 2832 662 2867 μετὰ
678 2832 833 2869 τὴνὰμαρη

41 2870 98 2897 τὶαν
111 2870 126 2896 ὸ
143 2869 239 2897 Δαυῖδ.

898 1617 950 1645 est,
967 1617 1133 1648 testatusque
1153 1619 1194 1642 est
1213 1615 1270 1642 haec
1287 1617 1378 1644 omnia
1394 1618 1427 1644 de
1449 1619 1599 1652 prophetia».
1622 1626 1688 1647 con-

899 1658 1080 1684 summatione
1094 1658 1176 1686 David
1190 1668 1196 1684 :
1214 1668 1267 1687 non
1286 1661 1386 1695 recepit
1398 1661 1482 1696 igitur
1497 1664 1611 1697 gratiam
1623 1671 1687 1700 pro-

897 1703 1035 1736 pheticam
1055 1703 1175 1732 Samuel.
1193 1705 1228 1733 At
1253 1706 1409 1734 intellectus
1430 1715 1505 1735 meus
1518 1709 1578 1736 sine
1599 1710 1687 1738 fructu

897 1747 966 1774 est"
977 1755 984 1774 :
997 1753 1024 1775 et
1039 1750 1110 1783 quod
1127 1749 1275 1778 Ecclesiam
1292 1751 1417 1785 aedificat,
1430 1753 1474 1786 qui
1491 1753 1581 1788 lingua
1599 1754 1688 1789 loqui-

897 1791 981 1819 tur“.
1003 1792 1035 1819 Et
1049 1793 1148 1821 Paulus
1167 1795 1223 1829 ipse
1243 1796 1359 1823 afﬁrmat
1375 1798 1579 1831 propin-tantem
1594 1799 1687 1828 Eccle-

897 1838 965 1864 siam
984 1838 1120 1866 aedificare
1135 1840 1177 1867 his
1202 1841 1296 1869 iisdem
1319 1841 1419 1867 verbis.
1439 1843 1524 1870 Porro
1537 1845 1558 1870 si
1572 1845 1685 1878 prophe-

898 1887 957 1910 tans
973 1883 1118 1912 Ecclesiam
1132 1887 1257 1920 aedificat,
1268 1888 1360 1923 utique
1371 1889 1486 1923 gratiam
1498 1890 1684 1925 propheticam

896 1927 987 1962 habet,
1012 1938 1100 1966 neque
1115 1933 1188 1959 enim
1217 1933 1300 1968 ipsam
1319 1935 1425 1967 amisit,
1441 1935 1492 1962 nisi
1519 1936 1684 1971 peccaverit.

896 1974 974 2002 Solus
986 1977 1084 2012 quippe
1095 1978 1210 2012 gratiam
1222 1980 1405 2014 propltcticam
1415 1982 1526 2013 a-nittit,
1536 1982 1593 2016 qui,
1608 1987 1682 2015 post-

894 2025 977 2052 quam
996 2022 1177 2056 prophetarit,
1195 2023 1303 2058 indigna
1318 2024 1421 2059 Spiritu
1429 2031 1525 2053 sancto
1537 2032 1682 2062 operatur;

894 2065 930 2092 ita
941 2070 969 2092 ut
979 2066 1065 2102 ipsum
1078 2069 1208 2104 Spiritum
1221 2071 1338 2102 deserat.
1348 2071 1486 2106 fugiatque
1499 2072 1532 2099 ab
1540 2073 1597 2105 eius
1609 2074 1685 2109 prin-

893 2114 954 2152 cipe
967 2117 1063 2144 animae
1080 2117 1218 2146 facultate.
1234 2118 1310 2152 Quod
1335 2120 1447 2147 timebat
1461 2125 1525 2147 tunc
1543 2126 1602 2155 post
1621 2129 1682 2156 pec-

893 2167 984 2189 catum
1000 2162 1095 2195 David,
1111 2164 1273 2199 dicebatque
1286 2164 1323 2191 ":
1341 2173 1350 2191 ι
1364 2165 1396 2192 Et
1410 2165 1541 2199 Spiritum
1559 2171 1681 2193 sanctum

894 2214 970 2236 tuum
983 2215 1016 2235 ne
1030 2209 1139 2236 auferas
1157 2217 1171 2236 a
1185 2217 1237 2237 me.
1255 2219 1264 2236 )
1283 2211 1378 2245 Itaque
1399 2212 1421 2238 si
1441 2210 1559 2245 Spiritus
1571 2217 1682 2239 sanctus

894 2254 1037 2290 prophetat
1057 2264 1064 2282 :
1078 2255 1186 2282 cuinam
1198 2255 1210 2282 ?
1221 2255 1330 2290 Angelis
1344 2256 1356 2283 2
1369 2256 1403 2283 Αι
1420 2264 1427 2282 :
1451 2265 1460 2282 ι
1481 2255 1538 2284 Non
1552 2264 1621 2292 opus
1640 2263 1682 2285 cst

894 2300 1014 2328 medicus
1035 2300 1114 2333 bene,
1142 2301 1189 2328 sed
1217 2302 1286 2328 male
1313 2301 1474 2329 habentibus
1483 2303 1516 2329 ".
1536 2312 1546 2329 ι
1564 2303 1680 2336 Quinam

891 2346 952 2380 ejus
969 2345 1137 2380 prophetiam
1154 2347 1310 2382 excipiunt?
1323 2347 1415 2383 Neque
1430 2348 1503 2375 cnim
1521 2348 1621 2376 frustra
1639 2354 1681 2377 est

891 2391 976 2427 gratia
1005 2391 1162 2426 prophetica
1176 2413 1183 2426 ,
1209 2400 1295 2428 neque
1319 2393 1401 2420 ullutn
1424 2394 1561 2421 charisma
1584 2401 1678 2422 eorum

890 2444 950 2471 qua:
967 2436 993 2463 in
1009 2442 1102 2463 sancto
1120 2443 1184 2464 sunt
1197 2437 1298 2465 frustra
1320 2442 1371 2466 est.
1388 2438 1479 2466 Gratia
1505 2439 1596 2473 itaque
1616 2446 1680 2473 pro-

892 2483 998 2517 phetica
1012 2487 1180 2510 mortuorum
1195 2484 1302 2517 anitum,
1318 2484 1448 2511 audacter
1462 2485 1561 2516 dicam,
1574 2484 1678 2519 indige-

891 2528 967 2555 bant.
994 2529 1046 2556 Sed
1075 2529 1121 2557 hic
1143 2529 1252 2564 quidem
1277 2529 1447 2557 necessarius
1477 2534 1520 2557 est
1545 2531 1677 2564 propheta

890 2573 983 2607 lsrael,
995 2580 1023 2602 et
1037 2575 1082 2610 qui
1104 2575 1220 2608 dormit,
1232 2575 1412 2609 discessitque
1434 2583 1467 2602 ex
1483 2576 1535 2603 hac
1553 2576 1618 2607 vita,
1633 2577 1676 2603 iu-

889 2621 999 2656 digebat
1022 2621 1170 2656 prophetis,
1193 2625 1222 2648 ut
1245 2621 1297 2648 alia
1319 2622 1424 2649 ratione
1444 2622 1493 2657 ipsi
1509 2621 1612 2650 Christi
1628 2623 1678 2649 ad-

957 2692 981 2709 “
995 2693 1061 2720 ibid.
1075 2693 1103 2721 4.
1142 2693 1164 2709 ⁵⁵
1183 2692 1254 2721 Peal.
1269 2701 1296 2726 ι,
1311 2700 1372 2721 xnt.
1409 2694 1538 2721 "Matth.
1554 2701 1594 2726 lx,
1610 2693 1652 2723 l3.

925 2763 980 2799 (l5)
1002 2763 1166 2800 ξΑγγ-ἐλοις·
1188 2761 1233 2797 οἷς
1257 2763 1301 2799 μὴ
1327 2763 1442 2798 χρείαν.
1458 2763 1573 2792 Scribe:
1588 2764 1675 2800 ἀγγέ-

888 2798 947 2838 λοις
955 2807 966 2838 ;_
978 2799 1020 2838 μή
1025 2799 1134 2838 χρείαν,
1149 2803 1202 2826 etc.

997 2833 1056 2872 ᾖς·
1078 2833 1395 2872 προξρητειαςιεοτὶιιοε
1414 2835 1463 2868 τὰς
1478 2836 1656 2872 προφητείας,

924 2869 980 2904 (15)
997 2869 1123 2904 Ἐκεῑαι.
1136 2869 1231 2897 Scribe
1247 2878 1253 2896 :
1266 2868 1335 2904 ἔχει.
