1888 3051
201 104 270 133 Ιθὲῖ

200 173 310 193 ventum
325 166 548 194 vaticinarentur.
560 166 629 192 Ante
644 165 750 192 Domini
764 165 815 193 mei
832 165 895 193 Jesu
907 166 986 193 Chri-
1003 171 1023 197 Α

201 212 236 239 sti
259 212 403 239 adventum
425 212 524 239 nemini
550 212 641 238 datum
666 217 724 239 erat
743 211 787 239 ubi
806 212 906 246 lignun
932 213 992 239 vita:

200 264 261 286 erat
278 258 468 292 prmtergredi,
484 262 508 285 et
532 258 575 284 illa
595 259 746 293 transgredi
771 266 830 293 qua:
855 259 904 286 via:
926 258 991 293 ligni

202 303 264 330 vitae
280 303 463 331 custodienda:
478 303 622 337 praeposita
638 308 728 330 erant.
747 303 814 336 Quis
834 304 903 330 viam
920 303 991 330 illam

203 353 307 376 lentare
328 353 434 383 poterat
451 349 463 375 ἰ
479 349 546 382 Quis
569 349 649 376 alicui
680 354 776 376 auctor
804 356 864 376 esse
888 354 993 384 poterat

201 393 354 421 ﬂammeum
373 395 491 430 gladium
518 395 727 428 pertranseundi
743 395 764 410 "
784 394 991 427 lQnemadmo-

201 439 326 467 dum-nec
340 447 414 467 mare
428 440 538 467 transiri
554 445 660 474 poterat
682 439 741 466 sine
760 447 810 473 ope
827 439 929 484 divina,
947 447 993 466 co-

201 483 346 520 lumnaque
368 485 477 517 divina,
501 486 627 513 columna
656 484 780 515 luminis.
803 483 862 518 quae
883 488 942 510 crat
959 484 993 511 ab

176 524 180 535 ⁴
200 531 260 566 ipso
274 531 328 558 Deo
343 531 388 557 ":
412 532 642 566 quemadmodum
670 530 787 557 neminis
808 534 867 556 crat
894 528 991 556 Jorda-

201 584 264 604 nem
280 577 394 612 pedibus
411 577 536 612 trajicere
559 583 740 614 praeterquam
756 575 859 612 1ἰοειιε(
875 575 930 602 veri
946 574 992 602 Dei

201 623 288 658 ligura
304 627 365 650 erat
385 623 429 650 ille
448 622 540 659 Josnr)
558 632 564 649 :
581 623 621 650 sic
639 631 687 658 per
703 622 855 648 ﬂattlmeum
876 621 992 655 gladium

201 668 312 695 Samuel
329 669 445 696 transire
461 676 513 696 non
536 674 642 703 poterat
657 678 663 695 :
686 676 737 696 non
757 668 894 695 Abraham
910 675 918 699 ;
933 667 993 693 ideo

200 719 228 742 et
243 715 378 742 Abraham
397 715 430 741 ab
444 723 476 741 eo
488 715 533 749 qui
555 715 744 749 torquebatur,
767 713 944 748 conspicitur.
960 712 994 739 Et

199 760 285 796 498
298 769 359 787 cum
380 761 406 788 in
429 761 570 788 tormentis
586 761 663 788 dives
679 765 762 792 esset,
782 759 896 787 elevatis
907 758 994 786 oculis

200 808 338 834 Abraham
360 807 505 841 conspicit,
526 807 589 834 licet
606 814 620 833 a
637 807 718 842 longe
737 807 845 837 videat;
865 805 939 832 videt
953 809 993 830 ta-

202 861 274 885 men,
287 858 314 880 et
325 852 457 879 Lazarum
472 853 497 878 in
513 853 573 879 sinu
586 853 681 887 ipsius.
699 852 899 887 Exspectabam
912 851 994 884 igitur

203 898 308 925 Domini
322 898 373 924 mei
386 897 448 924 Jesu
464 897 565 925 Christi
578 898 773 930 adventum,et
784 897 955 932 patriarchae.
967 901 993 924 et

201 944 350 979 prophetae,
362 949 389 971 et
399 951 505 974 omnes.
516 944 597 970 utsic
613 943 682 970 viam
693 943 811 978 aperiret
821 950 843 969 :r
859 943 915 978 Ego
932 949 992 970 sum

201 991 244 1018 via
264 997 271 1016 :
291 997 341 1024 ego
355 997 413 1017 sum
428 993 504 1023 porta
517 989 551 1015 ".
572 998 582 1015 ι
600 989 648 1016 Via
665 994 706 1016 est
720 989 753 1016 ad
769 989 869 1023 lignum
885 989 994 1019 vit:e.ut

201 1034 224 1061 si
240 1043 288 1069 per
304 1035 391 1069 ignem
414 1034 530 1062 transire
544 1034 591 1061 tibi
609 1034 762 1068 contingat,
777 1033 884 1060 ﬂamma
897 1038 923 1060 te
940 1040 992 1061 non

203 1081 375 1108 comburat:
402 1080 491 1114 qualis
520 1079 590 1114 ignis
621 1079 710 1114 posuit
736 1079 893 1110 cherubim,
915 1077 992 1105 llam-

200 1134 344 1161 rneumque
356 1126 476 1162 gladium
488 1127 532 1161 qui
545 1126 713 1156 volvebatur,
722 1129 751 1151 ut
763 1125 832 1152 viam
845 1124 878 1151 ad
891 1124 991 1158 lignum

201 1175 266 1201 vita!
289 1174 470 1201 custodirent.
496 1173 557 1200 Ideo
579 1172 651 1199 beati
674 1171 729 1198 illic
752 1171 946 1206 permanebant
962 1177 992 1197 se

201 1224 397 1254 praeparantes,
417 1223 444 1246 et
468 1225 529 1245 cum
545 1224 597 1244 non
617 1221 729 1251 possent
745 1224 777 1243 eo
790 1216 932 1248 accedere,
946 1215 992 1242 ubi

199 1271 260 1292 orat
273 1264 374 1298 lignum
396 1265 468 1296 Viue,
488 1265 632 1299 paradisus
650 1264 710 1295 Dei,
728 1267 756 1290 et
770 1262 841 1290 Deus
861 1261 990 1297 agricola,

200 1310 246 1337 ubi
263 1309 347 1343 beati,
371 1314 398 1336 et
414 1310 504 1342 electi,
526 1314 555 1338 et
572 1311 660 1338 sancti
682 1309 739 1336 Dei.
763 1308 868 1335 Nullum
883 1315 949 1342 ergo
964 1307 990 1335 in

201 1354 254 1382 hoc
274 1355 334 1382 loco
355 1354 548 1382 ollendiculum
567 1359 610 1382 est
629 1363 636 1381 :
661 1354 708 1382 sed
723 1354 814 1381 omnia
834 1353 901 1380 mira
923 1361 992 1389 qua-

199 1401 263 1427 dam
284 1401 309 1428 vi
332 1401 432 1435 scripta
450 1407 526 1433 sunt,
547 1400 790 1435 intelligunturque
808 1400 843 1428 ab
860 1399 912 1427 illis
931 1400 991 1434 qui—

200 1446 251 1474 bus
270 1448 339 1474 Deus
354 1447 467 1474 revelat.
478 1446 531 1474 Nos
546 1446 693 1482 porro,qui
711 1446 737 1473 in
752 1446 913 1473 saeculorum
925 1453 989 1473 cou-

200 1493 384 1520 summationc
407 1493 583 1525 advenimus,
611 1491 742 1541 habemus
764 1491 829 1526 quid
858 1491 986 1519 eximium
1001 1510 1024 1541 C

199 1536 269 1564 ultra
284 1542 409 1564 caeteros.
424 1537 494 1570 Quid
507 1537 572 1565 illud
585 1537 650 1565 est?
665 1536 693 1564 Si
706 1545 737 1564 ex
756 1537 806 1565 hac
821 1538 876 1564 vita
893 1544 989 1564 exces-

199 1583 315 1610 seriums
326 1583 386 1610 boni
402 1587 429 1610 et
451 1583 546 1618 probi,
562 1591 614 1611 non
631 1591 683 1610 una
707 1583 848 1610 nobiscum
862 1588 988 1617 peccato-

200 1636 259 1656 rum
275 1629 390 1656 sarcinis
411 1629 562 1662 couductis,
578 1629 806 1664 pertransibimus
834 1628 987 1656 ﬂammeum

198 1674 329 1709 gladium,
341 1682 392 1701 nec
412 1674 438 1701 in
456 1674 544 1702 locum
559 1675 644 1707 illum,
661 1675 687 1702 in
705 1682 759 1710 quo
782 1674 828 1709 qui
850 1678 912 1702 ante
932 1674 988 1708 eius

199 1719 345 1746 adventum
364 1720 535 1754 quieveram,
560 1720 698 1748 Christum
720 1721 925 1755 exspectabant,
941 1720 989 1747 de-

198 1764 349 1792 venienius.
377 1765 607 1792 Pertransibimns
633 1765 707 1792 nullo
733 1765 812 1793 nobis
831 1774 845 1792 a
865 1767 989 1792 llannneo

198 1811 246 1839 illo
258 1811 347 1847 gladio
359 1813 457 1840 damno
467 1812 552 1840 illato.
568 1822 576 1838 |
595 1812 810 1846 Uniuscnjusqne
826 1819 891 1838 vero
906 1811 988 1846 quale

197 1864 267 1892 Opus
290 1858 338 1890 sit,
369 1857 440 1892 ignis
472 1858 529 1893 ipse
555 1858 716 1892 probabit‘.
736 1857 764 1884 Si
787 1857 900 1891 alicujus
919 1864 987 1891 opus

197 1905 372 1931 combustum
400 1904 494 1937 fuerit,
517 1905 646 1932 damnum
669 1905 821 1937 contrahet,
845 1904 903 1938 ipse
920 1911 986 1931 vero

197 1949 349 1977 salvabitur
364 1950 405 1977 sic
425 1950 503 1984 quasi
523 1957 572 1984 per
594 1950 683 1985 ignem
695 1951 716 1976 ¹.
732 1959 741 1976 ι
760 1949 986 1977 Pertransibimus

196 2002 272 2030 ergo.
290 1995 425 2023 llabcmns
443 1996 506 2022 item
534 1997 602 2023 ultra
625 2001 654 2023 et
675 1996 748 2023 aliud
770 1996 898 2022 eximium
911 2004 919 2026 ;
933 2002 986 2022 non

197 2048 353 2076 possumus,
363 2041 386 2068 si
409 2046 482 2068 recte
499 2041 659 2075 vixerimus,
679 2041 748 2068 male
765 2041 913 2068 discedere.
929 2040 986 2068 Hoc

197 2094 252 2113 non
279 2085 406 2113 dicebant
430 2086 545 2120 antiqui,
574 2094 626 2114 non
654 2086 827 2121 patriarcha,
845 2095 898 2114 non
924 2094 986 2122 pro-

196 2132 294 2167 pheue.
308 2131 402 2160 Nonne
416 2133 443 2159 id
457 2140 505 2160 nos
518 2131 595 2160 eﬂari
609 2140 768 2167 possumus:
787 2133 810 2160 si
825 2133 894 2160 bene
908 2133 984 2160 vixe-

197 2179 293 2210 rimus,
302 2178 399 2205 melius
413 2183 440 2206 et
456 2178 642 2211 dissolvemur,
656 2178 813 2213 erimusque
827 2186 889 2206 cum
904 2179 983 2206 Cliri-
999 2182 1021 2210 D

195 2229 240 2252 sto
251 2224 262 2251 ’ί
273 2224 420 2259 Propterea
436 2232 497 2251 eum
517 2224 587 2251 ultra
602 2228 716 2252 ueteres
734 2225 759 2252 id
774 2225 914 2257 habemus,
932 2232 982 2252 nec

195 2271 255 2299 leve
271 2271 307 2299 sit
318 2271 542 2304 emolumentum,
559 2279 621 2299 cum
645 2272 671 2298 in
691 2270 745 2298 ﬁne
762 2271 919 2299 saeculorum
937 2271 984 2298 de-

195 2316 362 2350 venerimus,
382 2317 460 2352 primi
478 2317 621 2345 denarium
645 2317 830 2351 accipiemus:
845 2325 908 2344 nam
921 2317 982 2345 audi

194 2361 351 2397 parabolam
365 2362 391 2390 ':
408 2371 418 2388 ι
435 2361 569 2399 Incipiens
579 2362 661 2391 dabat
671 2362 809 2390 denarium
823 2363 857 2390 ab
870 2362 982 2390 ultimis.

192 2409 230 2436 At
243 2408 322 2443 primi
340 2409 534 2437 existimabant
557 2418 587 2438 se
605 2410 693 2446 maius
713 2410 851 2445 quidpiam
874 2409 983 2436 habitu-

193 2463 248 2483 ros.
264 2465 275 2482 θ
291 2454 332 2483 Tu
343 2463 409 2490 ergo
429 2457 545 2491 primus,
558 2457 605 2492 qui
620 2457 732 2484 ultimus
753 2455 861 2488 venisti,
875 2462 981 2482 merce-

193 2502 252 2529 dem
271 2510 284 2529 a
302 2502 497 2537 patrei‘amilias
517 2503 619 2538 accipis
634 2503 660 2530 in
683 2502 790 2529 Christo
806 2500 868 2528 Jesu
887 2501 976 2528 Domi-

193 2555 228 2575 no
240 2553 344 2583 nostro,
356 2549 398 2576 cui
410 2554 450 2577 est
465 2549 550 2585 gloria
570 2554 599 2577 et
615 2549 760 2584 imperium
772 2547 798 2575 in
819 2547 917 2575 saecula
931 2554 982 2575 sa:-

192 2594 325 2622 culorum.
342 2596 438 2623 Amen.

928 105 971 132 EX
989 103 1139 133 ORIGENE

1771 108 1836 136 1028

1040 165 1210 201 κοιμώμενος
1223 166 1251 192 δὲ
1269 167 1282 192 ό
1295 165 1504 201 ἀπηλλαγμένος
1520 166 1567 193 τοῦ
1586 166 1645 202 βίου
1660 168 1759 204 χρείαν
1780 167 1833 203 ε’χε

1043 211 1096 238 τῶν
1107 211 1264 247 προφητῶν,
1277 212 1320 238 ἴνα
1335 212 1413 238 πάλιν
1428 213 1452 238 ot
1463 212 1600 247 προφῆται
1612 213 1688 248 αὑτῷ
1699 214 1837 249 κηρύξωοι

1043 256 1092 290 τὴν
1108 256 1226 291 Χριστοῦ
1241 256 1397 292 ἐπιδημίαν.
1410 257 1513 289 Ἄλλως
1523 266 1553 284 τε
1565 258 1612 286 καὶ
1624 259 1774 294 προφήτης
1786 259 1837 295 (16)

1042 300 1089 327 τοῦ
1104 301 1204 337 Κυρίου
1227 310 1277 336 μου
1296 302 1381 337 Ἰησοῦ
1403 303 1520 337 Χριστοῦ
1541 303 1691 338 ἐπιδημίας
1710 304 1837 331 ἀδύνατον

1042 341 1076 378 ἦν
1088 352 1150 371 τινα
1164 345 1308 380 παρελθεῖν
1320 346 1387 372 ὅπου
1402 346 1432 372 τὸ
1446 346 1523 378 ξύλον
1536 347 1587 382 τῆς
1599 347 1674 383 ζωῆς
1684 357 1692 363 ·
1709 349 1838 377 ἀδύνατον

1042 386 1076 424 ἦν
1088 389 1231 425 παρελθεῖν
1247 390 1280 417 τὰ
1300 391 1455 426 τεταγμένα
1471 392 1618 426 φυλάσσειν
1641 393 1693 429 τὴν
1710 394 1774 421 ὁδὸν
1795 395 1837 422 τοῦ

1045 435 1121 467 ξύλου
1137 436 1188 471 τῆς
1201 435 1283 470 ζωῆς.
1299 437 1346 469 Τίς
1358 438 1473 472 ἠδύνατο
1486 439 1660 474 ὁδοποιῆσαι;
1678 441 1730 472 Τίς
1744 441 1839 476 ἡδύνα-

1043 488 1074 506 το
1099 481 1147 516 τὴν
1168 480 1297 517 φλογίνην
1321 482 1459 518 ῥομφαίαν
1489 484 1602 519 ποιῆσαι
1619 485 1741 513 διελθεῖν
1765 496 1836 519 τινα;

1045 526 1149 562 Ὥσπερ
1162 526 1299 554 θάλασσαν
1314 528 1364 554 οὐκ
1379 526 1413 564 ἦν
1425 529 1579 565 ὁδοποιῆσαι
1597 531 1613 567 ἢ
1636 532 1686 559 τοῦ
1701 532 1774 559 Θεοῦ
1797 543 1837 560 και

1043 570 1089 596 τοῦ
1105 571 1198 598 στύλου
1211 571 1258 598 τοῦ
1274 572 1397 608 πυρίνου,
1423 574 1469 600 τοῦ
1488 575 1583 602 στύλου
1603 577 1650 603 τοῦ
1676 579 1772 612 φωτὸς
1794 579 1837 605 τοῦ

1044 616 1097 642 ἀπὺ
1112 617 1159 643 τοῦ
1175 617 1257 644 Θεοῦ·
1277 618 1370 654 ὥσπερ
1384 619 1429 646 τὸν
1445 621 1580 657 Ἰορδάνην
1596 623 1646 650 οὐκ
1667 622 1704 659 ἦν
1734 625 1838 657 οὐδενὸς

1043 662 1200 698 ὁδοποιῆσαι
1221 664 1237 700 ἢ
1267 665 1371 700 Ἰησοῦ·
1388 666 1434 692 τοῦ
1460 667 1586 702 ἀληθινοῦ
1610 669 1681 696 Θεοῦ
1705 671 1792 702 τύπος
1807 669 1837 706 ἦν

1044 710 1146 741 ἐκεῖνος
1158 710 1172 735 ὁ
1192 710 1295 746 Ἰησοῦς
1308 720 1315 726 ·
1335 711 1406 738 οὕτω
1423 712 1466 739 διὰ
1486 714 1534 749 τῆς
1549 714 1680 751 φλογίνης
1699 717 1837 752 ῥομφαίας

1044 755 1170 791 Σαμουὴλ
1189 756 1240 782 οὐκ
1261 757 1376 792 ἠδύνατο
1395 758 1523 786 διελθεῖν·
1550 761 1600 787 οὐκ
1624 762 1772 798 Ἀϐραάμ·
1796 763 1838 791 διὰ

1044 801 1122 827 τοῦτο
1139 803 1185 828 καὶ
1208 803 1333 838 Ἀϐραὰμ
1357 803 1483 838 βλέπεται
1506 806 1558 833 ὑπὸ
1577 806 1625 833 τοῦ
1640 807 1836 845 κολαζομένου.

1009 840 1030 867 Β
1045 846 1099 873 Καὶ
1112 847 1241 883 ὑπάρχων
1263 849 1292 875 ὲν
1317 849 1444 884 βασάνοις
1461 853 1474 877 ό
1493 852 1620 885 πλούσιος
1644 840 1757 889 ἐπάρας
1777 856 1838 886 105;

1044 893 1198 928 ὀφθαλμοὺς
1214 895 1264 930 ὁρᾷ
1283 896 1418 931 Ἀϐραὰμ,
1435 899 1460 924 εί
1480 898 1526 925 καὶ
1547 899 1601 925 ἀπὸ
1617 900 1760 935 μακρόθεν
1771 901 1836 936 δρᾷ·

1043 937 1101 964 ἀλλ’
1112 939 1174 974 όρᾷ,
1186 939 1289 967 καὶτὸν
1305 941 1429 977 Λάζαρον
1442 944 1470 969 ὲν
1485 945 1540 975 τοῖς
1553 944 1664 976 κόλποις
1680 946 1778 973 αὑτοῦ.
1788 947 1839 973 Πε-

1044 982 1167 1018 ριέμενον
1179 983 1225 1012 οὖν
1240 986 1288 1021 τὴν
1301 987 1347 1013 τοῦ
1361 988 1463 1024 Κυρίου
1481 998 1530 1024 μου
1550 990 1636 1026 Ἰησοῦ
1648 992 1772 1028 Χριστοῦ
1785 993 1839 1019 ὲπμ

1041 1029 1141 1064 δημίαν
1156 1031 1203 1057 καὶ
1222 1032 1400 1068 πατριάρχαι.
1426 1035 1473 1061 καὶ
1494 1037 1642 1072 προφῆται,
1656 1038 1705 1064 καὶ
1725 1039 1838 1070 πάντες,

1042 1075 1074 1101 ἵν’
1085 1074 1172 1107 οὕτως
1187 1076 1235 1112 τὴν
1256 1077 1315 1104 ὁδὸν
1332 1078 1424 1115 ἀνοίξῃ
1438 1088 1445 1095 “
1465 1089 1474 1106 ι
1497 1081 1566 1115 Ἐγώ
1580 1083 1637 1117 είμι
1661 1084 1678 1118 ή
1694 1084 1768 1116 ὁδὸς,
1784 1084 1839 1119 ἐγώ

1041 1121 1099 1156 εἰμι
1115 1122 1132 1157 ή
1150 1121 1230 1157 θύρα.
1249 1132 1258 1149 ι
1280 1123 1353 1156 ὐδός
1367 1125 1440 1152 ἔστιν
1464 1127 1509 1153 ἐπὶ
1532 1127 1562 1153 τὸ
1581 1127 1658 1160 ξύλον
1679 1130 1733 1165 τῆς
1753 1128 1838 1164 ζωῆς,

1042 1166 1084 1192 ἵνα
1099 1166 1221 1203 γένηται,
1244 1169 1292 1196 ὲάν
1313 1170 1419 1206 διέλθῃς
1438 1171 1480 1199 διά
1501 1174 1596 1209 πυρὸς,
1611 1174 1677 1208 φλὸξ
1698 1176 1731 1202 οὐ
1753 1185 1840 1204 κατι

1041 1211 1136 1239 καύσει
1170 1222 1215 1240 σε·
1245 1215 1321 1242 ποίου
1343 1217 1428 1252 πυρὸς
1448 1218 1526 1252 ἔταξε
1551 1219 1586 1246 τὰ
1610 1221 1761 1257 χερουϐὶμ,
1790 1224 1838 1249 καὶ

1040 1256 1089 1292 τὴν
1105 1257 1233 1294 φλογίνην
1257 1261 1396 1295 ῥομφαίαν
1409 1262 1459 1297 τὴν
1481 1265 1669 1301 στρεφομένην
1685 1256 1839 1301 φυλάσσειν

1039 1303 1089 1349 τὴν
1102 1303 1161 1330 ὁδὸν
1175 1305 1221 1332 τοῦ
1234 1305 1312 1338 ξύλου
1327 1307 1376 1342 τῆς
1401 1307 1487 1344 ζωῆς·
1506 1310 1576 1337 ὥστε
1591 1311 1637 1339 διὰ
1653 1312 1737 1340 τοῦτο
1758 1322 1839 1349 παρι-

1039 1347 1135 1397 έμενον
1147 1350 1172 1376 ot
1184 1352 1313 1388 μακάριοι
1327 1354 1386 1381 ἐκεῖ
1400 1355 1554 1392 οἰκονομίαν
1567 1357 1720 1392 ποιοῦντες,
1736 1360 1789 1386 καὶ

1038 1394 1181 1431 δυνάμενοι
1193 1397 1260 1424 ὅπου
1280 1399 1311 1425 τὸ
1325 1399 1402 1433 ξύλον
1413 1401 1464 1437 τῆς
1477 1401 1562 1438 ζωῆς,
1583 1404 1650 1431 ὅπου
1669 1405 1684 1430 ό
1700 1394 1838 1442 παράδειλ

1041 1449 1085 1473 σος
1096 1443 1110 1468 ό
1123 1442 1168 1469 τοῦ
1182 1442 1261 1476 Θεοῦ,
1278 1445 1346 1472 ὅπου
1357 1447 1371 1473 ό
1391 1447 1457 1480 Θεὸς
1471 1449 1604 1485 γεωργὸς,
1619 1451 1687 1477 ὅπου
1703 1453 1728 1478 οε
1743 1453 1838 1488 paxi-

1041 1494 1092 1530 ριοι
1119 1487 1165 1514 καὶ
1187 1489 1319 1523 ἐκλεκτοὶ,
1343 1492 1390 1519 καὶ
1410 1493 1482 1528 ἅγιοι
1493 1494 1572 1527 Θεοῦ,
1586 1496 1724 1530 γενέσθαι.
1746 1487 1837 1526 γοὺδὲν

1038 1528 1086 1558 οὖν
1100 1533 1269 1569 πρόσκομμα
1285 1535 1356 1563 κατά
1379 1537 1424 1563 τὸν
1444 1538 1526 1566 τόπον
1546 1528 1635 1567 ἐστίν·
1653 1541 1723 1569 ἀλλὰ
1743 1543 1838 1570 πάντα

1039 1576 1199 1612 θαυμασίως
1218 1579 1383 1614 γέγραπται.
1407 1583 1452 1610 καὶ
1474 1584 1597 1620 νενόηται
1616 1584 1657 1617 οἷς
1680 1586 1714 1613 ἂν
1733 1588 1751 1614 ὀ
1768 1587 1838 1620 Θεὸς

1038 1621 1210 1667 ἀποκαλύψῃ.
1223 1625 1356 1662 Περισσὸν
1367 1627 1395 1654 δέ
1413 1637 1439 1655 τι
1453 1629 1552 1665 ἔχομεν
1566 1631 1645 1667 ἡμεῖς
1660 1632 1685 1658 οἰ
1700 1633 1749 1659 ἐπὶ
1773 1642 1838 1661 σνν-

1038 1666 1127 1702 τελείᾳ
1144 1668 1197 1695 τῶν
1214 1669 1320 1697 αἰώνων
1341 1671 1510 1708 ἐληλυθότες.
1535 1675 1568 1701 Τί
1589 1677 1736 1712 περισσόν;
1771 1679 1837 1705 Ἐὰν

1038 1711 1239 1749 ἀπαλλαγῶμεν
1253 1716 1392 1752 γενόμενοι
1405 1719 1481 1746 καλοὶ
1493 1721 1540 1747 καὶ
1553 1721 1660 1756 ἀγαθοὶ,
1679 1723 1716 1758 μὴ
1729 1724 1838 1758 ἑπαγό-

1040 1765 1114 1792 μενοι
1131 1758 1165 1786 τά
1175 1760 1226 1794 τῆς
1240 1760 1376 1797 ἁμαρτίας
1389 1764 1497 1800 φορτία,
1512 1766 1704 1802 διελευσόμεθα
1720 1770 1773 1796 καὶ
1786 1770 1838 1796 αὐ-

1037 1803 1079 1851 τοὶ
1097 1804 1146 1851 τῂν
1170 1805 1298 1851 φλογίνην
1321 1810 1469 1844 ῥομφαίαν,
1485 1812 1532 1839 καὶ
1553 1813 1583 1839 οὗ
1608 1814 1836 1851 κατελευσόμεθα

1037 1849 1078 1895 εἰς
1095 1849 1144 1885 τὴν
1159 1850 1250 1886 χώραν
1270 1852 1337 1879 ὅπου
1360 1855 1520 1890 περιέμενον
1537 1856 1582 1883 τὸν
1596 1857 1713 1892 Χριστὸν
1733 1849 1836 1895 οι-πρδ

1036 1893 1086 1930 τῆς
1105 1897 1256 1931 παρουσίας
1273 1898 1356 1925 αὐτοῦ
1381 1900 1561 1937 κοιμώμενον
1583 1902 1781 1939 διελευσόμεθα
1803 1893 1834 1932 δὲ

1038 1939 1121 1975 μηδὲν
1150 1941 1329 1978 βλαπτόμενοι
1358 1945 1410 1972 ὑπὸ
1442 1947 1491 1982 τῆς
1517 1948 1645 1984 φλογίνης
1676 1951 1831 1986 ῥομφαίας.

1039 1995 1049 2012 t
1073 1987 1205 2014 Ἐκάστου
1221 1989 1249 2015 δὲ
1265 1990 1295 2016 τὸ
1307 1990 1387 2026 ἔργον
1402 1992 1493 2019 ὁποῖόν
1509 1994 1578 2027 ἐστι,
1590 1995 1621 2022 τὸ
1635 1995 1692 2031 πῦρ
1705 1997 1775 2024 αὐτὸ
1788 1998 1834 2025 δο-

1037 2032 1159 2068 κιμάσει.
1174 2034 1208 2060 Εἴ
1220 2044 1292 2068 τινος
1307 2037 1337 2063 τὸ
1354 2037 1433 2073 ἔργον
1449 2041 1663 2075 κατακαήσεται,
1685 2041 1832 2078 ζημιιώή-

1037 2087 1122 2113 σεται,
1134 2081 1214 2114 αὐτὸς
1227 2082 1255 2109 δὲ
1272 2083 1422 2119 σωθήσεται
1433 2085 1519 2118 οὕτως
1533 2086 1571 2119 ὡς
1588 2087 1633 2114 διὰ
1647 2089 1748 2124 πυρός.
1765 2099 1775 2115 ι
1789 2091 1831 2116 Δι-

1035 2125 1200 2162 ελευσόμεθα
1214 2126 1271 2155 οὖν.
1285 2130 1340 2156 Καὶ
1353 2131 1434 2158 πλέον
1450 2131 1546 2168 ἔχομέν
1559 2141 1596 2164 τι,
1612 2134 1657 2160 καὶ
1670 2135 1734 2170 οὐχὶ
1750 2136 1829 2163 δυνά-

1037 2171 1106 2207 μεθα
1121 2172 1211 2205 καλῶς
1228 2173 1373 2209 βιώσαντες
1392 2177 1485 2209 κακῶς
1508 2178 1673 2212 ἀπαλλάξαι.
1695 2180 1757 2208 Οὐκ
1771 2181 1829 2209 ἐλε-

1033 2231 1081 2257 γον
1093 2224 1118 2250 οἱ
1137 2224 1254 2260 ἀρχαῖοι,
1267 2226 1326 2253 οὐδὲ
1346 2228 1370 2253 οἱ
1388 2228 1566 2264 πατριάρχαι,
1587 2230 1648 2256 οῦδὲ
1668 2232 1694 2257 οἱ
1722 2233 1829 2268 προφῆ-

1034 2280 1089 2301 ται.
1105 2274 1142 2300 Οὐ
1155 2274 1293 2311 δυνάμεθα
1306 2277 1386 2312 ἡμεῖς
1401 2279 1497 2310 εἰπεῖν,
1510 2279 1557 2305 ἐὰν
1568 2279 1658 2311 καλῶς
1671 2279 1827 2318 βιώσωμεν,

1035 2319 1142 2346 κάλλιον
1158 2322 1205 2348 καὶ
1216 2322 1358 2355 ἀναλῦσαι,
1373 2324 1420 2350 καὶ
1440 2325 1488 2351 σὺν
1500 2325 1609 2361 Χριστῷ
1622 2324 1709 2360 sive“;
1727 2329 1829 2365 Διόπερ

1034 2365 1121 2398 οὕτως
1137 2366 1244 2402 ἔχοντές
1261 2377 1288 2395 τι
1312 2369 1391 2396 πλέον
1406 2371 1452 2397 καὶ
1467 2371 1534 2397 πολὺ
1556 2372 1652 2407 κέρδος
1673 2373 1704 2400 ὲν
1722 2375 1764 2410 τῷ
1783 2376 1829 2402 ἐπὶ

1036 2413 1175 2450 συντελείᾳ.
1190 2415 1243 2442 τῶν
1260 2416 1365 2444 αἰώνων
1382 2417 1550 2453 ἐληλυθέναι,
1572 2419 1677 2454 πρῶτοι
1699 2421 1732 2447 τδ
1752 2422 1828 2458 δηνάη

1035 2468 1092 2495 ριον
1115 2460 1302 2497 λαμϐάνομεν·
1330 2463 1411 2490 ἄκουε
1432 2463 1486 2500 γὰρ
1505 2464 1554 2499 τῆς
1576 2465 1751 2502 παραϐολῆς,
1776 2469 1826 2501 δτι,

1038 2515 1047 2532 ι
1068 2506 1232 2543 Ἀρξάμενος
1243 2509 1329 2536 ὲδίδου
1349 2510 1379 2537 τὺ
1402 2511 1528 2547 δηνάριον
1546 2512 1600 2539 ἀπὺ
1619 2514 1675 2540 τῶν
1692 2514 1824 2550 ἐσχάτων.

1034 2552 1065 2578 Οί
1079 2552 1107 2578 δὲ
1128 2553 1232 2588 πρῶτοι
1249 2553 1342 2590 ᾡοντο,
1361 2557 1402 2583 ὅτι
1418 2558 1508 2584 πλεῖον
1530 2558 1672 2594 λήψονται.
1690 2570 1700 2586 ι
1721 2561 1758 2588 Σὺ
1782 2560 1826 2589 οὖν

1033 2596 1150 2632 πρῶτος,
1160 2599 1174 2625 ὁ
1182 2597 1294 2635 ἔσχατος
1309 2601 1404 2634 ἐλθὼν,
1415 2602 1448 2629 λα
1452 2603 1564 2638 μϐάνεις
1575 2605 1638 2637 τοὺς
1648 2605 1767 2640 μισθοὺς
1774 2606 1824 2634 ἀπὸ

190 2640 237 2667 τοῦ
247 2641 434 2669 οἰκοδεσπότου
442 2643 472 2670 ἐν
483 2641 593 2678 Χριστῷ
601 2641 686 2678 Ἰησοῦ
698 2641 737 2677 τῷ
751 2641 845 2678 Κυρίῳ
860 2643 876 2678 ἠ
880 2643 948 2678 μῶν,
960 2639 982 2677 ᾧ
991 2643 1076 2680 ηδόξα
1092 2645 1176 2673 καὶτὸ
1184 2648 1284 2682 κράτος
1291 2650 1331 2682 εἱς
1341 2651 1403 2682 τοὺς
1413 2650 1514 2684 αίῶνας
1522 2652 1576 2679 τῶν
1589 2639 1708 2681 αἰώνων.
1730 2654 1821 2691 Ἀμήν.

226 2719 248 2737 "
263 2721 331 2748 Gen.
342 2728 384 2753 tu.
395 2722 440 2750 ει.
478 2723 501 2738 ’⁸
512 2723 598 2750 Exod.
608 2724 718 2758 ωλι.
757 2723 780 2740 ”
790 2721 868 2752 Joan.
885 2730 941 2756 xw,
951 2722 967 2750 6

1083 2733 1111 2758 ι,
1125 2727 1152 2757 9.
1192 2728 1289 2758 'lCor.
1302 2738 1342 2764 Ill,
1353 2731 1396 2760 l5.
1434 2734 1444 2749 ²
1456 2732 1511 2761 bid.
1525 2732 1568 2761 l5.
1606 2733 1725 2763 'Matth.
1736 2743 1783 2766 ιι,
1798 2736 1819 2763 8.

229 2766 285 2802 (l6)
303 2769 469 2803 Προφήτης.
486 2770 679 2806 Srribcndum,
693 2772 746 2808 πρὸ
762 2772 821 2807 τῆς.
