1888 3051
61 134 130 164 1053

725 139 880 170 SELECTA
896 141 931 170 IN
946 141 1017 172 JOB.

1609 151 1677 180 1031

61 194 178 230 τιεριέχει
191 194 208 230 ἢ
217 194 268 230 τὴν
282 195 406 231 ἀῶρείαν
416 196 500 224 αὑτοῦ
511 198 556 241 καὶ
565 199 613 234 τὴν
623 198 772 237 ὑπομονήν·
783 202 820 229 ἀλῖ

895 207 984 230 tarum
1008 204 1225 238 strenuissimus,
1250 211 1278 234 et
1301 206 1378 241 cujus
1402 206 1469 235 liber
1493 208 1676 238 fortitudinem

57 240 131 274 ὅμως
142 238 299 266 αἰσθάνεται
315 241 368 268 τῶν
380 242 510 276 καμάτων
522 239 559 270 ὧν
571 245 706 281 κεκμήκει
725 247 778 273 ἀπὸ
793 247 839 274 τοῦ

58 286 133 320 λόγου
149 285 196 313 τοῦ
212 286 330 322 σκληροῦ
341 287 395 314 τῶν
409 287 575 323 ἐληλυθότων
586 290 666 317 αὐτὸν
692 292 840 328 ἐπισκοπῆς

57 340 112 359 σαι.
128 332 181 358 Καὶ
205 332 299 368 ἐπειδὴ
330 333 347 366 ὴ
371 333 417 359 τοῦ
444 333 522 368 λόγου
543 334 672 371 βαρύτης,
696 336 790 372 ὥσπερ
813 346 838 364 τι

57 378 162 413 φορτίον
176 378 362 413 ἐπιτιθέμενον
377 380 410 414 τῇ
421 379 505 415 ψυχῇ,
518 381 632 416 κάμνειν
647 382 731 418 αὐτὴν
751 392 839 419 παρα-

57 424 191 456 σκευάζει,
204 425 248 451 διά
266 425 344 452 τοῦτό
360 435 452 462 φησιν·
473 427 543 454 ‘AVO‘
556 428 627 460 ὅτου,
640 425 662 454 ὦ
677 429 763 462 φίλοι,
777 431 838 462 ταῖς

54 468 99 495 τοῦ
113 469 238 505 σώματος
252 470 378 506 ἀλγηδόσι
391 472 549 507 προστίθετε
559 474 605 499 τδν
618 473 668 508 τῆς
684 473 772 510 ψυχῆς
787 475 837 501 πό-

55 523 106 546 νον,
120 515 220 550 μᾶλλον
233 516 390 549 κεντοῦντες
400 519 456 549 τοῖς
472 519 591 554 ῥήμασιν
606 519 622 554 ἢ
649 519 683 545 τὰ
710 520 781 556 πάθη
806 521 836 547 τὸ

54 559 131 594 σῶμα
143 568 150 593 ς

86 651 284 680 Καταλαὶεῖτέ
298 662 367 687 μου.
393 654 526 686 Πολλάκις
549 655 692 682 καταλαλεῖ
718 665 761 688 τις
785 665 834 684 κα-

51 696 104 728 κῶς
112 698 204 724 ποιῶν·
220 699 284 725 ὅταν
297 699 326 726 δὲ
343 699 541 736 ἀπερυθριάσῃ.
550 703 590 732 είς
600 702 745 737 πρόσωπον
759 702 832 737 λέγει

51 743 153 771 ἐκείνου
166 763 173 775 ,
204 744 254 771 οὐκ
279 745 407 781 ἐλέγχων,
430 747 494 773 οὐδὲ
519 747 621 783 τάληθῆ
647 748 743 783 λέγων,
773 749 831 777 ἀλλ’

47 788 183 821 ὀνειδίζων
199 789 247 816 καὶ
259 789 387 826 ὑϐρίζων.

892 247 951 282 ejus
967 255 998 275 ac
1011 250 1173 283 patientiam
1188 251 1325 286 praecipue
1341 254 1545 288 complectitur,
1569 255 1677 284 labores

893 293 1069 321 nihilominus
1084 299 1110 321 et
1129 296 1267 324 molestias
1284 300 1426 333 persentit,
1442 307 1510 334 quas
1521 308 1553 328 ex
1566 301 1676 330 duriore

889 345 1016 366 sermone
1041 346 1134 366 eorum
1146 342 1196 376 qui
1210 342 1346 371 inviseudi
1366 353 1446 373 causa
1466 346 1499 373 ad
1527 346 1613 381 ipsum
1627 356 1676 375 ac»

889 388 1042 416 cesserunt,
1063 385 1184 419 pertulit.
1204 386 1238 414 Et
1254 388 1381 422 quoniam
1403 391 1539 418 sermonis
1558 394 1674 427 pondus,

890 433 1019 463 tanquam
1044 431 1119 464 gravi
1143 440 1230 460 onere
1260 433 1401 469 imposito,
1424 437 1544 464 animam
1567 438 1674 473 fatigat,

888 472 991 501 idcirco
1004 475 1068 502 dicit
1083 485 1089 502 :
1103 475 1298 511 Quamobrem.
1312 487 1329 507 ο
1344 481 1437 514 amici,
1454 482 1546 510 acrius
1557 491 1600 510 me
1611 472 1675 512 ver-

890 517 932 545 bis
944 520 1042 548 vostris
1067 527 1216 557 pungeutes
1230 531 1310 558 quatn
1333 526 1441 554 dolores
1457 535 1555 563 corpus
1575 529 1674 556 stium-

886 563 953 598 lant,
974 565 1057 594 auimi
1083 574 1215 603 angorem
1235 571 1361 605 corporis
1380 572 1519 602 doloribus
1541 576 1674 610 superad~

885 609 949 637 ditis
963 611 975 638 ἲ

922 654 1002 683 Vens.
1018 657 1045 684 5.
1067 657 1216 694 Loquimini
1239 666 1331 690 contra
1345 670 1397 690 me.
1418 662 1611 698 Saepenumero
1624 666 1669 701 qui

885 701 956 728 mala
980 708 1115 737 perpeth
1129 726 1136 738 ,
1163 705 1241 733 alteri
1264 707 1396 741 detrahit;
1421 714 1448 736 et
1467 717 1528 736 cum
1550 710 1668 738 frontem

881 747 966 774 semei
989 750 1171 784 periricuerit,
1193 759 1245 778 non
1263 753 1412 787 arguendo,
1433 761 1522 788 neque
1544 762 1607 782 vera
1626 756 1668 782 di-

879 792 977 824 cende.
999 794 1047 821 sed
1067 795 1246 824 conviciando
1266 802 1294 824 et
1315 798 1508 827 calumniando
1528 800 1556 826 in
1575 807 1609 827 os
1621 800 1665 828 lo-

879 837 983 871 quitur.

81 880 273 915 Κεκράεομαι,
287 881 335 907 καὶ
346 881 477 917 οὐδαμοῦ
493 883 590 918 sapam.
603 884 658 912 Νῦν
669 885 716 913 ἐὰν
726 885 819 922 κράξω

917 882 999 910 Vens.
1023 884 1050 910 7.
1072 884 1201 913 Clamabo
1218 892 1243 914 et
1262 895 1392 923 umquam
1415 889 1564 923 judicium.
1589 890 1667 919 Nunc

48 925 165 961 οὐδαμοῦ
183 926 214 952 τὸ
243 927 330 962 κρῖμά
358 936 408 962 μου
433 928 553 964 ἔρχεται
579 930 621 957 ἔτι
642 931 725 958 ἀθλῶ.
757 932 829 959 Ὠσεὶ

51 970 147 1003 ἔλεγεν·
166 971 214 1002 Ὦς
232 980 275 1003 τις
299 972 421 1008 Γἀθλητὴς
439 974 470 1000 ἐν
490 974 589 1010 σταδίῳ
614 976 737 1012 κέκραγα
750 996 758 1009 ,
781 978 828 1004 καὶ

46 1016 163 1051 οὐδαμοῦ
176 1017 206 1043 τὸ
223 1017 310 1052 κρῑμά
325 1026 375 1052 μου
390 1018 576 1046 ἐπανίσταται-
587 1020 627 1047 ἔτι
641 1021 694 1057 γὰρ
709 1022 824 1050 παλαίω.

52 1062 112 1089 Ἐὰν
128 1063 165 1098 μὴ
179 1063 279 1090 τελέσω
292 1064 323 1090 τὸ
338 1065 490 1100 πάλαισμα,
502 1067 551 1093 οὐκ
566 1067 674 1103 ἔρχεται
687 1069 718 1096 τὸ
739 1071 826 1106 κρῖμα

44 1107 91 1133 τοῦ
104 1108 247 1142 στεφάνου.
263 1109 316 1136 Καὶ
326 1110 412 1137 ταῦτά
426 1120 525 1147 φαμεν,
545 1113 588 1139 ἵνα
602 1113 639 1149 μὴ
665 1115 825 1151 κατηγορῶ-

47 1162 94 1188 μεν
107 1154 154 1181 τοῦ
166 1155 245 1186 Θεοῦ,
257 1156 298 1182 ὅτι
312 1157 429 1183 τοσαῦτα
443 1158 541 1193 πάσχει
562 1159 576 1184 ὸ
597 1159 658 1187 ’1ὼὸ
670 1180 678 1192 ,
702 1161 748 1187 καὶ
776 1162 824 1188 οὐ-

44 1198 126 1233 δαμοῦ
140 1199 172 1225 τὸ
188 1202 284 1235 κρῖμα,
300 1201 437 1228 τουτέστιν
454 1203 470 1237 ἡ
497 1203 633 1238 ἀπόφασις
649 1204 699 1240 τῆς
717 1205 824 1233 ἐλευθε-

45 1244 114 1278 ρίας,
129 1245 177 1272 καὶ
186 1245 235 1281 τῆς
249 1246 302 1273 τῶν
315 1246 409 1273 δεινῶν
421 1248 590 1284 ἀπαλλαγῆς.

366 1329 444 1356 ΚΕΦ.
461 1330 503 1357 K'.

81 1371 147 1398 ἐὰν
156 1371 254 1406 ἀναϐῇ
269 1375 313 1405 εις
327 1373 457 1407 οὐρανὸν
466 1372 560 1403 αὒτοῦ
578 1375 614 1403 τὰ
632 1376 721 1411 δῶρα.
736 1378 792 1405 Καὶ
807 1380 821 1406 ὸ

41 1417 173 1453 αἱρετικδς
182 1419 247 1446 ὃταν
262 1419 384 1456 εὔξηται,
400 1421 465 1450 ὅταν
481 1424 498 1458 ἡ
516 1423 595 1450 θυσία
620 1424 703 1452 αὐτοῦ
732 1425 819 1462 ἀναϐῇ

41 1464 71 1497 τῇ
87 1463 233 1500 ὑψηγορίᾳ,
255 1465 320 1492 ὅταν
344 1466 410 1502 δοκῇ
444 1469 667 1505 κατεστηρίχθαι,
692 1470 752 1497 τότε
779 1472 820 1504 εἰς

39 1506 111 1541 τέλος
125 1510 275 1537 ἀπολεῖται·
292 1512 308 1547 ἡ
323 1511 377 1548 γὰρ
394 1513 460 1549 εὐχὴ
486 1514 567 1541 αὑτοῦ
593 1515 729 1549 λογίζεται
745 1516 819 1552 αὐτῷ

882 926 946 954 licet
965 928 1129 963 clamavero,
1154 939 1286 966 nusquam
1312 937 1401 960 tamen
1421 933 1554 967 judicium
1575 943 1663 963 meum

882 972 965 1004 venit.
980 973 1068 1002 adhuc
1078 980 1173 1010 certo;
1185 984 1217 1003 ac
1232 977 1254 1003 si
1267 978 1398 1006 dixisset:
1410 979 1551 1014 Tanquam
1562 981 1665 1009 athleta

881 1017 908 1045 in
928 1019 1019 1046 stadio
1032 1020 1161 1053 clamavi,
1175 1022 1308 1057 judicium
1332 1029 1420 1052 tamen
1447 1033 1537 1053 meum
1561 1034 1664 1061 nequa-

880 1071 964 1098 quam
988 1065 1083 1098 instat,
1098 1067 1187 1095 adhuc
1208 1069 1279 1096 enim
1299 1069 1395 1098 luctor.
1422 1071 1453 1099 Si
1471 1077 1561 1099 autem
1584 1073 1664 1101 lucta:

879 1109 964 1138 ﬁnem
975 1118 1029 1139 non
1039 1112 1204 1148 imposuero,
1216 1122 1317 1143 corona
1331 1116 1396 1144 mihi
1409 1125 1465 1145 non
1482 1118 1660 1152 adjndlcatur.

878 1154 941 1183 Haec
968 1164 1035 1185 vero
1061 1158 1186 1192 dicimus,
1214 1168 1248 1188 ne
1273 1161 1356 1189 Deum
1384 1169 1560 1197 accusemus,
1588 1166 1661 1200 quod

876 1199 960 1229 Jobus
985 1207 1038 1230 tam
1057 1205 1150 1238 gravia
1177 1211 1323 1240 pateretur,
1352 1212 1381 1235 et
1407 1215 1541 1243 nusquam
1566 1199 1658 1238 tamen

874 1245 1007 1282 judicium
1021 1254 1105 1281 esset.
1126 1250 1155 1278 id
1177 1257 1219 1279 est
1237 1252 1372 1281 libertatis
1391 1259 1419 1281 et
1441 1254 1610 1293 liperationis
1626 1257 1660 1284 ab

875 1293 1005 1321 aerumnis
1018 1296 1166 1323 sententia.

1183 1341 1258 1370 CAP.
1279 1343 1338 1370 XX.

909 1381 991 1411 Vens.
1009 1384 1036 1412 6.
1058 1385 1089 1414 Si
1105 1388 1277 1416 ascenderit”
1294 1389 1322 1416 in
1335 1389 1428 1416 mlum
1443 1390 1513 1418 dona
1535 1392 1603 1427 ejus.
1624 1392 1657 1421 Et

874 1427 1016 1457 haereticus
1032 1438 1093 1458 cunt
1106 1439 1200 1466 preces
1213 1435 1246 1460 ad
1264 1434 1347 1461 Deum
1362 1435 1472 1468 fuderit,
1490 1444 1551 1464 cum
1570 1438 1656 1465 sacri-

873 1473 962 1501 llcium
985 1475 1043 1511 ejus
1064 1484 1126 1504 cum
1149 1477 1220 1505 fastu
1245 1483 1275 1506 et
1302 1480 1552 1515 superbiloqttcntia
1575 1483 1657 1510 altius

873 1520 1037 1554 ascenderit,
1052 1529 1118 1550 cum
1139 1531 1182 1550 res
1203 1531 1259 1551 sum
1274 1525 1362 1553 stabili
1377 1526 1403 1553 in
1419 1526 1482 1554 ioco
1499 1533 1559 1554 esse
1579 1529 1655 1556 vide-

40 1554 77 1585 είς
89 1555 238 1592 ἁμαρτίαν.
255 1558 286 1584 οι
314 1557 343 1584 δὲ
370 1558 469 1590 ειδότες
495 1559 579 1588 αὑτοῦ
607 1560 643 1588 τὰ
673 1562 819 1598 σφάλματα

878 1570 980 1598 )untur,
1003 1570 1068 1594 tunc
1093 1566 1214 1595 funditus
1233 1569 1445 1604 interibit;ejus
1461 1571 1533 1598 enim
1555 1580 1653 1605 preces

37 1600 254 1631 ἐκκλησιαστικοὶ
274 1602 398 1639 ἐροῦμεν·
416 1604 473 1631 Ποῦ
486 1606 554 1633 εἰσιν
573 1608 597 1633 οἱ
619 1607 735 1635 τοιοῦτοι
777 1609 822 1636 ἐν-

32 1646 500 1682 υπνιαζόμενοικαὶάναπλάττοντες
523 1652 630 1684 ἑαυτοῖς
652 1652 816 1688 σφάλματας

37 1691 72 1716 Οὐ
89 1693 121 1726 τῇ
136 1691 251 1729 ἀληθείᾳ
272 1693 322 1729 τὴν
361 1694 480 1723 διάνοιαν
505 1696 673 1732 ἐπερείδουσι
703 1698 818 1733 σφαλλό-

37 1742 120 1769 μενοι·
140 1736 189 1762 καὶ
205 1737 324 1770 γίνονται
338 1736 434 1774 ὥσπερ
458 1739 582 1767 ἐνύπνιον
608 1742 785 1775 ὲκπετασθὲν,
802 1743 817 1770 ὃ

35 1780 63 1806 οὗ
79 1781 114 1817 μὴ
132 1782 243 1818 εὑρεθῇ.
262 1782 385 1810 Τοιοῦτόν
400 1793 426 1810 τι
439 1785 485 1812 καὶ
498 1785 692 1821 Δαυῒδψάλλει·
712 1797 721 1814 t
741 1789 772 1815 Οἱ
787 1789 817 1816 δὲ

34 1825 121 1862 ἐχθροὶ
139 1827 188 1855 τοῦ
215 1829 318 1864 Κυρίου
342 1830 474 1862 ἐξέλιπον.
498 1831 572 1867 Ἅμα
598 1833 628 1860 τὸ
654 1833 816 1869 δοξασθῆναι

33 1872 126 1905 αὐτοὺς
142 1874 192 1901 καὶ
204 1874 341 1910 ὑψωθῆναι
356 1876 527 1909 ἐκλείποντες
542 1877 607 1905 ὡσεὶ
630 1879 732 1912 καπνὸς
757 1880 816 1914 ιιξέ-

32 1915 116 1946 λιπονο
135 1929 145 1946 ι
169 1920 219 1949 καὶ
249 1920 342 1948 πάλινο
366 1930 375 1949 t
398 1921 469 1949 Ὠσεὶ
494 1924 620 1951 ἐνύπνιον
641 1924 814 1962 ἑξεγειρομέ-

31 1970 90 1991 νων.
110 1974 121 1993 ι

61 2101 195 2136 Πλοῦτος
217 2103 328 2138 ἀδίκως
355 2107 562 2142 συναγόμενος
587 2108 809 2144 ἐξεμθιίῑνεται.

27 2143 89 2174 υἶδα
97 2148 143 2174 καλ⁸
157 2148 236 2175 ἄλλον
251 2149 364 2178 πλοῦτον
380 2151 480 2184 ἀδίκως
496 2143 679 2190 συναγόμενον
689 2174 696 2186 ,
707 2143 710 2144 ν
721 2155 766 2181 τὸν
780 2155 810 2181 ἐν

26 2191 78 2222 τοῖς
93 2192 182 2226 λόγοις
194 2194 249 2220 τῶν
278 2195 432 2231 αἱρετιχῶν,
444 2197 468 2223 οἳ
491 2197 581 2233 ἔχουσι
603 2198 749 2234 μαθήματα
766 2200 810 2226 tv-

24 2237 99 2263 αντία
112 2239 169 2270 τοῖς
179 2239 295 2274 δόγμασι
311 2241 360 2277 τῆς
376 2241 516 2277 ἀληθείας,
532 2244 684 2279 ὲγγάστρια
704 2243 805 2270 αὐτῶν·

24 2281 40 2308 ἃ
54 2283 102 2310 οὐκ
114 2283 171 2311 ἐστι
189 2285 300 2319 γλυκέα.
316 2286 384 2313 ἀλλά
401 2296 411 2313 t
426 2288 491 2323 χολὴ
508 2288 620 2320 ἀσπίδος
633 2309 640 2320 ,
657 2298 666 2315 ι
684 2289 805 2317 τουτέστι

23 2330 134 2364 πονηρά·
147 2330 186 2362 ὡς
200 2331 307 2367 εἴρηται
323 2333 352 2359 ὲν
366 2334 567 2370 Δευτερονομίῳ
584 2335 613 2361 ὲν
634 2335 688 2371 ᾠδῇ
721 2335 805 2363 Muni-

23 2373 88 2406 σέως
104 2376 169 2412 περὶ
180 2375 227 2402 τοῦ
250 2377 321 2404 οῐνου
337 2378 387 2414 τῆς
409 2379 583 2412 διδασκαλίας
602 2380 704 2407 αὐτῶν
723 2390 733 2407 t
757 2381 803 2408 Ἐκ

21 2421 72 2457 γὰρ
86 2423 209 2458 ἀμπέλου
231 2424 385 2461 £056qu
410 2425 530 2462 ἄμπελος
555 2427 656 2454 αὐτῶν.
674 2437 684 2454 ι
709 2427 802 2455 Ἀλλίἱ

21 2466 118 2499 ἀγαθὸς
131 2468 199 2500 Θεὸς
214 2469 263 2496 οὐκ
279 2470 354 2496 ἐάσει
370 2471 468 2503 αὐτοὺς
479 2470 594 2498 πλοῦτον
604 2472 706 2504 ἀδίκως
721 2481 802 2500 συνα-

19 2512 126 2548 γόμενον
140 2513 214 2550 ἔχειν
228 2515 272 2542 ἀεὶ
287 2516 317 2542 ὲν
337 2516 458 2548 ἑαυτοῖς,
479 2517 547 2543 ἀλλά
574 2519 681 2554 ποιήσει
703 2520 802 2553 αὐτοὺς

19 2558 152 2594 ἐξεμέσαι.
171 2561 304 2596 Ἀγγελος
318 2562 372 2598 γὰρ
389 2564 449 2589 κατ’
465 2564 624 2599 εὐεργεσίαν
642 2565 710 2592 Θεοῦ
727 2565 801 2598 ἐξελ-

18 2603 91 2631 κύσει
109 2606 210 2638 αὐτοὺς
227 2607 270 2633 ἐπ’
285 2607 370 2642 αὐτῆς
387 2608 439 2643 τῆς
457 2609 551 2640 κακῶς
578 2610 800 2646 οἰκοδομηθείσης

16 2649 108 2682 οἰκίας·
124 2652 187 2687 ἥτις
201 2652 275 2679 ἐστὶν
290 2653 306 2688 ἠ
325 2653 456 2689 ἐκκλησία
473 2654 799 2690 πονηρευομένων.Ἐπά-

15 2702 55 2728 γει
73 2696 148 2731 γοῦν·
164 2705 175 2724 ι
201 2697 245 2730 Ἐξ
258 2698 346 2731 οίκίας
360 2699 454 2733 αὑτοῦ,
470 2709 480 2727 ι
498 2700 546 2728 καὶ
555 2700 590 2729 τὰ
605 2701 679 2736 ἑξῆς.

870 1608 908 1636 illi
928 1617 978 1644 pro
994 1615 1105 1645 peccato
1127 1613 1340 1648 imputabnutur.
1364 1614 1418 1642 Nos
1437 1622 1503 1643 vcro
1523 1617 1653 1644 ecclesia-

868 1653 941 1688 stici,
954 1656 1054 1689 quibus
1062 1656 1121 1691 ejus
1133 1665 1240 1686 errores
1252 1660 1353 1694 cogniti
1364 1665 1438 1693 sunt,
1450 1661 1572 1690 dicemus
1585 1671 1592 1690 :
1603 1663 1653 1690 Ubi

867 1703 932 1727 sunt
954 1700 998 1728 isti
1022 1703 1218 1736 somniatores.
1240 1705 1286 1739 qui
1303 1713 1409 1733 errores
1422 1707 1472 1734 sibi
1489 1707 1556 1742 ipsis
1575 1716 1651 1736 cotu-

868 1744 1075 1774 miniscuntur?
1092 1747 1199 1783 Decepti
1220 1755 1336 1777 mentem
1355 1751 1471 1779 veritate
1494 1760 1547 1780 non
1567 1754 1653 1781 stabi-

866 1787 945 1820 liunt,
961 1796 992 1816 ac
1007 1795 1134 1825 tanquam
1151 1793 1298 1827 somnium,
1314 1795 1383 1829 quod
1398 1795 1517 1823 avolavit
1532 1801 1561 1824 et
1586 1806 1650 1825 nus—

865 1837 946 1864 quam
972 1833 1136 1867 invenietur.
1161 1837 1290 1864 evadunt.
1309 1837 1377 1865 lluic
1402 1840 1491 1867 simile
1517 1840 1600 1869 David
1621 1842 1648 1869 in

864 1874 978 1905 Psalmis
994 1879 1067 1906 cauit
1088 1880 1118 1906 ‘z
1137 1888 1147 1906 ι
1170 1880 1272 1908 lnitnici
1296 1887 1386 1910 autem
1413 1884 1518 1913 Domini
1538 1887 1645 1914 del‘ecc-

865 1927 938 1950 runt.
956 1932 966 1950 ο
985 1923 1019 1952 Et
1034 1932 1128 1954 rursus
1145 1926 1176 1953 ἐ
1196 1934 1206 1951 t
1226 1926 1286 1954 Mox
1308 1933 1339 1955 ut
1360 1929 1530 1958 bonorilicati
1546 1932 1648 1961 iuerint

861 1971 890 1994 et
910 1969 1038 2003 exaltati,
1062 1971 1218 2000 deﬁcientes
1234 1973 1306 2001 sicut
1325 1973 1415 2003 l‘umus
1433 1976 1614 2010 defecerunt;
1634 1990 1644 2007 ι

859 2021 889 2044 et
913 2016 942 2044 ἐ
963 2025 973 2042 ι
989 2016 1129 2052 Tanquam
1160 2019 1295 2047 somnium
1324 2027 1418 2049 eorum
1443 2022 1489 2057 qui
1518 2027 1646 2061 expergi-

859 2066 986 2090 scuntur.
1004 2072 1015 2089 ι

895 2107 978 2135 Vens.
997 2107 1040 2138 15.
1053 2108 1133 2144 502
1155 2109 1261 2138 Divitim
1285 2111 1375 2147 inique
1398 2119 1562 2149 congregem
1583 2124 1644 2144 ero-

859 2158 978 2181 mentur.
994 2152 1060 2182 Novi
1076 2155 1158 2182 etiam
1172 2161 1199 2183 et
1212 2156 1284 2183 aliud
1299 2157 1400 2192 injuste
1422 2164 1643 2196 comparatarum

859 2193 1017 2226 divitiarum
1028 2206 1124 2234 genus,
1134 2201 1206 2235 quod
1222 2201 1248 2228 in
1260 2201 1450 2230 haereticorum
1469 2193 1642 2233 sermonibus

859 2247 986 2276 apparet,
1010 2246 1056 2279 qul
1080 2244 1218 2272 doctrinas
1233 2247 1358 2274 veritatis
1381 2249 1555 2283 dogmatibus
1576 2259 1642 2278 con-

860 2287 958 2314 trarias
972 2288 998 2315 in
1013 2293 1108 2317 ventre
1122 2297 1154 2317 ac
1175 2290 1325 2319 visceribus
1341 2293 1451 2326 habent,
1467 2302 1527 2328 qua:
1546 2298 1640 2331 gustui

858 2330 952 2358 dulces
966 2339 1018 2359 non
1036 2338 1109 2367 sunt,
1128 2334 1174 2362 sed
1190 2345 1200 2361 ι
1215 2335 1250 2363 fel
1267 2336 1381 2371 aspidis,
1401 2347 1411 2364 ›
1431 2337 1456 2365 id
1472 2344 1525 2372 est,
1539 2330 1640 2367 vitiata:

856 2381 883 2403 et
899 2382 1055 2412 corruptae;
1081 2381 1309 2414 quemadmodum
1333 2383 1359 2411 in
1383 2384 1592 2412 Deutcronontio
1613 2391 1640 2412 et

855 2421 963 2449 cantico
986 2422 1086 2458 Moysis
1112 2425 1146 2453 de
1172 2426 1303 2455 doctrinae
1329 2436 1424 2456 eorum
1448 2430 1511 2457 vino
1536 2431 1638 2458 dictum

853 2472 896 2495 est
908 2467 919 2484 ⁹
937 2476 944 2496 :
964 2477 975 2494 ι
996 2468 1104 2497 Etenim
1118 2477 1151 2498 ex
1167 2471 1222 2499 vite
1234 2473 1413 2500 Sodomorum
1430 2474 1492 2500 vitis
1503 2482 1606 2502 eorum.
1624 2483 1637 2505 ι

854 2512 955 2540 Verum
969 2514 1104 2549 benignus
1120 2516 1190 2544 Deus
1214 2525 1268 2544 non
1290 2525 1398 2554 semper
1418 2519 1536 2553 patietur
1551 2524 1580 2546 ut
1597 2520 1637 2547 di-

852 2559 934 2587 vitias
956 2568 1003 2595 per
1023 2561 1150 2596 injuriam
1176 2568 1268 2598 partas
1292 2564 1364 2591 intus
1387 2564 1562 2599 possideant,
1588 2567 1636 2593 sed

851 2611 978 2634 evomere
993 2606 1053 2634 illas
1068 2607 1160 2635 faciet.
1180 2609 1301 2643 Angelus
1326 2610 1398 2636 enim
1421 2610 1511 2637 divina
1531 2610 1634 2638 beneﬁ-

851 2650 940 2677 centia
965 2658 981 2678 e
999 2652 1081 2680 domo
1098 2653 1168 2681 male
1194 2658 1343 2688 exstructa,
1369 2662 1428 2689 qua:
1446 2659 1489 2682 est
1512 2655 1636 2690 improbe

851 2695 1004 2730 degentium
1018 2702 1115 2731 coetus,
1132 2698 1191 2726 illos
1209 2699 1347 2728 extrahet.
1367 2700 1458 2734 Quare
1470 2700 1609 2737 subjuugit
1623 2709 1632 2732 :

852 2750 862 2766 ι
875 2742 912 2769 De
926 2742 1008 2770 domo
1020 2743 1079 2777 ejus
1094 2745 1220 2773 extrahet
1232 2752 1306 2779 eum,
1324 2755 1333 2773 ι
1349 2751 1402 2774 etc.

45 2843 138 2873 'Psal.
156 2852 197 2877 lx,
210 2845 235 2871 7.
273 2846 284 2862 ⁷
299 2845 369 2874 Psal.
385 2854 479 2880 xxxvt,
496 2847 542 2874 20.
580 2846 676 2875 'Psal.
694 2854 780 2881 unt,
799 2846 844 2875 20.
881 2847 892 2863 '
915 2848 993 2877 Deut.
1010 2856 1094 2884 usu,
1112 2849 1158 2878 52.
1451 2864 1490 2894 33

166 2891 303 2923 Panon.
320 2891 384 2925 θ’..
408 2893 492 2948 XII;
