1888 3051
207 121 278 150 ωιιὸ

903 110 947 139 EX
969 109 1122 137 OBlC-ENE

1777 104 1841 132 104i

207 179 331 208 discendi
344 179 442 213 cupido
456 177 555 205 accidit
572 181 746 203 :serntoucnt
770 172 844 200 enim
865 170 993 204 concipit,

1093 177 1116 205 τῃ
1129 168 1158 194 τὺ
1173 166 1322 202 ωλληφθέν
1329 176 1336 181 ·
1351 164 1421 193 κατά
1431 165 1517 191 ταῦτα
1527 164 1555 190 δὲ
1562 169 1608 189 καὶ
1615 162 1662 189 ἐπὶ
1669 162 1720 197 τῆς
1729 161 1837 197 φιλομα-

206 231 235 254 et
249 226 420 253 enuntiatum
439 224 526 257 tingit,
540 227 565 249 et
583 221 679 249 ordine
691 219 792 247 decoro
804 219 912 248 Format;
931 221 996 242 tunc

205 278 299 300 autem
315 272 385 307 parit
398 272 407 307 (
418 276 446 298 et
457 271 544 297 donec
561 268 660 304 pariat,
674 267 832 303 gravidatur
847 269 875 292 et
887 263 996 291 dolores

207 319 327 354 patitur)
349 326 410 346 cunt
438 318 530 345 (ictum
557 319 586 343 et
610 314 775 345 formatum,
797 311 949 347 perfectum
968 310 996 336 itt

205 364 294 392 lucem
305 363 429 391 ediderit.

240 454 324 482 Vens.
343 454 389 482 20.
411 453 517 489 Loquar
541 458 571 480 ut
599 452 762 487 requiescam
779 449 899 484 operiens
913 447 996 474 labia.

205 501 257 535 Qui
284 500 374 529 verbis
404 499 543 532 abundat,
571 503 601 526 et
623 497 818 531 iutelligentent
845 493 997 521 auditorem

205 552 302 575 nactus
318 547 410 580 fuerit,
424 546 561 581 loquendo
572 564 581 578 ,
594 543 811 579 superﬂultatem
827 540 902 568 illam
918 538 998 574 quasi

204 593 366 621 exinaniens
381 597 409 620 et
421 592 558 627 rejiciens,
575 588 731 625 requiescit.

494 681 571 708 CAP.
594 679 703 706 XXXV.

245 727 325 755 Vens.
345 727 372 754 5.
395 727 489 760 Aspice
510 727 536 752 in
562 726 667 752 mlum.
694 725 722 752 In
749 723 852 752 caelum
872 723 998 758 suspicit,

206 780 259 800 nan
277 773 324 807 qni
339 773 435 800 oculos
456 779 603 806 corporeus
619 770 718 798 attollit
745 777 773 798 et
790 770 889 799 celum
910 771 999 798 intue-

207 825 271 852 tur;
296 820 346 846 hac
370 819 442 847 enim
473 818 577 845 ratione
601 825 684 846 canes
706 821 733 845 et
748 817 818 844 asini
835 817 997 851 suspicitmt.

206 865 292 893 Nemo
304 865 351 900 qui
371 865 501 892 mundum
520 863 617 899 diligit,
639 864 666 891 in
681 863 779 890 malum
796 863 932 898 suspicit.
951 864 998 890 sed

206 913 253 948 qui
269 919 319 939 nec
330 912 473 943 mundum,
486 918 537 938 neu
552 918 582 938 ea
597 918 657 944 quze
668 909 695 936 iu
712 909 813 936 mundo
824 913 898 941 sunt,
913 914 998 936 amat.

210 958 315 985 Rursus
336 957 422 984 nubes
439 964 492 983 non
512 956 580 983 adeo
596 954 727 982 sublimes
751 959 817 982 sunt
838 958 866 981 et
888 961 903 980 a
922 953 1000 981 nobis

208 1008 331 1034 remotae,
354 1002 432 1036 quin,
457 1001 480 1028 si
506 1000 606 1036 Moysis
618 1000 700 1027 vitam
717 1005 745 1027 et
762 999 998 1027 conversationem

208 1056 260 1083 qua
279 1047 333 1075 Deo
347 1047 458 1082 placuit,
476 1054 620 1082 meamque
637 1047 796 1074 tenuitatem
816 1051 843 1073 et
860 1046 999 1073 humilita-

208 1099 262 1121 tem
277 1094 478 1128 contemplatus
495 1093 583 1125 l'uero.
601 1093 699 1121 nubem
721 1093 794 1120 hanc
810 1091 999 1119 sublimiorem

206 1144 234 1166 et
253 1139 425 1166 remotiorem
448 1145 463 1165 a
491 1146 534 1166 me
564 1139 673 1166 visurus
700 1138 753 1166 sim
775 1146 783 1165 :
806 1138 829 1165 si
847 1138 881 1164 ad
905 1136 999 1165 Jestnn

209 1185 294 1212 litium
317 1185 402 1216 Nave,
422 1190 451 1213 et
475 1185 508 1212 ad
533 1186 729 1220 prophetarum
753 1185 824 1212 vitas
849 1184 998 1216 devenero,

208 1231 370 1264 illm-umque
386 1238 431 1258 res
448 1235 538 1265 gestas
549 1231 693 1265 diligenter
708 1231 912 1260 exantiuavcro.
927 1229 1000 1263 quod

208 1278 340 1311 scriptum
358 1281 402 1304 est
416 1281 481 1304 tunc
498 1276 653 1311 aditnplebo
665 1298 672 1310 ,
696 1281 725 1304 et
741 1276 826 1304 nubes
840 1280 943 1310 quanto
958 1282 1000 1302 me

209 1321 384 1349 sublimiorcs
399 1322 452 1349 sint
463 1341 470 1354 ,
487 1322 638 1349 addiscam.

246 1368 329 1397 Vens.
347 1368 373 1396 6.
389 1368 420 1396 Si
431 1367 554 1402 peccasti,
571 1367 634 1402 quid
651 1367 737 1402 ages?
752 1367 791 1394 An
807 1367 888 1400 nosti,
902 1367 1000 1402 inquit,

210 1414 232 1441 si
250 1414 407 1448 peccaveris
421 1413 486 1448 quid
506 1413 555 1440 tibi
572 1413 726 1440 faciendum
747 1414 781 1440 sit
792 1433 800 1445 ,
816 1419 846 1440 ut
858 1418 1000 1448 peccatum

210 1460 354 1487 diluatur?
373 1460 401 1487 Si
424 1459 514 1486 verbis
535 1459 692 1493 deliquisti,
720 1460 813 1487 verbis
834 1459 1001 1493 sanioribus,

211 1505 291 1540 507
302 1510 328 1532 et
337 1505 358 1532 si
371 1504 499 1539 operibus
509 1503 657 1536 offendisti,
671 1503 750 1532 factis
758 1505 875 1540 egregiis
883 1505 1000 1540 teipsum

211 1558 322 1583 curans,
346 1549 392 1577 tibi
414 1549 522 1576 medere
537 1557 544 1582 ;
562 1550 584 1576 si
602 1557 667 1577 vero
689 1549 849 1585 iniquitates
865 1550 956 1578 multae
976 1555 1003 1579 et

212 1595 378 1623 incurabiles
394 1595 495 1623 fuerint
508 1617 515 1629 ,
534 1601 644 1631 propter
658 1595 757 1623 delicta
772 1595 983 1624 immedicabilia
994 1616 1002 1629 ,

212 1648 273 1673 απαξ
289 1641 337 1675 ipsi
358 1649 455 1669 curare
470 1649 522 1669 non
541 1648 702 1676 possumus,
716 1641 750 1668 de
767 1641 845 1668 caelis
865 1641 1005 1670 descendit

211 1685 292 1713 Jesus
314 1686 439 1714 Christus
462 1692 492 1714 ιιι
510 1686 673 1714 insanabilia
689 1691 866 1717 sanarentur,
885 1686 1005 1722 illudque

212 1731 339 1759 cﬂ'ecmm
358 1733 505 1760 sortiretur
523 1742 530 1760 :
553 1741 563 1758 ι
578 1733 653 1760 Beati
671 1739 787 1766 quortnn
803 1732 925 1759 remissa:
939 1737 1005 1760 sunt

212 1777 372 1812 iniquitates
390 1779 421 1805 “.
435 1788 444 1804 ι

250 1823 333 1853 Vens.
359 1826 404 1853 10.
435 1825 487 1858 Qui
516 1825 653 1853 distribuit
685 1825 820 1852 custodias
849 1831 1004 1852 nocturnas.

213 1871 282 1900 Vide
303 1872 379 1900 Elius
396 1872 490 1899 laudes
513 1872 558 1900 Dei
575 1877 602 1900 et
620 1873 755 1908 praeconia
782 1872 928 1907 persequi,
944 1880 1004 1899 cum

213 1918 249 1944 de
263 1925 296 1945 eo
312 1918 387 1945 dicat
405 1927 410 1944 :
427 1926 437 1943 ι
449 1918 502 1952 Qui
517 1918 656 1945 distribuit
670 1919 811 1946 custodias
825 1922 1002 1945 nocturnas.»

214 1962 262 1990 Vis
276 1969 366 1990 autem
384 1964 479 1991 videre
493 1965 630 1998 quomodo
649 1965 718 1992 Deus
735 1970 887 1992 nocturnas
898 1964 1006 1998 vigilias

215 2009 380 2036 distribuat?
405 2009 504 2036 Totum
529 2009 609 2043 bujus
633 2010 696 2038 vitae
715 2015 821 2044 tempus
844 2019 897 2038 nox
919 2016 960 2038 est
979 2016 1008 2039 et

216 2055 346 2088 tenebrat,
373 2054 417 2081 lux
439 2055 465 2081 iu
491 2060 627 2090 posterum
653 2057 699 2084 tibi
725 2062 902 2089 reservatur;
930 2065 1003 2085 nunc

215 2099 289 2127 enim
313 2100 339 2127 in
360 2100 469 2134 speculo
486 2100 561 2127 vides
583 2102 613 2130 ’⁸.
638 2101 724 2129 lucem
743 2107 833 2130 atttem
858 2103 1006 2138 aliquando

215 2145 325 2172 visurus
344 2153 383 2173 es.
403 2145 458 2172 Nox
474 2146 611 2174 enimvero
623 2147 675 2175 hoc
687 2148 816 2175 smculum
832 2153 885 2180 est,
898 2153 925 2176 et
937 2148 1006 2183 vigi-

1047 213 1109 245 ϐοῦς
1126 213 1214 248 ψυχῆς
1236 212 1341 246 γίνεται
1352 219 1358 225 ·
1376 208 1559 244 συλλαμϐάνει
1575 208 1630 243 γὰρ
1648 206 1695 233 τὸν
1707 207 1799 240 λόγον.
1813 205 1843 232 ὃν

1047 257 1284 293 ἀπαγγελλόμενον
1301 256 1400 292 μορεξοί
1410 275 1416 287 ,
1431 254 1478 281 καὶ
1493 254 1572 280 τυποῖ
1586 252 1668 279 αὑτὸν
1690 253 1727 287 τῇ
1746 251 1839 284 niger

1046 305 1109 331 ὅταν
1125 304 1153 330 δὲ
1167 303 1237 339 μετά
1255 302 1286 328 τὸ
1301 300 1426 328 τυπῶσαι
1439 299 1487 326 καὶ
1501 298 1653 334 μορφᾶηαι,
1670 296 1844 331 τετελειωμέ

1047 360 1092 378 νον
1107 351 1188 377 αὑτὸν
1204 349 1327 385 παραδῷ,
1341 349 1402 376 τότε
1417 348 1503 374 τίκτει
1513 355 1519 362 ·
1537 346 1585 373 καὶ
1605 345 1702 381 μέχρις
1719 344 1753 372 ἂν
1766 343 1843 380 τέκῃ.

1049 396 1195 432 βαρύνεται
1212 396 1241 422 ὲν
1255 395 1340 422 ὠδῖνι.

1084 439 1226 474 Ambiani,
1248 439 1300 467 ἵνα
1314 438 1534 472 ἀναπαύσωμαι
1550 435 1677 469 ἀνοίξας
1689 435 1728 462 τὰ
1748 435 1843 469 χείλη.

1055 486 1084 513 ’0
1100 485 1242 521 τυγχάνων
1257 484 1368 512 συνετοῦ
1385 483 1521 520 ἀκροατοῦ
1531 503 1539 515 ,
1553 483 1602 509 καὶ
1615 482 1653 509 ὢν
1675 481 1786 517 πλήρης
1805 480 1842 506 λό-

1049 541 1116 566 γων,
1134 531 1222 558 λαλῶν
1238 530 1418 563 ἀναπαύεται,
1432 530 1481 565 τὴν
1491 528 1677 564 περισσὰτητα
1693 525 1751 554 οἷον
1766 526 1839 553 κενὺ

1051 587 1100 610 σας
1117 578 1164 605 καὶ
1179 577 1333 605 ἀποϐαλών.

1362 677 1431 704 ΚΕΦ
1440 696 1447 703 .
1469 677 1529 704 Λετ.

1091 726 1277 760 Ἀνάϐλεψον
1287 726 1330 758 εὶς
1342 725 1395 752 τὸν
1406 724 1547 759 οὐρανόν.
1569 723 1734 750 Ἀναϐλέπει
1754 723 1795 755 εἰς
1808 722 1850 749 τῆν

1051 772 1164 808 οὐρανὸν
1184 771 1233 806 οὐχ
1256 771 1271 797 ὁ
1286 771 1349 803 τοὺς
1365 770 1539 806 σωματικοὺς
1557 769 1719 804 ὀφθαλμοὺς
1733 769 1851 805 ἐπάρας,

1052 818 1099 844 καὶ
1111 816 1173 844 ἰδὼν
1184 816 1229 843 τὸν
1240 816 1353 851 οὐρανόν
1363 824 1369 831 ·
1385 816 1466 842 τοῦτο
1476 815 1530 851 γὰρ
1539 815 1570 842 τδ
1579 814 1751 842 ἀναϐλέπειν
1764 814 1853 850 ἔχωσι

1052 863 1098 891 καὶ
1113 865 1138 890 οἱ
1152 863 1232 895 κύνες
1247 863 1294 890 καὶ
1317 862 1343 889 οί
1358 863 1424 889 ovet.
1443 861 1538 893 Οὐδεὶς
1556 861 1726 896 φιλόκοσμος
1741 860 1853 887 ἀναϐλέ-

1052 918 1098 936 πει
1110 910 1150 942 εἰς
1164 909 1209 936 τὸν
1228 908 1342 944 οὐρανὸν
1352 929 1359 940 ,
1375 908 1432 935 ἀλλ’
1452 908 1467 935 ό
1483 908 1520 944 μὴ
1538 907 1654 942 ἀγαπῶν
1670 907 1720 933 τὸν
1738 906 1853 942 κόσμον.

1053 956 1121 991 μηδὲ
1148 955 1182 982 τὰ
1212 956 1241 982 ὲν
1267 955 1307 990 τῷ
1330 955 1436 990 κόσμῳ.
1467 954 1550 981 Πάλιν
1575 953 1603 980 δὲ
1635 953 1688 989 οὐχ
1717 953 1795 980 οὕτω
1823 953 1855 980 τὰ

1051 1002 1119 1037 νέφη
1143 1001 1235 1037 ὑψηλά
1255 1001 1302 1036 ἀφ’
1319 1001 1398 1037 ἡμῶν
1421 1001 1505 1031 ἐστιν,
1522 999 1561 1031 ὡς
1579 1000 1626 1027 ἐὰν
1657 1000 1708 1027 ἴδω
1729 1000 1779 1026 τὸν
1794 1000 1856 1027 Μω-

1053 1047 1120 1080 σέως
1136 1047 1204 1083 βίον,
1216 1048 1263 1074 καὶ
1278 1047 1327 1083 τὴν
1339 1046 1445 1074 ἐκείνου
1457 1047 1525 1082 πρὸς
1541 1045 1608 1073 Θεὸν
1626 1046 1795 1082 ἀρέσκειαν,
1811 1046 1858 1072 καὶ

1050 1093 1100 1129 τὴν
1111 1093 1230 1128 ἐμαυτοῦ
1247 1093 1417 1129 σμικρότητα
1431 1093 1480 1120 καὶ
1494 1092 1689 1127 ταπεινότητα,
1707 1091 1787 1119 οὕτω
1800 1092 1858 1127 pu-

1051 1147 1094 1166 πω
1106 1139 1137 1165 τὸ
1148 1139 1228 1174 νέφος
1245 1138 1347 1174 ὑψηλὸν
1362 1139 1409 1165 ἀπ’
1426 1137 1495 1173 ὲμοῦ
1506 1146 1513 1154 '
1528 1138 1578 1165 ἐὰν
1592 1137 1662 1164 ἔλθω
1676 1138 1729 1164 ἐπὶ
1750 1138 1857 1174 Ἰησοῦν

1050 1184 1096 1211 τὸν
1108 1184 1154 1211 τοῦ
1169 1185 1258 1220 Ναυῆ,
1269 1184 1316 1211 ἐπὶ
1329 1184 1392 1216 τοὺς
1406 1183 1480 1219 βίους
1492 1184 1546 1210 τῶν
1561 1183 1726 1220 προφητῶν,
1744 1183 1796 1210 ὲὰν
1816 1184 1858 1217 ea.

1051 1231 1141 1263 ετάξω
1155 1231 1245 1258 αὐτῶν
1256 1231 1306 1262 τὰς
1323 1230 1448 1267 πράξεις,
1464 1230 1526 1258 τότε
1547 1229 1616 1257 ποιῶ
1633 1230 1666 1256 τὸ
1686 1231 1857 1266 γεγραμμέ-

1051 1286 1106 1309 νον,
1134 1278 1181 1304 καὶ
1200 1277 1401 1313 καταμανθάνω
1424 1277 1507 1304 πόσον
1529 1277 1587 1303 ἐστὶ
1613 1276 1649 1303 τὰ
1669 1276 1743 1312 νέφη
1764 1277 1858 1312 ὑψηλὰ

1052 1323 1099 1350 ἀπ’
1113 1323 1190 1358 ἐμοῦ.

1090 1368 1123 1394 ΕΙ
1137 1367 1277 1402 ἥμαρτες,
1295 1367 1324 1394 τί
1337 1366 1478 1401 πρίιξεις;
1493 1365 1566 1402 Ἂρα
1581 1363 1639 1399 οὖν,
1658 1367 1759 1402 φησὶν,
1775 1365 1857 1398 οἶδας,

1052 1413 1077 1439 εἰ
1090 1412 1224 1448 ἥμαρτες,
1235 1412 1261 1439 τί
1274 1411 1388 1449 πράξεις
1399 1412 1446 1439 ἐπὶ
1459 1412 1489 1439 τὸ
1499 1412 1579 1439 λῦσαι
1591 1412 1621 1439 τὸ
1634 1412 1857 1448 ἡμαρτημένως

1054 1458 1085 1484 Εἰ
1095 1458 1218 1494 ἥμαρτες
1229 1457 1328 1493 λόγοις,
1341 1457 1430 1492 λόγοις
1446 1457 1600 1493 κρείττοσιν
1611 1457 1690 1484 ἴασαι
1700 1465 1709 1472 ·
1726 1458 1753 1484 εἰ
1767 1458 1858 1492 ἦμαρ-

1053 1513 1098 1536 τες
1118 1505 1147 1531 ἐν
1167 1504 1272 1540 έργοις,
1290 1504 1381 1540 ἔργοις
1400 1504 1574 1541 διαφέρουσιν
1593 1504 1674 1536 αὐτὸς
1695 1504 1803 1531 ἑαυτὸν
1819 1503 1860 1530 ἰὼ-

1058 1558 1137 1585 μενος
1146 1558 1153 1565 δ
1167 1551 1191 1576 εὶ
1208 1550 1236 1576 δὲ
1251 1550 1347 1577 πολλαὶ
1359 1551 1405 1577 καὶ
1422 1550 1526 1578 ἀνίατοι
1538 1551 1566 1576 αἱ
1581 1550 1708 1585 ἀνομίαι,
1722 1550 1773 1578 διὰ
1784 1550 1862 1577 τοῦτο

1056 1596 1102 1623 ἐπὶ
1117 1597 1173 1628 τοῖς
1189 1596 1317 1628 ἀνιάτοις,
1328 1593 1368 1628 οἷς
1384 1597 1496 1628 ἑαυτοὺς
1511 1595 1642 1629 ίάσασῢαιτ
1653 1596 1686 1622 οὐ
1703 1596 1861 1632 δυνάμεως

1055 1640 1136 1678 ἦλθεν
1153 1643 1257 1678 Ἰησοῦς
1273 1643 1388 1679 Χριστὸς
1403 1643 1434 1676 ἐξ
1445 1643 1578 1679 οὐρανῶν,
1588 1643 1632 1669 ἵνα
1646 1643 1683 1670 τὰ
1699 1643 1809 1670 ἀνίατα
1826 1644 1862 1669 ξά-

1057 1698 1149 1724 σηται,
1168 1690 1214 1716 καὶ
1225 1689 1335 1725 γένηται
1370 1689 1413 1717 τὸ,
1424 1699 1435 1715 ι
1454 1689 1594 1724 Μακάριοι
1609 1685 1647 1716 ὧν
1661 1689 1815 1724 ἀφέθησαν
1835 1690 1862 1715 αἱ

1057 1735 1199 1771 ἁμαρτίαι.
1223 1745 1232 1760 ι

1098 1826 1125 1851 '0
1140 1825 1339 1852 κατατὰσσων
1348 1825 1486 1859 φυλακὰς
1506 1823 1696 1857 νυκτερινὰς.
1730 1825 1808 1860 Ὅρα
1824 1824 1863 1850 ὅτι

1057 1872 1181 1907 ἐγκώμια
1195 1871 1243 1898 τοῦ
1256 1871 1324 1898 Θεοῦ
1339 1872 1385 1899 καὶ
1400 1871 1502 1907 ὕμνους
1515 1870 1685 1906 διεξέρχεται
1699 1871 1714 1898 6
1744 1871 1862 1903 Ἐλιοῦς.

1057 1918 1144 1952 λέγων
1159 1918 1224 1954 περὶ
1235 1917 1329 1950 αὐτοῦ,
1345 1927 1353 1944 ι
1373 1917 1403 1944 '0
1416 1917 1596 1945 κατατάσσω
1613 1916 1746 1951 φυλακὰς
1763 1925 1861 1944 νυκτε-

1058 1964 1144 2000 ρινάς.
1166 1973 1176 1991 ι
1192 1964 1286 1995 Θέλεις
1303 1963 1365 1990 ἰδεῖν
1383 1963 1441 1995 πῶς
1466 1962 1633 1990 κατατάσσει
1657 1962 1791 1997 φυλακὰς
1818 1972 1862 1989 νυ-

1057 2010 1184 2046 κτερινὰς
1203 2008 1217 2034 ὁ
1229 2010 1312 2042 Θεός;
1330 2009 1408 2041 ’Όλος
1421 2010 1436 2035 ὸ
1449 2009 1516 2035 αἰὼν
1537 2005 1616 2040 οὗτος
1631 2008 1683 2041 νύξ
1697 2009 1774 2041 ἐστι,
1802 2009 1860 2035 σιέ-

1056 2066 1103 2089 τος
1115 2057 1182 2084 ἐστι.
1202 2057 1238 2083 Τὸ
1255 2056 1313 2090 φῶς
1326 2056 1451 2091 τηρεῖται
1466 2064 1522 2082 σοι·
1540 2055 1589 2083 νῦν
1603 2055 1658 2091 γὰρ
1672 2055 1708 2082 δι’
1726 2057 1858 2089 sevir-1pm

1059 2103 1177 2139 βλέπεις,
1193 2102 1299 2138 μέλλεις
1315 2102 1344 2128 δέ
1356 2110 1419 2128 ποτε
1433 2101 1540 2137 βλέπειν
1558 2101 1590 2128 τὸ
1600 2101 1670 2136 φῶς.
1688 2102 1800 2129 Οὐκοῦν
1815 2099 1858 2131 vii

1058 2149 1116 2176 ἐστι
1129 2149 1183 2180 πᾶς
1198 2150 1212 2176 ὸ
1224 2148 1303 2180 αἰὼν,
1319 2147 1367 2175 καὶ
1383 2147 1463 2183 χρεία
1476 2147 1604 2182 φυλάκων
1624 2148 1808 2182 τεταγμένων
1823 2148 1859 2177 εἰς

216 2191 261 2220 liis
288 2192 427 2226 dispositis
450 2193 476 2219 iu
506 2197 586 2220 nocte
610 2193 660 2221 liae
683 2201 751 2228 opus
772 2199 826 2225 est.
858 2199 886 2221 ut
911 2194 1001 2228 vigiles

1093 2203 1144 2221 κτα
1155 2193 1312 2229 ταύτην,ἵνα
1325 2193 1350 2218 οἱ
1362 2192 1517 2227 φύλακες,οί
1528 2191 1575 2218 ἐπὶ
1585 2192 1640 2219 τῶν
1655 2193 1861 2226 νυκτῶν,φρσ-.;η

217 2239 343 2267 noctibus
365 2239 498 2272 deputati,
528 2247 542 2266 a
567 2239 726 2273 latronibus,
745 2248 759 2267 a
781 2240 848 2268 l'cris
878 2245 905 2267 et
922 2241 1009 2268 hosti-

219 2286 278 2315 bus.
295 2292 342 2312 eos
355 2285 400 2320 qui
414 2286 439 2312 iu
453 2290 533 2313 nocte
545 2290 617 2318 sunt,
631 2287 796 2314 custodiant.
811 2286 926 2319 Quinam
943 2294 1009 2314 vero

217 2338 281 2359 sunt
298 2333 445 2361 custodes?
459 2334 554 2370 Angeli
570 2334 616 2369 qui
628 2334 702 2361 circa
717 2341 766 2361 nos
790 2334 904 2361 tentoria
925 2334 1011 2370 ﬁgunt

195 2407 197 2410 ,
217 2385 244 2407 Cl
260 2384 316 2405 (‘ﬂSl
323 2385 500 2407 rametantur.

256 2425 337 2453 Vsus.
359 2426 403 2453 il.
418 2425 470 2459 Qui
486 2430 591 2461 separat
607 2433 647 2453 me
660 2434 676 2452 a
692 2425 907 2460 quadrupedibus
920 2430 1008 2453 terrm.

218 2472 375 2500 Secundum
403 2472 522 2507 reliquos
550 2479 624 2501 vero.
655 2472 721 2506 «qui
749 2472 831 2498 docet
851 2479 900 2498 nos
927 2479 1011 2506 super

216 2518 340 2553 jumcnta
356 2523 437 2545 terrm
447 2538 453 2550 ,
471 2522 499 2545 et
512 2518 649 2552 sapientes
662 2525 711 2544 nos
732 2517 821 2544 reddit
835 2525 919 2552 super
932 2518 1009 2545 vola-

220 2564 277 2592 tilia
293 2571 353 2599 quaa
375 2571 423 2599 per
444 2571 534 2592 aerem
556 2563 691 2594 volitant;
706 2573 715 2589 ι
735 2563 808 2590 solus
827 2563 900 2590 enim
929 2563 1011 2591 homo

219 2611 326 2637 ratione
347 2615 461 2638 ornatus
480 2615 532 2638 est.
547 2610 701 2638 Creationis
721 2610 803 2644 igitur
823 2609 957 2637 beneﬁcio
975 2610 1010 2638 ab

217 2657 346 2684 omnibus
377 2658 538 2685 animalibus
568 2657 688 2685 distincti
716 2664 840 2689 sumus;
865 2656 887 2683 si
918 2661 1009 2684 autem

219 2706 349 2736 peccator
365 2707 393 2729 et
419 2703 526 2729 adulter
540 2702 678 2732 evaseris.
701 2706 729 2729 et
753 2710 839 2736 prono
860 2700 957 2729 aﬂ‘ectu
976 2702 1010 2729 ad

222 2750 324 2773 terram
340 2748 526 2782 propenderis,
547 2755 561 2774 a
577 2748 800 2783 quadrupedibus
820 2753 898 2776 terrm
918 2755 1008 2776 secre-

265 2833 286 2848 “
303 2833 452 2866 l’sal.xxxt.
475 2837 497 2863 l.
540 2837 560 2851 ⁸⁵
581 2837 590 2863 l
608 2836 668 2863 Cur.
693 2844 752 2869 λιιι,
776 2837 815 2864 l2.

1064 2241 1131 2276 ρῶσι
1145 2241 1207 2272 τοὺς
1222 2241 1251 2267 ἐν
1262 2240 1337 2273 νυξὶν
1348 2239 1402 2266 ἀπὸ
1414 2239 1468 2266 τῶν
1480 2238 1597 2274 λῃστῶν,
1607 2238 1664 2265 ἀπὸ
1677 2239 1738 2265 τῶν
1750 2239 1862 2275 (lupis-ro,

1061 2286 1116 2312 ἀπὸ
1131 2286 1185 2312 τῶν
1200 2286 1347 2322 πολεμίων.
1364 2285 1442 2317 Τίνες
1458 2286 1482 2312 οἱ
1497 2284 1636 2320 φύλακεςς
1653 2285 1686 2312 υἱ
1700 2283 1863 2321 παρεμϐάλ-

1061 2331 1151 2364 λοντες
1167 2332 1288 2367 ἄγγελοι.

1102 2426 1128 2451 '0
1143 2424 1275 2460 διορίζων
1291 2434 1330 2460 με
1356 2425 1416 2452 ἀπὸ
1435 2423 1626 2459 τετραπόδων
1641 2424 1714 2459 τῆς.
1738 2424 1819 2452 Κατὰ
1838 2423 1863 2450 ἃ

1061 2471 1124 2503 τοὺς
1135 2471 1255 2502 λοιποὺς,
1275 2479 1286 2496 ι
1303 2470 1436 2498 διδάσκων
1454 2471 1528 2505 ἡμᾶς
1560 2470 1632 2506 ὑπὲρ
1656 2471 1695 2497 τὰ
1713 2472 1800 2506 κτήνη
1815 2470 1862 2503 τῆς

1060 2518 1123 2552 γῆς,
1137 2518 1184 2544 καὶ
1200 2517 1317 2551 σοφιζων
1334 2517 1402 2553 ὑπὲρ
1414 2516 1449 2543 τὰ
1464 2516 1535 2543 κατὰ
1545 2516 1592 2542 τὸν
1606 2517 1679 2552 ἀέρα
1699 2517 1862 2550 Sun-rigat:

1062 2565 1188 2591 πετεινά·
1209 2574 1218 2590 ι
1236 2563 1316 2599 μόνος
1334 2563 1387 2598 γάρ
1399 2564 1413 2590 ὁ
1437 2562 1580 2598 ἄνθρωπος
1602 2563 1677 2598 λόγῳ
1707 2564 1860 2598 τετίμηται.

1065 2609 1142 2636 Κατά
1157 2610 1206 2644 μὲν
1222 2607 1269 2636 οὖν
1282 2608 1326 2636 τὸν
1340 2609 1418 2643 λόγον
1432 2609 1481 2644 τῆς
1496 2608 1681 2643 δημιουργίας
1696 2607 1863 2643 διωρίσμεθα

1064 2657 1117 2684 ἀπὸ
1131 2656 1240 2683 πάντων
1253 2656 1307 2683 τῶν
1324 2655 1401 2688 ζώων
1412 2664 1419 2671 ·
1437 2655 1485 2682 ἐὰν
1504 2654 1532 2681 δὲ
1547 2653 1581 2691 ᾗς
1597 2655 1773 2691 ἁμαρτωλὸς,

1064 2712 1118 2736 νος⁷
1131 2703 1303 2740 κατωφερὴς,
1323 2703 1354 2730 οὺ
1367 2702 1511 2739 διωρίσθης
1527 2702 1583 2729 ἀπὺ
1602 2702 1782 2738 τετραπόδων

1065 2750 1132 2777 ἀλλὰ
1162 2749 1405 2786 παρασυνεὸλήθης
1434 2750 1491 2781 τοῖς
1507 2749 1632 2785 κτήνεσι,
1654 2749 1703 2776 καὶ
1715 2748 1815 2783 ἐγένου
1829 2747 1862 2777 ὧς
