1888 3051
76 122 136 149 τιμε

741 124 895 154 SELECTA
913 125 945 153 IN
961 125 1030 153 JOB.

1607 123 1675 152 1046

75 180 148 210 lum;
163 178 208 204 καὶ
226 178 353 213 ἡμίονος,
368 177 408 211 οἷς
422 180 472 206 οὐκ
493 179 551 207 ἔστι
570 179 692 214 σύνεσις,
707 182 753 208 καὶ
766 182 840 214 ἵππος

910 192 946 211 ius
958 191 1009 210 non
1025 190 1054 210 es
1066 203 1073 215 ,
1093 182 1139 209 sed
1153 185 1325 217 comparatus
1338 189 1368 209 cs
1380 181 1521 217 jumentis,
1536 183 1677 217 laetusque

73 224 132 259 θηλυ
136 223 231 259 μανής.

381 365 448 391 ΚΕΦ
461 384 468 392 .
482 361 527 391 Μ’.

96 410 150 444 Μὴ,
166 410 246 438 ἀλλὰ
264 409 351 440 ζῶσαι
363 409 465 444 ὥσπερ
478 409 555 443 ἀνὴρ
568 409 625 443 τὴν
655 409 755 443 ὀσφύν
771 416 841 437 σου.

62 456 99 482 τὰ
116 456 162 491 μὲν
176 455 265 482 τέλεια
277 454 331 481 τῶν
358 455 556 490 ἀγωνισμάτων
571 455 627 487 τοῖς
653 454 742 486 καλῶς
758 454 842 490 ἀθλή-

60 510 119 537 cui
135 500 201 536 μετὰ
215 499 260 527 τὸν
279 500 335 535 βίον
346 500 490 527 ἀπόκειται
506 500 610 526 τοῦτον·
626 500 702 527 οὐδὲν
716 501 745 526 δὲ
761 498 842 536 ἧττον

62 549 104 573 καὶ
117 547 164 582 ἠδη
179 548 195 581 ἡ
214 546 292 582 χάρις
306 545 352 572 τοῦ
371 545 439 572 Θεοῦ
453 545 667 582 ἀρῥαεωνὶζεται
683 546 746 578 τοὺς
761 544 843 581 ἀθλη-

62 592 114 623 τάς.
136 591 176 618 λιὰ
193 592 283 621 τοῦτο,
300 591 344 617 ὅτε
370 591 524 626 ἠγωνίσατο
537 591 571 617 τὰ
589 591 704 626 μέγιστα
727 592 741 617 ό
763 591 840 617 Ἰὼϐ·

62 636 112 666 ὅτε,
126 635 268 662 ἀποϐαλὼν
284 636 317 662 τὰ
335 636 501 671 ὑπάρχοντα,
515 636 623 669 ὲδόξασε
636 636 681 662 τὸν
696 637 841 663 δεδωκότα·

61 681 110 711 ὅτε,
121 680 286 714 ἀποθέμενος
299 680 332 707 τὰ
348 680 440 712 τέκνα,
456 681 635 716 εὐχαρίστησε
646 680 684 716 τῷ
712 681 842 717 παρειλη-

62 726 125 760 φότι·
140 726 193 758 ὅτε,
211 727 328 762 νοσήσας
343 726 380 758 ὡς
405 725 548 761 σκώληκας
570 726 715 762 ἀνομϐρεῖν
728 727 781 754 ἀπὸ
795 726 842 753 τοῦ

61 771 189 807 σώματος,
216 773 247 801 οὑ
266 773 403 808 νενίκηται
431 773 485 798 ἀπὸ
509 771 563 799 τῶν
580 773 683 799 πόνων·
712 773 842 808 προοίμια

60 818 103 843 καὶ
115 818 258 853 ἀρραϐῶνα
270 818 323 844 τῶν
337 818 424 845 ἄθλων
439 817 545 844 δίδωσιν
561 818 634 854 αὐτῷ
648 819 662 845 ό
686 819 762 851 Θεὸς,
776 828 844 855 χρη-

892 241 922 261 es
943 231 1017 258 sicut
1037 236 1122 262 equus
1134 234 1161 254 ct
1179 228 1283 260 mulus,
1299 228 1327 254 in
1342 228 1440 262 quibus
1456 235 1509 254 non
1532 232 1574 255 est
1597 228 1677 255 intel-

892 278 979 305 lectus
997 276 1030 309 κ,
1062 279 1090 302 et
1114 281 1203 309 equus
1225 274 1336 308 quidem
1362 278 1453 302 (nstro
1472 273 1590 301 libidinis
1613 281 1677 308 pu-

892 323 961 351 eitus
977 322 1010 350 ’⁷.

1207 364 1284 392 C.\P.
1302 363 1359 391 Χιι.

929 413 1011 440 Vens.
1042 412 1068 440 7.
1105 410 1298 446 Nequaquam,
1328 411 1374 437 ιειί
1397 410 1532 444 accingere
1549 410 1617 437 sicut
1636 411 1678 437 vir

891 459 1007 486 lumbum
1024 461 1109 484 tuum.
1131 456 1165 483 lis
1189 456 1296 490 quidem
1311 456 1356 489 qui
1374 464 1403 482 se
1417 461 1542 482 strenuos
1561 455 1678 482 athletas

892 504 1093 539 praestiterunt.
1128 502 1238 534 praemia
1266 501 1487 535 pravsmutissima
1520 505 1579 536 post
1606 502 1678 528 hanc

891 549 975 577 vitam
994 547 1132 575 recondita
1158 551 1239 578 sunt;
1266 547 1440 574 nihilominus
1458 555 1528 574 nunc
1551 547 1631 574 etiam
1648 547 1676 574 in

892 592 1018 629 praesenti
1034 592 1145 621 sreculo,
1161 591 1215 618 illis
1229 591 1317 626 gratia
1336 591 1382 618 Dei
1395 599 1444 626 pro
1457 591 1609 619 arrhaboue
1623 597 1676 619 est.

892 638 995 665 Idcirco
1018 637 1103 665 Jobus
1125 644 1187 663 cum
1218 643 1354 663 summum
1384 636 1531 663 discrimen
1554 637 1677 668 adiisset,

892 691 953 711 cum
973 683 1051 710 bonis
1069 683 1198 712 nudatus,
1223 681 1345 716 largitori
1373 682 1486 716 gloriam
1515 683 1676 717 detulisset;

891 735 953 754 cum
969 726 1059 754 liberis
1074 731 1201 757 ornatus,
1217 726 1317 760 gratias
1331 725 1464 754 aul‘erenti
1477 727 1598 762 egisset;
1616 735 1677 755 cum

892 773 1052 807 {egritudine
1080 772 1249 803 laborasset,
1277 771 1313 798 ita
1339 776 1369 798 ut
1396 778 1502 800 vermes
1530 779 1546 800 e
1564 780 1679 806 corpore

894 819 982 846 instar
1003 817 1098 845 imbris
1128 817 1314 852 proﬂuxerint,
1343 817 1473 846 molestiis
1495 823 1523 845 et
1549 819 1678 846 aerumnis

60 863 168 897 ματίσας
184 863 258 900 αὐτῷ
271 864 314 891 διὰ
328 863 426 899 νέφους
438 864 485 890 καὶ⁵
500 863 639 896 λαίλαπος.
654 865 784 897 ’Δκούσας
794 863 840 892 οὖν

910 869 1035 898 nporatus
1049 871 1104 890 non
1118 868 1161 890 est
1173 872 1180 896 ;
1201 870 1296 890 verum
1319 863 1390 890 Deus
1402 871 1418 890 ο
1443 868 1515 891 nube
1529 869 1557 892 et
1572 865 1679 892 turbine

59 908 108 934 τῶν
125 909 263 945 προτέρων
280 909 376 944 λόγων,
394 910 452 937 δέον
466 910 664 946 ἀποκρίνασθαι
679 910 747 946 πρὸς
761 911 838 943 Θεὸν,

59 955 152 990 σιωπᾷ,
169 955 208 987 ὡς
222 956 272 982 οὐκ
289 956 357 991 ἔχων
374 956 528 991 παρρησίαν
538 964 546 971 ·
572 955 648 982 οὕπω
661 956 714 992 γὰρ
727 956 784 992 ᾔδει
799 957 838 989 τὸ,

61 1008 68 1023 ι
88 999 186 1035 Μωσῆς
199 1000 298 1033 ἐλάλει,
316 1002 329 1027 ὸ
342 1000 371 1027 δὲ
385 1001 451 1032 Θεὸς
463 1001 628 1036 ἁπεκρίνατο
643 1002 717 1037 αὐτῷ
728 1004 813 1038 φωνῇ.
826 1011 836 1029 ο

64 1044 90 1070 Ὀ
105 1045 193 1080 μέντοι
220 1045 285 1078 θεὸς
300 1047 407 1073 δίδωσιν
423 1047 497 1083 αὐτῷ
513 1047 668 1083 παρρησίαν
682 1047 727 1074 τοῦ
738 1047 838 1082 λέγειν’

59 1091 100 1116 καὶ
126 1091 243 1127 τοσαύτη
257 1092 329 1119 ἐστὶν
346 1093 427 1119 αὑτοῦ
443 1094 460 1128 ἡ
474 1093 636 1128 χρηστότης,
651 1093 720 1119 ὥστε
741 1093 841 1120 ἀναλα-

57 1135 109 1162 ϐεῖν
125 1137 204 1164 αὑτὸν
220 1139 364 1173 πρόσωπον
377 1139 407 1166 οὐ
424 1139 572 1175 κρίνοντος,
589 1139 656 1166 ἀλλὰ
681 1139 839 1175 κρινομένου

58 1181 122 1214 μετὰ
137 1182 182 1208 τοῦ
198 1181 353 1218 ἀνθρώπου.
369 1183 425 1210 Καὶ
439 1183 516 1210 ἄλλαι
533 1183 611 1210 τοῦτο
630 1183 753 1216 ἐδίδαξαν
770 1183 839 1220 Γρα-

57 1225 116 1260 φαί⁶
131 1225 168 1258 ὡς
183 1227 224 1259 τὸ,
236 1237 246 1253 ι
261 1228 352 1260 Δεῦτε,
371 1229 416 1255 καὶ
432 1229 628 1264 διαλεχθῶμεν·
650 1239 659 1255 r
675 1229 732 1260 καὶ,
747 1239 756 1255 ι
770 1230 840 1262 Λαός

57 1278 114 1305 μου,
128 1272 154 1298 τί
180 1273 296 1309 ἐποίησά
312 1283 369 1308 σοι;
387 1284 396 1300 ι
416 1275 484 1310 Ἤδη
502 1273 581 1301 ἆθλον
607 1275 713 1302 δίδωσιν
730 1275 804 1311 αὑτῷ
826 1276 840 1302 ό

56 1315 128 1348 Θεὸς,
144 1317 184 1344 ’ότι
210 1318 353 1354 ἄνθρωπον
367 1319 468 1355 ἐρωτᾷ,
497 1320 537 1346 ὅτι
559 1319 721 1347 πυνθάνεται
746 1320 839 1352 αὑτοῦ,

56 1361 93 1386 ὅτι
105 1361 209 1394 δίδωσιν
221 1363 346 1397 ἐξουσίαν
358 1365 406 1400 τῆς
421 1364 601 1399 ἀποκρίσεως.
621 1365 653 1391 Ei.
675 1365 712 1400 μὴ
729 1362 763 1400 ἦν
772 1373 841 1392 νενι-

55 1406 153 1441 κηκὼς,
165 1409 215 1435 οὐκ
236 1409 404 1444 ὲλάμδανενθ
422 1411 446 1436 εἰ
464 1410 500 1445 μὴ
514 1408 548 1445 ἦν
572 1411 731 1445 ὑπομείνας,
745 1411 795 1437 οὐκ
807 1410 840 1438 ἂν

55 1452 163 1484 ἢκουσε·
181 1462 190 1478 ι
207 1453 299 1480 Ζῶσαι
327 1454 420 1489 ὥσπερ
447 1454 515 1490 ἀνὴρ
529 1455 579 1490 τὴν
592 1455 677 1489 ὀσφύν
690 1464 747 1486 σου,
769 1465 778 1482 ι
794 1456 840 1482 καὶ

56 1497 91 1532 μὴ
107 1497 212 1526 σιώπα·
231 1499 288 1525 ἀλλ’
303 1499 427 1534 ὰνδρίζου
445 1501 512 1535 πρὸς
527 1500 576 1532 τὰς
602 1501 765 1536 ὲρωτήσεις’
785 1501 840 1537 ὅσῳ

55 1544 105 1579 γὰρ
118 1545 202 1579 ὀσφύς
215 1555 287 1578 τινος
300 1547 350 1573 οὐκ
365 1547 489 1579 ἑζωσται,
507 1547 565 1574 οὐδὲ
580 1547 782 1582 συνέσφιγκται,
794 1548 840 1574 ὰλ-
854 1537 875 1566 C

53 1588 84 1615 λὰ
96 1590 246 1624 λέλυται,οὺ
259 1592 368 1619 δύναται
384 1593 500 1627 εὐλόγως
514 1594 712 1628 ἀποκρίνασθαι
723 1594 838 1630 τῷθεῷ.

53 1635 95 1671 Μὴ
111 1637 247 1674 πρότερον
264 1636 309 1665 οὖν
331 1639 524 1674 ἁποκρινάσϐω
538 1647 578 1670 τις
594 1639 632 1674 τῷ
645 1639 715 1675 Θεῷ,
739 1640 786 1667 ἐὰν
803 1641 840 1677 μὴ

52 1682 117 1717 ἀνὴρ
134 1683 247 1719 γένηται
261 1684 361 1716 τέλειος
387 1685 436 1720 τὴν
450 1684 636 1720 πνευματικὴν
660 1686 766 1721 ἡλικίαν
794 1687 841 1713 καὶ

52 1727 97 1762 τὴν
110 1729 194 1763 ὀσφὺν
209 1730 341 1765 ξώςηται.

892 917 954 937 eum
967 909 1111 942 allocutus,
1125 909 1298 943 praemiorum
1313 909 1491 943 primordium
1507 915 1534 937 et
1547 911 1678 938 arrhabo-

894 963 954 983 nem
982 956 1005 983 ei
1040 955 1173 983 concedit.
1207 955 1429 989 Quandoquidem
1457 961 1549 984 autem
1579 957 1679 985 auditis

893 1001 1077 1036 superioribus
1101 1001 1146 1028 Dei
1173 1001 1363 1033 sermonibus,
1392 1008 1454 1027 cum
1477 1002 1551 1029 vices
1568 1010 1678 1037 respon-

893 1047 973 1074 dendi
994 1046 1030 1073 illi
1047 1046 1243 1077 incubuissent,
1265 1046 1364 1072 fiducia
1381 1045 1506 1080 loquendi
1520 1048 1677 1081 destitutus,

893 1093 1030 1120 silentium
1062 1092 1164 1127 egisset
1189 1091 1319 1126 (nondum
1345 1091 1418 1118 enim
1443 1092 1507 1119 illud
1533 1093 1676 1123 didicerat.

896 1146 906 1163 ‹
920 1137 1008 1165 Moses
1021 1137 1191 1172 loquebatur,
1205 1137 1274 1162 Deus
1288 1139 1377 1163 autem
1392 1144 1458 1164 voce
1468 1137 1493 1163 ei
1502 1134 1681 1171 respondit»),

894 1186 964 1212 Deus
985 1183 1109 1218 loquendi
1130 1183 1257 1210 liduciam
1271 1182 1295 1210 ei
1315 1183 1453 1218 impertit;
1473 1187 1601 1218 tantaque
1619 1184 1678 1219 ejus

894 1227 1048 1263 benignitas
1072 1231 1124 1261 est,
1147 1231 1177 1254 ut
1199 1235 1250 1254 non
1275 1228 1390 1262 judicia,
1412 1228 1460 1256 sed
1484 1236 1545 1256 cum
1567 1229 1678 1257 homine

894 1274 1065 1301 decernentis
1093 1280 1235 1308 personam
1262 1273 1498 1309 suscipiat:quod
1524 1275 1584 1302 aliis
1602 1275 1678 1302 Scri-

894 1325 979 1354 ptura:
991 1318 1058 1345 locis
1064 1317 1229 1351 ostenditur;
1239 1322 1278 1350 ut,
1292 1327 1301 1343 I
1308 1318 1414 1351 Venite,
1423 1324 1450 1345 et
1462 1326 1607 1354 arguamus
1621 1320 1642 1336 ⁸³
1651 1329 1658 1352 ς
1666 1329 1675 1346 ι

893 1372 943 1392 et:
965 1364 1105 1400 «Populus
1130 1371 1223 1396 meus,
1246 1365 1310 1399 quid
1338 1365 1389 1392 l'eci
1421 1365 1470 1392 tibi
1503 1365 1571 1392 ιιι»
1601 1366 1684 1399 Quod

894 1411 1031 1439 hominem
1059 1411 1221 1444 interroget,
1249 1411 1320 1444 quod
1349 1411 1501 1445 loquentem
1524 1412 1626 1445 audiat,
1651 1416 1680 1438 et

894 1458 966 1493 quod
989 1457 1168 1492 respondendi
1199 1456 1337 1484 licentiam
1366 1457 1516 1490 concedat,
1548 1457 1680 1484 hactenus

894 1504 1004 1540 praemio
1019 1511 1080 1531 eum
1095 1503 1165 1530 Deus
1175 1502 1276 1530 all‘ecit.
1293 1501 1322 1530 Si
1339 1503 1428 1530 victor
1442 1510 1495 1529 non
1508 1503 1656 1530 exstitisset
1669 1522 1686 1535 ..

894 1547 975 1582 508
989 1547 1128 1581 pra-mium
1144 1555 1196 1574 non
1213 1552 1394 1582 reportasset;
1412 1547 1433 1574 si
1454 1547 1537 1574 animi
1551 1552 1681 1575 constan-

894 1595 958 1621 tiam
977 1602 1031 1621 non
1048 1594 1222 1626 ostendisset,
1246 1594 1310 1620 illud
1331 1596 1422 1628 uthuc
1447 1602 1500 1621 non
1519 1594 1688 1627 audivisset“

895 1650 905 1666 ε
917 1640 1032 1676 Accinge
1046 1641 1117 1668 sicut
1131 1641 1173 1666 vir
1189 1640 1310 1667 lumbum
1329 1645 1415 1670 tuum.
1434 1649 1445 1666 ι
1466 1640 1520 1667 noli
1538 1640 1678 1668 silentium

893 1692 986 1721 agere,
997 1686 1043 1712 sed
1056 1685 1089 1712 ad
1103 1684 1319 1719 respondendum
1334 1685 1452 1712 animum
1465 1685 1568 1712 virilem
1585 1685 1676 1712 indue:

893 1736 1027 1767 quatenus
1048 1731 1119 1759 enim
1138 1731 1222 1758 lumbi
1246 1730 1360 1764 alicujus
1380 1731 1490 1758 minime
1511 1731 1625 1759 accincti
1650 1735 1684 1759 eL

53 1778 200 1811 rouslricti,
217 1779 265 1805 scd
294 1779 373 1805 soluti
393 1785 466 1812 sunt,
492 1780 514 1807 is
541 1780 607 1813 Deo,
627 1784 707 1814 prout
725 1785 936 1808 consentaneum
956 1784 1009 1812 est,
1030 1779 1195 1813 respondere
1215 1787 1266 1806 non
1292 1783 1388 1814 potest.
1409 1779 1462 1806 Deo
1494 1779 1574 1814 igitur
1598 1786 1678 1807 nemo

52 1825 123 1852 prius
139 1824 315 1857 respondeat,
339 1833 418 1859 quam
437 1825 571 1859 spirituali
591 1830 691 1853 statura
717 1826 758 1852 vir
773 1829 977 1852 consummatus
987 1825 1116 1855 evaserit,
1129 1829 1155 1851 et
1167 1825 1273 1852 lumbos
1284 1824 1445 1851 acciuxcrit.

83 1869 130 1903 Μὴ
143 1871 294 1898 ἁπυποιοῦ
305 1880 365 1906 μου
378 1872 409 1898 τὸ
424 1872 522 1907 κρῖμα.
537 1873 582 1909 Μὴ
598 1873 654 1899 οἵου
671 1873 776 1907 ἀλόγως
792 1881 839 1899 κε-

51 1915 158 1950 κρίσθαι
183 1925 228 1952 μοι
251 1917 336 1943 ταῦτα
351 1917 421 1954 ἅπερ
438 1918 596 1953 ὑπέμεινας,
627 1919 692 1954 μηδὲ
707 1918 840 1945 ἀποποιοῦ

51 1969 99 1995 μου
114 1962 143 1988 τὸ
154 1965 252 1999 κρῖμα.
269 1963 370 1990 Τούτου
384 1964 430 1990 τοῦ
451 1963 543 1999 ῥητοῦ,
556 1964 592 1995 ὡς
612 1964 747 2000 χρησίμου
771 1973 840 2000 μνη-

50 2008 216 2044 μονεύωμεν,
231 2010 295 2036 ὅταν
305 2010 319 2035 ὁ
329 2010 395 2042 Θεὸς
412 2009 508 2037 παθεῖν
522 2019 547 2036 τι
564 2011 636 2046 ἡμᾶς
649 2011 738 2047 κρίνῃ,
748 2011 841 2037 τέκνον

49 2053 205 2084 ἀποϐαλεῖν,
227 2054 314 2090 ἀρχὴν
327 2055 468 2086 ἀπολέσαι,
496 2056 607 2090 νοσῆσαι
624 2056 695 2082 κατὰ
705 2057 735 2082 τὸ
749 2056 840 2091 σῶμα,

49 2098 62 2123 ὅ
73 2107 97 2124 τι
112 2100 212 2135 δήποτε
223 2101 326 2127 τούτων
343 2101 509 2136 ὑποστῆναι·
534 2101 610 2127 οὐδὲν
628 2102 730 2128 τούτων
743 2099 798 2128 οἷόν
813 2110 842 2128 τε

48 2144 144 2171 παθεῖν
156 2147 243 2181 ἡμᾶς,
262 2146 299 2182 μὴ
314 2147 451 2182 κρίνοντος
461 2147 507 2173 τοῦ
523 2147 602 2175 Θεοῦ.
623 2147 699 2173 Ἐπεὶ
709 2146 755 2174 οὖν
768 2147 842 2174 οὐδὲν

47 2189 147 2216 τούτων
173 2192 280 2225 γίνεται
297 2191 380 2227 χωρὶς
403 2192 536 2228 κρίματος
563 2191 609 2218 τοῦ
636 2192 714 2223 Θεοῦ,
735 2192 842 2227 λέγεται

48 2236 113 2270 προς
127 2237 174 2263 τὸν
193 2237 314 2264 παθόντα
327 2246 333 2252 '
350 2247 359 2262 ι
375 2238 420 2272 Μὴ
443 2238 574 2264 ἀποποιοῦ
596 2247 646 2273 μου
669 2239 699 2264 τὸ
714 2239 810 2274 κρῖμα·
830 2248 838 2264 ι

931 1873 1010 1899 Vsus.
1032 1873 1059 1899 8.
1083 1871 1123 1898 Ne
1135 1871 1386 1906 repellarjudicium
1399 1878 1494 1899 meum.
1509 1871 1569 1899 Noli
1582 1873 1676 1900 existi-

894 1926 968 1946 mare
990 1925 1032 1945 me
1059 1924 1200 1952 perperam
1213 1921 1239 1943 et
1253 1918 1311 1943 sine
1327 1916 1441 1947 ratione,
1461 1924 1493 1943 ea
1507 1924 1567 1951 qua:
1581 1924 1678 1951 passus

892 1964 1077 1999 esjudicasse,
1095 1970 1182 1996 neque
1201 1962 1333 1997 judicium
1351 1969 1440 1988 meum
1455 1962 1585 1997 defugito.
1605 1962 1676 1991 Dicti

894 2010 972 2043 hujus
984 2009 1127 2036 utilitatem
1141 2007 1272 2034 memoria
1285 2007 1452 2040 recolamus,
1466 2015 1526 2034 cum
1542 2007 1611 2035 Dens
1622 2009 1677 2042 pati

894 2064 943 2083 nos
970 2054 1074 2090 aliquid
1101 2053 1263 2086 decreverit,
1291 2053 1315 2080 si
1340 2052 1486 2080 liberortun
1508 2053 1677 2089 orbitatem,

892 2102 1046 2129 dominatus
1064 2100 1249 2131 amissionem,
1269 2099 1393 2134 corporis
1410 2100 1598 2134 aegritudinem
1609 2121 1618 2134 ,
1635 2101 1677 2129 vel

891 2148 992 2182 aliquid
1011 2146 1164 2182 huiusmodi
1182 2145 1275 2173 subire
1288 2150 1414 2180 oporteat
1430 2155 1437 2174 :
1455 2147 1513 2174 ﬁeri
1532 2147 1603 2174 enim
1623 2156 1676 2176 non

891 2197 990 2228 potest,
1004 2197 1033 2219 ut
1048 2192 1107 2219 sine
1128 2191 1173 2218 Dei
1185 2191 1288 2225 judicio
1311 2191 1458 2226 quidquam
1478 2192 1572 2219 horum
1588 2193 1676 2226 patia-

892 2247 963 2266 mur.
975 2238 1040 2265 Cum
1057 2237 1148 2272 itaque
1162 2237 1265 2271 absque
1280 2236 1482 2270 divinojudicio
1497 2238 1564 2265 nihil
1581 2239 1680 2266 horum

48 2282 178 2314 τουτέστι,
195 2283 243 2318 Μὴ
267 2282 390 2318 ὰπαρνοῦ
416 2283 484 2318 ὅπερ
499 2283 594 2319 ἔκρινα
615 2284 679 2320 περὶ
707 2283 768 2310 σοῦ·
795 2284 839 2310 τὸν

910 2284 1010 2316 veniat,
1037 2284 1150 2310 adversa
1179 2282 1302 2310 toleranti
1332 2282 1440 2315 dicitur,
1471 2284 1530 2310 «Ne
1563 2284 1686 2318 repellas.

47 2326 168 2361 παρόντα
181 2327 257 2362 λέγει
267 2336 318 2362 χρη
324 2327 467 2363 ματισμόν.

81 2466 142 2492 οἴει
164 2466 199 2493 δέ
212 2475 254 2501 με
273 2466 373 2500 ἄλλως
389 2475 438 2494 σοι
461 2467 724 2502 κεχρηματικέναι,
744 2461 771 2504 ἣ’
787 2470 838 2497 ἵνα

45 2510 203 2546 ἀναφανῇς
217 2512 332 2546 δίκαιος
341 2521 351 2544 ;
380 2513 575 2549 ’Δπολογοῦμαι
590 2522 644 2540 σοι·
677 2514 777 2546 δίκαιος
791 2513 835 2550 ἧς,

45 2556 100 2582 ἀλλ’
127 2558 179 2584 οὐκ
205 2556 241 2593 ἧς
267 2559 394 2594 φανερός·
430 2559 567 2594 ὑπομονὴν
596 2557 688 2595 εἶχες·
722 2561 774 2587 ἔδει
803 2570 837 2596 με

44 2601 171 2643 ἀφορμῂν
193 2606 346 2640 παρασχεῖν
363 2605 408 2632 τοῦ
420 2605 522 2641 λάμψαι
543 2615 590 2633 σου
605 2606 654 2640 τὴν
678 2607 814 2643 ὑπομονήν
828 2615 835 2622 ·

45 2644 116 2682 εἶχες
128 2650 260 2685 ἀνδρείαν
270 2658 276 2665 ·
305 2650 361 2676 ἀλλ’
376 2651 525 2687 ἐκρύπτετο
537 2652 565 2678 ὲν
581 2651 636 2678 σοίο
657 2653 680 2678 οἱ
699 2653 836 2688 συμϐεϐη-

46 2696 121 2726 κότες
138 2695 216 2722 πόνοι
237 2695 340 2727 ἕδειξάν
357 2705 403 2722 σου
420 2697 468 2732 τὴν
491 2697 625 2733 ἀνδρείαν.
649 2697 756 2724 Τούτων
770 2707 837 2733 μνη-

45 2739 203 2775 μονεύωμεν
213 2741 245 2767 ὲν
257 2742 312 2771 τοῖς
323 2741 375 2768 τῶν
386 2742 570 2777 περιστάσεων
580 2746 692 2778 καιροῖς,
703 2744 749 2770 καὶ
757 2743 839 2776 δόξω-

889 2330 1020 2364 Jndicium
1039 2337 1138 2360 inermi,
1154 2338 1163 2356 ι
1187 2329 1214 2356 id
1232 2333 1284 2361 est,
1298 2329 1369 2363 quod
1387 2328 1420 2355 de
1435 2333 1460 2356 lc
1473 2328 1576 2363 judicio
1593 2330 1684 2358 statui,

891 2377 1024 2411 (praesens
1049 2375 1155 2402 scilicet
1186 2382 1344 2409 responsum
1373 2376 1475 2411 metu")
1505 2375 1558 2403 noli
1583 2376 1684 2404 deire-ﬁ

889 2428 975 2449 ctare.

926 2468 1011 2495 Putas
1026 2473 1112 2495 autem
1134 2476 1175 2495 me
1196 2468 1275 2495 aliter
1290 2469 1338 2496 tibi
1354 2468 1518 2502 respondisse
1530 2489 1538 2502 ,
1551 2476 1629 2500 quam
1647 2474 1681 2495 ut.

890 2519 1018 2546 appareat
1032 2511 1147 2546 justus?
1168 2511 1261 2540 Justus
1278 2520 1354 2545 eras,
1378 2512 1472 2544 fateor,
1500 2521 1595 2540 verum
1615 2513 1680 2541 aliis

891 2559 998 2593 ignotus
1010 2566 1018 2589 ;
1031 2558 1160 2592 patientia
1177 2558 1366 2590 instruebaris,
1380 2559 1428 2585 sed
1440 2562 1467 2584 ut
1481 2558 1617 2593 patientia
1628 2563 1676 2586 tun

890 2605 1015 2637 eniteret,
1034 2604 1205 2632 occasionem
1229 2611 1272 2631 me
1292 2604 1412 2638 praebere
1422 2604 1562 2638 oportuit;
1582 2605 1673 2632 animo

891 2650 953 2677 forti
967 2657 1037 2681 cras,
1053 2649 1100 2677 sed
1117 2649 1244 2676 latentem
1259 2649 1285 2676 in
1301 2653 1327 2676 te
1343 2648 1530 2677 fortitudinem
1544 2658 1673 2678 aerumna

891 2702 918 2724 et
935 2696 1064 2724 molestiae
1076 2703 1135 2730 qua:
1148 2695 1194 2723 tibi
1210 2696 1391 2730 contigerunt,
1405 2696 1571 2731 perspicuam
1584 2696 1675 2724 reddi-

893 2743 999 2770 derunt.
1029 2741 1128 2768 Horum
1155 2743 1337 2774 recordemur,
1363 2748 1425 2768 cum
1440 2741 1609 2770 calamitates
1625 2748 1674 2770 nos

81 2832 102 2846 “
124 2831 196 2859 l‘sat.
221 2839 322 2866 sum,
344 2831 387 2866 l3,
403 2833 448 2866 2i,
471 2841 544 2866 uxr,
575 2834 601 2860 9..
640 2834 659 2849 ¹⁷
687 2833 786 2862 .lcrcm.
809 2843 835 2867 ν,

927 2835 946 2850 ¹⁸
967 2833 1029 2860 Ιδιιί.
1045 2833 1122 2866 1,18.
1162 2834 1183 2849 ¹⁹
1204 2833 1284 2861 Mjelt.
1305 2842 1342 2869 VI,
1363 2835 1390 2862 3.
