1888 3051
220 90 291 118 10ιῖ

922 94 967 121 EX
987 91 1137 121 ()RIGENE

1776 90 1843 118 1048

217 156 356 187 premunt,
382 157 411 180 et
436 154 519 181 Deum
542 160 712 190 praesentem,
737 163 840 190 nosque
858 155 997 190 alloquen-

1080 162 1103 180 εν
1116 153 1164 179 τοῦ
1182 151 1251 178 Θεοῦ
1268 151 1378 178 ἀκούειν
1402 149 1535 186 παρόντος
1559 149 1608 176 καὶ
1623 149 1748 183 λέγοντος
1760 148 1841 183 ἡμῖν’

217 202 271 224 tem
290 198 384 225 audire
405 199 599 232 existimemus,
621 209 632 226 ε
650 201 765 228 Putasne
796 207 839 227 me
855 200 935 226 aliter
953 199 1001 226 tibi

218 244 401 278 respondisse,
415 254 424 270 ι
445 245 470 272 id
493 251 548 278 est,
566 250 662 273 tentari
679 251 704 274 te
719 254 826 281 passum
841 253 1000 281 esse,quam

217 293 245 316 ut
260 289 446 323 ignorantibus
456 290 563 324 justitia
584 296 628 318 tua
650 291 792 319 manifesta
807 292 873 319 liat?

254 333 336 362 ναις.
357 335 400 363 10.
421 335 532 364 Aseume
546 337 593 364 tibi
615 337 791 365 altitudinem.
820 338 896 366 Licet
917 338 1000 365 etiam

218 379 267 408 hoc
288 380 368 408 modo
385 389 480 409 versus
504 382 653 418 intelligere
666 391 672 407 :
687 386 777 412 Victus
800 391 816 410 a
837 389 863 411 te
879 387 1000 411 tentator

215 431 268 460 est,
288 426 370 455 animi
399 427 436 454 lui
458 427 645 456 celsitudinem
667 433 693 456 et
712 429 782 456 viret
802 435 862 457 tuas
882 436 999 462 resume,

214 478 344 499 coronam
355 473 465 507 accipe.
482 477 509 500 et
523 473 606 500 decus
622 473 702 501 imbre
715 481 722 500 :
737 474 837 501 bellum
856 474 902 502 tibi
917 474 1000 502 movit

213 517 393 551 conviciator,
412 523 439 546 tu
461 526 527 546 vero
549 519 703 554 superbiam
728 519 787 554 ejus
811 521 949 553 domuisti,
973 523 1000 548 et

212 569 278 590 cum
311 564 424 591 cohorte
455 571 503 592 sua
536 557 630 600 procul
666 565 742 592 illum
775 573 836 593 cum
867 565 1000 594 dedecore

214 607 324 644 fttgusli.

525 654 599 683 CAP.
621 655 690 684 XLI.

250 700 331 727 Vens.
345 699 372 727 5.
390 699 476 728 Lude:
496 705 583 728 autem
597 701 624 728 in
639 710 668 728 eo
684 702 753 729 sicut
763 702 806 728 avi
817 701 830 728 .’
843 706 888 728 aut
904 701 998 736 ligabie

212 752 274 772 eum
289 745 356 771 sicut
372 753 504 779 ponerem
519 754 600 780 puero
611 748 624 772 ν
640 745 741 781 Magni,
755 746 857 774 strenui
884 751 912 774 et
938 754 998 780 per-

213 789 278 818 fecti
293 790 376 817 anitni
395 790 507 824 gloriam
523 795 551 818 et
565 791 694 818 honorem
709 790 859 824 describit;
877 791 997 829 et_quod

212 836 296 864 draco
311 835 360 869 illi,
379 841 408 863 ut
423 844 516 871 passer
537 844 632 872 puero,
649 837 765 865 traditus
781 838 827 870 sit,
841 838 886 872 qui
908 826 996 871 puero
1012 825 1033 853 Β

214 890 312 910 nocere
327 890 380 910 non
398 887 508 917 potest:
531 890 599 918 puer
611 883 685 910 enim
699 889 759 910 eum
780 882 831 910 sibi
849 882 997 918 alligatum,

211 935 373 963 quocunque
395 927 451 954 vult
473 928 548 955 ducit
571 933 598 955 et
626 927 783 955 circumfert
800 935 807 955 :
822 929 893 955 haud
919 935 999 956 secus

211 973 297 1008 gratia
310 973 413 1006 divina,
435 973 521 1000 instar
541 973 671 1008 passeris,
687 973 714 1001 in
730 978 892 1008 potestatem
910 973 1000 1000 infan-

213 1019 279 1045 tium
298 1023 324 1046 et
341 1018 513 1050 lactentium,
538 1026 570 1046 ex
594 1026 709 1054 quorum
733 1026 781 1048 ore
805 1019 878 1047 Deus
893 1018 998 1046 laudem

211 1065 335 1099 perfecit,
350 1063 465 1092 Satanas
479 1065 586 1092 vinctus
601 1065 721 1092 devenit.

248 1110 329 1138 Vens.
349 1111 376 1138 6.
399 1110 549 1138 Pascuntur
563 1116 651 1139 autem
666 1112 695 1138 in
708 1119 738 1138 eo
749 1115 848 1146 gentes.
864 1110 999 1144 Quemad-

213 1159 319 1186 modum
338 1157 468 1185 Dominus
490 1158 628 1190 tidclium,
644 1157 682 1184 ita
703 1157 786 1185 etiam
803 1157 885 1185 draco
900 1156 998 1191 impio-

214 1211 274 1230 rum
291 1203 368 1230 cibus
384 1207 446 1230 est.
467 1211 477 1228 ‹
493 1202 595 1229 Dedisti
610 1202 682 1229 enim
704 1209 764 1229 etim
783 1208 872 1229 escam
893 1201 998 1236 populis

211 1248 394 1283 Ethiopibus.
412 1258 421 1274 ι
442 1248 468 1275 id
482 1253 524 1275 est
540 1248 603 1275 liliis
615 1248 801 1279 tenebrarum.
815 1248 862 1282 qui
878 1247 903 1274 in
923 1248 999 1282 igno-

211 1294 300 1321 rantia
312 1298 468 1322 versantur.
491 1292 634 1320 Vescimur
654 1293 728 1320 enim
746 1292 828 1328 509
840 1292 915 1320 omni
940 1299 998 1320 ser-

214 1348 294 1368 mone
310 1347 390 1374 quem
409 1339 522 1367 auribus
542 1339 711 1373 accipimus.
736 1338 779 1365 vel
796 1347 810 1364 τι
826 1338 957 1369 dracone.
974 1338 997 1365 si

212 1392 283 1412 vana
294 1390 321 1412 et
337 1384 424 1411 futilia
436 1383 640 1416 audiverimus;
661 1383 701 1410 vel
719 1391 734 1410 a
747 1382 867 1415 Christo,
880 1383 903 1410 si
916 1383 997 1410 verba

212 1430 374 1458 aediﬁcanda
388 1434 416 1457 et
432 1429 508 1456 utilia
525 1428 720 1463 acceperimus.

247 1475 328 1503 Vsus.
336 1476 352 1503 7
373 1475 455 1503 Omne
464 1475 589 1510 nauigans
598 1475 751 1502 convenient
758 1482 808 1502 non
817 1473 898 1509 ferent
906 1473 998 1508 pellem
1011 1491 1033 1520 α

213 1530 294 1550 unum
302 1522 394 1549 eandm
403 1524 471 1556 ejus.
479 1521 511 1549 UI
520 1521 621 1548 clarius
629 1521 745 1552 dicatur.
753 1521 875 1548 homines
882 1521 927 1556 qui
934 1527 997 1548 cor-

213 1567 326 1603 poribus
338 1572 466 1601 tanquam
478 1566 593 1601 navigiis
603 1571 726 1598 utuntur,
737 1566 864 1593 draconis
875 1569 996 1593 extrema

211 1617 239 1640 et
254 1612 348 1640 ultima
365 1619 414 1639 suo
430 1616 518 1639 marte
534 1611 669 1638 coniicere
687 1618 740 1638 non
760 1615 889 1646 possunt;
906 1611 996 1638 divina

210 1665 276 1686 vero
295 1657 415 1692 potentia
437 1656 514 1684 nobis
538 1656 708 1692 invigilante,
733 1661 818 1684 totum
835 1656 918 1684 etiam
934 1664 995 1684 eum

210 1707 322 1738 portare
333 1707 360 1729 et
373 1709 490 1730 enecare
501 1709 643 1737 possumus
655 1710 663 1729 :
681 1701 780 1737 singuli
798 1706 898 1735 autem,
912 1709 995 1736 quan-

213 1754 271 1777 tum
289 1749 315 1776 in
334 1748 412 1776 nobis
423 1753 475 1781 est,
492 1748 629 1776 diabolum
643 1753 730 1776 morte
746 1753 906 1780 mactemus.
919 1748 995 1784 juxta

211 1795 277 1823 illud
300 1795 323 1811 ²⁶
346 1804 352 1822 :
379 1805 389 1822 r
412 1795 542 1823 Dominus
556 1795 685 1822 Satanam
704 1795 754 1822 sub
770 1794 884 1830 pedibus
898 1794 997 1823 vestris

210 1840 343 1868 velociter
359 1844 491 1873 conta-et.
511 1849 521 1867 ι

245 1885 328 1913 Vens.
346 1886 391 1913 i5.
408 1885 441 1912 In
456 1893 548 1920 rugam
570 1885 682 1919 pectoris
697 1886 755 1921 ejus
773 1886 834 1922 quis
848 1886 937 1921 utique
954 1885 997 1912 in-

211 1931 369 1966 grediatur?
383 1930 450 1958 Pars
465 1931 588 1965 corporis
605 1931 632 1958 in
648 1938 701 1966 qua
717 1932 786 1959 ratio
804 1931 896 1959 sedem
915 1932 996 1958 habet

210 1982 240 2004 et
260 1977 404 2012 imperium
418 1981 545 2009 exercet,
561 1977 658 2004 thorax
672 1981 699 2005 et
721 1982 816 2012 peetus
834 1977 994 2012 appellatur.

211 2022 321 2049 Thorax
336 2021 395 2056 ejus
407 2020 520 2056 sintpch
538 2029 590 2048 non
606 2026 648 2048 est
660 2041 668 2054 ,
685 2027 811 2050 versutus
827 2027 854 2049 et
874 2022 996 2057 itnplica~

211 2071 255 2094 tus
269 2070 310 2094 est
323 2075 331 2094 :
346 2070 457 2093 sanctus
473 2070 564 2092 autetn
580 2065 707 2100 detegere
718 2074 790 2098 eum,
805 2070 833 2093 et
847 2065 994 2093 involutum

210 2119 271 2140 esse
286 2111 430 2139 ostendere
443 2115 548 2147 potest;
562 2110 621 2139 viro
632 2111 703 2139 enim
720 2116 816 2140 sancto
829 2111 994 2147 implicatum

212 2165 265 2185 non
277 2162 327 2184 85l-

249 2201 331 2230 Vstts.
349 2201 391 2229 16.
409 2201 523 2237 Spiritus
538 2207 625 2230 autent
640 2210 692 2230 non
710 2202 831 2229 transibit
843 2210 914 2229 eum.
929 2201 995 2228 Illud

211 2253 316 2280 autem,
343 2257 352 2273 ε
378 2255 431 2275 non
449 2248 593 2281 transibit,
606 2257 617 2274 ι
635 2255 687 2275 non
701 2248 773 2282 quod
791 2255 844 2275 non
858 2252 997 2282 pertrans-

211 2298 257 2321 eat
285 2299 310 2321 et
343 2298 503 2327 percurrat,
529 2294 576 2321 sed
606 2294 669 2329 quia
703 2294 770 2321 nihil
801 2294 888 2328 ipsum
918 2292 1000 2319 lateat

213 2347 364 2375 omnesque
378 2347 426 2374 per
443 2340 530 2374 ipsum
550 2340 667 2367 transire
681 2344 815 2375 oporteat.
832 2345 917 2374 quare
932 2345 998 2373 quo-

214 2385 304 2413 minus
319 2385 346 2412 in
362 2389 494 2420 potestate
508 2384 568 2419 ejus
583 2384 770 2418 detineantur,
788 2392 836 2412 nos
852 2385 923 2419 ipsos
937 2391 999 2410 cum

213 2432 302 2459 studio
321 2431 508 2466 accingamur.

249 2477 333 2504 Vens.
362 2476 404 2503 l8.
428 2476 460 2503 Et
482 2475 552 2502 oculi
573 2475 631 2510 ejus
656 2476 753 2509 specie:
775 2475 901 2510 Luciferi.
923 2475 999 2504 Oculi

214 2523 297 2558 igitur
313 2522 374 2555 ejus
393 2529 446 2548 non
471 2525 534 2548 sunt
554 2519 692 2553 Luciferi,
709 2520 755 2548 sed
776 2530 784 2546 ι
807 2519 923 2548 Luciferi
942 2528 1000 2554 spe-

213 2570 286 2601 cies;
299 2578 307 2594 ι
318 2567 528 2595 trausl'ormatur
538 2567 610 2594 enim
625 2567 650 2593 in
665 2566 786 2601 angelum
800 2567 877 2600 lucis;
890 2567 1000 2594 simulat

212 2621 242 2642 le
258 2623 317 2643 esse
330 2615 405 2643 sidus
422 2615 548 2649 cmleste,
564 2621 591 2642 ct
605 2614 658 2642 diei
675 2613 823 2650 symbolum
841 2614 997 2641 ementitur.

249 2705 331 2734 Vsus.
350 2707 394 2734 i9.
415 2707 497 2740 Quasi
518 2707 652 2743 lampades
668 2714 795 2735 accensa.
812 2705 869 2743 Ego
888 2706 995 2742 quidem

267 2793 288 2808 ’°
306 2794 378 2820 l'om.
396 2801 452 2827 xvi.
464 2794 511 2822 20.

1010 2168 1034 2198 1)

1055 208 1064 225 ι
1086 199 1143 225 Olet
1155 198 1184 225 δέ
1199 206 1231 233 με
1247 197 1335 229 ἄλλως
1355 205 1395 223 σοι
1421 194 1668 231 κεχρηματικέναι,
1690 203 1700 220 ι
1720 193 1843 220 τουτέστι

1051 246 1097 272 τὸν
1108 244 1258 280 πειρασμὸν
1271 242 1457 278 συγχωρῆσαι,
1470 242 1488 276 ἢ
1504 242 1547 268 ἵνα
1562 242 1617 272 τοῖς
1632 239 1763 275 ἀγνοοῦσι
1779 239 1843 274 δήλη

1053 290 1069 325 ἡ
1086 289 1119 324 σὴ
1133 288 1289 323 δικαιοσύνη
1304 285 1338 324 ᾗ,

1092 334 1235 362 Ἀνὰλαϐε
1245 334 1283 367 δὴ
1296 333 1384 367 ὕψος.
1401 332 1482 358 Ἐστι
1491 331 1520 358 δὲ
1532 332 1578 358 καὶ
1589 330 1662 358 οὕτω
1674 330 1775 365 νοῆσαι
1784 330 1844 361 τοὺς

1052 380 1175 416 στίχους·
1191 379 1347 414 Νενίκηκας
1365 379 1412 405 τὸν
1427 378 1590 414 πειραστήν·
1607 376 1728 404 statues
1749 385 1798 403 σου
1817 376 1845 402 τὸ

1051 427 1131 462 ὕψος·
1149 426 1267 454 ἀνᾶαὸέ
1281 435 1327 453 σου
1340 426 1390 461 τὴν
1412 425 1542 460 δύναμιν
1563 425 1753 458 στεφάνωσαι·
1774 423 1845 449 ἔνδυ-

1051 481 1096 500 σαι
1107 473 1282 509 εὐπρέπειαν.
1302 472 1331 499 Ὀ
1345 471 1475 507 ὑϐριστὴς
1489 470 1690 507 ἐστρατεύσατο
1703 469 1778 496 κατὰ
1790 468 1843 495 σοῦ·

1051 519 1084 546 σὺ
1094 519 1123 546 δὲ
1139 518 1185 545 τὸν
1200 519 1373 554 ὑπερήφανον
1389 517 1582 549 ὲταπείνωσας,
1595 516 1644 542 καὶ
1660 515 1778 551 μακρὰν
1791 515 1844 550 μετ’

1032 585 1034 587 ι
1049 564 1179 600 αἰσχύνης
1194 563 1368 599 ἀπέστρεψας
1382 562 1451 598 μετὰ.
1460 563 1511 597 τῆς
1529 561 1610 588 αὑτοῦ
1623 562 1783 596 φάλαγγος.

1358 655 1435 681 ΚΕΦ.
1453 654 1520 681 MA’.

1084 702 1180 737 Παίξῃ
1191 700 1225 728 δὲ
1235 701 1269 727 ἐν
1279 699 1359 733 αὐτῷ
1368 699 1468 734 ὥσπερ
1481 699 1586 734 ripe-etp;
1600 699 1618 733 ἦ
1632 697 1745 732 δήσεις
1757 697 1848 724 αὐτὸν

1048 748 1149 782 ὥσπερ
1162 747 1323 781 στρουθίον
1334 745 1442 779 παιδίῳ
1452 753 1462 777 ;
1477 745 1605 780 Μεγάλης
1618 745 1667 771 καὶ
1685 743 1846 779 ὲρῤωμ-ένης

1048 794 1096 821 καὶ
1113 793 1218 825 τελείας
1231 792 1319 827 ψυχῆς
1344 792 1488 828 διαγράφει
1501 791 1531 817 τὸ
1546 791 1632 822 τέλος,
1648 791 1692 817 ὅτι
1708 798 1743 824 γε
1759 790 1775 816 ὁ
1786 788 1847 824 δρά-

1049 849 1105 868 κων
1119 838 1202 874 αὺτῷ,
1216 838 1311 874 ὥσπερ
1322 837 1461 874 στρουθίον
1473 837 1653 872 παραδέδοται
1669 836 1788 871 παιδίῳ,
1800 844 1849 870 μη-

1048 885 1076 912 δὲ
1104 884 1202 920 βλάψαι
1226 884 1257 910 τὺ
1286 883 1390 910 παιδίον
1415 883 1573 917 δυνάμενον,
1588 883 1629 908 ὃτι
1643 882 1693 908 καὶ
1705 881 1849 916 δεδεμένον

1049 931 1116 958 αὐτὸ
1126 931 1187 965 ἄγει
1211 930 1278 957 ὅπου
1292 937 1322 963 γε
1335 928 1459 963 βούλεται
1470 928 1500 954 τὸ
1513 927 1618 954 παιδίον
1628 927 1678 954 καὶ
1688 925 1850 962 περιφέρει’

1048 975 1120 1003 οὕτω
1133 977 1166 1011 τῇ
1180 975 1271 1011 χάριτι
1286 974 1333 1001 τοῦ
1349 974 1463 1010 Κυρίου,
1473 973 1510 1005 ὡς
1522 972 1663 1009 στρουθίον
1677 971 1851 1006 ὑποχείριον,

1048 1022 1063 1048 ὁ
1079 1022 1201 1053 Σατανᾶς
1221 1020 1361 1055 δεδεμένος
1373 1019 1518 1054 γεγένηται
1535 1019 1591 1049 τοῖς
1604 1017 1715 1053 νηπίοις
1729 1016 1779 1043 καὶ
1804 1015 1851 1050 θη-

1048 1066 1185 1098 λάξουσιν,
1200 1061 1238 1092 ὧν
1253 1066 1285 1092 ὲκ
1298 1065 1430 1100 πόματος
1447 1064 1636 1100 κατηρτήσατο
1647 1061 1726 1089 αῐνον
1743 1062 1758 1088 ό
1773 1061 1849 1091 Θεῷ.

1090 1111 1296 1139 Ἑνσιτοῦντιιι
1321 1110 1356 1137 δὲ
1378 1110 1414 1137 ἐν
1436 1110 1516 1142 αὐτῷ
1537 1109 1622 1142 ἔθνη.
1653 1108 1766 1144 Ὥσπερ
1796 1106 1851 1132 τῶν

1049 1157 1153 1184 πιστῶν
1174 1157 1273 1193 βρῶμα
1299 1158 1313 1183 ὁ
1327 1156 1442 1192 Κύριος,
1460 1156 1546 1187 οὕτως
1559 1156 1573 1181 ό
1588 1154 1698 1189 δράκων
1712 1153 1770 1179 τῶν
1788 1153 1851 1178 ἀσε-

1048 1203 1103 1229 ϐῶν
1111 1211 1117 1218 ’
1132 1212 1141 1228 t
1153 1202 1277 1233 Ἔδωκας
1289 1201 1343 1237 γὰρ
1351 1201 1432 1228 αὑτὸν
1442 1200 1538 1236 βρῶμα
1545 1200 1620 1230 λαοῖς
1627 1201 1683 1231 τοῖς
1695 1198 1810 1232 Αἰθίοψι
1820 1207 1827 1212 ·
1839 1207 1848 1222 ι

1048 1249 1180 1280 τουτέστι,
1189 1249 1246 1279 τοῖς
1254 1248 1320 1279 υἱοῖς
1329 1246 1376 1274 τοῦ
1387 1247 1507 1278 σκότους,
1517 1248 1572 1278 τοῖς
1586 1246 1615 1271 ἐν
1629 1244 1768 1279 ἀγνωσία.
1779 1244 1850 1270 Καθ’

1048 1295 1162 1321 ἕκαστον
1174 1293 1228 1330 γὰρ
1248 1293 1326 1327 λόγον
1339 1293 1369 1319 ὃν
1394 1291 1612 1328 παραδεχόμεθα,
1637 1290 1700 1325 ἦτοι
1730 1289 1789 1316 ἀπὸ
1803 1288 1850 1315 τοῦ

1047 1340 1192 1376 δράκοντος
1217 1339 1353 1374 ἐσθίομεν,
1374 1338 1421 1364 ἐὰν
1449 1335 1666 1372 παραδεξώμεοα
1679 1335 1772 1370 ἀκοὴν
1802 1343 1853 1369 μα-

1047 1386 1137 1417 ταίαν,
1153 1385 1170 1421 ἢ
1185 1385 1238 1412 ἀπὸ
1249 1384 1297 1411 τοῖ’)
1309 1383 1439 1420 Χριστοῦ,
1465 1383 1512 1409 ἐὰν
1527 1379 1752 1420 παραδεξώμεοα
1769 1380 1852 1415 λέγον

1048 1431 1241 1467 οἰκοδομοῦντα
1253 1431 1300 1458 καὶ
1319 1428 1484 1465 ὠφελοῦντα.

1085 1476 1150 1504 Πᾶν
1165 1475 1199 1503 δὲ
1213 1477 1332 1503 πλωτὸν
1345 1477 1498 1503 συνελθὸν
1510 1476 1546 1503 οὺ
1553 1474 1596 1509 μὴ
1611 1473 1763 1509 ἐνέγκωσι
1775 1474 1851 1507 ,Βιὲρ

1049 1530 1111 1549 σαν
1123 1522 1198 1557 μίαν
1213 1522 1304 1556 οὐρᾶς
1322 1522 1426 1549 αὑτοῦ.
1442 1521 1611 1557 Σαφέστερον
1630 1520 1660 1546 δὲ
1687 1521 1785 1546 εξπεῖν
1798 1528 1804 1534 ”
1822 1520 1851 1546 Ol

1050 1559 1198 1602 ἄνθρωποι,
1211 1567 1236 1594 οἱ
1261 1567 1363 1599 πλοίοις
1374 1568 1430 1597 τοῖς
1446 1566 1552 1601 σώμασι
1574 1565 1725 1601 χρώμενοι,
1753 1564 1795 1591 τὰ
1809 1572 1852 1590 τε·

1050 1612 1159 1640 λευταῖα
1174 1612 1221 1640 τοῦ
1233 1613 1376 1649 δράκοντος
1393 1614 1440 1639 καὶ
1454 1613 1488 1639 τὰ
1500 1612 1602 1647 ἔσχατα
1616 1611 1763 1646 νεχρῶσαι
1774 1610 1854 1637 αὐτοὶ

1050 1659 1110 1686 καθ’
1125 1660 1237 1691 ἑαυτοὺς
1250 1659 1279 1686 οὐ
1293 1658 1429 1686 δύνανται·
1444 1658 1519 1690 θείας
1534 1657 1563 1684 δὲ
1573 1657 1719 1692 δυνάμεως
1734 1657 1853 1683 ἐπισκο-

1050 1704 1163 1740 πούσης,
1179 1705 1227 1732 καὶ
1239 1705 1298 1732 ὅλον
1317 1704 1398 1731 αὐτὸν
1414 1703 1525 1739 κομίσαι
1543 1704 1590 1729 καὶ
1604 1702 1748 1738 νεκρῶσαι
1772 1702 1852 1729 δυνά-

1051 1749 1130 1785 μεθα.
1143 1750 1301 1785 Νεκροῦμεν
1313 1749 1342 1776 δὲ
1356 1749 1479 1780 ἕκαστος,
1499 1747 1529 1775 τὸ
1545 1748 1605 1774 ὅσον
1618 1747 1660 1781 ἐφ’
1679 1747 1790 1783 ἑαυτῷ,
1808 1747 1854 1773 τὴν

1048 1793 1180 1827 διάϐολον,
1198 1794 1267 1821 κατὰ
1282 1794 1321 1820 τό·
1343 1803 1351 1819 ι
1375 1794 1405 1820 '0
1420 1793 1448 1820 δὲ
1460 1792 1526 1824 Θεὸς
1543 1792 1684 1828 συντρίψει
1695 1791 1746 1818 τὸν
1766 1800 1851 1818 cata.-

1048 1842 1098 1869 νᾶν
1110 1841 1161 1868 me
1176 1841 1239 1871 τοὺς
1254 1840 1336 1871 πόδας
1350 1839 1427 1874 ὑμῶν
1440 1840 1469 1866 ὲν
1482 1838 1569 1873 τάχει.
1590 1846 1600 1864 ι

1084 1888 1137 1920 Εις
1160 1885 1270 1918 πτύειν
1290 1883 1422 1918 θώρακος
1434 1882 1527 1911 αὑτοῦ
1551 1882 1598 1916 τίς
1623 1882 1662 1909 ἂν
1686 1882 1847 1913 εισέλοοι,

1049 1931 1145 1968 Θώραξ
1161 1931 1208 1958 καὶ
1224 1930 1320 1966 στῆθος
1331 1929 1502 1965 ὀνομάζεται,
1517 1928 1584 1955 ὅπου
1601 1927 1660 1954 ἐστὶ
1670 1927 1702 1954 τὸ
1716 1928 1852 1964 ἡγεμονε-

1049 1977 1105 2004 κόν.
1131 1977 1186 2011 οὐχ
1213 1975 1314 2007 ἁπλοῦς
1326 1976 1397 2002 ἐστιν
1410 1976 1424 2001 ό
1441 1973 1531 2009 θώραξ
1543 1972 1624 1999 αὐτοῦ
1634 1981 1641 1988 ·
1657 1972 1752 2005 δόλιικ
1765 1975 1848 2003 ἐστιν,

1049 2023 1217 2057 ὲπτυγμένος
1233 2020 1319 2047 ἐστίν’
1338 2021 1414 2055 ἅγιος
1428 2019 1456 2046 δὲ
1470 2019 1590 2053 ἐλέγχειν
1610 2018 1694 2044 αὐτὸν
1720 2018 1847 2050 δύναται,

1049 2068 1096 2095 καὶ
1112 2067 1207 2100 δεῖξαι,
1237 2067 1277 2094 ὅτι
1292 2066 1423 2093 Επτυκται
1435 2073 1442 2080 ·
1472 2064 1511 2100 τῷ
1525 2064 1580 2100 γὰρ
1595 2063 1668 2099 ἁγίῳ
1690 2064 1748 2091 οὐχ
1771 2065 1849 2091 ἐπτυ-

1049 2122 1122 2141 κται.

1080 2202 1200 2237 Πνεῦμα
1227 2202 1261 2229 δὲ
1289 2203 1325 2229 οὐ
1345 2201 1388 2237 μὴ
1404 2201 1507 2236 διέλθῃ
1531 2201 1635 2228 αὐτόν.
1662 2200 1712 2233 Τὸ,
1732 2209 1744 2226 ί
1762 2202 1794 2227 0-3
1808 2205 1846 2235 μη

1045 2248 1146 2284 διέλθῃ,
1166 2258 1174 2274 ι
1188 2249 1237 2283 οὐχ
1249 2249 1289 2275 ὅτι
1314 2248 1344 2274 οὐ
1361 2248 1495 2283 διέρχεται
1512 2247 1558 2274 καὶ
1574 2247 1763 2282 παρέρχεται,
1789 2246 1847 2273 ἀλλ’

1045 2294 1086 2320 ὅτι
1097 2294 1172 2320 οὐδὲν
1185 2294 1265 2320 αὐτὸν
1277 2293 1419 2321 λανθάνει·
1438 2293 1540 2324 πάντας
1552 2293 1593 2319 δεῖ
1601 2292 1634 2319 δι’
1647 2293 1737 2320 αὐτοῦ
1749 2292 1845 2319 ἐλθεῖν.

1051 2340 1179 2371 Ἑαυτοὺς
1195 2338 1241 2366 οὗν
1253 2339 1516 2375 παρασκευάσωμεν,
1527 2339 1574 2366 τοῦ
1588 2339 1625 2375 μὴ
1636 2339 1847 2375 κατασχεθῆναι

1046 2385 1092 2413 ὑπ’
1105 2385 1197 2414 αὑτοῦ.

1087 2480 1120 2507 Ol
1149 2478 1183 2506 δὲ
1208 2478 1355 2513 ὀφθαλμοὶ
1378 2477 1472 2505 αὐτοῦ
1498 2476 1578 2510 εἶδος
1599 2477 1789 2513 Ἑωσφόρου.
1818 2478 1849 2503 οι

1049 2525 1185 2561 ὀφθαλμοὶ
1196 2524 1261 2559 γοῦν
1277 2523 1359 2550 αὐτοῦ
1373 2523 1423 2550 οὐκ
1437 2523 1506 2549 εἰσὶν
1524 2522 1690 2559 Ἑωσφόροι,
1709 2525 1768 2551 ἀλλ’
1784 2533 1795 2549 ‹
1812 2522 1850 2550 εἴ·

1048 2573 1093 2604 δος
1111 2571 1279 2607 Ἑωσφόρου·
1304 2579 1312 2596 ι
1335 2569 1602 2606 μετασχηματίζεται
1623 2569 1683 2605 γὰρ
1709 2572 1751 2602 εἰς
1765 2570 1848 2605 ἄγγε-

1049 2618 1094 2644 λον
1108 2617 1205 2652 φωτός.
1221 2616 1411 2652 Προσποιεῖται
1424 2613 1492 2641 εἶναι
1503 2614 1631 2650 οὐράνιος
1645 2616 1749 2652 ἀπήρ-
1763 2624 1849 2651 προδ-

1051 2664 1167 2690 ποιεῖται
1188 2661 1319 2698 σύμϐολον
1333 2661 1449 2697 ἡμέρας.

1091 2706 1140 2740 Ὧς
1151 2705 1305 2741 λαμπάδες
1319 2704 1481 2739 καιόμεναι.
1495 2701 1579 2739 Οἶμαι
1596 2703 1649 2740 μὲν
1672 2705 1722 2733 καὶ
1744 2705 1846 2735 πάντας
