1888 3051
190 121 258 149 3055

899 117 945 145 EX
965 117 1117 146 ORIGENE

1755 118 1829 146 1056

189 183 280 213 pacto,
308 178 393 205 Deum
420 177 488 205 dicit
511 184 570 205 esse
592 177 711 212 primum
728 177 966 204 administratoren

1053 179 1167 216 ;0ap-.ov
1195 180 1242 206 καὶ
1266 179 1423 214 ἀγέννητον,
1441 178 1488 206 καὶ
1505 177 1613 214 πρῶτον
1639 176 1769 212 βασιλέα.
1791 176 1829 209 ἣν

191 225 293 251 nmndi.
319 226 406 258 Super
431 225 520 250 oumia
554 228 642 250 autem
669 222 752 249 Deum
776 222 868 250 dicunt
893 230 974 249 esse:

190 271 297 298 Animal
321 269 524 303 incorruptibiie
549 273 577 296 et
603 276 656 295 non
672 269 805 302 genitum,
820 272 846 295 et
861 269 975 302 primum

191 317 303 350 Regem,
318 323 398 349 quem
416 315 499 341 habet
517 314 604 341 locmn
620 314 766 340 universus
778 314 904 341 mundus.

226 360 254 387 In
280 360 398 394 quinque
424 359 510 385 libros
532 358 659 385 dividunt
684 357 789 385 llebrzei
806 357 975 385 Psalmorum

191 407 299 438 librum,
323 413 439 440 quorum
457 405 561 439 primus
583 409 644 432 est:
666 414 675 431 ι
690 405 788 432 Beatus
804 405 845 431 vir
859 405 905 439 qui
923 412 976 431 non

189 452 258 479 abiit
282 452 308 478 in
336 450 452 478 consilio
479 451 623 486 impiorum
638 451 671 483 “,
687 460 696 476 ι
723 458 809 484 usque
833 452 866 477 ad
897 450 976 477 linem

189 497 392 531 quadragesimi
418 497 514 531 p~almi
527 505 533 529 ;
548 497 683 524 srcundus
699 504 704 521 :
724 506 733 522 ι
745 497 976 530 Quemmlmodmu

189 543 323 569 desiderat
340 550 418 569 cerva
427 543 459 572 ",
472 551 481 568 t
502 550 587 576 usque
608 542 641 569 ad
665 542 897 576 septuagesimum
921 543 977 578 pri—

189 594 282 618 mum;
299 587 395 614 tertius
411 595 418 612 τ
435 587 542 620 (Quam
569 588 654 614 hortus
679 587 760 614 Israel
792 587 861 614 Deus
897 589 977 616 rectis

190 633 272 660 corde
283 632 317 664 ",
332 641 342 658 ›
357 640 441 667 usque
459 633 493 659 ad
515 633 711 666 octogt-simum
737 638 872 660 octavum.
893 633 979 666 Quar-

190 681 233 704 tus
249 685 256 703 :
274 686 283 702 (
299 677 422 708 Domine,
444 676 578 712 refugium
603 677 685 712 514
703 677 791 704 factus
808 684 838 704 es
857 677 935 705 nobis
951 679 976 704 in

188 723 362 757 generatione
370 727 397 749 et
409 723 582 755 generatione
593 723 626 756 “,
644 733 653 748 1
666 731 750 757 usque
758 723 790 749 ad
801 724 977 751 centesimum

189 769 329 802 quintum;
341 768 452 803 quintus
465 776 472 795 :
486 777 495 794 ι
509 768 680 795 Conﬁtemini
698 768 850 802 Domino",
864 779 873 796 ι
893 777 979 804 usqtte

189 815 222 841 ad
237 815 328 842 tinent.

224 861 281 895 Ego
304 868 367 888 vero
392 859 548 887 arbitrabar
564 860 589 886 itt
608 860 678 887 libro
702 860 870 888 Psalmorum
895 849 1013 889 untth

189 906 230 934 sic
259 907 419 942 iuscr'ptum
452 914 542 933 esse:
571 906 691 934 «Oratio
721 907 822 942 Moysis
859 908 978 935 hotninis

194 952 240 979 Dei
250 952 285 979 ".
301 961 311 978 ι
327 952 380 979 Sed
397 952 493 978 deinde
509 953 684 985 qtuestionem
704 952 736 979 de
751 953 911 986 quibusdam
931 953 976 980 Dei

190 997 310 1025 oraculis
341 1005 453 1024 movens
468 997 540 1024 Jullo
555 998 729 1032 patriarchze,
742 1003 766 1025 et
787 999 893 1025 cuidam
907 999 977 1033 apud

189 1041 299 1070 Iudaeos
313 1044 444 1078 sapientis
461 1043 561 1070 [auitam
578 1043 699 1075 habenti,
713 1043 813 1076 audivi,
828 1043 854 1070 in
867 1045 978 1071 univer-

190 1096 221 1116 so
235 1088 405 1116 Psalmorutn
423 1088 493 1115 libro
507 1096 521 1114 a
538 1089 627 1123 primo
642 1092 669 1115 et
681 1089 800 1115 secundo
815 1088 918 1123 psalmo
929 1096 977 1116 eos

191 1133 237 1167 qui
260 1134 329 1168 apud
352 1133 481 1160 Hebraeos
505 1133 681 1167 inscriptione
702 1137 809 1164 carent,
823 1133 863 1160 vel
880 1133 976 1160 inscri-

190 1179 308 1213 ptionem
323 1179 431 1213 quidem
446 1179 559 1211 habent,
575 1179 621 1206 sed
646 1186 698 1206 non
717 1179 858 1213 scriptoris
868 1187 975 1212 nomen,

191 1224 225 1251 ad
240 1231 301 1250 eum
317 1225 477 1258 scriptorem
493 1224 632 1258 pertinere
644 1224 720 1258 cujus
736 1231 833 1251 nomen
850 1223 938 1251 fertur
950 1225 975 1251 in

191 1270 353 1304 praecedenti
371 1270 461 1304 primo
494 1269 599 1304 psalmo
627 1270 674 1304 qui
702 1277 808 1296 nomen
834 1270 976 1304 scriptoris

191 1315 282 1344 habet.
303 1315 350 1342 llis
369 1320 458 1342 autem
490 1316 523 1342 de
551 1315 632 1342 rebus
649 1316 732 1342 verba
758 1315 871 1348 faciens,
889 1317 977 1351 primo

191 1360 298 1387 dicebat
319 1360 448 1387 tredecim
465 1367 526 1387 esse
542 1359 643 1394 Moysis
659 1359 789 1393 psalmos.
804 1359 871 1387 Cum
885 1366 976 1388 autem

190 1413 223 1432 ex
239 1405 273 1433 iis
283 1413 342 1440 qua:
355 1406 508 1437 audieram,
526 1413 683 1440 reponerem
700 1406 762 1440 ipsi,
777 1406 901 1433 undecim
916 1410 975 1433 tan-

192 1457 246 1478 tum
264 1460 344 1479 esse:
361 1456 535 1486 percontatus
561 1451 660 1479 deimle
679 1459 742 1478 eum
763 1453 808 1486 qui
827 1454 895 1486 apud
915 1452 976 1480 illos

191 1497 300 1530 sapiens
324 1498 461 1529 audiebat,
487 1498 587 1525 edidici
614 1505 675 1525 esse
703 1505 798 1525 revera
828 1498 1011 1546 undecinnc

191 1549 308 1576 quorum
333 1543 495 1577 octogesimi
519 1544 628 1578 quidem
656 1543 719 1570 noni
746 1543 854 1570 initium
891 1548 974 1571 erat:

196 1588 339 1620 «Domine,
358 1589 493 1624 refugium
521 1590 609 1616 lactus
624 1597 654 1616 es
666 1590 744 1616 nobis
762 1590 788 1616 in
802 1591 976 1625 generatione

190 1638 220 1662 et
236 1635 430 1668 generatione;
442 1644 451 1661 ι
473 1635 613 1668 sequentis
636 1643 699 1662 vero
714 1636 760 1670 qtti
774 1637 844 1670 apud
862 1643 910 1663 nos
927 1644 977 1663 no-

191 1679 351 1714 nagesimus
376 1680 475 1712 fertur,
503 1681 611 1708 initium
643 1687 724 1708 erat:
741 1690 750 1707 ι
764 1681 814 1715 Qui
834 1681 936 1709 habitat
950 1682 975 1709 in

191 1725 329 1760 adjutorio
351 1726 526 1759 Altissimi",
541 1737 550 1753 ι
565 1735 647 1762 quem
672 1727 755 1754 etiam
782 1728 891 1755 diccbat
916 1735 977 1756 esse

192 1770 302 1807 Moysis.
319 1771 374 1798 lino
390 1773 471 1800 etiam
488 1780 565 1804 ettin,
578 1773 626 1808 qui
649 1773 853 1807 inscriptionem
867 1774 976 1809 quidem

193 1816 283 1847 habet,
300 1817 348 1844 sed
364 1818 423 1845 sine
436 1818 578 1852 scriptoris
601 1819 728 1851 nomine;
746 1827 841 1854 nempe
855 1827 976 1855 nonage-

193 1863 291 1890 simum
314 1864 431 1898 primum
448 1864 489 1891 sic
516 1864 678 1899 inscriptum
692 1872 699 1890 :
716 1874 724 1890 ι
739 1863 860 1892 Psalmus
877 1866 975 1892 cantici

193 1907 220 1935 lu
239 1908 309 1935 diem
340 1908 516 1940 Snbbaii“,)
533 1908 633 1944 Moysis
662 1915 723 1936 esse
753 1909 870 1942 dicebat,
899 1911 977 1945 cujus

196 1953 301 1980 initium
315 1961 321 1980 :
340 1963 349 1979 ι
363 1954 464 1981 Bonum
479 1959 521 1982 est
535 1954 658 1982 conﬁteri
683 1955 808 1988 Domino,
825 1961 851 1982 el
863 1957 977 1990 psallere

195 2000 296 2026 nomini
321 2005 375 2031 tuo,
400 1999 606 2029 Altissime".t
627 2000 804 2034 lnscriptione
820 2007 909 2028 autem
932 2010 977 2029 ca-

195 2052 258 2072 rere
273 2052 334 2071 cnm
362 2045 407 2078 qui
433 2046 621 2078 nonagesimus
633 2046 770 2073 secundus
788 2046 884 2080 fertur,
901 2048 977 2081 cuius

194 2089 301 2118 initium
328 2100 334 2117 :
363 2091 516 2116 «Dominth~
548 2091 680 2125 regnavit,
709 2092 835 2119 decorem
867 2093 977 2122 indutus

193 2133 278 2163 est“,
295 2143 303 2159 ι
317 2143 396 2169 quem
411 2142 438 2162 el
453 2137 538 2171 ipsmu
563 2137 668 2164 dicebat
689 2145 749 2165 esse
766 2138 865 2174 Moysis
879 2147 886 2166 :
900 2141 977 2168 simi-

1029 225 1083 261 ἓχει
1099 226 1189 262 χώραν
1203 227 1217 252 ὸ
1229 226 1339 261 σύμπας
1351 225 1461 260 κόσμος.

1064 362 1111 393 Εἰς
1128 361 1206 388 πέντε
1220 361 1309 396 βιϐλία
1321 360 1376 395 (l8)
1397 359 1545 395 διαιροῦσιν
1567 357 1752 394 Ἐϐραίοιεήν
1769 358 1824 384 τῶν

1027 408 1149 444 Ψαλμῶν
1179 407 1267 442 βίϐλον
1283 416 1289 422 ·
1314 405 1351 433 ὧν
1375 407 1405 433 τὸ
1431 406 1480 442 μὲν
1501 405 1625 442 πρῶτον·
1647 415 1656 431 ι
1674 404 1824 441 Μακάριος

1027 454 1096 490 ἀνὴρ
1112 454 1141 486 ὃς
1160 454 1209 480 οὐκ
1223 453 1356 489 ἐπορεύθη
1379 454 1408 479 ὲν
1426 452 1506 488 βουλῇ
1521 451 1638 480 ἀσεόὦν.
1657 461 1666 477 ι
1687 451 1744 482 ἕως
1768 450 1822 476 τῶν

1027 501 1187 527 τελευταίων
1195 500 1242 526 τοῦ
1258 497 1476 535 τεσσαρακοστοῦ
1488 507 1495 513 ·
1517 498 1547 524 τὸ
1558 498 1586 524 δὲ
1596 497 1738 532 δεύτερον·
1756 506 1766 521 ι
1774 498 1823 522 Ὀν

1027 547 1127 583 τρόπον
1144 546 1298 580 ὲπιποθεϊὴ
1314 545 1420 579 ἔλαφος,
1443 556 1451 570 ι
1469 545 1520 576 ἕως
1535 543 1643 580 πρώτου
1665 543 1819 578 ἑϐδομηκο-

1029 591 1106 618 στοῦ-
1137 590 1167 616 τὸ
1193 590 1220 616 δὲ
1239 589 1346 624 τρίτον*
1379 598 1388 614 ι
1414 589 1458 620 Ὠς
1480 588 1580 622 ἀγαθὸς
1604 587 1644 623 τῷ
1667 587 1781 622 Ἰσραὴλ
1806 587 1821 612 ὁ

1031 635 1097 667 Θεὸς
1111 637 1166 667 τοῖς
1186 634 1276 661 εὺθέσι
1292 636 1325 670 τῇ
1343 633 1452 669 καρδίᾳ,
1464 643 1472 659 ι
1493 633 1545 666 ἕως
1557 637 1613 669 πη’·
1626 633 1658 659 τὺ
1677 632 1707 659 δὲ
1723 632 1822 667 τέταρ-

1027 691 1087 709 τον·
1107 691 1116 707 ι
1132 681 1229 717 Κύριε,
1243 680 1389 715 καταφυγὴ
1404 680 1535 715 ἐγενήθης
1548 680 1614 715 ἡμῖν
1629 680 1659 705 ὲν
1674 679 1762 714 γενεᾷ
1775 678 1824 705 καὶ

1027 728 1134 762 yet/ei,»
1152 727 1204 758 ἕως
1216 722 1264 752 ἓιτοῦ
1276 728 1324 763 ρξ’·
1343 726 1373 752 τὸ
1382 725 1411 752 δὲ
1426 725 1559 760 πέμπτοψ
1573 734 1583 751 ι
1594 723 1822 760 Ἑξομολογεῐσθε

1027 774 1066 809 τῷ
1082 773 1186 810 Κυρίῳ,
1205 783 1214 799 ι
1232 773 1284 805 ἓως
1295 773 1347 800 τῶν
1365 772 1497 808 ἐσχάτων.

1068 858 1138 893 Ἐγὼ
1150 860 1198 894 μὲν
1215 859 1293 895 ᾢμην
1301 859 1349 886 ἕνα
1362 857 1432 886 εἶναι
1450 858 1479 885 ὲν
1498 859 1530 894 τῇ
1548 858 1630 894 βίϐλῳ
1652 858 1711 884 τῶν
1749 857 1823 883 Ψαλ-

1029 905 1097 940 μῶν,
1113 905 1141 936 ὃς
1161 905 1366 941 ἐπεγέγραπτο·
1384 913 1392 930 ι
1414 905 1555 940 Προσευχὴ
1572 903 1619 930 τοῦ
1637 904 1751 938 Minuci;
1774 904 1823 930 ἁν-

1027 950 1137 986 Ορὼπου
1150 950 1197 977 τοῦ
1214 950 1296 977 Θεοῦ·
1315 960 1324 976 t
1355 950 1386 977 τὸ
1414 950 1526 986 ὕστερον
1550 950 1577 976 δὲ
1604 949 1824 984 ἀνακινούμενος

1027 996 1090 1031 περί
1103 1005 1182 1023 τινων
1194 995 1291 1030 λογίων
1303 995 1370 1022 Θεοῦ
1393 995 1498 1031 Ὶούλλῳ
1510 995 1549 1031 τῷ
1565 994 1728 1030 πατριάρχῃ
1740 1014 1748 1027 ,
1775 993 1825 1020 καί

1026 1050 1080 1068 τινι
1102 1041 1156 1068 τῶν
1185 1041 1410 1077 χρηματιζόντων
1436 1041 1511 1077 παρὰ
1543 1041 1684 1072 Ἰουδαίοις
1711 1037 1823 1073 σοφῶν,

1026 1087 1143 1122 ἀκήκοα,
1161 1087 1201 1113 ὃτι
1229 1087 1262 1113 δι’
1277 1087 1340 1123 ὅλης
1353 1087 1402 1122 τῆς
1431 1086 1522 1122 βίῦλου
1544 1086 1599 1122 (l9)
1615 1086 1671 1113 τῶν
1692 1085 1823 1120 Ψαλμῶν

1027 1132 1082 1158 ἀπὸ
1093 1132 1147 1159 τῶν
1163 1135 1187 1160 α’
1199 1133 1246 1160 καὶ
1269 1132 1302 1168 β’,
1317 1133 1342 1158 οἱ
1356 1133 1420 1168 παρ’
1444 1132 1579 1168 Ἐὃραιοις
1591 1131 1794 1166 ἀνεπίγραζοι,
1805 1130 1823 1165 ἦ

1026 1178 1181 1214 ἐπιγραφὴν
1195 1178 1242 1214 μὲν
1255 1178 1371 1214 ἔχοντες,
1382 1178 1444 1214 οὐχὶ
1452 1178 1481 1205 δὲ
1491 1178 1522 1205 τὸ
1536 1178 1621 1213 δνομα
1632 1177 1682 1204 τοῦ
1693 1177 1825 1212 γρώψαν-

1026 1232 1081 1255 τος,
1094 1224 1197 1250 ἐκείνου
1213 1224 1281 1250 εἰσὶν
1292 1220 1322 1250 οὗ
1340 1224 1370 1250 τὸ
1396 1224 1482 1260 ὄνομα
1501 1224 1613 1259 φέρεται
1632 1223 1663 1249 ὲν
1696 1222 1739 1257 τῷ
1769 1222 1825 1257 πρὸ

1025 1268 1128 1295 τούτων
1139 1269 1294 1305 ἐπιγραφὴν
1310 1269 1398 1305 ἔχοντι
1418 1269 1527 1305 ψαλμιῖι.
1545 1269 1600 1295 Καὶ
1622 1268 1690 1304 περὶ
1715 1267 1826 1294 τούτων

1026 1314 1121 1349 λέγων,
1137 1315 1267 1352 πρότερον
1282 1316 1330 1351 μὲν
1347 1315 1475 1350 ἔφασκεν,
1494 1316 1535 1342 ὅτι
1550 1313 1736 1350 τρισκαίδεκα
1751 1314 1826 1340 εἰσιν

1026 1360 1051 1386 οἱ
1061 1360 1108 1386 τοῦ
1118 1360 1257 1392 Μωῦσέως
1266 1369 1273 1376 ⁸
1286 1360 1324 1392 ὡς
1337 1360 1366 1388 δὲ
1374 1361 1402 1394 ἐξ
1413 1358 1450 1387 ὢν
1460 1361 1567 1395 ἀκήκοα
1581 1361 1627 1386 καὶ
1640 1359 1763 1391 αὐτὸς...
1773 1360 1825 1394 τὴν

1027 1405 1157 1441 ἀνέφερον
1169 1406 1213 1431 ἐπ’
1229 1406 1319 1438 αὐτὸν,
1335 1407 1376 1433 ὅτι
1396 1406 1464 1433 εἰσὶν
1477 1406 1571 1432 ἕνδεκα
1581 1414 1587 1420 -
1606 1403 1666 1431 εἶτα
1697 1405 1827 1440 174661;;-

1025 1460 1071 1484 νος
1088 1452 1135 1479 τοῦ
1153 1452 1218 1488 παρ’
1234 1453 1324 1483 αὐτοῖς
1334 1453 1475 1483 δοκοῦντος
1492 1450 1585 1486 σοφοῦ,
1598 1451 1768 1486 ἐμάνθανον,
1783 1451 1825 1477 ὅτι

1027 1496 1081 1525 εἷεν
1094 1498 1200 1529 ἕνδεκα,
1213 1494 1250 1524 ὧν
1263 1497 1309 1524 τοῦ
1320 1497 1369 1532 μὲν
1381 1497 1424 1524 πθ¹
1441 1498 1457 1532 ὴ
1473 1497 1558 1532 ἀρχή·
1578 1505 1587 1522 ι
1603 1495 1693 1531 Κύριε
1710 1516 1718 1527 ,
1734 1503 1826 1522 κατα-

1028 1544 1100 1579 φυγὴ
1119 1543 1184 1579 ἡμῖν
1198 1543 1329 1579 ἐγενήοης
1346 1544 1374 1569 ὲν
1390 1543 1471 1578 γενεᾷ
1483 1542 1529 1569 καὶ
1545 1543 1626 1577 γιιιεᾷ
1639 1550 1646 1557 ·
1663 1551 1671 1567 ι
1697 1541 1748 1568 καὶ
1775 1539 1825 1568 τοῦ

1027 1588 1089 1624 ἑξῆς
1103 1588 1167 1624 παρ’
1188 1589 1254 1623 ἡμῖν
1267 1586 1441 1622 ἐνενηκοστοῦ
1459 1587 1620 1622 φερομένου,
1635 1587 1651 1621 ἡ
1664 1585 1741 1621 ἀρχὴ
1767 1583 1803 1620 ἦν
1815 1593 1822 1600 ·

1030 1635 1079 1661 «⁷0
1092 1633 1226 1660 κατοικῶν
1247 1634 1276 1660 ὲν
1298 1633 1409 1668 βοηθείᾳ
1435 1632 1481 1659 τοῦ
1504 1632 1649 1666 Ὑψίστου·
1671 1641 1681 1656 ι
1713 1631 1745 1657 ὃν
1776 1631 1827 1657 καὶ

1027 1680 1107 1708 αὐτὸν
1121 1680 1213 1714 ἔλεγεν
1230 1677 1298 1705 εἶναι
1317 1678 1467 1710 Μωῦσέως.
1489 1678 1568 1704 Ἀλλὰ
1592 1678 1640 1704 καὶ
1656 1677 1704 1703 τὸν
1723 1677 1825 1711 ἔχοντα

1028 1726 1078 1762 μὲν
1097 1725 1262 1761 ἐπιγραφὴν,
1277 1725 1307 1751 οὺ
1326 1725 1385 1759 μετ’
1402 1724 1534 1759 ὀνόματος
1548 1723 1576 1750 δὲ
1591 1723 1638 1749 τοῦ
1659 1723 1824 1758 γράᾲαντος

1027 1774 1124 1800 αὐτόν·
1141 1773 1211 1807 λέγω
1223 1772 1251 1799 δὲ
1263 1772 1307 1798 τὸν
1322 1772 1497 1806 ἐνενηκοστὸν
1514 1770 1621 1806 πρῶτον
1639 1769 1730 1801 οὕτως
1763 1770 1825 1796 ἑπι-

1026 1819 1228 1856 γεγραμμένον,
1242 1818 1369 1853 «Ψαλμδς
1376 1818 1447 1853 ᾠδῆς
1459 1819 1498 1850 εἰς
1512 1817 1560 1853 τὴν
1574 1817 1681 1852 ἡμέραν
1694 1816 1743 1842 τοῦ
1757 1816 1823 1842 m6-

1027 1866 1119 1898 6άτου,
1133 1875 1141 1891 ι
1159 1865 1250 1898 ἔλεγεν
1269 1861 1339 1890 εἶναι
1353 1863 1501 1894 Μωῦσέως,
1517 1860 1547 1889 οὒ
1565 1863 1581 1897 ἠ
1597 1861 1668 1897 ἀρχή
1685 1869 1692 1876 ·
1707 1871 1717 1887 ι
1736 1862 1821 1895 Ἀγα-

1028 1911 1072 1937 θὸν
1089 1911 1119 1937 τὺ
1139 1908 1355 1945 ἐξομολογεῖσθαι
1380 1908 1419 1943 τῷ
1444 1908 1549 1944 Κυρίῳ,
1569 1907 1617 1934 καὶ
1636 1906 1755 1941 ψάλλειν
1784 1905 1822 1939 τῷ

1027 1956 1137 1992 ὀνόματί
1148 1955 1345 1990 σου,”’Υψιστε·
1364 1964 1373 1981 ι
1390 1955 1576 1988 ἀνεπίγραφος
1591 1953 1620 1980 δὲ
1635 1950 1670 1988 ἧν
1687 1953 1740 1978 καὶ
1754 1952 1770 1978 ὸ
1785 1951 1821 1982 ὡς

1027 1999 1201 2035 ὲνενηκοστὺς
1210 1998 1334 2034 δεύτερος
1347 1998 1506 2033 φερόμενος,
1521 1994 1551 2024 οὗ
1567 1998 1583 2032 ἡ
1595 1996 1680 2032 ἀρχὴ,
1700 2005 1710 2021 ι
1721 1996 1755 2023 '0
1769 1995 1822 2022 Κύ-

1028 2055 1085 2083 ριος
1103 2045 1275 2073 ἐϐασίλευσεν
1290 2064 1297 2077 ,
1318 2044 1485 2080 εὐπρέπειαν
1506 2043 1666 2070 ἐνεδύσατο·
1687 2052 1696 2067 ι
1714 2043 1747 2068 ὃν
1776 2042 1821 2068 καὶ

1027 2092 1108 2119 αὑτὸν
1127 2091 1219 2125 ἔλεγεν
1249 2087 1319 2116 εἶναι
1343 2089 1500 2120 Μωῦσέως·
1526 2088 1627 2124 ὁμοίως
1646 2087 1677 2114 δὲ
1701 2087 1754 2114 καὶ
1777 2087 1820 2114 τὸν

1027 2138 1201 2174 ἐνενηκοστὸν
1217 2137 1307 2173 τριτον
1320 2157 1328 2168 ,
1344 2133 1375 2163 οὗ
1393 2137 1409 2172 ὴ
1427 2137 1513 2172 ἀρχή·
1532 2145 1540 2161 ι
1558 2136 1625 2167 Θεὸς
1650 2135 1819 2170 ὲκδικήσεων

193 2179 310 2212 litcrque
336 2182 538 2215 nonagesimum
565 2187 673 2209 tertmm
690 2203 698 2214 ,
734 2182 812 2217 cujus
843 2184 966 2212 initium:

1055 2185 1140 2221 ύριος,
1162 2193 1171 2210 t
1191 2184 1238 2210 καὶ
1251 2182 1295 2209 τὸν
1308 2182 1480 2216 ὲνενηκοστὺν
1495 2181 1634 2216 τέταρτον,
1648 2177 1682 2206 οὒ
1698 2182 1716 2215 ἠ
1732 2181 1817 2216 ἀρχή·

227 2235 248 2250 “
265 2234 333 2261 Psal.
351 2243 369 2266 ι,
387 2235 411 2261 1.
450 2234 472 2249 ’³
487 2233 555 2261 Psal.
574 2242 625 2266 xu,
644 2234 670 2261 2.
708 2235 731 2250 ¹¹
746 2234 815 2261 I'sal.
832 2242 913 2264 LXXII.
929 2235 953 2261 l.

227 2270 297 2297 Peal.
314 2277 356 2297 xc.
373 2270 395 2296 Ι.
434 2269 457 2285 ³⁸
473 2269 544 2296 Psal.
560 2278 613 2297 xct.
630 2270 655 2297 l.
693 2270 715 2286 "
729 2270 807 2297 ibid..
822 2270 850 2297 2.
887 2270 909 2285 ”
923 2269 966 2296 Ps:

1053 2233 1102 2296 sali.
1117 2241 1223 2267 Lxxnx,
1238 2234 1263 2262 Ι.
1282 2235 1289 2238 ”
1301 2235 1324 2251 ¹⁸
1337 2235 1407 2263 Psal.
1418 2244 1470 2268 cvt,
1485 2237 1509 2265 l.
1546 2239 1570 2254 "
1581 2237 1654 2267 l‘sal.
1668 2242 1807 2276 unm!

986 2289 993 2296 .
1008 2288 1073 2301 ..υ-ι,
1093 2288 1117 2296 ..

191 2271 213 2289 ’⁷
226 2270 297 2298 Peal.
314 2277 356 2302 xc,
373 2270 395 2296 Ι.
434 2269 457 2285 ³⁸
473 2269 544 2296 Psal.
560 2278 613 2302 xct,
630 2270 655 2297 l.
693 2270 715 2286 "
729 2270 807 2303 ibid.,
822 2270 850 2297 2.

229 2324 284 2357 (1'6)
305 2324 357 2355 ΕῘς
368 2322 458 2349 πέντε
469 2323 584 2356 βιϐλία,
602 2329 654 2352 etc.
681 2325 712 2352 8.
739 2325 858 2354 Hilarius
874 2327 971 2357 ibidem

192 2368 267 2388 lllllll.
293 2360 299 2384 I
320 2360 389 2384 hunc
405 2358 492 2385 locum
511 2361 550 2386 sic
564 2360 596 2386 ad
612 2367 676 2387 suos
697 2368 762 2388 usus
781 2366 972 2391 accommoda-

191 2397 229 2422 vit
245 2404 251 2421 :
273 2404 282 2419 ‹
298 2392 391 2420 Varias
406 2401 466 2420 esse
482 2393 660 2428 plurimorum
679 2396 712 2422 de
728 2395 893 2424 Psalmornm
907 2399 975 2427 libro

190 2429 345 2466 opiniones,
362 2436 394 2468 ex
411 2428 488 2468 libris
513 2430 577 2468 ipsis
601 2437 669 2468 quos
686 2430 802 2468 scriptos
829 2433 974 2468 reliquere,

190 2463 357 2499 compertum
376 2463 515 2499 habemus.
541 2463 615 2490 Nam
628 2464 709 2498 aliqui
738 2463 910 2495 Hebraeorum
927 2463 975 2497 eos

192 2502 218 2538 in
236 2500 356 2539 quinque
379 2498 463 2538 libros
477 2498 578 2539 divisos
592 2499 685 2539 volunt
695 2507 775 2539 esse:
790 2506 820 2528 ut
832 2502 869 2529 sit
891 2511 976 2539 usque

193 2533 464 2574 inquadragesimuut
478 2533 610 2567 psalmum
628 2534 697 2574 liber
711 2536 826 2574 primus,
842 2542 872 2574 et
885 2546 899 2564 a
909 2533 976 2574 qua-

189 2567 342 2605 dra'gesimo
353 2575 437 2605 usque
448 2567 475 2594 in
487 2567 845 2605 septuagesimumprimum
857 2567 926 2600 libet:
937 2582 977 2602 seu

191 2603 308 2636 cuiuius,
323 2609 349 2630 et
371 2603 405 2629 ab
429 2610 461 2630 eo
478 2611 565 2639 usque
582 2605 608 2631 in
632 2603 837 2639 outogesitriuiit!
849 2614 973 2636 octavum

190 2640 259 2667 liber
273 2638 381 2676 tertius,
395 2643 422 2664 et
434 2638 559 2676 usquein
574 2638 752 2676 centesimum
765 2641 889 2676 quintum
906 2644 976 2671 liber

189 2679 303 2707 quartus
324 2673 371 2707 (ob
390 2674 462 2707 quod
482 2674 510 2701 hi
532 2682 627 2703 omnes
641 2675 736 2708 psalmi
758 2673 784 2703 in
803 2685 975 2705 consumma-

189 2710 265 2736 tione
280 2716 326 2734 sua
340 2707 468 2743 habeant,
486 2710 544 2741 ﬁat,
560 2710 629 2743 ﬁat);
641 2707 819 2739 concludatur
834 2713 970 2741 deindein

189 2743 336 2781 ωιμςςίιῃο
349 2742 573 2781 quinquagesimo
589 2742 692 2781 psalmo
704 2745 772 2781 liber
785 2748 906 2781 quintus.
924 2758 933 2774 ι

225 2777 280 2815 (ίεὶρ
291 2776 435 2815 amca,
445 2776 490 2815 ὅέι
499 2778 537 2805 δι’
545 2776 624 2815 ῥλὴς
639 2779 693 2813 τῆς
703 2776 823 2815 metui),
832 2788 885 2810 etc.
898 2782 972 2810 Hila-

191 2812 247 2839 rius
263 2812 359 2839 ibidem
378 2818 450 2837 nttm.
468 2812 485 2838 ὅ
498 2822 504 2840 :
517 2822 526 2840 ι
544 2813 581 2841 De
594 2815 635 2841 his
653 2812 742 2842 autem
755 2817 800 2851 qui
815 2812 872 2846 sine
887 2819 972 2847 diver-

1026 2338 1120 2358 sorum
1142 2336 1284 2358 auctorum
1302 2330 1456 2359 nominibus
1473 2331 1522 2358 sub
1538 2331 1654 2358 diversis
1670 2334 1817 2366 superscri

1028 2367 1168 2401 ptionibus
1191 2366 1336 2399 habentur,
1352 2366 1524 2400 antiquorum
1539 2366 1661 2393 virormn
1686 2368 1743 2393 i~ta
1765 2373 1817 2394 tra-

1028 2400 1097 2428 ditio
1113 2406 1164 2432 est,
1183 2401 1254 2435 quod
1273 2409 1307 2428 ex
1328 2409 1361 2428 eo
1385 2401 1498 2434 psalmo,
1516 2400 1593 2434 cujus
1613 2406 1715 2428 auctor
1735 2403 1763 2429 in
1777 2411 1817 2429 su-

1028 2436 1227 2471 perscriptioue
1242 2435 1425 2471 praeponitur,
1440 2437 1485 2470 qui
1500 2436 1627 2470 deinceps
1643 2437 1706 2464 sine
1723 2443 1804 2465 aucto

1031 2479 1089 2498 rum
1115 2471 1345 2506 snperscrtptione
1368 2471 1537 2503 succedunt,
1555 2471 1614 2505 ejus
1637 2479 1701 2498 esse
1723 2472 1816 2499 existi-

1029 2506 1120 2533 mandi
1148 2505 1221 2537 sunt,
1236 2506 1282 2540 qui
1297 2505 1444 2533 anterioris
1459 2506 1555 2540 psalmi
1574 2510 1676 2533 auctor
1690 2507 1818 2534 inscribi-

1029 2545 1083 2573 tur,
1098 2548 1182 2575 usque
1197 2541 1222 2567 in
1239 2548 1301 2567 eum
1320 2540 1464 2574 psalmum,
1478 2541 1504 2568 in
1516 2548 1569 2574 quo
1584 2549 1687 2568 nomen
1703 2542 1814 2569 alterius

1029 2577 1151 2603 auctoris
1166 2575 1345 2610 praeferatur:
1362 2579 1393 2611 ut
1418 2576 1440 2602 si
1456 2575 1550 2611 psalmi
1576 2576 1695 2611 alicujus
1719 2585 1814 2611 super-

1029 2611 1141 2647 scriptio
1159 2611 1221 2637 talis
1248 2611 1293 2642 sit,
1317 2610 1540 2647 psalmusbauid
1551 2619 1561 2642 ,-
1579 2610 1676 2647 carte’ri
1692 2613 1742 2647 qui
1755 2610 1813 2639 sine

1030 2645 1108 2672 titulo
1133 2650 1345 2680 consequantur,
1363 2645 1446 2672 David
1461 2652 1520 2672 esse
1541 2645 1714 2679 credantur,
1732 2648 1814 2674 donec

1027 2681 1167 2714 propheta:
1182 2681 1295 2707 alterius
1320 2687 1417 2717 nomen
1433 2680 1459 2707 iu
1475 2681 1716 2715 superscriptioue
1732 2689 1814 2717 pons-

1028 2721 1086 2752 tnr;
1102 2719 1130 2752 et
1144 2723 1178 2752 ex
1193 2723 1226 2743 eo
1238 2723 1325 2752 usque
1338 2715 1365 2742 in
1382 2715 1494 2752 alterum
1507 2716 1687 2752 prophetam,
1701 2715 1749 2752 qui
1760 2718 1815 2745 sine

1026 2749 1204 2786 inscriptione
1219 2751 1298 2778 medii
1313 2754 1387 2786 sunt,
1410 2749 1469 2783 ejus
1490 2749 1545 2778 sint
1559 2749 1607 2786 qui
1621 2751 1650 2778 in
1670 2749 1815 2780 anteriori

1024 2784 1123 2846 ‘psalmi
1154 2785 1386 2821 superscriptioue
1414 2790 1512 2814 auctor
1542 2784 1654 2823 coeptus
1681 2788 1721 2816 sit
1739 2792 1812 2815 antea

1036 2827 1100 2846 em.
1119 2828 1129 2846 ι

1036 2827 1100 2848 ατη.
1119 2828 1129 2847 Ι
