1888 3051
48 117 110 146 1057

679 115 834 145 SELECTA
853 114 887 143 lN
906 113 1080 143 PSALMOS.

1600 115 1671 144 1058

47 187 58 203 ς
69 178 156 209 Δείςε,
167 175 394 217 ἀγαλλιασώμεθα
410 175 449 212 τῷ
465 175 570 211 Κυρίῳ,
592 185 602 202 ι
621 177 668 203 καὶ
683 177 730 204 τὸν
742 179 791 210 ιβ’,
806 173 830 203 οἶ

913 173 981 201 Deus
997 173 1127 201 nltionum
1142 173 1357 207 Dominus";iet
1370 173 1575 208 nonagesimum
1588 181 1674 207 quar.

47 221 139 257 ήάρχή
152 230 158 236 ·
172 221 291 256 ι’ᾋσατε
303 220 343 256 τῷ
357 220 453 257 Κυρίῳ
469 219 544 256 ᾆσμα
559 221 652 248 καινὸν
663 241 671 253 ,
690 221 777 257 ᾷσατε
795 220 834 256 τῷ

47 267 143 302 Κυρίῳ,
151 267 226 294 πᾶσα
235 268 252 302 ἡ
264 267 301 302 γῆ
312 275 335 293 Ἰ
353 267 400 294 καὶ
413 267 458 293 τὸν
471 267 647 302 ἐνενηκοστὸν
660 267 751 299 ἕκτον,
773 263 803 293 οὗ
815 267 832 302 ή

49 313 130 348 ἀρχή·
144 322 152 338 ι
164 312 194 339 Ὀ
206 312 308 348 Κύριος
321 312 494 340 ἐϐασίλευσεν
504 332 512 345 ,
528 313 720 347 ἀγαλλιάσεται
734 314 751 348 ἡ
764 312 831 348 γῆ·›

49 358 92 384 καὶ
103 359 116 384 ὁ
126 358 167 391 ιιζν
177 378 184 390 ,
201 358 231 390 ὃς
246 358 437 394 ἐπεγέγραπτο
455 357 545 394 μόνον,
555 367 569 384 1
575 358 697 393 Ψαλμός·
705 368 714 384 ι
731 358 832 394 τὸγὰρ,

50 403 100 438 «τῷ
109 403 214 435 Aman
234 404 272 436 ὡς
283 404 340 440 ἔχει
353 404 381 431 ἐν
394 413 464 431 τισιν
481 405 668 440 ἀντιγράφοις,
683 404 745 431 οὔτε
759 406 787 432 ὲν
795 405 834 440 τῷ

53 448 185 484 Ἐϐραῖκῷ
199 447 233 485 ἦν
245 449 307 476 οὔτε
325 451 354 476 ὲν
379 452 440 482 ταῖς
453 451 561 483 λοιπαῖς
578 451 716 477 ὲκδόσεσιν
733 459 740 466 ·
764 452 781 487 ἡ
806 451 834 478 δὲ

46 495 113 530 ἀρχὴ
126 494 208 522 αὑτοῦ
223 493 258 531 ἦν
269 504 275 511 ε
293 505 302 521 ι
326 496 428 531 ᾏσατε
441 496 481 531 τῷ
496 497 597 532 ίΚυρίῳ
629 494 705 532 ᾆσμα
729 496 833 528 καινὸν,

47 540 85 566 ὅτι
97 539 238 576 θαυμαστὰ
255 541 392 576 ἐποίησεν.
415 551 424 567 ι
440 542 494 568 Καὶ
510 542 524 568 6
545 543 562 574 ‘1
575 541 603 568 δὲ
625 545 652 577 η’
681 541 726 568 τοῦ
752 542 834 568 αὐτοῦ

46 586 150 620 ἐλέγετο
159 584 241 616 εἶναι.
259 584 288 613 οὗ
303 587 319 622 ἡ
334 587 424 622 ἀρχή·
445 597 454 612 ι
479 588 508 613 Ὀ
533 587 634 623 Κύριος
649 587 834 621 ὲόασίλευσεν,

47 633 244 669 ὁργιζέσθωσαν
261 633 319 660 λαοί
331 642 338 648 ·
350 644 359 659 ι
379 634 426 660 καὶ
440 635 454 660 ὁ
473 635 646 669 ὲνενηκοστδς
672 635 764 666 ἔνατος
780 655 787 666 ,
805 634 835 666 ὃς

47 679 234 715 ἐπεγέγραπτο
249 688 255 695 ·
271 679 404 715 (Ψαλμὸς
421 681 462 711 εἰς
476 679 697 716 ὲξομολόγησιν,ι
710 677 766 714 obl]
785 681 835 716 ἀρ-

46 725 96 760 χή·
117 734 126 751 ι
151 725 316 758 Ἀλαλάξατε
329 725 369 761 τῷ
383 725 593 762 Κυρίῳ,πᾶσαή
608 727 655 762 γῆ.
674 737 683 753 ι
710 726 788 754 Μετὰ
806 726 835 753 δὲ

45 770 154 809 τούτους
169 772 232 802 τοὺς
248 774 282 798 ια’
305 771 498 807 ἐπεγέγραπτο
521 772 569 799 καὶ
589 774 618 799 ὲν
638 771 677 808 τῷ
699 771 835 808 Ἐὅραῖκῷ

46 817 90 842 καὶ
106 816 283 851 παράπᾶσιν,
302 826 311 843 ι
329 817 368 852 τῷ
379 817 460 844 sum
479 817 596 854 ψαλμὸς,
612 828 620 844 ι
640 818 686 844 καὶ
711 816 745 852 ἦν
770 820 784 845 ό
810 821 833 854 ρ’

44 861 133 888 σύκέτι
144 862 294 894 Μιιιῦσέως.

73 1031 184 1059 Τούτων
211 1032 364 1068 εἰρημένων
390 1032 446 1068 (20)
473 1034 513 1065 είς
542 1034 605 1066 τοὺς
644 1034 768 1070 ψαλμοὺς
802 1034 828 1060 o'!

42 1077 94 1104 ἀπὸ
119 1077 252 1114 Ἐϐραίων
264 1078 445 1114 ἀναφέρονται
468 1080 507 1111 είς
528 1080 657 1112 Μωῦσέα,
678 1080 831 1115 ἀνθυποφο-

43 1122 91 1157 pinv
109 1123 284 1159 ὑπειδόμενος
298 1125 311 1151 ὁ
332 1124 469 1155 Ἰουδαῖος,
486 1124 583 1160 ἔθηκεν
597 1125 681 1160 αὐτὴν
700 1125 749 1161 τὴν
767 1134 832 1159 φαι-

41 1169 156 1204 νομένην
167 1170 241 1205 αὐτῷ
255 1170 331 1196 λύσιν
346 1170 441 1205 αὐτῆς.
458 1170 548 1207 Ἐὠρα
561 1171 616 1207 γὰρ
627 1192 634 1203 ,
647 1172 688 1198 ὅτι
704 1172 830 1199 ἀντεῖπεν

43 1212 74 1240 Ξν
83 1223 124 1246 τις
135 1216 200 1251 περὶ
214 1215 261 1242 τοῦ
278 1217 315 1251 μὴ
333 1214 402 1242 εἶναι
412 1216 457 1243 τὸν
470 1217 517 1244 ἕνα
534 1217 589 1244 τῶν
601 1220 633 1244 ια’
647 1217 773 1253 ψαλμῶν,
786 1218 831 1244 τὸν

44 1259 93 1295 ιη’.
106 1261 258 1295 Μωῡσέως,
280 1262 312 1288 ἐκ
330 1262 388 1288 τοῦ·
408 1273 417 1288 ι
435 1263 549 1298 Ὑψοῦτε
578 1263 681 1299 Κύριον
698 1263 745 1290 τὸν
765 1264 831 1290 Θεὸν

46 1305 129 1340 ἡμῶν.
151 1307 200 1334 καὶ
228 1309 406 1343 προσκυνεῖτε
433 1308 472 1344 τῷ
495 1309 633 1344 ὑποποδίῳ
661 1309 715 1336 τῶν
742 1309 831 1336 ποδῶν

43 1353 131 1379 αὑτοῦ.
152 1353 247 1387 ’Ἄγιος
258 1354 376 1390 Μωῠσῆς
393 1355 440 1381 καὶ
462 1355 566 1389 Ἀαρὼν
589 1356 618 1383 ὲν
636 1357 692 1388 τοῖς
714 1356 831 1393 ἱερεῦσιν

44 1398 131 1429 αὑτοῦ,
146 1399 195 1425 καὶ
207 1398 334 1435 Σαμουὴλ
345 1399 374 1426 ὲν
386 1401 441 1431 τοῖς
456 1400 681 1435 ἐπικαλουμένοις
695 1401 724 1426 τὺ
744 1401 831 1437 ὄνομα

43 1443 133 1470 αὑτοῦ.
155 1444 354 1471 Ἐπεκαλοῦντο
367 1445 412 1472 τὸν
426 1445 527 1480 Κύριον
543 1465 549 1477 .
572 1446 619 1472 καὶ
646 1447 726 1478 αὐτὸς
755 1448 831 1482 εἰσή-

43 1497 136 1516 κουσεν
148 1490 256 1516 αὐτῶν·
277 1491 305 1516 ἐν
325 1491 413 1525 στόλῳ
438 1491 553 1527 νεφέλης
574 1492 662 1519 ἐλάλει
685 1494 751 1527 πρὸς
781 1494 831 1519 αύ-

42 1534 112 1566 τούς.
133 1545 143 1561 ι
165 1536 196 1562 Ὀ
209 1536 357 1571 ἀντιλέγων
385 1534 462 1563 εἶπεν
486 1537 531 1570 ἂν,
543 1537 603 1569 πῶς
619 1537 649 1564 τὸ
670 1538 755 1573 δνομα
783 1539 830 1565 τοῦ

42 1580 178 1617 Σαμουὴλ,
197 1583 342 1618 γενομένου
357 1583 477 1610 πλείοσιν
491 1583 603 1620 ὕστερον
618 1585 736 1618 γενεαῖς,
749 1585 833 1612 Μωῡ-

40 1626 88 1661 σῆς
103 1627 204 1664 ἔθηκεν
217 1629 245 1655 ὲν
267 1629 306 1664 τῷ
329 1629 425 1656 ἑαυτοῦ
439 1629 549 1665 ψαλμῷ.
566 1630 677 1665 Ἔλεγεν
700 1629 746 1657 οὖν
765 1631 833 1666 πρὸς

40 1672 131 1705 τοῦτο,
161 1675 204 1702 ὅτι
229 1675 304 1702 οὐδὲν
333 1675 488 1711 θαυμαστὸν
513 1676 754 1713 προπεφητεῦσθαι
778 1677 832 1704 ὑπὸ

41 1718 181 1752 Μωῡσέως
195 1719 226 1746 τὺ
243 1720 328 1756 ὄνομα
344 1722 479 1757 Σαμουὴλ,
491 1722 588 1758 ἀνδρὸς
603 1723 687 1758 ἱεροῦ.
710 1725 758 1750 ’καὶ
775 1733 833 1751 συν-

40 1763 239 1800 αριθμηθέντος
255 1766 307 1792 ὑπὸ
324 1767 456 1802 Ἰερεμίου
470 1767 507 1802 τῷ
518 1768 621 1804 Μωῡσῇ
636 1769 664 1794 ὲν
677 1768 716 1804 τῷ
729 1778 736 1784 ·
749 1778 758 1794 ι
771 1770 832 1796 Οὐδ’

42 1808 74 1835 ἆν
91 1812 140 1847 στῇ
155 1812 279 1847 Μωῡσῆς
293 1813 340 1839 καὶ
357 1813 498 1848 Σαμουὴλ,
517 1823 526 1840 ι
544 1814 589 1841 ὅτε
616 1815 645 1840 ὲν
670 1816 728 1847 ταῖς
750 1816 832 1842 Βασι-

42 1855 126 1891 λείαις
156 1859 264 1891 Ἰωσίας
287 1860 497 1896 προεφητεύῡη·
522 1870 532 1887 ι
556 1861 767 1897 Θυσιαστήριον,
790 1862 833 1889 θυ-

40 1905 216 1940 σιαστήριον,
235 1905 298 1932 τάδε
315 1905 390 1940 λέγει
409 1906 524 1942 Κύριος·
552 1907 606 1934 ἰδοὺ
632 1907 687 1940 υἱὸς
711 1908 831 1936 τίκτεται

38 1948 76 1984 τῷ
92 1951 192 1978 Δαυῖδ·
219 1952 324 1984 Ἰωσίας
343 1952 427 1989 ὄνομα
440 1953 523 1990 αὐτῷ.
544 1963 554 1980 ι

73 2038 212 2071 Πολλάκις
229 2039 350 2077 ζητήσας
365 2041 421 2077 (Si)
440 2042 489 2078 τὴν
503 2043 594 2070 αἰτίαν
608 2044 655 2070 τοῦ
682 2044 832 2080 ἐπιγράφε-

42 2083 102 2110 σθαι
123 2085 230 2120 μεταξὺ
248 2087 301 2113 τῶν
331 2087 447 2123 ψαλμῶν
468 2088 624 2124 διάψαλμα,
650 2088 760 2125 ὕστερον
778 2098 831 2116 πα-

37 2133 200 2168 ρατηρήσας
217 2134 245 2159 ὲν
257 2133 296 2168 τῷ
313 2133 458 2169 Ἐὅραῖκῷ,
478 2134 525 2161 καὶ
550 2134 734 2167 συνεξετάζων
757 2135 831 2171 αύτῷ

35 2177 65 2203 τὺ
78 2178 250 2214 Ἑλληνικὸν,
262 2176 351 2215 εὗρον,
367 2180 407 2206 ὅτι
420 2180 487 2206 ὅπου
504 2180 534 2207 τὸ
556 2180 697 2216 Ἐϐραϊστὶ
714 2190 723 2206 ι
742 2181 787 2207 σὲλ
797 2201 804 2213 ,
820 2191 829 2206 ι

39 2220 195 2259 Ἑλληνιστὶ
213 2224 242 2251 δὲ
259 2234 268 2251 ι
280 2225 334 2258 ἀεὶ,
348 2235 357 2252 ι
373 2226 391 2261 ἦ
406 2234 432 2253 τι
454 2225 542 2261 τούτῳ
560 2226 747 2261 ἰσοδυναμοῦν,
774 2228 833 2253 ἐκεῖ

35 2269 59 2295 οι
67 2269 282 2306 Ἑϐδομήκοντα,
291 2271 338 2298 καὶ
350 2271 507 2304 Θεοδθτίων,
514 2273 563 2299 καὶ
571 2272 720 2307 Σύμμαχος
734 2272 815 2304 ἔταξα
821 2281 831 2299 v

34 2314 64 2341 τὸ
77 2325 86 2342 ι
99 2316 254 2352 διάψαλμα.
275 2326 284 2344 ι
299 2317 337 2345 Οὐ
358 2318 448 2353 χεῖρον
463 2318 492 2345 δὲ
511 2318 716 2354 παραδείγματι
732 2318 762 2345 τὸ
788 2318 831 2344 λε-

70 2374 91 2390 ³⁴
104 2373 181 2401 Psal.
201 2381 279 2405 xcm,
297 2375 323 2401 1.
377 2375 399 2390 ³¹
416 2374 487 2402 Psal.
505 2382 576 2405 xcrv,
594 2375 620 2402 1.

68 2468 126 2503 (20)
150 2468 272 2495 Τούτων
295 2467 470 2502 εῖρτυιένων,
499 2472 551 2495 etc.
581 2467 701 2494 Hilarius
729 2469 827 2495 ibidem

33 2511 109 2530 ﬂlllll.
125 2503 144 2530 4
161 2511 170 2531 :
189 2512 200 2529 ‹
216 2503 294 2534 Quod
307 2511 329 2530 ει
341 2506 413 2529 torte
427 2503 525 2536 aliquis
539 2510 587 2537 per
601 2504 626 2530 id
641 2503 828 2537 intelligentiae

35 2538 96 2565 huic
125 2538 212 2565 [idem
244 2538 386 2567 detrahet.
407 2539 477 2572 quod
507 2538 532 2564 in
563 2537 616 2565 bis.
640 2538 751 2572 psalmis
781 2538 828 2572 qui

32 2580 94 2599 eum
116 2574 271 2608 psalmum,
292 2573 334 2600 cni
358 2572 464 2608 Moyses
492 2579 589 2600 auctor
618 2573 744 2606 praelatus
773 2577 828 2605 est,

32 2607 266 2643 subsequuntur,
296 2607 426 2641 scriptuin
464 2610 517 2639 sit,
548 2608 573 2634 id
605 2613 647 2635 est
687 2609 713 2634 in
743 2615 829 2635 nona-

31 2643 137 2677 gesimo
168 2649 289 2672 octavo.
318 2643 420 2677 Moyses
449 2647 473 2670 et
506 2644 594 2670 Aaron
623 2644 651 2669 in
676 2644 825 2670 sacerdotes

30 2680 99 2712 ejus,
114 2683 139 2705 et
150 2677 263 2706 Samuel
278 2678 348 2705 inter
360 2686 403 2704 eos
416 2679 565 2705 invocantes
583 2685 675 2704 nomen
686 2680 755 2712 ejus,
771 2686 822 2704 nnn

31 2721 111 2747 posse
135 2720 151 2739 a
178 2713 273 2748 Moyse
299 2721 360 2740 cum
378 2714 567 2747 propbetatnm
582 2713 678 2744 videri,
697 2721 757 2740 cum
775 2713 822 2740 Sa-

32 2748 104 2776 muel
117 2755 235 2784 nomen.
252 2749 384 2784 quirtanto
400 2753 493 2782 postea
506 2756 586 2782 quam
604 2747 721 2784 Moyses.
741 2753 821 2775 natus

29 2788 81 2813 est.
97 2788 194 2811 exstet
208 2783 235 2809 in
252 2783 354 2817 psalmo
370 2791 378 2810 :
401 2783 556 2810 meminerit
575 2783 638 2809 nulli
660 2783 758 2810 mirum
774 2787 821 2809 aut

31 2819 141 2847 ditlicile
153 2818 244 2845 videri
263 2823 400 2853 oportere,
427 2823 455 2846 ut
480 2822 570 2844 tantus
596 2818 725 2852 propheta
752 2818 818 2846 tanti

674 2375 697 2391 ³³
711 2374 782 2402 Psal.
798 2383 858 2406 xcv.
877 2375 902 2402 1.

35 2417 130 2442 XCVIII,
149 2411 174 2438 1.
215 2410 238 2425 ³⁷
249 2409 319 2437 Psal.
332 2417 405 2441 xcrx,
420 2411 430 2437 1
448 2415 476 2438 et
490 2411 515 2437 Ξ.
562 2409 584 2426 ³¹
597 2409 666 2437 Psal.
684 2418 776 2442 smul,
795 2410 822 2443 5,

886 225 955 252 tmn,
973 218 1051 254 cujus
1077 219 1207 246 initium:
1223 227 1233 245 ι
1246 217 1355 250 Vertite,
1381 218 1550 246 exsultemus
1576 219 1670 246 Domi-

885 274 920 293 no
929 266 969 298 ";
987 275 997 292 ι
1014 269 1042 293 et
1068 265 1275 300 nonagesimum
1291 265 1430 300 quintum,
1446 265 1524 299 cnjns
1540 265 1645 291 initium
1665 274 1672 292 :

887 321 896 338 ι
907 311 1023 340 Cantate
1039 312 1153 339 Domino
1167 311 1304 338 canticum
1323 318 1435 342 novum,
1451 315 1561 337 cantate
1579 310 1672 337 Domi-

884 365 931 388 no.
947 357 1038 385 omnis
1050 363 1122 384 terra
1132 357 1173 388 ³³;
1188 366 1198 383 ι
1214 361 1241 383 et
1265 356 1471 391 nortagesimum
1487 361 1606 387 sextum,
1623 363 1673 381 cu-

881 402 926 437 jus
937 403 1044 430 initium
1059 411 1066 430 2
1084 412 1093 429 ι
1107 402 1238 430 Dominus
1251 403 1391 436 regnavit,
1401 402 1519 428 exsultet
1535 406 1606 428 terra
1614 401 1636 417 “
1647 409 1671 433 μ

884 453 911 474 et
929 447 1135 481 nonagesimum
1162 447 1320 480 septimum,
1339 446 1385 480 qui
1404 446 1551 480 inscriptus
1569 450 1672 472 tantum

885 498 945 521 erat
960 502 970 519 ι
985 493 1104 528 psalmus
1113 494 1153 520 ":
1167 502 1176 519 ι
1194 500 1256 519 nam
1283 492 1364 524 illud,
1385 501 1394 518 ι
1407 492 1512 525 Davidi,
1530 501 1539 520 ι
1556 492 1628 527 quod
1647 492 1673 519 in

885 539 1046 572 quibusdam
1076 537 1280 572 exemplaribus
1310 537 1437 568 habetur,
1465 545 1552 572 neque
1578 538 1604 564 iu
1621 537 1676 564 He-

885 585 988 616 braico,
1016 591 1105 618 neque
1126 584 1152 610 in
1174 583 1288 616 reliquis
1304 582 1473 610 editionibus
1492 583 1585 611 haberi
1601 591 1608 610 :
1622 584 1671 610 hu-

883 631 927 665 jus
943 635 1032 657 autem
1048 630 1155 657 initium
1174 635 1236 657 est:
1255 639 1264 654 ι
1280 629 1397 656 Caritate
1413 628 1527 657 Domino
1538 631 1673 656 canticum

886 683 996 708 novum,
1010 676 1073 710 quia
1089 675 1223 703 mirabilia
1242 674 1342 702 fecit".
1356 684 1366 700 ι
1387 674 1586 709 Nonagesimus
1609 675 1673 702 item

886 725 1002 747 octavus
1034 720 1118 755 ipsius
1138 720 1241 754 pariter
1270 727 1332 747 esse
1359 719 1512 752 dicebatur,
1531 720 1607 750 cuius
1626 721 1674 748 iiii-

885 766 951 793 tium
964 770 1024 793 est:
1041 774 1050 790 ι
1068 765 1198 792 Dominus
1219 766 1512 801 regnavit,irascantur
1520 767 1669 804 νομήων

885 812 1024 846 etiamque
1041 818 1102 839 xcrx
1131 811 1279 845 inscriptus
1294 820 1300 837 :
1320 819 1329 836 ι
1343 810 1464 838 Psalmns
1479 811 1506 838 in
1525 811 1674 840 confessio-

885 865 956 888 nem,
968 866 977 883 ι
993 856 1069 890 cujus
1094 857 1220 884 initium:
1237 856 1375 884 xJubilate
1403 857 1468 890 Deo,
1501 857 1590 885 omnis
1615 864 1672 886 ter-

883 911 911 930 ra
923 903 957 929 ³⁷.
972 912 981 929 ι
998 902 1064 930 Post
1077 904 1126 930 bos
1142 909 1233 930 autem
1251 903 1387 934 undecim,
1405 902 1564 936 inscriptum
1577 902 1672 930 haberi

883 953 938 974 tum
954 948 980 975 in
999 948 1141 979 llebraico,
1160 952 1215 975 tum
1243 949 1313 983 apud
1328 955 1424 974 omnes
1439 956 1444 972 :
1465 957 1475 974 ‹
1489 948 1582 975 Davidi
1599 948 1673 975 Psal-

882 999 959 1024 mns;
974 1003 983 1018 ι
1001 994 1035 1020 ita
1052 997 1080 1020 ut
1099 993 1264 1020 centesimus
1287 1000 1340 1020 non
1371 993 1440 1019 ultra
1471 992 1571 1028 Moysis
1587 998 1670 1021 esset.

918 1037 998 1072 515
1016 1038 1062 1065 llis
1088 1039 1124 1065 ita
1154 1038 1236 1065 dictis
1262 1037 1334 1065 circa
1364 1041 1483 1072 psalmos
1507 1039 1554 1074 qui
1570 1039 1603 1066 ab
1619 1038 1674 1066 lle-

881 1083 962 1111 brazis
974 1084 1060 1120 Moysi
1072 1085 1258 1116 ascribuntur,
1272 1092 1335 1112 cum
1349 1085 1538 1119 suspicaretur
1550 1084 1670 1118 Judzeus,

884 1130 1066 1166 objectionem
1084 1131 1133 1158 sibi
1151 1132 1250 1166 opponi
1275 1138 1364 1166 posse,
1382 1131 1452 1158 hanc
1464 1131 1523 1165 ejus
1538 1131 1610 1158 dedit
1627 1138 1671 1158 so-

882 1177 1026 1205 lutionem.
1044 1177 1229 1212 Prospicicbat
1253 1178 1324 1204 enim
1346 1177 1398 1205 sibi
1424 1177 1576 1212 quempiam
1591 1184 1671 1211 posse

881 1223 1078 1255 contradicere.
1106 1231 1139 1251 ac
1165 1231 1265 1259 negare
1290 1232 1373 1251 unum
1397 1231 1430 1251 ex
1460 1223 1513 1250 illis
1544 1224 1670 1250 undecim

882 1269 1003 1304 psalmis,
1022 1269 1148 1297 videlicet
1179 1270 1386 1304 nonagesimum
1410 1274 1546 1301 Octavum,
1572 1268 1672 1304 Moysis

881 1323 951 1347 esse,
965 1323 996 1342 ex
1015 1315 1057 1342 bis
1075 1323 1171 1350 nempe
1199 1316 1290 1342 verbis
1301 1315 1344 1341 ³⁸ε
1363 1324 1373 1340 ι
1384 1314 1508 1342 Exaltate
1526 1314 1670 1341 Dominum

881 1360 965 1387 Deum
984 1364 1120 1391 nostrum,
1134 1364 1162 1386 et
1176 1359 1289 1387 adorate
1316 1360 1467 1387 scabellnm
1492 1360 1589 1393 pedum
1601 1359 1676 1393 ejus.

882 1404 999 1432 Sanctus
1027 1404 1133 1439 Moyses
1147 1409 1174 1431 et
1189 1405 1281 1431 Aaron
1297 1404 1324 1431 in
1342 1405 1533 1432 sacerdotibus
1561 1404 1629 1438 ejus,
1644 1409 1671 1432 et

882 1449 991 1477 Samuel
1008 1450 1078 1478 inter
1097 1458 1145 1480 eos
1162 1450 1209 1485 qui
1227 1450 1354 1477 invocant
1383 1457 1480 1477 nomen
1507 1450 1575 1484 ejus.
1593 1451 1671 1477 invo-

882 1496 982 1523 cabant
998 1496 1154 1529 Dominum,
1170 1500 1198 1522 ct
1213 1497 1269 1530 ipse
1297 1496 1461 1523 exaudiebat
1489 1503 1545 1527 eos,
1571 1496 1598 1523 in
1623 1503 1671 1523 eo-

884 1541 976 1568 lumna
989 1542 1068 1568 nubis
1083 1542 1245 1576 loquebatur
1260 1542 1293 1568 ad
1309 1549 1366 1569 eos.
1380 1551 1390 1568 ι
1410 1541 1497 1576 Objici
1519 1549 1585 1569 vero
1596 1547 1672 1576 pote.

884 1592 938 1620 rat,
953 1587 1090 1621 quomodo
1103 1594 1200 1614 nomen
1213 1587 1361 1620 Samuelis,
1380 1587 1427 1622 qui
1442 1587 1534 1614 multis
1547 1592 1607 1622 post
1623 1595 1672 1623 κο.

883 1633 1071 1660 nerationibns
1090 1631 1151 1664 fuit,
1167 1631 1272 1667 Moyses
1288 1633 1412 1668 posuerit
1435 1633 1462 1659 in
1491 1633 1595 1668 psalmo
1610 1641 1668 1661 suo.

882 1679 923 1706 Ad
939 1679 997 1708 haec
1014 1679 1205 1713 respondebat,
1225 1678 1292 1705 nihil
1305 1679 1401 1706 mirum
1425 1686 1485 1706 esse
1512 1680 1534 1706 si
1559 1679 1671 1714 prophe-

883 1724 935 1751 tice
948 1725 1153 1758 pronuntiatum
1178 1724 1285 1751 [uerita
1302 1723 1392 1758 Moyse
1409 1731 1506 1751 nomen
1523 1723 1683 1757 Samuelis,f

882 1769 932 1795 viri
951 1770 1022 1796 sacri
1035 1769 1079 1803 qui
1096 1777 1110 1795 a
1130 1768 1248 1796 Jcremia
1275 1776 1337 1796 cum
1361 1768 1452 1804 Moyse
1475 1777 1670 1798 annumeratns

881 1819 925 1841 est
939 1813 966 1840 in
979 1813 1023 1840 illo
1031 1813 1053 1828 "
1066 1822 1073 1840 :
1088 1822 1097 1838 ι
1109 1813 1200 1847 Neque
1212 1814 1235 1839 si
1248 1814 1354 1840 steterit
1366 1813 1471 1848 Moyses
1487 1819 1514 1841 et
1523 1814 1631 1841 Samuel
1642 1824 1667 1849 ;»

881 1856 1099 1894 quandoquidem
1120 1859 1144 1886 in
1161 1858 1237 1886 libris
1251 1858 1406 1893 Regnorum
1421 1858 1510 1887 Josias
1528 1860 1590 1886 item
1607 1869 1670 1894 ι)το-

881 1905 987 1940 pbetice
1006 1905 1163 1932 enuntiatus
1189 1903 1277 1931 est“:
1294 1912 1303 1929 ι
1316 1904 1418 1936 Altare,
1433 1904 1529 1937 altare,
1550 1906 1606 1933 bmc
1628 1908 1670 1933 di-

882 1951 920 1978 cit
941 1949 1082 1983 Dominus,
1107 1950 1172 1977 Fcce
1202 1948 1274 1976 ﬁlius
1302 1955 1429 1977 nascetur
1456 1950 1664 1984 DavidiJoias

880 2004 976 2024 nomen
993 1997 1062 2031 ejus.
1073 2005 1083 2022 ι

917 2043 993 2077 Sa‘pe
1009 2049 1134 2077 quaerens
1158 2048 1256 2069 causas
1270 2048 1320 2068 cur
1332 2040 1359 2068 in
1375 2041 1535 2076 quibusdam
1556 2042 1666 2075 psalmis
1682 2044 1685 2046 ⁷

882 2089 1070 2124 interponatur
1098 2087 1262 2123 diapsalma,
1287 2087 1430 2115 observavi
1459 2087 1667 2123 diligentissime

881 2135 908 2162 in
929 2135 1052 2167 Hebrzeo,
1066 2139 1094 2161 et
1107 2141 1167 2161 cum
1182 2133 1280 2161 Gra’co
1304 2133 1417 2165 contuli,
1443 2132 1588 2167 iuvenique
1604 2134 1666 2168 quia

880 2181 925 2208 ubi
945 2181 1037 2214 lingua
1065 2179 1179 2208 Hebrzea
1197 2189 1206 2205 ι
1218 2180 1272 2207 sela
1289 2179 1352 2214 (ms.
1368 2178 1445 2214 sel)»
1464 2179 1555 2210 habet,
1571 2178 1665 2207 Graeca

879 2235 944 2254 vero
958 2236 967 2252 ι
987 2232 1106 2259 semper,
1124 2234 1133 2250 ι
1149 2229 1195 2251 aut
1209 2224 1310 2259 aliquid
1326 2223 1487 2254 istiusmodi,
1504 2222 1538 2249 ibi
1554 2222 1667 2256 Septua-

878 2273 952 2308 ginta
968 2276 996 2299 et
1019 2270 1198 2301 Theodotion,
1215 2275 1244 2297 et
1259 2269 1441 2305 Symmachus
1468 2267 1668 2294 transtulerunt

882 2327 891 2344 ι
904 2317 1061 2352 diapsalma.
1078 2326 1087 2343 ι
1105 2317 1199 2352 Neque
1213 2324 1277 2344 vero
1293 2321 1372 2342 nocet
1383 2313 1517 2348 exemplis
1530 2311 1668 2339 allii-mare

959 2373 981 2389 "
998 2372 1068 2400 Psal.
1085 2380 1157 2406 xcvr,
1172 2372 1198 2400 1.
1255 2372 1277 2388 ³¹
1296 2371 1366 2398 Psal.
1383 2370 1504 2402 xCx-11,1.
1560 2369 1584 2385 “
1594 2369 1666 2397 Psal.

959 2409 981 2425 "
993 2407 1094 2436 Jerem.
1111 2415 1155 2441 xv,
1172 2408 1198 2434 1.
1236 2407 1259 2424 ⁸⁸
1275 2407 1305 2434 Ill
1324 2408 1388 2442 lteg.
1408 2413 1468 2437 xi",
1483 2406 1511 2432 2.

900 2467 1031 2503 rqphetm,
1047 2470 1140 2503 postea
1158 2465 1221 2503 licet
1231 2465 1323 2503 futuri,
1341 2471 1438 2503 nomen
1453 2462 1588 2503 ediderit:
1601 2469 1666 2503 cum

880 2499 907 2531 in
925 2499 1084 2536 Regnorum
1109 2501 1177 2528 libro
1200 2499 1280 2527 Josia
1301 2499 1373 2533 regis
1391 2505 1489 2537 nomen
1512 2499 1559 2537 sit_,_
1587 2502 1666 2525 ante-

879 2533 1128 2572 quam—nascatur,
1148 2536 1351 2572 prophetatum.
1366 2533 1642 2572 prophetandiceute
1658 2543 1665 2561 :

879 2567 1035 2607 Altariumt
1049 2567 1187 2607 altario-ru,
1201 2567 1258 2597 iure
1280 2570 1343 2595 dicit
1361 2567 1570 2607 Dontiltusﬁcce
1586 2567 1667 2607 filius

879 2612 1002 2634 nascelur
1019 2606 1114 2638 David,
1129 2606 1217 2632 Iasius
1238 2612 1332 2631 nomen
1354 2603 1411 2637 ejus
1427 2610 1437 2629 :
1455 2603 1591 2638 per_qII0tl
1613 2610 1665 2630 non

880 2642 1041 2669 incredibile
1057 2636 1119 2667 esse
1132 2645 1269 2674 oportere.
1285 2642 1313 2664 ut
1328 2636 1436 2674 Samuel
1456 2645 1470 2674 ιι
1491 2636 1581 2674 Moyse
1594 2645 1665 2674 prse-

878 2678 968 2704 dictus
982 2677 1017 2703 sit
1041 2685 1048 2703 :
1070 2671 1189 2701 maxime
1207 2682 1268 2700 eum
1292 2673 1441 2699 secundum
1454 2671 1603 2700 Jcrelniaiu
1623 2673 1666 2698 di-

876 2718 993 2743 centem,
1005 2719 1051 2747 nec
1062 2711 1084 2736 εἰ
1097 2715 1144 2736 uel
1161 2709 1264 2747 Moyses
1284 2707 1438 2747 et_Sm_nuel,
1455 2707 1540 2742 Moysi
1561 2715 1667 2735 conuo-

877 2748 995 2774 tninatus
1013 2746 1047 2772 sit
1066 2753 1098 2771 ex
1116 2746 1213 2770 merito
1232 2746 1387 2770 sanctitatis
1405 2751 1414 2767 ι

912 2782 968 2818 (2|)
987 2780 1137 2818 (laudm;
1161 2778 1303 2818 ζητήσας.
1325 2777 1585 2818 εισληιθψτριῃιίο
1614 2777 1666 2804 La-

875 2812 929 2844 tin}:
949 2812 1031 2852 liujus
1050 2816 1101 2843 l0ci
1115 2823 1201 2850 usque
1217 2816 1251 2842 ad
1267 2815 1346 2841 linem
1360 2812 1506 2848 fragnienti
1523 2813 1666 2847 desumpta
