1888 3051
200 131 269 159 1059

917 123 961 152 EX
981 121 1131 151 ORIGENE

1764 121 1834 149 I060

196 189 269 224 quod
295 188 422 216 dicimus.
451 187 478 214 In
510 186 709 221 septuagesimo
736 188 834 219 quarto
868 184 984 219 psalmo,

1074 189 1152 216 μενον
1170 179 1317 215 βεὸαιῶσαι
1335 188 1342 195 ’
1366 177 1421 205 οἷον
1443 179 1472 205 ἐν
1493 178 1532 214 τῷ
1555 179 1590 206 οδ¹
1620 179 1734 215 ιςιαλμῷ,
1758 177 1791 206 οὗ
1816 182 1833 215 ἡ

197 236 274 270 cujus
286 233 448 269 principium
470 237 511 258 est
522 231 542 246 “
557 240 564 258 :
584 240 593 257 1
609 231 805 258 Couﬁtebimur
824 229 884 261 libi,
900 229 982 260 Deus,

197 279 390 308 conﬁtebimur
411 278 490 312 (mss.
520 277 580 310 tibi)
611 280 638 302 ct
667 275 851 302 invocabimns
884 282 982 301 nomen

198 331 293 354 tuum:
308 335 317 352 ι
337 330 364 352 et
382 328 442 359 post
468 323 533 349 illud
541 323 563 339 “
580 331 588 349 :
609 332 618 348 1
632 323 687 358 Ego
703 322 862 349 conﬁrmavi
880 321 985 348 colum-

198 380 249 400 nas
276 371 343 405 ejus.
355 379 365 397 ι
380 370 450 405 apud
476 369 665 404 Septuaginta.
685 372 712 394 et
727 366 941 394 Theodotionem
955 370 984 392 et

187 413 392 451 .Symmacliuln
421 418 475 445 est,
506 411 719 445 1diapsalma;i
749 419 799 445 pro
830 418 885 445 quo
913 411 984 444 apud

186 454 346 495 "Aquilam:
375 459 547 487 1Poudcravi
579 458 644 493 (ms.
676 456 816 492 constitui)
844 457 985 483 columnas

197 506 268 542 eius,
286 513 425 540 semper.»
446 504 474 532 ln
497 504 591 538 quinta
626 509 716 531 autem
740 503 861 530 editione
879 511 886 529 :
905 511 914 528 1
929 502 985 536 Ego

198 559 258 579 sum
283 551 331 586 qui
350 550 442 584 paravi
460 549 601 577 columnas
613 549 681 580 ejus,
700 555 808 582 semper
820 556 826 579 ;
838 557 848 572 ι
866 547 892 574 in
908 552 984 574 sexta

199 605 263 624 vero
278 607 283 624 :
304 606 312 622 1
326 596 382 630 Ego
395 595 502 623 ﬁrmavi
526 595 667 621 columnas
681 593 740 628 ejus
750 593 858 627 jugiter.
872 602 882 618 ι
900 592 985 620 Porro

199 644 225 671 in
239 643 374 670 llebraico
389 642 473 669 'babct
497 645 568 676 post,
583 650 592 666 1
603 640 718 672 Amuda,
733 649 742 665 ι
763 639 834 674 quod
851 643 903 672 est,
921 648 930 664 1
940 646 985 665 co-

200 691 307 713 lumnas
320 692 389 719 e5us,
408 693 417 709 ι
435 683 487 710 selu
501 687 562 718 (ms.
583 682 640 717 sel.)
666 683 699 710 Et
714 689 821 709 rursum
837 683 864 708 in
877 686 986 716 septua-

201 732 304 768 gesimo
324 731 419 765 quinto
436 729 513 764 cujus
535 728 696 764 principium
716 733 757 755 est
771 728 794 744 “
808 737 814 754 :
834 738 843 753 1
859 728 944 755 Notus
959 728 985 754 in

201 778 293 806 Judaca
308 778 389 809 Deus,
410 786 419 801 ι
438 775 592 803 invenimus
606 775 676 810 apud
692 774 762 801 LXX
778 778 806 801 et
820 774 985 801 Theodotiu-

202 832 265 852 nem
289 828 364 859 post,
388 833 397 849 1
421 827 543 855 scutum,
564 822 692 848 frameam
711 825 739 848 ct
756 821 871 852 bellum,
896 829 904 846 ι
926 821 986 847 dia-

202 870 304 905 psalma
320 869 360 902 u’;
385 868 456 904 apud
475 868 666 904 Symmachum
687 872 761 902 post,
787 877 796 893 1
819 867 942 902 clypeum
960 871 987 893 et

203 916 318 952 gladium
354 919 381 942 ct
409 914 526 946 bellum,
550 923 559 938 ι
597 913 719 940 similiter
754 912 904 946 diapsalma
938 919 987 946 pro

201 970 256 997 quo
278 961 349 996 apud
370 959 494 995 Aquilam
517 962 595 994 post,
612 968 621 984 1
640 958 763 993 clypeum
784 962 811 984 et
829 957 944 992 gladium
960 961 987 983 et

202 1007 313 1038 bellum,
332 1015 341 1031 ι
356 1013 467 1039 semper.
484 1004 512 1031 ln
528 1009 602 1031 sexta
620 1011 684 1031 vero
698 1007 773 1038 post,
791 1012 799 1028 1
818 1007 924 1029 scutum
935 1022 942 1032 ,
960 1006 987 1028 et

202 1051 320 1088 gladium
343 1056 370 1078 et
385 1051 500 1082 bellum;
520 1059 529 1075 ι
552 1050 581 1076 in
595 1049 682 1083 ﬁnem.
700 1049 817 1082 Eratque
831 1055 938 1074 rursum
958 1047 986 1073 in

202 1098 335 1126 llebraico
356 1101 436 1132 post:
455 1106 464 1122 1
481 1095 619 1123 Umalama
630 1115 637 1127 ,
654 1103 663 1120 ι
679 1094 760 1129 516
773 1093 845 1128 quod
859 1097 914 1125 est,
934 1102 943 1118 1
959 1097 987 1120 et

201 1144 316 1177 bellum,
334 1152 343 1168 ι
361 1143 415 1169 seta
432 1143 492 1176 (ms.
508 1140 567 1175 sel.)
582 1141 616 1168 Et
638 1139 664 1166 in
689 1139 783 1166 eodem
805 1138 907 1173 psalmo
927 1143 987 1172 post

201 1188 275 1217 illum
290 1189 389 1220 locum,
400 1198 409 1213 1
423 1192 452 1214 ut
462 1187 549 1214 salvos
561 1186 662 1213 laceret
674 1191 769 1212 omnes
778 1184 857 1211 mites
870 1188 958 1214 teme,
975 1191 984 1208 ›

201 1233 350 1268 diapsalma
364 1233 397 1259 ⁸⁵.
409 1232 487 1267 Apud
512 1231 703 1266 Symmachum
728 1230 851 1257 similiter
872 1230 989 1264 diapral-

201 1287 262 1311 ma;
287 1283 315 1306 et
338 1278 409 1313 apud
433 1278 556 1312 Aquilam
586 1283 707 1312 semper;
727 1284 833 1304 necnon
862 1281 890 1304 ct
916 1277 986 1311 apud

201 1325 324 1360 quintam
360 1328 421 1359 post
458 1323 523 1350 illud
555 1331 561 1349 :
593 1332 602 1348 1
629 1323 668 1349 Ad
703 1323 861 1349 saltandum
891 1329 987 1349 omnes

202 1375 359 1398 mansuetos
376 1373 471 1401 terrae;
493 1378 502 1394 ι
526 1374 634 1403 semper.
652 1368 681 1395 In
696 1373 771 1395 sexta
789 1375 863 1400 vero,
879 1372 940 1402 post
954 1367 988 1394 il-

202 1416 259 1448 lud,
280 1425 290 1441 1
315 1415 348 1442 ad
363 1414 520 1442 saltandum
536 1414 615 1441 mites
630 1418 717 1446 teme,
738 1423 746 1438 ι
764 1414 791 1440 in
805 1414 893 1448 ﬁnem.
909 1414 943 1441 Et
959 1414 987 1440 in

202 1460 335 1490 chraico
350 1465 410 1496 post
420 1469 429 1486 1
441 1460 501 1487 anie
512 1466 572 1487 ares
585 1459 648 1495 (ms.
661 1459 727 1495 ars),
744 1468 753 1484 ι
767 1459 839 1494 quod
851 1463 901 1491 est,
914 1469 924 1484 1
937 1459 989 1486 mi-

1034 225 1116 260 ἀρχή·
1135 233 1145 249 1
1156 224 1425 259 Ἐξομολογησόμεθά
1440 232 1491 254 σοι.
1506 225 1520 249 ὁ
1535 223 1613 255 Θεὸς,
1632 224 1834 259 ἐξομολογησο-

1036 271 1106 307 μευά
1126 279 1178 301 σοι,
1199 270 1246 296 καὶ
1257 269 1478 305 ὲπικαλεσόμεθα
1493 269 1525 295 τὸ
1539 269 1624 304 ὖνομά.
1637 278 1685 296 σου
1697 278 1705 285 ·
1728 279 1738 295 ι
1765 272 1834 306 μετὰ

1034 316 1074 346 τὸ,
1087 324 1096 341 1
1108 315 1178 350 Ἐγὼ
1199 315 1353 352 ὲστερέωσα
1374 316 1438 347 τοὺς
1457 315 1570 346 στύλους
1588 316 1685 350 αὐτῆς,
1721 326 1731 342 ι
1758 324 1834 351 περι

1034 363 1091 393 τοῖς
1099 361 1308 396 Ἐὃδομήκοντα,
1325 361 1373 387 καὶ
1381 361 1550 393 Θεοδοτίωνι,
1562 362 1609 387 καὶ
1616 361 1676 395 Συμ
1680 362 1765 397 μάχῳ
1777 363 1834 388 ἐπὶ

1038 417 1046 433 1
1065 407 1213 442 διάψαλμα.
1231 417 1240 433 r
1262 407 1335 433 Ἀντὶ
1361 407 1391 433 δὲ
1411 407 1507 433 τούτου
1530 407 1606 442 παρὰ
1631 408 1681 442 μὲν
1716 408 1833 442 Ἀκύλα-

1038 464 1047 480 1
1060 454 1130 488 Ἐγὼ
1145 453 1352 489 ἑσταθμισάμην
1366 453 1428 485 τοὺς
1447 453 1561 484 στύλους
1583 453 1668 488 αὐτῆς
1689 453 1753 479 ἀεί·
1775 464 1785 479 ι
1807 455 1834 480 ἐν

1035 500 1064 527 δὲ
1074 502 1106 535 τῇ
1120 503 1139 526 ε’
1151 508 1157 514 ”
1172 509 1181 525 1
1200 499 1270 534 Ἐγὼ
1287 500 1345 534 εἰμι
1361 498 1391 531 ὃς
1410 499 1547 534 ήτοίμασα
1564 500 1627 531 τοὺς
1650 500 1769 531 στύλους
1785 501 1834 527 αὖ-

1035 545 1084 581 τῆς
1098 545 1155 572 ἀεί·
1172 555 1181 572 ι
1195 546 1224 572 ὲν
1237 546 1265 571 δὲ
1278 546 1311 580 τῇ
1328 548 1368 577 ς’·
1387 553 1396 570 ‹
1421 545 1490 579 Ἐγὼ
1508 545 1664 581 ὲστερέωσα
1680 546 1749 577 τοὺς
1771 546 1833 573 α·τά-

1036 589 1097 621 λους
1110 590 1194 624 αὐτῆς
1217 589 1374 620 διαπαντός.
1391 598 1401 615 ι
1418 590 1526 616 Ἔκειτο
1538 589 1566 615 δὲ
1584 591 1612 616 ὲν
1632 590 1672 625 τῷ
1694 591 1834 627 Ἑϐραῖχῷ

1038 635 1107 670 μετὰ
1124 635 1154 661 τὸ
1167 644 1176 660 1
1188 635 1327 670 Ἀμουδᾶ,›
1347 635 1361 661 ὅ
1384 635 1443 661 ἐστι
1455 655 1463 666 ,
1494 644 1503 660 1
1523 635 1636 668 στύλους
1655 637 1757 672 αὐτῆς,
1776 648 1785 663 ι
1806 639 1835 663 τὸ

1039 690 1047 703 1
1063 680 1119 707 σέλ.
1139 690 1148 706 ι
1161 681 1245 707 Πάλιν
1260 689 1289 707 τε
1305 679 1338 707 αὖ
1357 681 1386 707 ἐν
1400 680 1437 715 τῷ
1455 684 1500 713 οε¹,
1515 678 1547 707 οὗ
1562 682 1633 717 ἀρχὴ
1647 701 1654 713 ,
1684 691 1694 707 1
1710 683 1835 715 Γνωιπὶις

1037 727 1065 752 ὲν
1077 727 1110 761 τῇ
1134 726 1247 762 Ἰουδαίᾳ
1257 727 1271 753 ὁ
1285 726 1378 759 Θεὸς,›
1397 727 1514 762 εὕρομεν
1529 727 1604 764 παρὰ
1617 729 1676 760 τοῖς
1701 729 1835 765 Ἐϐὁομή-

1037 781 1119 799 κοντα
1132 772 1179 799 καὶ
1190 772 1357 805 Θεοδοτίωνι,
1376 772 1446 808 μετὰ
1454 773 1495 805 τὸ,
1508 773 1602 804 ιὸπλα,
1617 774 1666 801 καὶ
1681 775 1835 810 ῥομφαίαν,

1037 818 1085 844 καὶ
1098 818 1226 853 πόλεμον,
1238 828 1246 844 ι
1258 818 1413 853 διάψαλμα
1425 827 1433 834 ⁵
1446 820 1521 855 παρὰ
1535 820 1564 846 δὲ
1578 821 1722 856 Συμμάχῳ
1733 841 1741 852 ,
1768 823 1837 856 μετὰ

1037 864 1078 895 τὸ,
1099 872 1107 889 1
1127 863 1230 890 ἀσπίδα.
1253 864 1302 890 καὶ
1320 863 1457 899 μάχαιραν
1476 865 1524 891 καὶ
1542 865 1669 900 πόλεμον,
1690 875 1701 891 ι
1731 866 1838 901 ὁμοίως

1039 919 1049 935 1
1069 908 1216 944 διάψαλμα.
1235 918 1244 935 ι
1270 909 1342 936 Ἀντὶ
1364 910 1392 936 δὲ
1419 909 1514 937 τούτου
1537 911 1613 946 παρὰ
1637 911 1687 946 μὲν
1718 912 1838 947 Ἀκύλᾳ,

1038 954 1107 990 μετὰ
1124 954 1170 985 τὸ,
1191 964 1201 979 ‹
1218 954 1313 990 θυρεὸν
1328 956 1374 982 καὶ
1398 956 1516 991 πόλεμον
1536 956 1584 983 καὶ
1599 956 1756 992 μάχαιραν,
1776 968 1785 982 ι
1808 958 1838 984 τὸ

1038 1007 1049 1024 1
1065 999 1124 1025 ἀεί’
1140 1008 1148 1024 ι
1163 999 1191 1026 ἐν
1204 999 1232 1025 δὲ
1250 1001 1282 1034 τῇ
1298 1003 1334 1032 ς’,
1359 1000 1430 1035 μετὰ
1446 1000 1486 1032 τὸ,
1507 1009 1516 1026 1
1533 1001 1615 1028 ὅπλον
1631 1003 1679 1028 καὶ
1694 1004 1839 1038 ῥομφαίαν

1036 1045 1084 1071 καὶ
1096 1045 1223 1080 πόλεμον,
1241 1055 1250 1070 ι
1269 1046 1309 1077 τὸ,
1328 1055 1338 1072 1
1357 1047 1398 1078 εἰς
1411 1046 1499 1078 τέλος.
1516 1056 1526 1073 ι
1541 1045 1595 1074 Ἦν
1608 1048 1637 1074 δὲ
1651 1049 1738 1075 πάλιν
1752 1051 1784 1075 ἐν
1800 1049 1839 1084 τῷ

1042 1090 1178 1126 Ἐὃραῖκῷ
1199 1091 1268 1126 μετὰ
1286 1091 1326 1124 τὸ,
1357 1101 1366 1117 1
1387 1092 1552 1129 Οὑμάλαμα,
1568 1103 1578 1120 ›
1605 1094 1620 1120 ὃ
1648 1094 1721 1128 ἐστι,
1757 1104 1768 1121 1
1792 1096 1838 1122 καὶ

1037 1135 1165 1171 πόλεμον,
1188 1147 1197 1162 ι
1220 1137 1250 1164 τὸ
1273 1147 1282 1163 1
1295 1137 1350 1164 σέλ.
1370 1147 1379 1164 ι
1394 1138 1449 1165 Καὶ
1465 1139 1506 1165 ἔτι
1522 1140 1550 1166 ἐν
1567 1140 1620 1175 τῷδ
1630 1140 1707 1176 αὐτῷ
1721 1142 1838 1177 ψαλμῷ,

1038 1181 1108 1216 μετὰ
1120 1181 1161 1213 τὸ,
1180 1191 1189 1207 1
1204 1182 1251 1208 τοῦ
1267 1183 1355 1210 σῶσαι
1366 1183 1470 1216 πάντας
1486 1186 1548 1217 τοὺς
1563 1187 1661 1221 πραεῖς
1673 1186 1726 1221 τῆς
1740 1187 1807 1222 γῆς,
1827 1197 1837 1212 ι

1036 1228 1050 1254 ὁ
1066 1227 1214 1263 Σύμμαχος
1239 1229 1340 1265 ὁμοίως
1362 1239 1372 1256 ‹
1393 1230 1541 1265 διάψαλμα.
1564 1241 1574 1258 ι
1594 1232 1675 1267 Παρά
1689 1233 1718 1259 δὲ
1731 1233 1774 1268 τῷ
1796 1234 1839 1259 ‘A-

1037 1273 1116 1310 κύλᾳ,
1135 1274 1204 1309 μετὰ
1217 1275 1257 1307 τὸ,
1272 1284 1281 1301 1
1297 1276 1402 1308 πάντας
1426 1278 1489 1309 τοὺς
1510 1279 1608 1312 πραεῖς
1634 1278 1686 1313 τῆς
1697 1279 1765 1314 γῆς,
1785 1290 1795 1305 ι
1810 1280 1839 1305 τὸ

1039 1328 1049 1345 1
1066 1320 1126 1346 ἀει·
1148 1330 1157 1346 ι
1174 1320 1246 1347 οὕτω
1261 1321 1289 1348 δὲ
1304 1322 1351 1348 καὶ
1367 1323 1395 1348 ὲν
1408 1324 1440 1358 τῇ
1456 1323 1580 1359 πέμπτῃ,
1597 1323 1669 1358 μετὰ
1683 1324 1728 1356 τὸ,
1747 1334 1757 1349 1
1771 1325 1839 1351 πᾶν-

1036 1373 1086 1397 τας
1099 1366 1161 1397 τοὺς
1175 1367 1329 1403 πραεῐςτῆς
1346 1368 1407 1403 γῆς,
1427 1378 1436 1394 ι
1453 1368 1484 1394 τὸ
1496 1378 1505 1393 ‹
1521 1368 1577 1395 ἀεί·
1597 1377 1607 1394 ι
1623 1370 1652 1395 ὲν
1670 1369 1700 1396 δὲ
1712 1371 1751 1405 τῇ
1771 1371 1838 1405 ἕκτῃ

1038 1410 1107 1445 μετὰ
1125 1410 1175 1442 τὸ,
1197 1421 1206 1436 1
1223 1411 1270 1438 τοῦ
1295 1412 1381 1439 σῶσαι
1404 1414 1466 1445 τοὺς
1491 1415 1588 1449 πραεῖς
1605 1414 1656 1450 τῆς
1678 1415 1755 1450 γῆς,
1770 1426 1781 1442 ›
1811 1417 1840 1442 tit

1040 1464 1050 1481 1
1067 1456 1107 1487 εις
1122 1456 1210 1488 τέλος.
1230 1467 1238 1482 ι
1258 1458 1314 1484 Καὶ
1329 1458 1358 1485 ἐν
1374 1458 1413 1493 τῷ
1432 1458 1571 1494 Ἐὸραῖκῷ
1598 1459 1670 1495 μετὰ
1690 1460 1726 1486 τὺ
1744 1471 1755 1487 1
1777 1461 1838 1496 ἀνίη

203 1509 245 1532 tes
269 1509 360 1537 terrae,
381 1511 390 1529 ι
407 1503 461 1531 sela
477 1503 538 1536 (ms.
561 1504 628 1537 sel),
652 1507 733 1538 atque
757 1504 794 1531 ita
820 1511 881 1530 cum
907 1503 984 1530 talem

1075 1510 1098 1533 ς,
1121 1511 1130 1528 ι
1148 1503 1240 1535 ὅέστι,
1256 1512 1265 1528 1
1283 1505 1379 1540 πραεῖς
1392 1505 1442 1540 τῆς
1460 1505 1522 1540 γῆς,
1543 1514 1552 1530 ι
1577 1505 1609 1532 τὸ
1633 1515 1643 1531 1
1667 1506 1730 1538 σέλ,
1754 1517 1764 1533 ι
1794 1508 1840 1534 καὶ

205 1544 417 1578 uniuscujusque
444 1545 571 1572 editionis
596 1546 750 1579 opinionem
778 1548 986 1581 reperissemus,

203 1587 261 1614 lucc
276 1588 475 1617 adnotavimus.
490 1588 588 1616 Utrum
607 1595 697 1617 autem
720 1591 860 1626 cujusdam
877 1594 988 1621 musicae

201 1632 357 1666 cantilenae,
370 1638 418 1660 aut
434 1634 555 1669 rhythmi
571 1635 788 1664 immutationem
800 1637 846 1672 qui
856 1638 989 1674 interpre-

203 1677 251 1705 tati
264 1683 328 1705 sunt
347 1679 513 1714 1diapsalma
527 1688 537 1706 ν
555 1681 704 1714 senserint,
722 1681 831 1711 aliudve
846 1683 985 1712 intellexe-

202 1722 267 1757 rint,
282 1726 329 1750 tuo
341 1722 445 1758 judicio
457 1723 629 1755 derelinauo.

199 1854 250 1884 EX
271 1855 455 1885 ORIGENIS
483 1855 775 1886 εοιιΜΕΝΤΑιυιδ
809 1857 853 1886 ΙΝ
874 1857 984 1886 PSAL-

552 1902 637 1930 M08.

234 1949 424 1985 Psalmi1pro
453 1949 657 1977 torcularibus»
691 1948 828 1985 inscripti,
852 1951 898 1985 qui
929 1955 985 1979 tres

199 1999 274 2027 sunt,
288 2002 384 2030 nempe
399 2000 524 2027 octavus,
548 1995 730 2029 octogesimus
753 2000 781 2022 et
804 1996 986 2030 octogesimus

199 2041 306 2074 tertius,
320 2041 448 2068 videntur
465 2040 528 2067 Inibi
547 2041 787 2076 congregationem
805 2041 943 2075 Ecclesiae,
958 2048 986 2070 et

200 2086 401 2114 multitudinem
413 2090 598 2114 conventuuut
615 2091 791 2121 ccetuumque
802 2087 959 2122 signiﬁcare
975 2094 982 2114 :

1038 1547 1124 1579 οὕτως
1137 1548 1305 1576 ἀδιάπτωτον
1319 1550 1444 1585 εὑρόντες
1457 1550 1507 1586 τὴν
1530 1551 1658 1586 τοιαύτην
1670 1553 1839 1588 παρατήρη-

1039 1601 1092 1625 σιν,
1104 1594 1188 1620 ταῦτα
1198 1595 1558 1632 ὲσημειωσάμεθαᾞότερον
1570 1597 1598 1623 δὲ
1614 1598 1754 1632 μουσικοῦ
1768 1606 1840 1629 τινος

1041 1639 1165 1675 μέλουςῆ
1190 1640 1293 1676 ῥυθμοῦ
1311 1641 1457 1677 γινομένης
1480 1642 1632 1677 ὲναλλαγῆς
1655 1642 1789 1679 ἔγραψαν
1811 1643 1840 1670 τὸ

1044 1693 1052 1711 1
1071 1684 1212 1720 διάψαλμα
1229 1695 1238 1711 ›
1264 1687 1289 1713 οἰ
1309 1687 1575 1724 ἑρμηνεύσαντες,ῆ
1600 1688 1690 1721 ἄλλως
1710 1689 1840 1725 κινηθέν-

1040 1739 1096 1763 τες,
1114 1731 1202 1758 καὶσὺ
1218 1733 1378 1770 ἐπιστήσῃς.

1100 1862 1149 1890 ΕΚ
1165 1862 1234 1893 ΤΩΝ
1253 1866 1469 1894 ΩΡΙΓΕΝΟΥΣ
1491 1868 1552 1895 ΕΙΣ
1573 1869 1778 1899 ΨΑΛΜΟΥΣ.

1074 1951 1105 1977 υἱ
1119 1951 1354 1988 ἐπιγεγραμμένοι
1382 1954 1484 1990 ψαλμοὶ
1514 1964 1523 1981 1
1544 1955 1613 1992 ὑπὲρ
1628 1956 1685 1983 τῶν
1717 1957 1832 1993 ληνῶνι

1035 1996 1109 2031 τρεῖς
1121 1996 1207 2029 ὄντες,
1220 1997 1233 2023 ὃ
1248 2005 1277 2023 τε
1289 1998 1391 2032 ὄγδοος,
1407 1999 1454 2026 καὶ
1465 2000 1480 2027 ὁ
1495 2000 1684 2035 ὀγδοηκοστὺς,
1698 2001 1748 2027 καὶ
1759 2003 1776 2029 ὁ
1787 2003 1833 2036 ἂγ-

1035 2040 1181 2076 δοηκοστὺς
1203 2042 1312 2078 τρίτος,
1338 2044 1447 2071 δοκοῦσί
1478 2054 1522 2081 μοι
1550 2046 1581 2073 τὸ
1608 2046 1749 2082 ἄθροισμα
1785 2048 1833 2082 τῆς

1042 2086 1205 2121 Ἐκκλησίας
1217 2088 1264 2114 καὶ
1278 2088 1307 2115 τὸ
1322 2089 1423 2124 πλῆθος
1446 2090 1500 2117 τῶν
1514 2092 1560 2118 ἐπὶ
1574 2091 1604 2117 τὸ
1623 2091 1691 2118 αὐτὸ
1713 2093 1833 2120 συνόδων

199 2131 334 2166 siquidem
364 2139 396 2159 ex
425 2131 517 2158 multis
545 2139 626 2158 unam
659 2132 824 2164 orationem,
849 2140 984 2168 unamque

1074 2132 1144 2159 toﬁv'
1165 2134 1211 2159 καὶ
1232 2134 1287 2169 γὰρ
1305 2136 1337 2161 ὲκ
1361 2136 1466 2163 πολλῶν
1486 2137 1549 2171 μίαν
1577 2137 1660 2172 εὐχὴν
1689 2139 1739 2164 καὶ
1769 2139 1832 2173 μίαν

199 2177 367 2204 canticorum
396 2176 605 2205 modulationem
632 2177 659 2205 in
675 2177 805 2206 Ecclesiis
821 2178 876 2206 Deo
889 2178 982 2206 oﬁ'erri

1074 2179 1200 2213 .vo‘mylav
1208 2180 1417 2216 ἀναπέμπεσθαι
1424 2183 1462 2218 τῷ
1471 2183 1529 2218 Θεῷ
1544 2184 1574 2210 ὲν
1583 2184 1642 2214 ταῖς
1651 2183 1831 2218 Ἐκκλησιιις

198 2222 345 2258 contingit;
360 2223 587 2257 quemadmodum
611 2223 639 2251 in
661 2223 847 2252 torcularibus
866 2231 899 2251 ex
917 2223 985 2252 mul-

198 2269 234 2296 tis
260 2276 292 2296 ac
318 2269 432 2296 diversis
459 2268 561 2297 vitibus
580 2277 634 2297 una
651 2269 707 2297 vini
728 2270 818 2297 mistio
829 2270 983 2298 conﬁcitur.

199 2313 269 2341 Olim
287 2313 396 2348 quidem
415 2314 440 2341 in
457 2322 511 2342 uno
523 2314 700 2351 Jerosolyma:
722 2315 795 2346 loco.
821 2323 904 2342 unum
925 2320 985 2343 erat

199 2359 331 2391 torcular.
349 2359 393 2386 ubi
409 2360 497 2387 coacti
519 2367 616 2394 preces
636 2359 798 2387 emittebant
812 2368 820 2387 :
835 2360 910 2393 cujus
926 2367 984 2388 me-

199 2405 279 2433 minit
304 2404 388 2432 Isaias
413 2405 455 2433 his
472 2406 563 2433 verbis
578 2413 586 2432 :
605 2414 614 2431 1
630 2405 662 2432 Et
678 2405 811 2433 aediﬁcavi
830 2406 940 2438 turrim,
955 2410 984 2433 et

199 2451 368 2486 protorcular
383 2450 436 2478 fodi
448 2451 475 2478 in
487 2451 569 2478 illa“.
581 2460 591 2477 ›
607 2451 705 2480 Turris
719 2459 785 2480 vero
801 2451 932 2485 templum
946 2451 985 2479 si-

199 2496 324 2531 gniﬁcat:
340 2495 511 2530 protorcular
526 2500 617 2523 autem
632 2496 726 2524 altare.
742 2496 842 2524 Verum
854 2496 983 2530 quoniam

201 2541 245 2569 illa
263 2549 293 2569 se
308 2543 510 2569 destruclurum
523 2542 703 2571 comminatus
717 2547 769 2575 est,
785 2547 814 2570 et
826 2550 921 2570 revera
937 2543 984 2569 de-

201 2588 309 2622 suuxit,
324 2596 374 2624 pro
390 2596 442 2615 uno
459 2592 552 2623 postea
565 2587 651 2615 multa
672 2587 813 2616 constituit
824 2587 982 2621 torcular-ia,

201 2632 333 2662 Ecclesias
359 2643 453 2670 nempe
471 2642 518 2669 per
534 2639 621 2663 totum
643 2635 736 2662 orbem
751 2633 888 2661 conditas.
913 2633 984 2660 Ideo-

1037 2222 1195 2257 συμϐαίνει”
1211 2223 1306 2261 ὥσπερ
1316 2227 1346 2252 ὲν
1357 2228 1415 2259 ταῖς
1429 2227 1518 2262 ληνοῖς
1533 2228 1565 2254 ὲκ
1581 2227 1687 2254 πολλῶν
1703 2229 1754 2255 καὶ
1773 2229 1831 2256 δια-

1037 2267 1127 2304 φόρων
1141 2269 1270 2304 ἀμπέλων
1287 2271 1337 2306 μία
1354 2273 1451 2308 κρᾶσις
1473 2273 1642 2300 ἀποτελεῖται
1664 2274 1751 2301 οἴνου.
1776 2275 1832 2302 Πά-

1035 2313 1081 2340 λαι
1098 2314 1148 2350 μὲν
1161 2313 1208 2342 οὖν
1222 2316 1251 2342 ὲν
1259 2317 1299 2343 ἑνὶ
1317 2317 1392 2353 τόπῳ
1403 2318 1452 2354 τῆς
1468 2319 1646 2354 Ἰερουσαλὴμ
1660 2319 1712 2354 μία
1723 2328 1771 2352 τις
1799 2319 1831 2356 ἦν

1035 2360 1126 2396 ληνὸς,
1144 2361 1209 2388 ἔνθα
1224 2363 1360 2395 συνιόντες
1372 2363 1421 2395 τὰς
1437 2363 1527 2390 αὐτῶν
1544 2364 1628 2399 εὐχὰς
1647 2365 1829 2401 ἀνέτπμτεον·

1036 2404 1070 2442 ἧς
1084 2407 1219 2443 μέμνηται
1241 2408 1288 2437 καὶ
1308 2409 1421 2441 Ἡσαΐας
1438 2409 1542 2444 λέγων’
1563 2419 1572 2436 1
1593 2411 1648 2437 Καὶ
1664 2411 1832 2447 ᾠκοδόμησα

1038 2451 1151 2487 πύργον,
1167 2453 1213 2480 καὶ
1227 2453 1371 2489 προλήνιον
1388 2455 1479 2491 ὥρυξα
1502 2456 1531 2481 ἐν
1546 2455 1631 2491 αὐτῷ.
1650 2465 1660 2482 ι
1694 2456 1781 2492 Δηλοῖ
1804 2457 1831 2490 δὲ

1039 2497 1143 2533 πύργος
1170 2499 1219 2534 μὲν
1233 2499 1278 2526 τὸν
1295 2500 1357 2527 ναὸν
1372 2499 1439 2535 (22),
1460 2501 1603 2537 προλήνιον
1630 2502 1659 2529 δὲ
1677 2503 1709 2529 τὸ
1733 2503 1830 2530 ουσια-

1037 2545 1157 2580 στήριον.
1179 2546 1248 2572 Ἀλλ’
1263 2547 1325 2572 ἐπεὶ
1339 2546 1462 2574 καθελεῖν
1474 2548 1605 2582 ἠπείλησε
1616 2568 1623 2580 ,
1640 2548 1689 2575 καὶ
1704 2549 1831 2576 καθεῖλεν

1037 2590 1136 2622 ἐκεῖνα,
1155 2591 1263 2623 πλείους
1289 2591 1348 2619 ἀντὶ
1371 2593 1434 2627 μιᾶς
1450 2593 1634 2627 συνεστήσατο
1652 2594 1766 2630 ληνοὺς,
1784 2595 1828 2625 τὰς

1037 2635 1097 2662 καθ’
1111 2636 1174 2672 ὅλης
1190 2637 1240 2672 τῆς
1254 2638 1416 2673 οἰκουμένης
1433 2638 1594 2673 Ἐκκλησίας
1603 2647 1610 2654 ·
1625 2638 1667 2667 διὸ
1679 2640 1792 2676 εἴρηται
1803 2642 1830 2667 ἐν

234 2725 255 2743 ⁵⁸
271 2725 341 2752 Psal.
358 2732 449 2758 Lutv,
465 2725 493 2751 2.
531 2725 554 2741 δ’
569 2725 649 2757 ibid.,
664 2725 691 2752 4.
732 2725 755 2741 ⁸³
770 2723 840 2752 ΡειΙ.
855 2731 936 2757 Lxxv,
952 2724 980 2750 ἓ.

1075 2727 1132 2761 »ὶιΙ.,
1148 2728 1174 2756 4.
1212 2729 1235 2746 ⁸⁵
1252 2730 1328 2762 ibid.,
1344 2731 1387 2758 10.
1426 2730 1449 2746 ⁸⁸
1462 2730 1522 2757 lsai.
1541 2737 1565 2762 ν,
1584 2730 1612 2758 9..

201 2789 283 2823 este}
293 2784 573 2823 epistola‘llierouymi
588 2785 621 2823 ad
635 2785 683 2811 Max
695 2784 789 2812 cellam
801 2793 808 2819 ;
822 2792 880 2819 qua:
893 2788 981 2812 exstat
1000 2788 1064 2814 tom.
1080 2786 1110 2817 ll,
1128 2786 1256 2814 editionis
1274 2785 1410 2819 Vallarsii,
1423 2796 1450 2823 p.
1465 2785 1527 2814 707.

233 2819 290 2852 (ἳὲ)
309 2818 398 2844 Ναόν.
409 2818 535 2851 Grubius,
548 2819 621 2847 λαόν,
