1888 3051
50 131 116 158 1061

686 127 842 156 SELECTA
860 127 893 155 ΙΝ
911 127 1081 156 PSALMOS.

1612 131 1682 159 10$!

46 189 88 224 τῷ
105 189 191 224 ὀγδόῳ
202 187 303 224 ψαλμῷ
329 188 417 215 οὕτω·
442 198 451 214 1
471 188 569 225 Κύριε,
591 189 607 216 ό
637 188 739 225 Κύριος
763 190 791 225 ﬁt

937 197 946 216 ε
961 190 987 216 itt
1002 193 1102 216 octavo
1119 189 1223 224 psalmo
1241 189 1342 216 dictum
1357 194 1418 217 est:
1436 199 1446 216 1
1461 189 1575 218 Domine
1593 192 1682 219 Domi-

41 233 119 269 -(9.5),
136 234 173 265 ὼς
191 233 347 269 θαυμαστὸν
370 234 400 260 τὺ
411 234 497 269 ὄνομά.
511 243 558 260 σου
569 235 598 260 ἐν
612 234 687 271 πάσῃ
701 236 734 270 τῇ
754 236 789 270 γῇ
802 236 808 262 !
829 245 838 261 ι

45 281 148 315 Σαφῶς
157 282 209 315 γὰρ
228 279 384 315 παρέστησε
400 279 449 311 τὰς
463 279 514 306 ἀνὰ
533 281 624 306 πᾶσαν
647 281 696 316 τὴν
715 281 842 316 οἰκουμέ-

48 334 101 360 νην
114 325 210 360 ληνοὺς
223 324 270 351 τοῦ
281 324 358 351 Θεοῦ.
372 325 426 351 Καὶ
438 325 452 350 ό
468 325 645 361 ὀγδοηκοστὸς
661 326 699 358 δέ,
717 327 765 353 καὶ
794 327 842 353 αὐ-

48 371 97 402 τὸς
114 371 252 406 ὲπιλήνιος
266 370 322 405 (24)
334 369 382 402 ὢν,
403 373 459 402 τοῖς
472 371 560 397 ἔθνεσι
574 372 641 398 πᾶσι
657 372 843 406 παρακελεύε-

48 425 97 443 ται
105 416 144 451 τῷ
161 415 221 450 Θεῷ
237 415 292 442 τῶν
316 416 463 451 προφητῶν
490 417 644 443 ἀποδιδόναι
672 417 718 444 τὸν
738 417 841 453 ὕμνον·

45 463 125 497 λέγει
139 462 168 489 δὲ
183 460 229 489 οὖν
238 471 245 478 ·
257 471 267 488 1
279 463 455 496 Ἀγαλλιᾶσοε
469 463 507 499 τῷ
523 464 582 499 Θεῷ
597 465 635 500 τῷ
648 465 737 501 βοηθῷ
751 465 841 501 ἡμῶν·

45 508 202 540 ἁλαλὰξατε
226 508 264 543 τῷ
279 508 338 544 Θεῷ
361 508 468 535 Ἰακώϐ.
492 519 501 534 ι
528 508 595 536 Εἶτα
619 511 683 546 ὲΞῆς
703 511 842 538 ὑποκατα-

47 555 112 587 ϐὰς,
123 556 171 590 τὴν
186 555 321 590 ἀποϐολὴν
331 555 377 582 τοῦ
390 556 522 590 προτέρου
538 556 602 583 λαοῦ
624 557 767 592 σημαίνει,
795 558 840 584 λέ-

47 609 108 634 γων
120 608 127 614 ·
146 601 217 627 «Καὶ
232 602 282 627 οὐκ
294 601 410 636 ῆκουσεν
424 603 439 628 ό
454 602 518 633 λαός
531 611 580 637 μου
596 602 647 637 τῆς
666 604 757 639 φωνῆς
779 612 840 639 μου,

49 648 98 674 καὶ
115 647 223 683 Ἰσραὴλ
235 648 265 674 οὑ
279 648 415 683 προσέσχε
439 657 494 683 μοι.
520 649 574 674 Καὶ
592 649 770 680 ἐξαπέστειλα
794 650 843 676 αὑ-

46 693 114 724 τοὺς
129 693 200 719 κατὰ
215 692 250 719 τὰ
266 693 469 729 ἐπιτηδεύματα
487 694 541 720 τῶν
561 694 679 730 καρδιῶν
706 695 807 722 αὐτῶν.
829 705 838 722 ι

48 737 107 763 Καὶ
119 737 133 763 ὸ
148 737 327 772 ὀγδοηκοστὸς
341 738 433 774 τρίτος
445 740 494 774 τὴν
523 740 607 774 αὐτὴν
630 740 700 774 ἔχων
722 749 842 777 προγρα-

47 783 114 818 φὴν,
130 783 232 810 ὅτιούκ
248 784 321 810 ἐστιν
338 783 366 810 ἓν
385 785 528 820 σκήνωμα,
550 786 611 812 οὐδὲ
643 785 671 812 ἐν
695 786 842 822 θυσιαστή-

48 836 109 863 ριον
122 828 151 854 ἐν
171 828 379 864 Ἱεροσολύμοις,
405 829 472 856 ἀλλὰ
493 830 579 856 πολλὰ
603 831 769 867 σκηνώματα
795 833 841 859 καὶ

46 873 137 900 πολλὰ
147 873 329 910 θυσιαστήρια
343 875 502 911 παρίστησι.
528 877 573 903 Διὸ
602 878 649 903 καὶ
676 878 714 909 ὼς
736 878 841 906 πολλῶν

46 919 139 946 οὐσῶν
151 919 250 955 ληνῶν,
267 921 370 948 τούτων
390 921 480 948 αὐτῶν
500 922 554 948 τῶν
581 924 768 957 σκηνωμάτων
794 923 841 950 καὶ

46 964 105 991 τῶν
121 964 337 1001 ουσιαπηρίων,
353 967 424 1002 ὑπὲρ
437 968 492 994 τῶν
508 968 596 1003 ληνῶν
615 968 838 1004 προγέγραπται·

46 1011 125 1045 λέγει
143 1011 170 1037 δὲ
183 1008 229 1037 οὖν
239 1018 246 1026 ·
261 1021 270 1037 1
288 1012 331 1044 Ὠς
348 1013 476 1048 ἀγαπητὰ
488 1013 522 1040 τὰ
536 1013 702 1049 σκηνώματά
716 1023 771 1047 σου,
787 1015 843 1041 Κύ-

46 1066 95 1093 ριε
109 1058 162 1085 τῶν
183 1059 337 1094 δυνάμεωνί
362 1058 502 1085 Ἐπιποθεῖ
523 1060 570 1086 καὶ¹
591 1059 710 1086 ἐκλείπει
733 1061 750 1095 ὴ
769 1061 840 1097 ψυχή

45 1111 104 1138 μου
120 1104 158 1136 είς
175 1105 225 1137 τὰς
239 1104 322 1136 αὐλὰς
338 1104 385 1131 τοῦ
399 1104 516 1140 Κυρίουι
535 1115 544 1131 ι
561 1106 607 1132 καὶ
620 1106 744 1142 ἐπιφέρει
755 1115 761 1121 ·
778 1117 786 1132 ι
803 1107 843 1133 Τὰ

49 1148 233 1185 θυσιαστήριὰ
246 1159 303 1181 σου,
320 1150 405 1186 Κύριε
419 1150 474 1181 τῶν
494 1150 649 1186 δυνάμεωνο
671 1161 680 1177 ι
700 1153 746 1178 καὶ
762 1151 842 1178 πάλιν

53 1194 240 1230 πληουντικῶς
255 1196 390 1230 ἐπιλέγει·
410 1205 419 1220 1
440 1196 646 1232 Ὑπερασπιστὰ
661 1196 749 1232 ἡμῶν,
768 1197 806 1223 ἴδε
830 1197 844 1224 ὁ

49 1239 131 1271 Θεὸς,
153 1241 199 1267 καὶ¹
222 1241 365 1276 ἐπίϐλεψον
385 1242 425 1273 είς
446 1241 476 1268 τὸ
497 1242 641 1276 πρόσωπον
657 1242 703 1269 τοῦ
725 1242 842 1278 Χριστοῧ

50 1293 100 1311 σου
111 1295 118 1301 ·
131 1286 171 1312 ὅτι
186 1286 320 1323 κρείσσων
331 1287 423 1323 ἡμέρα
434 1287 482 1322 μία
496 1287 523 1314 ἐν
533 1289 593 1319 ταῖς
606 1288 701 1320 αὐλαῖς
716 1297 761 1314 σου
773 1289 843 1324 ὑπὲρ

48 1331 183 1366 χιλιάδας.
202 1342 211 1358 ›
227 1332 311 1359 Ἔνθα
323 1334 462 1368 τηρήσεις,
475 1333 512 1365 ὡς
524 1334 570 1360 καὶ
586 1335 715 1369 ὀνομαστὶ
725 1334 843 1370 Χριστοῦ

51 1377 199 1413 μέμνηται.
212 1378 280 1410 Τοὺς
290 1379 546 1414 ἐπιγεγραμμένους
559 1388 568 1405 1
581 1379 650 1415 ὑπὲρ
662 1380 710 1415 τῆς
721 1380 816 1415 ὀγδόης
831 1390 841 1406 ›

48 1423 99 1449 δύο
114 1423 235 1459 ψαλμοὺς
255 1424 373 1460 ἠγοῦμαι
387 1425 436 1460 τὴν
453 1426 586 1461 σωτήριον
599 1426 649 1460 τῆς
670 1425 845 1458 ἀναστάσεως

48 1469 159 1504 ἡμέραν
178 1469 225 1496 τοῦ
248 1471 350 1506 Κυρίου
367 1470 542 1497 αἰνίττεσθαι.
561 1470 615 1506 Τὴν
637 1471 705 1507 πρὸς
730 1471 844 1498 θάνατον

44 1514 118 1549 γοῦν
135 1515 270 1551 ἁμαρτίαν
286 1516 473 1552 ἐργασάμενος
494 1517 508 1542 ό
523 1516 615 1549 Δαυὶδ,
640 1516 755 1543 ἱκετεύει
774 1516 844 1543 κατὰ

50 1558 100 1585 τὸν
114 1560 202 1592 ἕκτον,
220 1560 256 1596 μὴ
274 1560 321 1587 τοῦ
337 1561 434 1596 θυμοῦ,
459 1561 527 1597 μηδέ
542 1562 592 1597 τῆς
607 1562 692 1597 ὀργῆς
713 1562 760 1588 τοῦ
775 1562 843 1589 Θεοῦ

45 1606 244 1641 πειρασθῆναι,
260 1606 349 1638 ἐλέους
367 1606 398 1635 δὲ
412 1607 458 1633 καὶ
479 1607 575 1639 ίάσεως
591 1607 639 1643 τὴν
659 1607 747 1643 ψυχὴν
760 1607 842 1635 αὑτοῦ

48 1652 160 1686 τυχεῖν·
185 1651 263 1678 τοῦτο
287 1651 315 1678 δὲ
340 1651 448 1678 ἔσεσθαι
467 1652 589 1684 θεσπίζει
611 1652 710 1687 λέγων·
731 1663 740 1679 1
770 1654 844 1680 Ἐπί-

45 1696 178 1733 «patiam,
197 1697 293 1732 Κύριε,
312 1697 391 1732 ῥῦσαι
421 1698 470 1733 τὴν
495 1698 585 1734 ψυχήν
609 1707 669 1734 μου,
695 1699 781 1725 σῶσόν
809 1708 843 1734 με

47 1741 144 1768 ἕνεκεν
159 1741 205 1767 τοῦ
221 1741 312 1773 ἐλέους
329 1751 390 1768 σου·
411 1743 452 1769 ὅτι
478 1743 527 1769 οὑκ
547 1743 620 1770 ἐστιν
637 1744 665 1770 ἐν
684 1743 722 1778 τῷ
737 1743 843 1779 θανάτῳ

47 1788 63 1815 ό
82 1787 258 1823 μνημονεύων
272 1797 329 1820 σου,
342 1789 371 1815 ἐν
384 1789 413 1815 δὲ
433 1789 471 1824 τῷ
491 1789 540 1825 ᾄδῃ
559 1789 601 1821 τίς
616 1789 843 1825 έξομολογήσεταί

46 1841 110 1866 σοι;
128 1843 137 1859 ι
157 1834 297 1870 μονονουχὶ
313 1835 358 1861 τὸν
373 1835 474 1871 Κύριον
487 1836 568 1862 αὑτὸν
586 1836 618 1861 ὲκ
630 1835 743 1863 θανάτου
759 1835 843 1871 ῥύσα-

47 1880 112 1907 σοαι
132 1879 214 1906 αὑτοῦ
233 1881 282 1916 τὴν
304 1881 391 1916 ψυχὴν
404 1881 542 1908 ἱκετεύων.
567 1882 677 1917 Προϊὼν
686 1882 714 1908 δὲ
731 1882 784 1908 τῶν
798 1881 843 1908 εὑ-

45 1926 105 1961 χῶν
127 1927 307 1961 τετυχηκέναι
330 1927 406 1962 δηλοῖ
423 1927 458 1953 δι’
482 1924 519 1954 ὧν
536 1936 632 1963 φησιν’
658 1938 666 1954 1
692 1928 842 1963 Είσήκουσε

45 1971 153 2006 Κύριος
164 1972 213 2006 τῆς
229 1973 321 2007 φωνῆς
334 1972 380 1999 τοῦ
396 1973 535 2008 κλαυθμοῦ
548 1982 598 2009 μου
607 1982 614 1990 ·
630 1974 773 2009 εἱσήκουσε
786 1973 842 2000 Κύ-

46 2027 106 2053 ριος
127 2018 177 2053 τῆς
195 2019 313 2055 δεήσεώς
335 2028 404 2056 μου,
427 2021 529 2056 Κύριος
545 2022 593 2057 τὴν
613 2022 765 2058 προσευχήν
790 2031 840 2057 μου

44 2063 238 2099 προσεδέξατο.
256 2074 265 2089 ι
278 2065 333 2100 Τὴν
349 2065 403 2100 γὰρ
424 2065 572 2092 ἀναϐίωσιν
589 2066 670 2093 αὐτοῦ
683 2066 732 2101 τὴν
748 2067 779 2093 ἐκ
794 2066 840 2093 ’τοῦ

44 2109 164 2136 θανάτου
176 2109 244 2143 μετὰ
258 2110 307 2145 τῆς
317 2110 364 2137 τοῦ
378 2111 495 2146 Χριστοῦ
508 2112 682 2142 ἀναστάσεως
691 2111 840 2147 γενομένην

43 2155 89 2181 διὰ
112 2154 214 2181 τούτων
236 2155 352 2191 ᾐνίξατο.
370 2156 511 2188 Ὠσαύτως
531 2157 560 2183 δὲ
588 2157 635 2183 καὶ
659 2158 672 2183 ό
700 2157 840 2188 ἑνδέκατος

44 2209 57 2225 ε
76 2199 143 2234 περὶ
168 2199 218 2235 τῆς
240 2200 336 2234 ὀγδόης
354 2211 363 2226 ι
381 2201 592 2237 ἐπιγέγραπται,
612 2201 658 2227 τοῦ
683 2201 764 2228 Δαυῒδ
790 2200 839 2236 τὴν

42 2245 144 2281 ὁμοίαν
157 2245 258 2272 ἱκεσίαν
275 2247 408 2283 περιέχων
422 2247 572 2281 φάσκοντος
582 2255 588 2261 ·
601 2257 610 2273 1
625 2247 715 2274 Σῶσὸν
728 2257 773 2283 με,
783 2248 840 2274 Κύ-

43 2299 99 2326 ριε,
117 2291 160 2318 ὅτι
174 2291 328 2318 ἐκλέλοιπεν
344 2293 426 2324 ὅσιος.
449 2303 458 2318 ι
476 2291 542 2319 Εἶτα
556 2293 587 2319 τὺ
602 2292 665 2329 ἑξῆς
680 2294 730 2319 οὐκ
748 2294 841 2320 ἐπικε-

42 2337 240 2373 καλυμμένως,
259 2338 327 2365 ἀλλὰ
345 2338 488 2374 τηλαυγῶς
503 2338 627 2374 ἐπιφέρει
639 2338 740 2373 λέγων·
757 2348 766 2364 1
783 2338 840 2366 Νῦν

42 2384 246 2419 ἀναστήσομαι,
263 2384 336 2419 λέγει
360 2384 475 2420 Κύριος·
491 2383 608 2420 θήσομαι
622 2384 651 2410 ἐν
668 2385 805 2420 σωτηρίῳ.
826 2395 835 2411 ι

41 2430 83 2456 Δι’
100 2430 135 2465 ἢν
152 2430 298 2457 ἀνάστασιν
320 2430 368 2457 τοῦ
389 2431 492 2467 Κύριου
509 2431 542 2466 τῇ
566 2429 636 2465 μετὰ
648 2430 679 2456 τὸ
699 2430 838 2457 Σάϐϐατον

41 2475 148 2511 ἡμέρᾳ,
173 2476 233 2511 ἥτις
247 2474 280 2512 ἦν
303 2476 395 2512 ὀγδόη,
413 2475 572 2512 γενομένην,
589 2476 628 2507 είς
643 2475 727 2502 τύπον
743 2477 838 2512 καινῆς

41 2520 130 2556 ζωῆς,
146 2521 273 2557 τοιαύτης
290 2520 366 2556 οἶμαι
390 2522 551 2557 προγραφῆς
569 2521 613 2548 τὸν
634 2521 740 2556 ψαλμὸν
756 2521 835 2556 ἠξιῶ-

42 2566 118 2593 σθαι.
131 2566 191 2593 Εἰσὶ
207 2567 255 2602 μὲν
268 2567 368 2598 πάντες
379 2568 404 2593 οἱ
420 2567 653 2602 ἐπιγεγραμμένοι
672 2576 680 2592 1
695 2566 764 2601 ὑπὲρ
783 2566 837 2592 τῶν

40 2611 299 2648 ἁλλοιωθησομένων
316 2623 324 2639 t
338 2613 383 2639 τον
400 2612 514 2648 ἀριθμὸν
533 2612 673 2647 τέσσαρες.
698 2612 805 2639 Τούτων
823 2613 837 2639 ό

41 2659 94 2694 μὲν
119 2659 301 2696 πει-*ηκοστὸς
320 2659 429 2691 ἔννατος
450 2659 524 2685 δοκεῖ
545 2667 589 2694 μοι
611 2658 660 2694 τὴν
676 2658 731 2685 τῶν
751 2658 836 2685 ἐθνῶν

76 2727 100 2743 δ’
122 2726 190 2753 Ρειιι.
207 2735 264 2757 \tn.
283 2727 310 2754 2.
349 2727 371 2742 ⁸⁸
388 2727 456 2753 Ρςειι.
471 2726 592 2757 ιτκνλ.

893 244 944 263 nus
962 241 1064 267 noster,
1081 244 1162 270 quam
1186 235 1348 263 admirabile
1374 241 1414 264 est
1445 245 1542 264 nomen
1559 243 1635 264 tuutn
1654 239 1680 265 in
1699 244 1702 246 ‘

893 281 1019 308 universa
1031 286 1102 307 terra
1113 281 1134 297 "
1147 282 1170 308 1»
1187 281 1266 308 Clare
1273 282 1373 316 quippe
1383 283 1520 316 significat
1533 283 1681 310 toreularia

894 327 939 354 Dei
953 335 1000 362 per
1018 332 1103 355 totum
1127 329 1221 354 orbem
1239 329 1397 354 constituta.
1414 329 1601 363 Octogcsiutus
1614 337 1683 364 quo-

893 381 946 408 qtte
963 374 1096 408 psalntus,
1116 382 1177 400 cum
1194 374 1227 401 de
1243 373 1426 401 torcularibus
1441 378 1513 408 agat,
1533 373 1609 407 jubet
1621 382 1682 401 orn-

893 428 941 446 nes
954 424 1048 453 gentes
1070 419 1266 454 prophetarum
1282 419 1336 446 Deo
1354 419 1484 454 ltyutuum
1504 420 1627 447 referre;
1643 421 1682 446 sic

893 470 983 491 autem
1016 464 1150 491 habet”:
1166 474 1174 489 1
1187 464 1328 491 Exsultate
1353 464 1408 490 Deo
1432 464 1561 498 adjutori'
1577 469 1681 496 nostra,

893 510 1012 545 jubilate
1037 511 1090 537 [leo
1105 510 1199 537 .lacob.
1215 519 1223 535 ι
1245 510 1375 543 Deinceps
1404 509 1531 542 inferius,
1547 510 1678 544 reproba-

895 556 996 582 tiottettt
1015 556 1114 590 prioris
1140 556 1231 590 populi
1255 555 1403 588 significat.
1422 556 1536 582 dicens:
1553 556 1606 582 1Et
1630 562 1681 581 non

893 602 997 628 audit-it
1014 602 1130 636 populus
1159 610 1233 628 utens
1257 610 1349 629 vocem
1368 609 1467 634 tneattt,
1484 606 1510 627 ct
1530 602 1610 628 Israel
1630 608 1683 629 ttott

894 646 1009 673 intendit
1032 647 1108 672 tttilti.
1135 646 1166 672 Et
1190 647 1280 673 dimisi
1308 653 1354 673 cos
1379 647 1529 673 secundum
1550 646 1683 674 desideria

893 693 983 719 cordis
999 700 1093 719 eorum
1108 692 1142 718 δν.
1163 702 1172 717 ι
1193 691 1380 727 Octogcsimus
1406 692 1470 719 item
1502 693 1608 723 tertius,
1636 692 1683 727 qui

892 739 1014 766 eamdcnt
1040 739 1120 765 habet
1151 738 1368 772 inscriptionem,
1397 746 1449 764 ttott
1469 746 1551 764 ttttttttt
1579 739 1684 764 habita-

892 785 994 816 culum,
1011 791 1100 818 neque
1129 792 1212 810 unttttt
1230 784 1316 810 altare
1330 783 1519 818 .lcrosolymis.
1536 785 1583 810 sed
1599 784 1682 811 multa

893 837 952 856 esse
978 829 1145 862 habitacula,
1169 829 1251 854 multa
1275 829 1370 854 altaria
1401 829 1673 862 1leclat'at.Quatuult

859 869 878 896 Β
899 883 970 907 rem,
996 883 1028 902 ac
1055 875 1077 901 si
1107 874 1164 901 haec
1191 873 1344 900 habitacula
1371 879 1453 907 atqtte
1478 874 1583 905 altaria,
1601 875 1684 901 unda

894 922 949 949 sint
961 921 1120 952 toreularia,
1141 930 1151 946 1
1168 928 1217 955 pro
1234 920 1438 947 torcularibus»
1459 921 1627 947 inscribitur.
1640 922 1684 948 Ait

895 965 975 1002 517
996 967 1086 1001 itaqtte
1108 967 1130 982 '°
1150 975 1157 993 :
1179 975 1188 991 1
1211 966 1296 999 Quam
1316 966 1413 993 dilecta
1431 967 1604 993 tabernacula
1621 971 1684 998 tua,

894 1011 1006 1039 Domine
1024 1013 1166 1039 virtutum!
1183 1012 1360 1046 Concupiscit
1375 1017 1402 1038 et
1420 1012 1511 1039 deficit
1522 1012 1611 1039 anittta
1626 1020 1684 1038 tura

894 1058 921 1085 in
934 1059 1004 1085 atria
1022 1058 1144 1085 Domini:
1161 1067 1170 1083 ›
1188 1062 1268 1091 atque
1285 1056 1408 1090 infert“,
1424 1068 1433 1083 1
1446 1057 1544 1084 Altaria
1560 1063 1615 1092 tua,
1634 1057 1684 1084 Do-

894 1105 967 1132 mine
984 1105 1125 1132 virtutunt.
1147 1113 1156 1129 ι
1177 1103 1350 1137 [litt-Suntque
1373 1104 1514 1138 pluraliter
1530 1104 1622 1138 adjicit
1639 1104 1662 1120 ⁸¹
1677 1112 1684 1130 :

897 1161 905 1177 1
922 1151 1062 1178 Pt‘otcctor
1082 1155 1186 1182 uoster,
1206 1151 1311 1184 aspice,
1334 1150 1419 1182 Deus,
1437 1156 1464 1177 et
1480 1151 1583 1185 respice
1599 1151 1624 1177 itt
1644 1150 1683 1177 fa-

894 1197 963 1224 ciem
977 1196 1079 1224 Cltristi
1097 1196 1135 1222 tui
1155 1205 1161 1222 :
1178 1196 1241 1230 quia
1257 1196 1354 1222 tttelior
1370 1201 1411 1223 est
1428 1197 1486 1223 dies
1500 1204 1551 1222 una
1569 1197 1594 1222 in
1609 1196 1684 1224 atriis

894 1243 949 1269 tuis
968 1250 1050 1277 super
1068 1242 1161 1269 millia.
1188 1252 1197 1268 ι
1225 1241 1275 1269 Ubi
1294 1243 1422 1270 observes
1438 1243 1510 1270 illttttt
1528 1243 1693 1270 nominatim

895 1289 928 1315 de
940 1288 1048 1315 Christo
1061 1289 1226 1315 mentionem
1240 1287 1350 1316 fecisse.
1364 1288 1435 1315 Dttos
1448 1294 1538 1316 autem
1550 1289 1683 1320 Psalmos,

897 1341 907 1360 1
922 1341 971 1368 pro
983 1340 1088 1366 uctaut,
1105 1342 1114 1359 ι
1130 1334 1285 1369 inscriptos,
1300 1334 1418 1362 arbitror
1433 1336 1577 1362 salutarem
1594 1343 1680 1362 resur-

895 1379 1023 1406 rectionis
1040 1379 1144 1406 Dotniui
1162 1380 1232 1406 diem
1255 1380 1428 1409 adumbrare.
1446 1381 1512 1407 Cum
1527 1380 1618 1415 itaque
1633 1381 1682 1407 Da—

896 1426 939 1452 vid
953 1430 1103 1459 peccatum,
1118 1427 1191 1459 quod
1210 1427 1243 1453 ad
1260 1432 1374 1454 mortem
1389 1432 1448 1453 erat
1459 1447 1466 1459 ,
1489 1432 1684 1462 perpetrassct.

896 1470 1057 1505 deprecatur
1072 1471 1098 1497 itt
1113 1477 1190 1498 sexto
1204 1472 1318 1505 psalmo,
1335 1479 1368 1498 tte
1382 1471 1501 1498 furorem
1515 1476 1542 1498 et
1558 1473 1624 1498 iram
1638 1472 1684 1498 Dei

895 1516 1072 1550 experiatur;
1096 1518 1144 1544 sed
1161 1522 1237 1549 rogat
1254 1521 1283 1544 ut
1297 1517 1386 1544 anima
1403 1525 1452 1543 sua
1471 1517 1683 1545 misericordiam

858 1553 879 1582 C
895 1567 922 1588 et
938 1561 1069 1588 medelam
1087 1568 1282 1596 consequatur.
1297 1562 1361 1589 Illud
1379 1567 1469 1589 autent
1490 1562 1608 1589 futurum
1623 1570 1683 1590 esse

895 1608 1058 1635 vaticinatur
1073 1608 1114 1635 Itis
1136 1608 1226 1635 verbis
1248 1608 1270 1623 "
1290 1618 1297 1635 :
1320 1618 1329 1633 1
1347 1608 1530 1641 Convertere,
1556 1608 1683 1641 Domine,

894 1653 968 1688 eripe
983 1653 1100 1681 animam
1116 1663 1217 1687 meam,
1232 1654 1336 1681 salvum
1354 1662 1396 1681 me
1417 1654 1460 1682 fac
1479 1660 1588 1689 propter
1605 1656 1683 1682 misc-

894 1699 1039 1726 ricordiam
1065 1705 1138 1726 tuam
1161 1708 1168 1726 :
1193 1701 1319 1734 quoniam
1343 1707 1394 1726 non
1421 1706 1462 1726 est
1486 1701 1511 1727 in
1531 1706 1617 1726 morte
1638 1702 1682 1735 qui

894 1752 998 1772 memor
1014 1744 1051 1772 sit
1072 1745 1129 1776 tui,
1149 1745 1176 1772 in
1202 1745 1308 1772 iul'eruo
1329 1751 1418 1772 autem
1437 1745 1497 1780 quis
1512 1746 1683 1772 confitebitur

895 1790 963 1818 tibi?
979 1800 988 1817 ι
1004 1798 1035 1818 ac
1047 1790 1069 1818 si
1087 1791 1201 1818 Dontitto
1213 1790 1263 1826 ipsi
1275 1791 1423 1826 sttpplicet,
1436 1797 1464 1818 ut
1476 1791 1593 1818 animam
1607 1799 1683 1818 suam

893 1840 970 1863 eruat
986 1843 1001 1862 a
1019 1841 1116 1863 ntorte.
1132 1836 1159 1863 ltt
1179 1837 1356 1871 sequentibus
1371 1844 1436 1864 vero
1448 1857 1456 1868 ,
1470 1844 1500 1863 se
1513 1841 1573 1863 vota
1588 1845 1683 1863 conse-

892 1886 984 1910 cututn
998 1890 1057 1910 esse
1070 1882 1192 1910 declarat
1210 1882 1253 1910 ltis
1272 1882 1363 1910 verbis
1376 1883 1400 1898 “
1417 1891 1424 1909 :
1445 1891 1455 1908 1
1473 1882 1614 1909 Exaudirit
1630 1881 1683 1909 Do-

893 1930 983 1956 minus
997 1936 1089 1957 vocent
1103 1929 1183 1956 fletus
1197 1928 1249 1955 mei
1267 1935 1273 1955 :
1286 1928 1426 1955 exaudivit
1441 1928 1571 1956 Dominus
1588 1928 1681 1963 depre-

892 1974 1026 2001 cationem
1045 1982 1152 2007 nteant,
1173 1974 1302 2001 Dominus
1320 1973 1471 2001 oralionem
1489 1981 1577 2001 meam
1592 1981 1681 2002 5115ιό-

892 2020 941 2056 pit.
967 2030 976 2047 I
997 2020 1082 2048 Suum
1099 2021 1172 2048 enim
1188 2028 1220 2048 ex
1240 2024 1326 2047 morte
1341 2019 1373 2046 ad
1389 2019 1471 2047 vitam
1492 2020 1622 2052 reditum,
1638 2021 1682 2055 qui

893 2072 953 2102 post
968 2067 1196 2094 resurrectionem
1217 2065 1317 2093 Christi
1340 2065 1470 2101 contigit.
1498 2066 1539 2092 Itis
1560 2067 1682 2094 subiudi-

893 2111 976 2142 cavit.
986 2113 1170 2147 Similiterque
1178 2112 1338 2139 undecitttus
1347 2111 1492 2146 psalmus,1
1501 2119 1548 2146 pro
1557 2117 1681 2143 Octava.)

893 2160 1038 2194 inscriptus
1067 2163 1126 2188 est.
1156 2166 1306 2193 paremque
1335 2157 1444 2184 Davidis
1464 2157 1682 2191 deprecationem

893 2205 1016 2232 continet
1042 2204 1156 2232 dicentis
1177 2203 1200 2219 ⁸⁵
1221 2212 1228 2230 :
1251 2211 1262 2229 1
1283 2203 1393 2230 Salvum
1412 2211 1455 2231 me
1471 2204 1528 2234 fac,
1550 2204 1681 2236 Domine,

893 2250 1020 2285 quoniam
1042 2248 1143 2276 defecit
1158 2252 1280 2276 sanctus.
1301 2257 1311 2274 ›
1335 2248 1466 2282 Deinceps
1484 2256 1537 2276 non
1552 2248 1681 2280 obscure,

893 2295 939 2323 sed
960 2295 1032 2322 clare
1056 2302 1088 2321 ac
1113 2293 1227 2322 dilucide
1241 2292 1383 2324 subinfert,
1399 2292 1494 2320 dicens
1508 2292 1531 2308 "
1550 2302 1558 2320 :
1578 2302 1588 2318 1
1607 2292 1682 2320 Nunc

894 2348 1044 2375 resurgam,
1069 2339 1134 2367 dicit
1164 2339 1294 2366 Dontiuus
1320 2347 1328 2365 :
1359 2345 1456 2372 ponant
1478 2338 1503 2364 itt
1524 2338 1648 2366 salutari.
1667 2347 1677 2363 ι

892 2385 1006 2420 Propter
1019 2392 1100 2420 quam
1113 2384 1219 2412 Domini
1236 2383 1470 2416 resurrectionem,
1482 2390 1542 2418 qua:
1554 2383 1597 2410 die
1611 2383 1681 2410 Sab-

892 2431 983 2458 batum
1008 2431 1201 2465 subsequente,
1227 2429 1254 2456 id
1275 2433 1335 2460 est.
1360 2433 1470 2460 octava,
1496 2429 1628 2462 contigit,
1653 2428 1678 2455 itt

894 2484 969 2504 novae
984 2476 1047 2503 vita-
1062 2480 1155 2511 typutn
1177 2474 1330 2510 ltujusmodi
1348 2473 1525 2508 inscriptione
1540 2474 1678 2506 (lignatum

892 2529 953 2549 esse
968 2521 1103 2556 psalmum
1120 2521 1258 2548 existimo.
1277 2519 1346 2546 Sunt
1362 2527 1444 2553 porro
1458 2526 1552 2545 ontttes
1565 2517 1659 2553 psalmi
1670 2539 1678 2552 ,

894 2577 902 2592 ι
917 2576 964 2602 pro
980 2568 1011 2594 iis
1024 2569 1068 2601 qttl
1087 2564 1476 2599 immutabuutur,pinseripti,
1487 2571 1599 2591 munero
1611 2571 1678 2598 qua-

892 2619 961 2640 tuor.
987 2613 1026 2640 Ex
1054 2612 1097 2640 Itis
1121 2612 1362 2647 quinquagesimus
1383 2618 1470 2637 nonus
1486 2610 1594 2637 videtur
1612 2611 1675 2637 mihi

891 2659 1106 2686 iunuutatimtem
1132 2658 1252 2685 indicare
1273 2664 1354 2692 quatn
1379 2663 1467 2691 passa:
1495 2661 1557 2683 sunt
1581 2661 1675 2691 grates

641 2725 663 2742 ⁸⁹
677 2725 753 2754 ibid..
779 2725 820 2755 f2.
838 2725 881 2752 l3.
919 2726 941 2741 ⁵ο
958 2725 1001 2753 Ps.
1018 2732 1134 2758 Lxxxttt,
1147 2723 1180 2758 2,
1195 2723 1222 2751 5.
1260 2723 1282 2739 ⁸¹
1299 2722 1364 2750 ibid.
1381 2734 1386 2744 ι

926 2726 941 2741 ίο
958 2725 1001 2753 Ps.
1018 2732 1134 2758 Lxxxttt,
1147 2723 1180 2758 2,
1195 2723 1222 2751 5.
1260 2723 1282 2739 ⁸¹
1299 2722 1364 2750 ibid.
1381 2721 1408 2750 4.
1446 2722 1469 2738 ⁸¹
1489 2721 1554 2750 ibid.
1572 2721 1615 2754 if).
1632 2721 1671 2750 Η.

39 2762 65 2780 ⁸³
82 2762 127 2789 Ps.
146 2769 182 2795 vt,
199 2762 225 2794 5,
239 2764 265 2789 6.
303 2762 328 2778 ⁵⁵
347 2763 411 2790 ibid.
428 2763 470 2790 10.
509 2762 531 2777 ⁵⁸
549 2762 592 2788 1’s.
609 2770 646 2794 x1,
660 2762 687 2789 ‘2.
725 2761 748 2776 ³⁸³
761 2761 826 2787 ibid.
839 2764 864 2787 ti.

78 2833 138 2868 (23)
165 2833 195 2860 '0
212 2834 319 2866 Κύριος
342 2833 436 2867 ἡμῶν.
465 2831 705 2863 Mantcf'alt'oztius,
733 2832 746 2858 ὀ
763 2830 822 2867 Κύρ

212 2834 319 2866 Κύριος
342 2833 436 2867 ἡμῶν.
465 2831 705 2863 Mantcf'alt'ouius,
733 2832 746 2858 ὀ
763 2830 864 2867 Κύριός
881 2839 941 2863 μου.

78 2869 136 2905 (24)
154 2868 280 2901 Graltius,
299 2869 454 2906 ὑπολήνιος.
