1888 3051
47 138 110 166 1061

680 135 835 164 SELECTA
854 133 886 162 IN
904 134 1074 163 PSALMOS.

1606 137 1675 166 {0H

40 197 83 231 τῷ
99 196 185 231 ὀγδόῳ
196 195 298 231 ψαλμῷ
323 195 411 223 οὗτω’
436 206 446 222 1
465 195 563 232 Κύριε,
585 196 600 223 ὁ
631 195 732 232 Κύριος
756 196 834 232 ἡμῶν
849 199 871 227 Λ
887 204 940 231 quc
954 197 980 223 in
996 200 1096 223 octavo
1112 196 1216 231 psalmo
1234 195 1336 223 dictmn
1351 201 1393 224 est

889 204 940 231 quc
954 197 980 223 in
996 200 1096 223 octavo
1112 196 1216 231 psalmo
1234 195 1336 223 dictmu
1351 201 1411 224 est:
1429 205 1440 223 1
1454 196 1568 225 Domine
1586 198 1676 226 Donni~

38 241 113 276 (i5),
130 241 168 273 ὡς
185 241 341 276 θαυμαστὸν
364 242 394 267 τὸ
404 241 490 276 ὄνομά
505 250 552 267 σου
563 242 591 268 ἐν
605 242 681 278 πάσῃ
695 243 728 277 τῇ
747 243 802 277 γῇί
823 252 832 268 ι

42 288 142 322 Σαφῶς
151 289 204 322 γὰρ
223 286 378 322 παρέστησε
394 286 442 318 τὰς
457 287 508 313 ἀνὰ
527 288 618 313 πᾶσαν
641 288 690 322 τὴν
708 288 836 324 οἰκουμέ-

44 341 95 368 νην
108 332 204 367 ληνοὺς
217 331 264 358 τοῦ
275 331 352 358 Θεοῦ.
366 333 420 358 Καὶ
433 333 446 358 ὁ
462 332 639 368 ὀγδοηκοστος
654 333 693 365 δὲ,
711 334 759 360 καὶ
787 334 836 360 αὺ-

45 377 91 409 τὺς
108 378 246 413 ἐπιλήνιος
261 377 317 412 (ΞΗ
328 376 376 408 ὦν.
398 379 454 410 τοῖς
467 378 554 404 ἐονεσι
568 379 635 404 πᾶσι
651 379 837 413 παρακελεύε-

44 432 91 449 ται
99 423 139 458 τῷ
155 422 215 458 Θεῷ
231 422 286 449 τῶν
310 423 458 458 προφητῶν
484 423 638 450 ἀποδιδόναι
666 424 712 450 τὸν
732 424 834 460 ὕμνονθ

42 469 119 504 λέγει
134 470 163 496 δὲ
177 467 239 496 οὖν·
252 479 261 495 1
273 470 449 504 Ἀγαλλιᾱσοε
463 470 501 506 τῷ
517 471 576 506 Θεῷ
591 471 629 506 τῷ
642 471 731 507 βοηθῷ
745 472 834 508 ήμῶνο

42 515 196 547 ἁλαλάξατε
220 515 259 550 τῷ
273 515 333 551 Θεῷ
355 515 462 542 Ἰακώϐ.
486 526 495 541 ›
523 515 589 543 Εἶτα
613 518 677 553 ἑξῆς
696 518 836 545 ὑποκατα-

43 563 106 594 ϐὰς,
117 563 166 598 τὴν
180 562 315 597 ἀποϐολὴν
325 562 372 589 τοῦ
384 563 516 598 προτέρου
532 563 597 590 λαοῦ
618 564 762 599 σημαίνει,
789 564 834 590 λέ-

43 616 102 641 γων
114 615 122 622 ”
141 608 211 634 «Καὶ
227 609 276 635 οὐκ
288 609 405 644 ἤκουσεν
419 610 433 635 ὁ
448 609 512 640 λαός
525 617 574 644 μου
590 609 641 644 τῆς
660 610 752 645 φωνῆς
773 619 834 645 μου,

44 655 93 681 καὶ
110 654 218 690 Ἰσραὴλ
229 655 259 681 οὑ
274 655 409 690 προσέσχε
433 664 488 690 μοι.
514 655 569 681 Καὶ
586 655 764 687 ἐξαπέστειλα
789 657 837 683 αὒ-

42 700 109 731 τοὺς
123 699 195 727 κατὰ
210 699 244 726 τὰ
260 700 463 736 ἐπιτηδεύματα
482 701 535 727 τῶν
555 701 673 736 καρδιῶν
700 702 801 728 αὐτῶν.
824 711 832 728 ι

43 744 101 771 Καὶ
113 744 128 770 ὀ
143 744 321 779 ὀγδοηκοστὸς
335 745 427 781 τρίτος
440 746 488 781 τὴν
517 746 601 781 αὐτὴν
624 746 694 781 ἔχων
716 755 836 783 προγρα-

43 790 109 825 φὴν,
124 790 227 816 ὅτιούκ
243 791 315 816 ἐστιν
333 790 361 817 ἓν
379 792 523 826 σκήνωμα.
545 792 605 818 οὐδὲ
637 792 665 818 ἓν
689 793 836 828 θυσιαστή-

44 843 103 870 ριον
116 835 145 860 ἐν
166 835 374 871 Ἰεροσολύμοις,
399 836 466 863 ἀλλὰ
487 837 573 863 πολλὰ
597 837 763 873 σκηνώματα
789 839 835 866 καὶ

887 251 938 270 nus
956 247 1057 273 noster,
1075 251 1156 277 quam
1180 243 1342 270 admirabile
1367 247 1408 270 est
1438 251 1536 270 nomen
1552 249 1629 271 tuum
1647 245 1674 271 in

887 289 1012 315 universa
1024 293 1095 314 terra
1107 287 1128 303 "
1140 288 1164 314 ι»
1181 288 1366 322 Clarequippe
1376 289 1513 322 signiﬁcat
1527 289 1674 316 toreularia

888 334 933 361 Dei
947 342 994 369 per
1012 339 1096 362 totum
1121 335 1215 361 orbem
1232 335 1391 361 constituta.
1407 335 1595 369 Octogcsimus
1607 343 1677 369 quo-

887 388 940 415 que
957 381 1089 415 psalmus,
1109 388 1170 407 cum
1188 380 1221 408 de
1237 380 1420 407 torcularibus
1435 384 1506 414 agat,
1526 379 1602 414 jubet
1614 388 1675 407 om-

887 434 935 453 nes
948 430 1042 460 gentes
1063 426 1260 460 prophetarum
1276 426 1330 453 Deo
1347 426 1478 461 hymnum
1498 426 1620 452 referre;
1637 427 1676 453 sic

886 477 977 498 autem
1010 471 1092 498 habet
1103 470 1321 498 “:1Exsultate
1347 470 1402 496 Deo
1425 470 1544 504 atljntori
1570 474 1674 502 nostro,

887 517 1006 551 jnbilate
1031 517 1084 543 Ι)οο
1099 516 1193 543 Jacob.
1209 525 1216 541 I
1239 516 1369 550 Deinceps
1398 515 1524 548 inferius,
1540 516 1671 550 reproba-

889 562 990 589 tionetn
1009 562 1108 596 prioris
1134 562 1225 596 populi
1249 562 1397 594 signiﬁcat,
1415 561 1529 588 (lit-ens:
1546 570 1556 586 1
1568 561 1600 587 Et
1623 568 1674 587 non

887 608 990 634 audivit
1009 608 1124 642 populus
1152 616 1227 634 tuens
1251 616 1343 634 vorent
1362 615 1460 639 meam,
1478 612 1504 633 ιιι
1524 607 1604 634 lsracl
1623 613 1677 635 uolt

888 652 1003 679 intendit
1026 653 1101 679 mihi.
1129 652 1160 678 Et
1184 653 1274 679 dimisi
1302 659 1348 679 eos
1372 653 1523 679 secundum
1544 652 1677 680 desideria

887 699 977 725 cordis
993 706 1087 725 eormn
1102 698 1136 724 ‘°.
1156 708 1165 724 ι
1187 698 1374 732 Octogcsinms
1400 698 1464 724 item
1495 698 1602 729 tertius,
1629 697 1677 732 qui

886 745 1009 772 canalem
1034 745 1114 771 habet
1145 744 1362 778 inscriptionem,
1391 751 1444 770 non
1463 751 1546 770 unum
1572 744 1678 770 habita-

886 791 989 822 cttlutn,
1006 798 1094 824 neque
1123 798 1207 816 unum
1224 790 1310 816 altare
1324 789 1513 824 Jerosolymis.
1530 790 1577 816 sed
1593 790 1676 816 multa

887 843 946 863 csse
972 835 1139 867 habitacula,
1163 834 1246 860 multa
1269 834 1364 860 altaria
1395 835 1666 868 deelarat.Quamoh

42 880 131 907 πολλὰ
141 880 323 917 θυσιαστήρια
337 882 497 918 παρίστησι.
523 883 567 910 Διὸ
597 884 644 910 καὶ
670 884 708 916 ὡς
730 884 835 912 πολλῶν
854 876 872 902 Β
893 889 964 914 fern.
990 889 1022 908 ac
1050 881 1071 908 Si
1102 880 1159 907 hinc
1185 879 1338 908 lmbilnctllu
1365 884 1404 913 ιιις

893 889 964 914 rem,
990 889 1022 908 ac
1050 881 1071 908 si
1102 880 1159 907 luce
1185 879 1338 908 habitacula
1365 884 1447 913 atque
1472 880 1577 911 altaria,
1595 881 1677 907 mula

41 926 134 953 οὐσῶν
146 926 245 962 ληνῶν,
262 927 365 954 τούτων
385 927 475 954 αὐτῶν
494 928 548 955 τῶν
575 930 763 964 σκηνωμάτων
788 929 836 956 καὶ

41 971 98 998 τῶν
115 970 331 1008 θυσιαστηρίων,
348 974 419 1009 ὑπὲρ
432 974 487 1000 τῶν
503 974 590 1010 ληνῶν
610 975 833 1010 προγέγραπται’

41 1017 118 1052 λέγει
137 1018 165 1044 δὲ
177 1015 224 1044 οὖν
233 1024 241 1033 ⁸
256 1028 265 1044 1
283 1019 326 1050 Ὠς
343 1019 471 1055 ἀγαπητὰ
483 1020 516 1046 τὰ
530 1020 696 1056 σκηνώματά
710 1029 766 1053 σου,
781 1022 837 1048 Κύ-

42 1072 86 1099 ριε
102 1065 157 1092 τῶν
177 1066 332 1101 δυνάμεωνί
357 1065 497 1091 Ἐπιποοεῐ
518 1066 564 1092 καὶ
586 1066 705 1092 ἐκλείπει
727 1068 744 1101 ἡ
763 1067 835 1103 ψυχή

40 1118 96 1145 μου
113 1111 153 1143 είς
170 1112 219 1143 τὰς
234 1111 317 1144 αὐλὰς
333 1111 380 1137 τοῦ
393 1111 511 1147 Κυρίου’
530 1121 539 1137 ›
555 1112 601 1138 καὶ
614 1113 739 1148 ἐπιφέρει
749 1122 755 1127 ·
772 1123 780 1138 1
797 1113 837 1139 Τὰ

42 1155 228 1192 θυσιαστήριά
241 1165 299 1188 σου,
315 1157 399 1193 Κύριε
413 1156 469 1187 τῶν
488 1157 644 1192 δυνάμεων·
666 1167 674 1183 ι
695 1159 741 1184 καὶ
756 1157 837 1184 πάλιν

47 1201 236 1237 πληθυντικῶς
250 1202 385 1236 ἐπιλέγει·
405 1211 414 1227 1
435 1202 640 1238 Ὑπερασπιστὰ
656 1203 744 1238 ἡμῶν,
763 1203 800 1229 ῑόε
824 1203 838 1229 ὁ

43 1246 125 1278 Θεὸς,
147 1247 194 1274 καὶ
217 1247 360 1282 ἐπίϐλεψον
380 1248 420 1279 εἰς
441 1247 471 1274 τὸ
491 1248 636 1283 πρόσωπον
651 1248 698 1274 τοῦ
720 1248 836 1284 Χριστοῦ

43 1301 91 1319 σου
103 1303 110 1308 -
125 1293 166 1319 ὅτι
180 1293 315 1330 κρείσσων
326 1293 417 1329 ἡμέρα
429 1293 477 1329 μία
490 1294 518 1320 ὲν
527 1295 588 1325 ταῖς
601 1294 695 1326 αὐλαῖς
711 1303 756 1320 σου
768 1295 838 1330 ὑπὲρ

41 1338 178 1373 χιλιάδας.
197 1349 206 1364 ι
222 1339 306 1365 Ἔνθα
317 1340 457 1375 τηρήσεις,
470 1339 506 1371 ὡς
519 1341 565 1366 καὶ
581 1341 710 1376 ὀνομαστὶ
720 1340 838 1376 Χριστοῦ

43 1385 194 1420 μέμνηται.
207 1385 275 1416 Τοὺς
285 1385 540 1421 ἐπιγεγραμμένους
553 1394 562 1411 1
576 1386 645 1422 ὑπὲρ
657 1386 705 1421 τῆς
716 1386 810 1421 ὀγδόης
827 1396 836 1412 ι

41 1430 90 1457 δύο
106 1430 230 1466 ψαλμοὺς
250 1430 368 1466 ἡγοῦμαι
383 1432 431 1467 τὴν
448 1432 581 1467 σωτήριον
594 1432 644 1467 τῆς
665 1432 840 1464 ἀναστάσεως

41 1476 154 1512 ἡμέραν
173 1476 219 1502 τοῦ
243 1477 345 1512 Κυρίου
362 1477 536 1504 αἰνίττεσθαι.
556 1477 610 1513 Τὴν
633 1477 700 1513 πρὸς
725 1477 838 1504 θάνατον

38 1521 112 1556 γοῦν
130 1522 265 1558 ἁμαρτίαν
281 1522 468 1558 ἐργασάμενος
489 1523 503 1549 ὀ
518 1522 610 1554 Δαυῖδ,
635 1523 750 1549 ἱκετεύει
768 1522 838 1550 κατὰ

42 1565 93 1592 τὸν
108 1567 197 1599 ἕκτον,
214 1567 252 1603 μὴ
269 1567 316 1594 τοῦ
332 1567 429 1603 θυμοῦ,
454 1567 521 1603 μηδέ
537 1568 587 1603 τῆς
602 1567 687 1603 ὀργῆς
708 1568 754 1594 τοῦ
770 1567 838 1594 Θεοῦ

37 1612 239 1648 πειρασθῆναι,
255 1613 344 1645 ἐλέους
362 1613 393 1641 δι
407 1613 454 1639 καὶ
474 1613 570 1644 ἰάσεως
587 1613 635 1649 τὴν
654 1613 742 1649 ψυχὴν
755 1613 837 1640 αὑτοῦ

40 1659 155 1694 τυχεῖν·
180 1657 258 1684 τοῦτο
282 1658 310 1685 δὲ
335 1658 443 1684 ἔσεσθαι
463 1658 584 1690 θεσπίζει
606 1658 706 1693 λέγων’
726 1668 735 1684 1
765 1659 839 1686 Ἐπί-

38 1702 174 1740 στρεψον,
193 1703 288 1739 Κύριε,
307 1703 386 1739 ρὖαι
417 1704 465 1740 τὴν
491 1704 580 1740 ψυχήν
604 1713 665 1740 μου,
690 1704 776 1731 σῶσόν
804 1714 838 1740 με

39 1748 139 1775 ἓνεκεν
154 1747 201 1774 τοῦ
216 1747 307 1780 ἐλέους
324 1757 386 1775 σουσ
406 1749 447 1775 ὃτι
473 1749 523 1775 οὐκ
542 1749 616 1776 ἐστιν
632 1750 661 1776 ὲν
679 1749 717 1784 τῷ
732 1749 838 1785 Θανάτῳ

39 1795 56 1821 ὁ
75 1794 254 1830 μνημονεύων
267 1803 324 1826 σου,
337 1795 366 1821 ἐν
379 1795 408 1822 δὲ
428 1795 467 1830 τῷ
486 1795 536 1831 ᾄδῃ
555 1796 597 1827 τίς
611 1795 838 1831 ἐξομολογήσεται

38 1848 105 1873 σοις
122 1850 132 1866 ›
153 1841 292 1876 μονονουχὶ
308 1841 353 1868 τὸν
369 1841 470 1877 Κύριον
482 1842 563 1868 αὑτὸν
582 1842 614 1867 ἐκ
625 1841 738 1869 Θανάτου
755 1841 838 1877 ρύσα-

40 1887 107 1913 σθαι
126 1885 210 1913 αὐτοῦ
229 1887 278 1922 τὴν
299 1887 387 1922 ψυχὴν
400 1887 537 1914 ἱκετεύων.
563 1888 672 1924 Προϊὼν
682 1887 710 1914 δὲ
726 1888 780 1914 τῶν
793 1887 838 1914 εὐ-

37 1933 99 1968 χῶν
122 1932 302 1967 τετυχηκέναι
325 1933 401 1968 δηλοῖ
419 1933 453 1959 δι’
478 1930 515 1960 ὧν
532 1941 627 1969 φησιν·
653 1943 662 1959 1
688 1934 837 1970 Εξσήκουσε

38 1977 148 2013 Κύριος
160 1978 209 2013 τῆς
225 1978 317 2013 φωνῆς
330 1978 376 2005 τοῦ
392 1979 530 2014 κλαυθμοῦ
544 1987 610 2015 μου·
626 1979 768 2015 εὶσήκουσε
781 1978 838 2005 Κύ-

38 2033 101 2060 ριος
122 2025 173 2060 τῆς
191 2025 308 2061 δεήσεώς
331 2035 381 2061 μου
393 2046 400 2058 ,
422 2027 525 2062 Κύριος
541 2027 589 2063 τὴν
608 2028 760 2063 προσευχήν
786 2037 835 2062 μου

37 2069 234 2106 προσεδέξατο.
252 2080 261 2095 ›
273 2071 328 2106 Τὴν
345 2070 399 2106 γὰρ
420 2071 568 2098 ἀναϐίωσιν
584 2071 666 2098 αὐτοῦ
679 2072 728 2107 τὴν
743 2073 775 2098 ἐκ
789 2071 836 2098 τοῦ

37 2115 160 2142 θανάτου
172 2115 240 2150 μετὰ
254 2116 302 2151 τῆς
313 2116 360 2142 τοῦ
374 2117 491 2152 Χριστοῦ
504 2117 677 2148 ἀναστάσεως
687 2116 836 2152 γενομένην

36 2161 83 2188 διὰ
106 2160 210 2187 τούτων
232 2161 349 2197 ᾐνίξατο.
366 2162 506 2194 Ὡσαύτως
528 2163 556 2189 δὲ
584 2163 631 2189 καὶ
655 2164 668 2189 ὁ
695 2162 836 2194 ἑνδέκατος

37 2215 50 2231 ε
69 2206 139 2241 περὶ
165 2205 214 2240 τῆς
236 2206 332 2241 ὀγδόης
351 2216 359 2232 ι
377 2207 588 2243 ἐπιγέγραπται,
608 2207 654 2233 τοῦ
679 2206 760 2233 Δαυῖδ
786 2206 835 2242 τὴν

35 2253 139 2288 ὁμοίαν
153 2251 255 2278 ἱκεσίαν
271 2253 405 2288 περιέχων
418 2253 568 2287 φάσκοντος
578 2260 585 2267 ⁸
598 2263 607 2279 1
622 2253 711 2280 Σιῖισὸν
724 2262 769 2288 με,
779 2253 836 2279 Κύ-

37 2306 95 2333 ριε,
113 2297 156 2324 Et:
170 2297 325 2324 ἐκλέλοιπεν
340 2299 422 2330 ὅσιος.
445 2308 455 2324 ι
472 2296 538 2325 Εἶτα
553 2299 583 2325 τὸ
598 2298 661 2334 ἑξῆς
676 2299 727 2325 οὐκ
744 2299 837 2325 ἐπικε-

35 2344 237 2380 καλυμμένως,
255 2344 323 2371 ἀλλά
341 2344 485 2380 τηλαυγῶς
499 2343 623 2380 ἐπιφέρει
636 2343 736 2378 λέγων·
753 2353 762 2369 1
779 2343 836 2371 Νῦν

36 2390 243 2425 ἁναστήσομαι,
259 2390 333 2425 λέγει
357 2390 472 2426 Κύριος’
488 2389 604 2425 θήσομαι
618 2390 647 2415 ἐν
665 2389 801 2425 σωτηρίῳ.
822 2400 831 2416 ι

35 2436 78 2463 Δι’
96 2437 131 2472 ῆν
148 2436 295 2463 ἀνάστασιν
316 2436 365 2463 τοῦ
386 2436 489 2472 Κύριου
506 2437 539 2471 τῇ
563 2435 631 2471 μετὰ
645 2434 675 2461 τὸ
695 2436 834 2462 Σάΰϐατον

36 2482 145 2518 ἡμέρᾳ,
169 2482 229 2517 ἥτις
244 2480 277 2518 ἦν
299 2482 392 2518 ὀγδόη,
410 2481 569 2517 γενομένην,
585 2482 625 2512 εἰς
639 2480 723 2508 τύπον
739 2482 835 2517 καινῆς

35 2527 126 2562 ζωῆς,
143 2527 270 2562 τοιαύτης
287 2526 363 2562 οἶμαι
387 2527 548 2563 προγραφῆς
566 2527 610 2553 τὸν
630 2526 737 2562 ψαλμὸν
753 2526 832 2562 ἠξιῶ-

37 2573 114 2599 σθαι.
129 2572 188 2599 Εἰσὶ
203 2574 251 2608 μὲν
265 2573 365 2604 πάντες
376 2573 401 2598 oi.
417 2571 650 2608 ἐπιγεγραμμένοι
668 2581 676 2597 ι
691 2571 761 2606 ὑπὲρ
779 2571 833 2597 τῶν

34 2618 297 2655 ἀλλοιωοησομένων
313 2629 321 2644 ι
335 2618 381 2645 τὸν
397 2617 510 2653 ἀριθμὸν
529 2617 670 2652 τέσσαρες.
694 2617 802 2644 Τούτων
819 2618 833 2644 ὀ

37 2665 92 2700 μὲν
117 2665 298 2701 πεντηκοστὸς
317 2665 426 2696 ἐννατος
447 2664 520 2690 δοκεῖ
542 2672 585 2699 μοι
608 2663 657 2699 τὴν
673 2663 727 2690 τῶν
748 2663 832 2690 ἐθνῶν

73 2733 99 2749 δ’
119 2733 187 2759 Ps.-I.
204 2741 261 2763 \lll.
280 2733 307 2760 2.
346 2733 368 2747 ⁵⁸
385 2732 452 2758 Paul.
468 2739 550 2763 un,
562 2731 589 2757 ‘2.

34 2769 61 2786 ⁸³
80 2768 125 2795 Ps.
143 2775 180 2801 Vl,
197 2768 222 2800 5,
236 2770 262 2795 6.
300 2767 325 2784 “
344 2768 408 2795 ibid.
426 2768 467 2796 l0.
506 2767 528 2782 ⁵⁸
546 2767 589 2793 1’s.
606 2775 642 2798 XI,
657 2767 684 2794 2.

638 2730 660 2746 "
673 2730 750 2759 ἱὶιί‹1,,
775 2730 817 2760 12,
834 2730 878 2757 l3.
915 2731 938 2746 ⁶⁰
955 2729 997 2758 Ps.
1014 2737 1130 2762 uxxtu,
1144 2728 1176 2763 2,
1192 2728 1218 2756 5.
1256 2727 1278 2744 ⁸⁸
1296 2727 1361 2755 ibid.
1377 2726 1404 2753 4.

638 2767 684 2792 .2.
722 2766 745 2780 5"
757 2766 822 2792 ibid.
835 2768 860 2792 ti.

735 2768 745 2780 "
757 2768 822 2792 ibid.
835 2768 860 2792 ϋ.

888 928 943 956 sint
956 927 1114 958 toreularia,
1136 935 1145 952 ι
1162 933 1211 961 pro
1229 926 1432 952 torcularibus;
1453 926 1621 953 inscribitur.
1634 927 1678 953 Ait

889 972 969 1008 517
990 973 1080 1007 itaque
1102 973 1125 988 ⁵ο
1145 981 1151 999 :
1173 981 1182 997 1
1205 971 1290 1005 Quam
1310 972 1407 998 dilecta
1426 972 1598 999 tabernacula
1615 977 1678 1003 tua,

888 1017 1001 1045 Dmnine
1018 1018 1161 1045 virtutum!
1177 1018 1354 1052 Concupiscit
1369 1023 1397 1044 et
1414 1018 1505 1044 tlellcit
1516 1017 1605 1044 anima
1620 1025 1678 1044 nn-a

888 1065 915 1092 in
929 1065 998 1092 atria
1017 1063 1138 1091 Domini:
1155 1073 1164 1088 ι
1182 1068 1262 1097 atque
1279 1062 1403 1095 infert“,
1418 1073 1427 1089 1
1441 1062 1539 1089 Altaria
1554 1068 1609 1097 tua,
1628 1062 1678 1089 Do-

889 1111 961 1138 miae
978 1111 1119 1137 virttttum.
1141 1118 1150 1134 ›
1172 1109 1345 1143 Rursumque
1367 1109 1508 1144 pluraliter
1524 1109 1616 1143 adjicit
1633 1109 1656 1125 ⁸²
1672 1118 1678 1135 :

891 1166 900 1183 1
916 1156 1056 1184 Protcclor
1077 1161 1180 1188 ttostcr,
1200 1157 1305 1190 aspice,
1328 1155 1413 1188 Deus,
1431 1161 1458 1183 et
1475 1156 1578 1190 respice
1594 1156 1618 1182 in
1638 1155 1677 1182 fa-

888 1203 957 1230 ciem
972 1202 1074 1230 Christi
1091 1201 1130 1228 tui
1149 1211 1156 1228 :
1173 1201 1236 1236 quia
1251 1201 1348 1228 melior
1364 1207 1405 1228 est
1422 1202 1480 1229 dies
1494 1209 1546 1228 una
1563 1202 1589 1228 in
1603 1202 1679 1229 atriis

889 1249 943 1275 tuis
962 1256 1044 1283 super
1062 1248 1156 1274 millia.
1183 1258 1191 1274 ι
1220 1247 1270 1274 Ubi
1288 1249 1417 1275 observes
1432 1248 1505 1275 illutn
1523 1248 1687 1275 nominatim

889 1295 922 1321 de
935 1294 1042 1321 Christo
1056 1294 1220 1320 mentionem
1234 1292 1344 1321 fecisse.
1359 1294 1430 1321 Duos
1443 1299 1533 1322 autem
1545 1294 1677 1326 Psaltnos,

892 1347 901 1365 1
917 1348 966 1373 pro
977 1345 1082 1371 octava,
1099 1347 1108 1364 ι
1125 1339 1279 1374 inscriptos,
1295 1340 1413 1367 arbitror
1427 1341 1571 1367 salutarem
1588 1348 1674 1367 τρωγ-

889 1385 1018 1412 rectionis
1035 1385 1139 1412 Domini
1157 1385 1227 1412 diem
1250 1386 1423 1414 adumbrare.
1441 1385 1506 1413 Cum
1521 1385 1613 1420 itaque
1627 1386 1676 1412 0.:-

890 1431 934 1458 vitl
948 1436 1098 1465 peccatum,
1113 1432 1186 1465 quod
1205 1432 1237 1459 ad
1255 1437 1369 1459 tnortcm
1384 1437 1443 1459 erat
1454 1452 1460 1464 ,
1483 1437 1678 1466 perpetrasset.

890 1476 1051 1511 deprecatur
1067 1476 1093 1503 in
1108 1482 1185 1504 sexto
1198 1477 1313 1511 psalmo,
1329 1484 1363 1503 ne
1377 1476 1495 1503 furorem
1510 1481 1537 1504 et
1553 1477 1619 1504 iram
1633 1477 1678 1503 Dei

889 1522 1067 1556 experiatur;
1091 1523 1139 1550 sed
1156 1528 1231 1554 rogat
1249 1527 1278 1550 ut
1292 1522 1381 1549 anima
1398 1530 1447 1549 sua
1466 1522 1678 1550 misericordiam

890 1573 918 1594 et
933 1567 1064 1594 medelam
1082 1573 1277 1602 consequatur.
1291 1567 1356 1594 illud
1374 1572 1464 1594 autem
1485 1567 1602 1594 l'nturutu
1618 1575 1678 1595 esse

890 1613 1053 1640 vaticinatur
1068 1614 1109 1640 Itis
1131 1614 1221 1640 verbis
1242 1613 1266 1629 ”
1285 1623 1292 1640 :
1315 1623 1324 1639 1
1342 1613 1525 1646 Convertere,
1550 1613 1678 1646 Domine,

889 1659 963 1694 eripe
978 1659 1095 1686 animant
1112 1667 1212 1691 meum,
1227 1659 1331 1686 salvum
1349 1667 1391 1686 me
1412 1659 1455 1686 fac
1473 1665 1583 1694 propter
1601 1660 1678 1687 tuise-

889 1705 1035 1732 ricordiam
1060 1710 1133 1731 tuam
1157 1713 1163 1731 :
1188 1706 1314 1740 quoniam
1338 1712 1389 1731 non
1415 1711 1457 1731 est
1481 1705 1506 1732 in
1526 1711 1612 1732 tunrte
1633 1707 1677 1739 qui

889 1757 994 1777 memor
1009 1749 1046 1777 sit
1067 1750 1104 1776 tui
1117 1770 1124 1781 ,
1144 1750 1171 1777 in
1197 1750 1303 1777 inferno
1324 1756 1413 1776 autem
1432 1750 1492 1784 quis
1507 1750 1678 1777 conﬁtebitur

890 1796 958 1823 tibi?
974 1805 984 1822 ι
999 1803 1030 1824 ac
1042 1795 1065 1823 si
1082 1796 1196 1823 Domino
1208 1795 1258 1831 ipsi
1269 1796 1419 1831 supplicet,
1431 1802 1459 1823 ut
1471 1795 1589 1822 animum
1602 1804 1678 1823 suam

888 1845 966 1869 eruat
982 1849 996 1868 ιι
1014 1846 1111 1869 morte.
1127 1841 1154 1868 In
1174 1843 1351 1876 sequentibus
1366 1849 1431 1868 vero
1444 1862 1451 1873 ,
1465 1849 1494 1868 se
1508 1846 1568 1868 vota
1582 1849 1678 1868 conse-

888 1891 979 1916 cutum
993 1896 1053 1915 esse
1065 1888 1187 1915 declarat
1205 1887 1248 1914 bis
1267 1887 1359 1915 verbis
1371 1887 1395 1903 "
1412 1896 1419 1914 :
1440 1896 1450 1913 1
1469 1887 1609 1914 Exaudirit
1626 1886 1678 1913 Do-

889 1935 978 1962 minus
992 1942 1085 1962 vocem
1098 1933 1178 1961 ﬂetus
1192 1933 1245 1961 mei
1262 1940 1269 1960 :
1282 1933 1421 1960 exaudivit
1436 1933 1566 1960 Dominus
1583 1933 1676 1967 depre-

888 1980 1021 2007 cationem
1041 1987 1147 2012 nteant,
1169 1979 1298 2006 Dominus
1315 1978 1466 2006 orationem
1485 1986 1572 2005 meam
1587 1986 1676 2006 snsrc-

887 2026 937 2061 pit.
962 2035 972 2052 »
993 2025 1077 2053 Suum
1094 2026 1167 2054 enim
1183 2033 1216 2053 ex
1236 2029 1322 2052 morte
1337 2024 1369 2051 ad
1384 2023 1467 2051 vitam
1487 2025 1617 2057 reditum,
1633 2025 1678 2060 qni

888 2077 949 2107 post
963 2072 1191 2099 resurrectionem
1213 2071 1312 2098 Christi
1335 2070 1466 2105 contigit,
1493 2070 1534 2097 his
1555 2071 1678 2098 Sllbilltii-

888 2119 971 2147 cavit.
982 2118 1165 2152 Similiterque
1173 2117 1334 2144 undecimus
1343 2116 1472 2150 psalmus,
1479 2125 1488 2142 1
1497 2124 1544 2150 pro
1553 2121 1677 2147 ortara.»

888 2165 1034 2199 inscriptus
1063 2169 1122 2193 est.
1151 2170 1301 2198 paremque
1330 2162 1439 2189 Davidis
1460 2161 1678 2196 dcprecatiotu-m

889 2210 1012 2238 continet
1038 2209 1152 2237 dicentis
1173 2208 1196 2224 ⁸⁵
1217 2217 1224 2235 :
1247 2216 1258 2234 1
1278 2207 1389 2235 Salvum
1408 2215 1451 2235 Ine
1467 2208 1524 2239 fac,
1545 2208 1657 2235 Domine
1670 2228 1676 2240 .

889 2255 1016 2290 quoniam
1039 2253 1138 2280 defecit
1154 2257 1276 2280 BaIICItIS.
1297 2262 1306 2278 ι
1331 2253 1462 2287 Deinceps
1480 2261 1532 2279 nnn
1547 2252 1677 2284 obscure.

889 2300 935 2328 sed
956 2299 1029 2326 clare
1052 2306 1085 2326 ac
1109 2298 1223 2326 dilucide
1237 2296 1379 2328 subinfert,
1395 2297 1490 2324 dicens
1504 2296 1527 2312 ⁵⁸
1546 2307 1553 2324 :
1574 2305 1584 2322 1
1603 2296 1678 2324 Nunc

890 2353 1040 2380 resurgam,
1065 2344 1130 2371 dicit
1160 2343 1290 2371 Dominus
1317 2351 1324 2370 :
1355 2350 1453 2376 ponam
1474 2342 1500 2369 in
1520 2341 1643 2370 salutari.
1663 2351 1672 2367 ι

888 2390 1002 2425 Propter
1016 2397 1096 2425 quam
1109 2388 1215 2416 Domini
1232 2388 1466 2420 resurrectionem,
1478 2395 1537 2422 qum
1550 2387 1592 2414 die
1608 2387 1677 2414 Sab-

888 2435 980 2463 batum
1004 2436 1198 2469 subsequente,
1224 2433 1250 2460 id
1271 2437 1331 2465 est.
1356 2437 1467 2465 octava,
1492 2433 1624 2466 contigit,
1648 2432 1674 2459 in

889 2489 966 2509 uerte
981 2481 1043 2508 vitae
1059 2485 1151 2516 typum
1174 2478 1326 2514 lmjusmodi
1344 2477 1521 2512 inscriptione
1536 2478 1674 2510 (lignatum

888 2534 949 2554 esse
965 2526 1099 2561 psalmum
1117 2525 1254 2553 existimo.
1273 2524 1342 2550 Sunt
1359 2531 1441 2557 porro
1455 2530 1548 2550 omnes
1562 2521 1674 2557 psalmi,

890 2582 899 2597 ι
912 2581 961 2606 pro
976 2573 1008 2599 iis
1020 2574 1065 2606 qnl
1083 2571 1309 2600 immutabuntur,
1321 2568 1472 2603 vinscripti,
1483 2575 1596 2595 tuunero
1607 2575 1675 2602 qna-

888 2623 958 2645 lnor.
983 2617 1022 2644 Ex
1051 2617 1094 2644 his
1117 2616 1358 2652 quiuquagesimus
1379 2622 1466 2642 nonus
1483 2614 1590 2641 videtur
1608 2615 1672 2642 mibi

888 2663 1103 2691 innnutationent
1129 2662 1248 2689 indicare
1270 2669 1351 2696 quam
1375 2668 1464 2696 passzc
1491 2665 1554 2687 sunt
1578 2665 1672 2695 g-~n!es

1443 2726 1465 2743 "
1486 2725 1551 2754 ibid.
1569 2725 1612 2757 10.
1628 2725 1669 2754 Η.

77 2838 136 2873 (23)
162 2839 192 2866 ’0
210 2840 316 2872 Κύριος
339 2839 433 2873 ἡμῶν.
463 2836 702 2868 Μτιιιῐρίιῐιοοςιῑυε,
729 2837 744 2862 ὁ
760 2835 861 2871 Κύριός
877 2844 939 2868 μου.

889 2844 928 2862 ιου
933 2855 939 2861 .

77 2875 134 2911 (24)
152 2874 278 2907 Crabius,
296 2875 451 2911 ὑποληήνιος.
