1888 3051
60 98 133 126 1065

663 95 817 124 SELECTA
834 95 868 122 ΙΝ
889 95 1059 127 PSMJIOS.

1624 99 1692 127 i066

60 155 194 193 ρακοστὺς
213 155 337 191 πέμπτος
356 154 550 191 παραπλησίως
577 154 640 189 περὶ
659 154 713 181 τῶν
733 163 805 191 κρυφ

947 155 999 189 -ἰιιιί
1010 159 1071 182 sunt
1083 164 1092 180 1
1106 156 1131 182 in
1142 155 1210 183 tituli
1224 156 1438 192 inscriptionem,
1452 165 1462 183 ι
1473 156 1506 184 de
1520 156 1651 184 modestia
1666 163 1692 185 et

59 202 204 239 εἰρημένος
216 201 260 228 τὸν
271 201 386 237 ἀόρατον
399 200 448 227 καὶ
464 200 558 235 νοητὸν
573 199 690 235 πόλεμον
705 199 853 235 παρίστησι

59 248 148 282 λέγων
157 257 165 264 ·
181 257 190 274 1
206 247 411 283 Ὲταράχθησαν
421 245 496 282 ἔθνη,
507 246 618 272 ἔκλιναν
630 245 773 281 βασιλεῖαι,
787 255 797 271 ι
808 245 854 271 καὶ

58 296 93 322 τὰ
108 294 181 330 ἑξῆς.
191 292 257 321 Εῐτα
267 293 305 325 ὡς
316 293 400 320 πάλαι
413 292 638 324 καταπατοῦντας
647 291 701 318 τῶν
712 291 796 318 ἐθνῶν
806 291 854 326 ἄρ-

58 350 156 376 χοντας
172 339 305 372 καθελὼν,
326 340 371 374 ὑφ’
383 339 480 367 ἑαυτὸν
490 347 520 366 τε
533 338 716 374 πεποιημένος
735 337 771 365 τὰ
791 337 854 373 έθνη

57 387 123 422 ἑξῆς
133 387 232 421 λέγει’(
244 385 437 421 ’Υψωθήσομαι
448 384 477 412 ἐν
486 386 541 416 τοῖς
553 383 668 416 έθνεσιν,
678 383 854 420 ὑψωθήσομαι

57 434 87 459 ὲν
96 434 130 469 τῇ
143 433 189 468 γῇ.
203 442 212 458 ι
223 432 255 458 01'.
266 431 499 467 ἐπιγεγραμμένοι
510 440 520 456 1
530 431 571 462 εῑς
581 428 783 466 στηλογραφίαν
792 438 802 455 ι
813 428 855 455 λὸ-

57 487 125 513 γους
148 478 305 514 περιέχουσι
330 477 505 514 μετριότητος
527 477 575 504 καὶ
593 474 852 511 ταπεινοφροσύνης.

56 524 159 559 Διόπερ
169 524 184 550 ὀ
197 524 245 559 μὲν
260 521 383 555 Ἀκύλας,
397 522 459 555 ἀντ),
472 521 769 557 τοῦ,στηλογτραςρίαν,
784 530 795 559 1
808 529 856 547 τα-

57 568 153 596 πεινοῦ
174 568 278 595 τελείου
297 577 307 593 ι
322 567 511 603 ήρμήνευσενο
530 567 545 593 ὁ
556 567 584 593 δὲ
597 566 761 602 Σύμμαχος,
780 575 789 591 1
805 574 855 593 τα-

57 613 234 649 πεινόφρονος
246 612 294 640 καὶ
300 612 429 648 ἀμώμου.
439 621 450 638 ν
462 612 525 639 Εἴτε
536 611 591 646 γὰρ
606 611 620 638 6
634 609 716 638 Δαυῒδ
729 609 855 646 βασιλεὺς

55 658 96 686 ὢν
117 659 164 686 καὶ
186 659 278 695 ἄρχων
299 656 398 690 παντὸς
416 657 535 694 Ἰσραὴλ,
556 656 655 693 μέτρια
674 656 722 684 καὶ
742 654 856 683 ταπεινὰ

55 703 165 740 φρονῶν
184 703 312 735 τοιαύτας
333 703 474 738 προήκατο
486 702 587 737 φωνὰς,
612 701 667 728 εἴτε
685 700 734 728 καὶ
756 701 771 727 ὁ
789 701 856 736 Χρι-

55 748 120 780 στὸς
152 748 199 775 τοῦ
225 748 292 775 Θεοῦ
318 747 431 775 τοιαῦτα
460 747 586 780 ἐθέσπιζε
614 746 853 783 ταπεινοφρονῶν»

53 792 198 829 ὡσπεροῦν
216 793 335 820 διδάσκει
351 793 395 820 διὰ
410 792 473 819 τοῦ’
494 802 504 818 1
517 793 626 820 Μάθετε
642 793 689 819 ἀπ’
708 791 793 827 ἐμοῦ,
811 791 852 818 ὅτι

55 839 146 875 πρᾶός
162 839 219 874 εἰμι
242 839 290 866 καὶ
310 838 438 870 ταπεινὸς
456 840 490 874 τῇ
512 838 627 874 καρδία·
644 847 654 864 ι
670 837 771 874 στήλης
782 837 851 870 ἄξιοι
869 829 888 856 Β

54 883 113 912 εἷεν
137 885 170 912 ἂν
193 885 218 911 οἱ
235 885 307 920 λόγοι
318 905 326 917 ,
350 886 396 912 καὶ
413 885 462 920 τῆς
478 886 519 917 εἰς
534 884 579 912 τὸν
597 884 741 920 σύμπαντα
766 883 852 910 αἰῶνα

55 931 182 967 μνήμηςο
199 931 267 966 ὅπερ
281 930 325 957 διὰ
339 931 389 966 τῆς
403 940 413 956 1
429 930 629 966 στηλογραφίας
646 938 656 956 δ
676 929 850 966 παρίσταται.

53 978 175 1013 Νοήσεις
190 977 219 1004 δὲ
232 977 262 1004 τὸ
278 977 422 1013 εἰρημένον
443 975 498 1004 ἀπὸ
512 976 558 1003 τοῦ
575 975 759 1012 πεντηκοστοῦ
782 975 852 1011 πέμ-

53 1032 138 1056 πτου,
156 1023 185 1055 ὃς
199 1023 422 1059 ἐπιγέγραπται(
439 1023 667 1059 στηλογραφίαςτι
677 1023 693 1058 ἢ
704 1032 712 1048 1
724 1021 852 1049 ταπεινοῦ

53 1069 173 1099 τελείου,
189 1079 198 1095 ι
209 1069 225 1104 ἢ
238 1079 246 1094 1
259 1069 470 1104 ταπεινόφρονος
482 1069 529 1095 καὶ
539 1067 665 1104 ἀμώμου,
680 1077 689 1093 ι
701 1068 729 1094 ἐν
742 1063 764 1101 ᾧ
775 1066 852 1102 εῐρη-

54 1125 120 1143 ται·
140 1125 150 1141 1
172 1116 299 1151 Ἐλέησόν
314 1124 358 1151 με,
381 1115 395 1141 ὁ
414 1114 491 1147 Θεὸς,
511 1115 552 1141 ὅτι
567 1113 739 1148 κατεπάτησέ
757 1121 790 1148 με
806 1112 853 1139 ἄν-

53 1162 168 1198 θρωπος
184 1161 248 1198 ὅλην
261 1161 310 1197 τὴν
327 1160 444 1197 ἡμέραν,
459 1170 467 1186 ι
487 1161 534 1187 καὶ
550 1159 585 1186 τὰ
598 1159 672 1195 ἑξῆς.
686 1160 742 1186 Καὶ
758 1160 772 1185 ὁ
789 1167 852 1185 πεν-

54 1208 189 1243 τηκοστὸς
203 1207 292 1239 ἕκτος,
306 1207 356 1243 τὴν
367 1206 427 1241 ἴσην
438 1206 507 1241 ἔχων
523 1205 689 1241 ἐπιγραφὴν,
703 1204 783 1232 πάλιν
797 1203 852 1231 τῶν

53 1253 288 1282 κατα-πατούντων
313 1253 393 1280 αὑτὸν
417 1252 552 1288 μέμνηται
573 1252 676 1286 λέγων·
709 1260 718 1277 1
732 1251 852 1278 Ἔδωκεν

53 1302 96 1334 εἰς
117 1301 217 1332 ὄνειδος
234 1301 298 1332 τοὺς
319 1299 544 1332 καταπατοῦντας
566 1307 610 1334 με’
623 1308 633 1324 ι
653 1298 700 1324 καὶ
722 1297 784 1329 τοὺς
798 1297 852 1323 λοι-

53 1347 127 1378 ποὺς
138 1346 166 1373 δὲ
179 1346 232 1373 τῶν
242 1346 329 1378 οὕτως
341 1344 587 1381 ἐπιγεγραμμένων
595 1342 716 1376 διελθὼν,
728 1341 778 1377 τῆς
791 1341 851 1377 ἴσης

53 1391 205 1428 ἐχομένους
218 1392 344 1428 εὑρήσεις
358 1391 488 1422 διανοίας.
501 1390 532 1417 Οί
545 1387 780 1425 ἐπιγεγραμμένοι
791 1397 799 1413 1
812 1388 852 1419 είς

52 1437 212 1473 ἀνάμνησιν
225 1436 272 1463 τοῦ
284 1435 365 1463 Δαυῖδ
379 1446 388 1462 ι
405 1436 623 1472 ὑπομιμνήσκειν
635 1434 716 1461 αὑτὸν
732 1433 852 1460 ἐοίκασιν

52 1483 104 1511 ἐπὶ
121 1482 170 1518 τῆς
183 1482 230 1509 τοῦ
245 1482 344 1518 Οὐρίου
357 1482 504 1518 ἁμαρτίας.
520 1482 550 1508 '0
563 1481 592 1507 δὲ
604 1479 764 1516 τριακοστὸς
778 1478 852 1505 E660-

54 1538 121 1565 μσς.
131 1529 218 1560 οὕτως
228 1529 476 1564 ἐπιγεγραμμένος,
490 1527 610 1561 ἐπιλέγει
619 1535 625 1541 ·
639 1537 646 1552 1
660 1526 716 1553 Οὐκ
728 1525 801 1552 ἔστιν
814 1525 852 1551 εί-

53 1576 129 1612 ρήνη
139 1576 167 1602 έν
179 1577 235 1607 τοῖς
247 1575 351 1607 ὀστέοις
361 1584 411 1611 μου
423 1574 477 1601 ἀπὸ
490 1573 635 1610 προσώπου
647 1572 701 1599 τῶν
710 1571 851 1608 ἁμαρτιῶν

54 1630 129 1657 μου,
146 1630 154 1646 ι
172 1621 219 1647 καὶ
235 1621 270 1647 τὰ
283 1620 357 1655 ἑξῆς·
382 1620 430 1646 καὶ
449 1620 483 1646 δι’
496 1620 557 1646 ὅλου
572 1619 600 1646 δὲ
615 1619 661 1645 τοῦ
680 1617 788 1653 ψαλμοῦ
801 1617 851 1653 τὴν

54 1668 107 1694 ἐπὶ
136 1669 169 1702 τῇ
192 1666 346 1703 πραχθείσῃ
373 1667 495 1702 ἁμαρτίᾳ
517 1666 684 1692 κατάστασιν
710 1663 850 1700 σημαίνει.

60 1712 202 1743 Ὡσαύτως
213 1712 241 1738 δὲ
253 1712 300 1738 καὶ
312 1713 327 1739 ὁ
338 1711 485 1747 ὲξηκοστὺς
497 1711 633 1746 πέμπτος,
651 1719 660 1735 1
673 1709 713 1741 εἰς
729 1708 852 1744 ἀνάμνη-

53 1766 100 1785 σιν
108 1768 117 1784 ι
126 1757 374 1794 ἐπιγεγραμμένος,
385 1756 500 1784 ἱκετεύει
508 1755 555 1783 τοῦ
564 1755 632 1783 Θεοῦ
641 1756 730 1791 τυχεῖν
742 1754 849 1790 βοηθοῦ.

53 1805 89 1832 Οἱ
102 1804 338 1840 ἐπιγεγραμμένοι
352 1803 531 1839 «προσευχὴ,ι
542 1802 645 1838 μήποτε
659 1802 709 1839 οὐκ
721 1801 774 1828 εἰσὶ
783 1800 852 1836 ψαλ-

54 1851 118 1888 μοὶ,
135 1850 197 1878 οὐδὲ
219 1849 287 1886 ᾠδαὶ
299 1871 306 1883 ,
333 1850 394 1876 οὐδὲ
413 1849 503 1885 ὕμνοι,
524 1849 581 1876 ἀλλ’
598 1847 664 1875 αὐτὸ
679 1847 758 1874 τοῦτο
774 1845 850 1882 ψιλαὶ

53 1896 211 1932 προσευχαὶ
231 1897 264 1931 τῇ
282 1895 336 1922 τῶν
357 1895 515 1931 εὐξαμένων
529 1895 710 1931 ἁρμόττουσαι
721 1893 850 1925 διαθέσει,

52 1945 91 1978 τῇ
110 1950 141 1969 τε
159 1942 223 1978 περὶ
235 1942 334 1973 αὐτοὺς
352 1942 518 1969 καταστάσει
533 1942 580 1968 καὶ
600 1942 666 1968 πᾶσι
681 1942 736 1972 τοῖς
754 1941 783 1967 ὲν
805 1940 851 1976 ῐσῃ

53 1987 182 2015 διαθέσει
198 1989 253 2020 τοῖς
270 1987 426 2023 εἰρημένοις
439 1987 627 2022 τυγχάνουσιν.
640 1987 670 2014 οε
681 1987 850 2022 ἐπιγεγραμ-

55 2034 137 2070 μένοι
152 2033 272 2069 ψαλμοὶ,
292 2043 301 2059 1
314 2033 360 2069 Μὴ
377 2033 551 2069 διαφθείρῃς,
564 2033 611 2059 τοῦ
625 2032 733 2065 Δαυῒδ,›
751 2032 851 2067 ἐφεξῆς

52 2081 112 2107 είσι
127 2080 212 2115 τρεῖς·
230 2076 267 2106 ὧν
289 2080 302 2105 ὁ
327 2078 507 2113 πεντηκοστὸς
532 2079 609 2110 έκτος
628 2079 734 2114 εἴρηται
759 2079 788 2104 ὲν
811 2077 850 2113 τῷ

51 2126 140 2154 αὐτὸν
166 2125 373 2161 ἀποδιδράσκειν
403 2124 461 2161 ἀπὸ.
479 2124 626 2160 προσώπου
652 2124 737 2152 Σαοὺλ
761 2126 800 2156 εἰς
820 2124 850 2151 τὸ

904 204 1058 232 humilitate
1078 205 1236 240 loqmmtur.
1254 206 1424 242 Quapropter
1449 207 1556 242 Aquila,
1574 215 1622 241 pm
1638 217 1647 233 1
1662 208 1691 234 in

906 256 975 283 tituli
987 257 1217 291 inscriptioncmp
1227 258 1306 284 vertit
1318 267 1328 283 1
1339 258 1447 285 humilis
1457 259 1579 293 perfecti;
1593 268 1601 283 ι
1614 257 1692 294 Sym-

905 306 1015 333 machus
1030 315 1104 337 vero.
1122 316 1131 332 1
1149 307 1259 335 humilis
1273 313 1299 335 et
1319 309 1457 340 iuculpati.
1475 318 1484 334 ι
1498 308 1564 335 Nam
1573 309 1629 336 sive
1638 308 1689 334 Da-

905 356 949 382 vid
965 364 1011 383 rex
1031 361 1058 384 et
1079 357 1205 392 princeps
1222 358 1303 385 totius
1321 358 1415 391 lsrnel,
1441 366 1495 393 pra:
1518 359 1647 386 modestia
1665 363 1693 385 et

906 406 1208 440 lunnilitate,ejusmodi
1227 407 1331 435 miserit
1343 416 1439 442 voces;
1455 408 1513 435 sive
1530 416 1576 436 cas
1595 414 1692 443 protu-

906 455 967 482 lerit
983 455 1108 483 Christus
1130 456 1268 483 lnnniliter
1291 458 1430 489 sentiens.
1450 462 1478 484 ut
1495 465 1556 485 cum
1579 457 1660 485 docet
1682 465 1688 482 ι

905 505 1008 540 5191
1025 505 1127 533 Discite
1144 513 1158 532 ιι
1187 514 1229 533 me
1252 507 1314 541 quia
1342 507 1414 534 mitis
1443 515 1502 533 sum
1528 512 1556 533 et
1583 506 1692 534 humilis

906 557 989 584 corde
1001 556 1039 590 “3;
1054 565 1063 582 ι
1081 561 1154 584 certe
1172 556 1246 591 digni
1263 561 1326 584 sunt
1339 556 1364 583 hi
1379 563 1520 585 sermones
1541 557 1585 591 qui
1604 565 1629 584 ιιι
1643 565 1689 585 co-

907 605 998 632 lumna
1019 606 1177 640 sculpantur
1193 610 1220 634 et
1243 606 1380 634 memoria:
1396 610 1505 635 aeterna
1517 608 1689 635 mandentur.

906 655 981 689 Quod
995 655 1102 690 quidem
1117 663 1182 689 pcr1
1195 656 1265 683 tituli
1281 656 1482 692 inscriptionem
1497 657 1689 692 )signilicatur.

907 705 935 727 ut
953 700 1104 735 intelligere
1116 701 1179 728 licet
1193 708 1226 728 ex
1241 701 1467 736 quinquagesimo
1478 702 1572 737 quinto
1586 701 1692 736 psalmo
1708 735 1709 738 η

907 746 952 777 ιιιιὶ
972 746 1119 781 inscriptus
1133 751 1193 778 est,
1212 755 1221 772 1
1237 746 1262 773 in
1284 747 1354 774 tituli
1384 747 1604 782 iuseriplidncm.
1620 756 1629 774 ι
1648 748 1690 774 vel

909 801 917 816 1
934 791 1042 818 humilis
1055 791 1179 825 perfecti,
1195 801 1202 816 ι
1218 791 1260 818 vel
1277 800 1286 816 1
1300 792 1410 819 humilis
1423 798 1451 820 ct
1467 793 1595 828 it=c11|pzali
1615 802 1640 819 τι
1662 794 1689 820 in

905 845 958 872 quo
974 837 1076 865 dictum
1089 843 1131 865 est
1144 838 1165 853 ⁶⁹
1182 846 1189 864 :
1212 846 1220 862 1
1236 837 1364 865 Miserere
1379 839 1441 871 mei.
1458 839 1545 871 Deus.
1561 840 1689 873 quoniam

904 883 1074 910 cont-nicavit
1089 891 1132 911 me
1151 884 1233 911 humo
1249 889 1304 912 tota
1321 885 1381 916 die,
1401 895 1410 911 ι
1428 889 1456 912 et
1473 890 1581 913 ca‘lera.
1605 886 1690 919 Quin-

904 929 1077 964 quagesimus
1093 930 1177 957 etiam
1191 935 1284 957 sextus
1295 931 1340 965 qui
1358 938 1452 965 parem
1469 931 1550 958 habet
1569 931 1687 958 titulum.

905 982 997 1002 rursus
1013 982 1105 1002 eorum
1127 975 1172 1009 qui
1191 975 1279 1010 ipsum
1304 976 1478 1008 conculcant,
1506 977 1630 1004 meminit
1646 977 1688 1003 di-

903 1028 968 1048 cens
980 1021 1003 1036 "°
1021 1030 1026 1048 :
1044 1029 1054 1046 1
1070 1020 1147 1048 Dedit
1163 1021 1189 1047 in
1207 1021 1381 1056 opprobrium
1400 1022 1593 1050 conculcantes
1610 1030 1686 1055 mcp

903 1072 930 1093 et
942 1067 963 1094 si
981 1067 1100 1101 reliquos
1112 1067 1158 1102 qui
1175 1067 1301 1095 simiiiter
1314 1069 1436 1104 inscripti
1448 1075 1523 1102 sunt,
1547 1077 1688 1105 percurre-

903 1111 954 1144 ris,
969 1113 1093 1139 eumdem
1114 1113 1217 1140 videbis
1235 1120 1283 1140 eos
1305 1114 1406 1141 habere
1425 1121 1545 1142 sensum.
1565 1116 1614 1148 Qui
1642 1116 1688 1142 in-

904 1158 998 1192 scripti
1011 1162 1075 1184 sunt
1092 1168 1101 1183 1
1122 1158 1147 1184 in
1163 1159 1418 1186 rememorationent
1444 1160 1538 1192 David,
1560 1170 1568 1186 ι
1583 1168 1644 1186 cum
1660 1160 1686 1186 in

903 1204 1005 1238 peccati
1020 1203 1091 1232 Uriaa
1113 1205 1275 1232 memoriam
1296 1205 1421 1233 videntur
1435 1206 1575 1234 reducere.
1593 1207 1688 1234 Tricc-

903 1252 988 1279 simus
1017 1251 1158 1287 septimus,
1173 1252 1218 1286 qui
1244 1253 1316 1280 hunc
1333 1253 1415 1281 habet
1438 1253 1563 1286 titulum,
1586 1255 1658 1281 ait“
1680 1264 1686 1280 :

905 1307 915 1323 1
935 1297 994 1325 Non
1009 1302 1051 1325 est
1068 1305 1120 1332 pax
1138 1298 1164 1325 in
1180 1298 1288 1326 ossibus
1311 1299 1378 1326 meis
1393 1307 1407 1326 ει
1427 1299 1495 1327 facie
1510 1306 1686 1334 peccatorum

903 1351 1036 1377 meorum,
1064 1354 1074 1370 ι
1100 1350 1128 1372 et
1158 1350 1268 1373 caetera.
1295 1345 1335 1373 Ac
1363 1354 1412 1379 per
1440 1351 1524 1373 totum
1555 1347 1687 1381 psalmum

903 1391 1021 1418 ostendit
1037 1391 1100 1426 quid
1114 1392 1148 1419 ob
1171 1397 1313 1426 peccatum
1332 1400 1347 1419 a
1365 1400 1396 1420 se
1409 1393 1585 1420 commissum
1604 1401 1689 1429 expc.

904 1437 1014 1464 riretur.
1031 1436 1076 1464 Sic
1094 1441 1120 1464 et
1141 1437 1327 1472 sexagesimus
1341 1439 1464 1473 quintus,
1482 1448 1490 1464 1
1512 1439 1537 1466 in
1555 1447 1688 1467 rememo-

878 1497 886 1525 Ζ
904 1483 1033 1511 rationem
1047 1493 1056 1509 ι
1073 1483 1229 1519 inscriptus,
1245 1485 1374 1513 auxilium
1393 1485 1440 1513 Dei
1453 1486 1569 1514 invocat.
1586 1487 1635 1520 Qui
1645 1488 1687 1515 in-

903 1528 996 1563 scripti
1011 1533 1074 1556 sunt
1092 1538 1101 1555 1
1122 1530 1220 1563 oratio,
1243 1539 1253 1555 ι
1273 1531 1345 1559 forte
1361 1532 1410 1559 nec
1426 1532 1536 1566 psalmi,
1552 1541 1601 1561 nec
1622 1542 1687 1560 can-

904 1575 967 1607 tica,
983 1582 1031 1602 nec
1048 1576 1141 1612 hymni
1157 1566 1231 1608 siml,
1250 1578 1296 1604 sed
1311 1576 1388 1604 nuda:
1402 1578 1539 1606 orationes
1550 1580 1686 1606 orantium

902 1621 1096 1649 convenientes
1108 1621 1216 1649 aﬂ‘ectui
1226 1627 1254 1649 et
1267 1622 1428 1655 habitudini,
1445 1630 1551 1651 necnon
1563 1625 1688 1653 omnibus

902 1667 948 1701 qui
974 1667 999 1694 in
1016 1667 1111 1694 eodem
1130 1676 1161 1695 ac
1178 1668 1194 1694 ii
1220 1669 1254 1695 de
1280 1669 1378 1703 quibus
1401 1669 1503 1697 dictum
1528 1675 1568 1698 est
1590 1672 1688 1698 mentis

903 1712 999 1739 aﬂectn
1026 1718 1098 1740 sunt.
1119 1713 1169 1746 Qui
1197 1714 1322 1748 inscripti
1345 1719 1419 1747 sunt;
1439 1723 1449 1741 1
1471 1715 1511 1742 Ne
1528 1717 1685 1748 disperdas.

902 1759 1022 1790 Davidis,
1044 1768 1053 1784 ι
1074 1760 1201 1786 continua
1216 1760 1287 1787 serie
1314 1765 1368 1787 ll't'S
1386 1765 1458 1792 sunt.
1477 1770 1592 1796 quorum
1609 1764 1688 1797 quin-

903 1805 1078 1839 quagesimus
1101 1811 1195 1832 sextus
1223 1806 1311 1833 dictus
1323 1811 1375 1838 est,
1393 1815 1454 1834 cum
1472 1807 1575 1842 fugeret
1590 1817 1603 1835 a
1618 1809 1687 1836 facit-

903 1850 967 1877 Saul
983 1850 1010 1877 in
1027 1850 1196 1884 speluncam.
1222 1851 1255 1877 Et
1272 1852 1402 1885 quoniam
1429 1852 1530 1880 latente
1554 1853 1637 1881 David
1660 1855 1686 1881 in

902 1896 1029 1931 spelunca
1051 1896 1189 1931 ingressus
1216 1901 1257 1923 est
1278 1897 1342 1923 Saul
1368 1898 1497 1932 ignorans
1514 1899 1601 1933 ipsum
1626 1908 1687 1927 esse

903 1942 983 1975 intro,
1002 1946 1030 1969 et
1045 1940 1200 1969 cum'amici
1218 1941 1300 1969 David
1318 1942 1416 1970 vellent
1431 1951 1493 1970 emn
1509 1944 1664 1972 interficere
1679 1966 1686 1975 .

902 1986 970 2013 dixit
998 1986 1081 2014 David
1097 1986 1132 2014 ad
1147 1986 1283 2014 Abisatb:
1302 1996 1311 2012 1
1331 1986 1369 2014 Ne
1388 1988 1540 2022 disperdas,
1565 1998 1573 2014 ι
1592 1997 1687 2024 nempe

903 2031 970 2059 Saul
986 2032 1087 2060 idcirco
1102 2032 1220 2059 fortasse
1241 2031 1375 2067 ejusmodi
1389 2034 1465 2060 vocis
1481 2041 1540 2068 qua:
1553 2042 1685 2062 summam

902 2079 1135 2108 mansuetudinem
1148 2079 1319 2111 ostendebat,
1333 2084 1356 2106 et
1370 2087 1429 2114 quae
1445 2080 1498 2107 Deo
1516 2081 1592 2109 valde
1606 2089 1686 2109 acce-

905 2131 947 2161 pta
960 2131 1030 2159 erat,
1044 2126 1174 2154 memoria
1189 2126 1239 2153 hac
1251 2125 1420 2154 Psalmormn
1434 2128 1612 2162 inscriptione
1621 2137 1686 2156 con-

54 2172 204 2208 σπήλαιον.
222 2171 278 2198 Καὶ
297 2172 401 2207 μήποτε
427 2170 586 2206 ἐπειδήπερ,
615 2171 644 2196 έν
670 2170 708 2205 τῷ
724 2169 799 2205 σπηλη

939 2176 1007 2200 :rata
1028 2176 1081 2200 est.
1104 2172 1348 2208 Quinquagesimus
1370 2177 1481 2201 octavus
1501 2174 1546 2208 qui
1578 2174 1684 2202 titulum

54 2217 286 2255 κρυπταζομένου
301 2216 349 2243 τοῦ
365 2215 460 2248 Δαυῒδ,
480 2215 625 2251 ἐπεισῆλθε
641 2215 727 2242 Σαοὺλ
743 2215 849 2249 ἀγνοῶν

52 2265 135 2292 ἔνδον
148 2263 231 2290 αὐτοῦ
243 2263 330 2295 δντος,
342 2263 390 2290 καὶ
406 2262 461 2289 τῶν
472 2262 588 2298 ἑταίρων
601 2261 648 2289 τοῦ
663 2261 744 2289 Δαυῖδ
757 2261 848 2297 βουλο-

55 2311 153 2346 μένων
166 2309 269 2336 ἀνελεῖν
280 2309 370 2341 αὺτδν,
380 2306 456 2335 εἶπεν
469 2309 484 2335 ὁ
496 2308 578 2335 Δαυῒδ
590 2307 658 2344 πρὸς
669 2308 714 2335 τὸν
727 2308 848 2342 ’Λὸισὰθ,

57 2366 70 2382 1
85 2356 133 2392 Μὴ
153 2354 312 2391 διαφθείρῃς
328 2364 338 2381 ι
361 2353 459 2381 αὐτόν’
480 2354 559 2390 δῆλον
582 2355 604 2381 δ’
615 2355 656 2381 ὅτι
684 2355 728 2382 τὸν
751 2351 847 2382 Σαούλ·

53 2402 156 2430 τούτου
177 2401 256 2437 χάριν
272 2401 309 2432 ὡς
323 2399 522 2435 ἀποδεξαμένου
536 2399 583 2426 τοῦ
600 2399 666 2426 Θεοῦ
680 2400 729 2435 τὴν
748 2399 847 2435 φωνὴν,

54 2448 202 2484 ἀκρότητα
229 2446 403 2478 ἀνεξικακίας
423 2446 619 2482 περιέχουσαν,
638 2446 667 2472 ὲν
685 2446 778 2482 μνήμῃ
797 2446 850 2472 τῶν

55 2494 149 2525 οὕτως
164 2492 412 2528 ἐπιγεγραμμένων
430 2491 546 2528 ψαλμῶν
574 2491 747 2527 παρελήφθη.
773 2492 800 2518 ’0
821 2492 850 2518 δὲ

56 2539 245 2574 πεντηκοστὸς
268 2538 361 2573 ὄγδοος
384 2538 517 2574 περιέχων
536 2538 577 2570 τὸ,
590 2547 600 2563 1
614 2538 659 2573 Μὴ
671 2537 828 2574 διαφθείρῃς
841 2558 849 2570 ,

53 2585 144 2613 ὁπότε
171 2584 314 2611 ἀπέστειλε
326 2583 422 2615 Σαοὺλ,
435 2584 481 2610 καὶ
497 2583 611 2618 ἐφύλαξε
627 2583 672 2610 τὸν
683 2581 755 2611 οἶκον
768 2584 850 2611 αὑτοῦ

54 2631 109 2658 τοῦ
127 2629 281 2657 θανατῶσαι
298 2629 379 2657 αὑτὸν
391 2649 399 2661 ,
417 2639 426 2655 ›
442 2629 514 2656 έοικε
532 2630 696 2666 πρόσταγμα
713 2630 850 2666 περιέχειν

53 2676 108 2704 τοῦ
122 2675 190 2702 Θεοῦ
206 2674 253 2702 τοῦ
275 2674 312 2711 μὴ
336 2674 540 2711 συγχωροῦντος
560 2676 615 2707 τοῖς
637 2675 851 2711 ἀπεσταλμένοις

56 2723 134 2758 ὑπὲρ
146 2721 194 2748 τοῦ
208 2721 360 2756 διαφθεῖραι
378 2721 424 2747 τὸν
439 2719 519 2747 Δαυῖδ
529 2720 582 2747 ὑπὸ
597 2720 644 2747 τοῦ
662 2720 758 2747 Σαούλ.
777 2720 852 2755 Τάχα

54 2769 83 2795 δ’
101 2767 135 2795 ἆν
155 2767 204 2803 τὴν
218 2767 302 2801 αὐτὴν
313 2767 368 2803 ἔχει
379 2767 498 2795 διάνοιαν
511 2768 557 2795 καὶ
571 2769 585 2795 ὁ
599 2767 793 2803 ἐδδομηκοστὸς
807 2767 851 2793 τέ-

903 2219 986 2246 habet
1000 2219 1024 2234 ⁷·
1043 2227 1050 2245 :
1068 2227 1078 2244 1
1097 2217 1137 2246 Ne
1161 2219 1313 2254 disperdas,
1330 2219 1438 2254 quando
1466 2220 1539 2247 misit
1568 2220 1632 2247 Saul
1659 2226 1688 2248 ct

903 2264 1050 2291 custodivit
1063 2264 1172 2291 domum
1190 2265 1290 2299 ejusut
1303 2273 1364 2292 eum
1383 2265 1561 2299 interﬁceret,
1580 2275 1590 2292 ι
1610 2267 1686 2294 vide-

904 2314 947 2336 tur
960 2309 1102 2337 continere
1113 2314 1277 2344 praeceptum
1294 2310 1339 2337 Dei
1363 2311 1407 2345 qui
1434 2319 1486 2338 non
1511 2312 1633 2346 permisit
1658 2318 1687 2339 ut

903 2357 948 2390 qui
964 2364 977 2382 a
988 2355 1051 2382 Saul
1065 2356 1140 2383 missi
1153 2360 1242 2388 erant,
1255 2355 1440 2384 interllcerenl.
1452 2357 1545 2385 David.
1557 2358 1686 2385 Eumdem

906 2402 974 2429 forte
991 2409 1100 2428 sensum
1125 2402 1206 2439 habet
1223 2407 1250 2430 et
1275 2404 1488 2438 septuagesimus
1504 2409 1617 2438 quartus
1640 2405 1686 2439 qui

904 2448 985 2476 simili
1010 2448 1089 2475 modo
1104 2457 1113 2473 1
1129 2435 1220 2484 Astaph
1237 2458 1246 2475 ι
1263 2449 1408 2484 inscriptus
1425 2454 1477 2476 cst.
1491 2449 1688 2484 Nonagesimus

903 2495 1007 2529 primus
1026 2494 1071 2528 qui
1085 2503 1095 2520 1
1109 2493 1218 2521 Sabbati
1239 2505 1249 2521 ι
1262 2495 1408 2530 inscriptus
1419 2499 1471 2527 est,
1484 2494 1644 2522 exhortatur
1654 2496 1687 2522 ad

902 2545 1054 2568 conventus
1069 2541 1192 2567 studiose
1211 2540 1424 2576 frequentandos
1439 2541 1483 2568 ubi
1502 2539 1641 2567 meditatio
1658 2539 1688 2566 ﬁt

902 2587 1056 2614 divinorum
1067 2587 1250 2621 eloquiorum,
1266 2592 1293 2615 et
1310 2593 1402 2622 postea
1420 2587 1468 2614 Dei
1493 2587 1584 2613 laudes
1599 2586 1688 2613 conti-

902 2638 956 2661 net.
973 2633 1018 2660 Ail
1030 2633 1121 2668 itaque
1136 2633 1177 2659 ":
1193 2641 1202 2657 1
1223 2633 1263 2660 Ad
1280 2634 1493 2661 annuntiandum
1509 2640 1590 2659 mane
1601 2632 1685 2659 mise-

903 2679 1048 2706 ricordiam
1072 2684 1162 2711 tuam,
1179 2684 1207 2706 et
1220 2680 1361 2707 veritatem
1384 2685 1457 2706 tuam
1471 2687 1519 2714 per
1535 2685 1650 2706 noctem.
1675 2687 1684 2703 ι

905 2725 935 2752 Et
952 2733 1045 2752 rursus
1060 2725 1083 2740 "
1103 2734 1110 2752 :
1130 2735 1139 2751 1
1158 2725 1276 2752 Plantati
1292 2725 1318 2752 in
1337 2726 1416 2752 domo
1433 2725 1550 2757 Domini,
1563 2724 1589 2752 in
1607 2723 1686 2750 atriis

906 2770 950 2797 Dei
971 2771 1054 2798 nostri
1083 2770 1216 2798 ﬂorebunt
1243 2770 1359 2806 520.1
1380 2770 1578 2806 Nonagesimus
1599 2777 1687 2797 nonus

99 2824 123 2839 ⁸⁸
137 2823 231 2850 Matth.
242 2831 282 2855 ιιι,
294 2823 339 2851 29.
379 2823 400 2839 ⁸⁸³
410 2823 453 2850 Ps.
471 2831 513 2857 LV,
527 2823 552 2851 Ξ.
584 2824 606 2839 ⁷⁰
615 2822 658 2851 Ps.
668 2831 722 2858 ιιι,
735 2823 761 2851 ἃ.
800 2824 820 2839 ⁷¹
835 2824 844 2851 Ι

940 2831 998 2857 tvn,
1012 2823 1037 2850 4.
1069 2824 1091 2839 ⁷·
1104 2823 1148 2851 Ps.
1163 2831 1238 2859 Lvlu,
1250 2825 1274 2852 l.
1307 2824 1331 2840 ⁷³
1339 2824 1384 2852 Ps.
1400 2832 1453 2856 xci,
1468 2824 1494 2852 5.
1526 2825 1624 2854 "ibid.
1644 2824 1685 2851 Ην.

169 2869 304 2900 Pyrum.
322 2869 366 2899 Gn
403 2870 474 2902 ΧΠ.

1512 2869 1551 2900 3⁷ι
