1888 3051
71 132 138 160 ((289

574 130 729 158 SELECTA
750 130 782 157 IN
801 129 968 158 PSALMOS.
989 146 1023 150 —
1042 130 1140 158 PSAL.
1163 131 1184 158 1.

1624 136 1635 162 Ι
1640 136 1693 164 090

65 191 153 222 πάθος
175 190 325 224 γεγονέναι,
349 190 524 226 διηγούμενον
551 191 632 218 αὑτὸν
657 191 798 227 εἰρηκέναι
823 191 852 226 τᾷ

912 191 975 218 Ιίιιηι
990 191 1075 226 ipsum
1091 192 1190 220 dixisse
1203 193 1213 208 ⁸
1230 201 1236 219 :
1257 201 1266 218 ι
1286 193 1370 221 Hodie
1385 202 1490 222 meeum
1506 195 1562 223 eris
1575 196 1600 223 in
1610 205 1690 231 para-

69 237 266 272 μετᾳνοήσαντι
286 236 371 272 λῃστῇ
384 244 390 250 ·
410 245 419 265 ς
435 237 556 272 Σήμερον
570 237 627 272 μετ’
640 236 707 272 ἐμοῦ
718 237 768 274 ἔσῃ
778 238 806 264 ἐν
818 237 855 272 τῷ

67 282 225 318 παραδείσῳ
239 281 285 308 τοῦ
305 281 383 309 Θεοῦ.
399 292 408 308 r
425 283 668 317 Μεταπεφύτευται
686 283 714 310 δὲ
732 284 799 315 ἐκεῖ,
813 283 855 309 ἵνα

66 329 92 354 οἱ
107 328 177 361 ἄξιοι
195 328 242 354 σὺν
261 327 370 363 Χριστῷ
390 325 460 354 εἶναι
477 328 645 362 φωτίζωνται
661 328 706 354 ὑπ’
717 328 797 354 αὑτοῦ
817 328 854 363 τῷ

65 375 118 409 τῆς
142 374 267 408 γνώσεως
293 373 435 410 φωτισμῷ,
461 374 661 410 προκόπτοντες
687 375 716 408 ἐν
740 375 773 409 τῇ
800 373 854 400 τῶν

65 419 152 450 ὖντων
174 420 291 456 θεωρίᾳ,
315 420 386 448 κατὰ
407 420 456 455 τὴν
474 420 569 454 σοφίαν
591 420 638 447 τοῦ
661 419 740 447 Θεοῦ.
759 419 854 446 Ταῦτα

63 464 95 491 δὲ
115 464 201 497 οὕτως
223 464 413 501 ὲξειλήφαμεν,
435 465 529 501 ἐπειδὴ
545 465 647 501 κυρίως
670 466 716 492 ἐπὶ
738 465 854 501 δένδρων

63 511 177 546 λέγεται
195 513 225 538 τὺ
243 521 254 538 ί
269 511 361 547 φέρειν
376 511 482 547 καρπόν
492 520 516 538 -ι
534 511 565 538 τὸ
575 512 603 539 δὲ
618 521 627 537 ι
640 511 749 543 διδόναι,
759 521 769 538 ι
784 512 853 547 μᾶλ-

62 557 111 584 λον
129 557 261 593 ἐμψύχοις
273 557 396 593 ἁρμόζει,
412 557 459 584 καὶ
474 552 562 584 ταῦτα
575 557 705 592 λογικοῖς.
720 557 854 593 Ζητητέον

57 603 93 629 δὲ
111 604 136 630 εἰ
157 603 215 630 ἐστι
237 603 332 639 καιρὸς
348 603 387 638 τῷ
407 602 477 638 ξύλῳ
492 603 542 639 τῆς
558 604 631 640 ζωῆς
654 603 702 631 τοῦ
726 603 851 640 καρποῦ·

59 648 156 683 λέγειν
172 649 227 685 γὰρ
243 649 292 685 τὴν
315 649 411 684 σοφίαν
435 649 540 685 καρπόν
556 658 621 677 ποτε
636 651 674 686 μὴ
700 650 781 685 ἔχειν,
803 650 854 685 οὐχ

61 695 154 722 ὅσιον⁵
171 695 211 722 διδ
229 695 278 722 οὐκ
293 695 410 730 εἴρηται,
425 695 439 721 ὃ
454 695 499 723 τὸν
514 696 619 731 καρπὸν
642 696 724 727 αὐτοῦ
747 696 853 731 ἐνέγκει

60 742 93 769 ὲν
110 741 198 777 καιρῷ
218 740 311 773 αὐτοῦ,
330 740 387 768 ἀλλ’
409 750 418 766 ι
430 741 445 768 δ
463 742 508 768 τὸν
532 742 638 778 καρπὸν
664 742 747 769 αὐτοῦ
772 742 851 769 δώσει

61 789 94 816 ἒν
111 786 200 823 καιρῷ
219 787 312 814 αὐτοῦ.
328 797 338 813 ι
362 787 464 824 Καιρδς
487 788 515 815 δὲ
536 788 618 816 αὐτοῦ
633 789 689 815 ’τοῦ
712 788 812 816 διδόναι
835 790 851 825 ἡ

60 833 112 861 τοῦ
133 833 316 870 λαμϐάνοντάς
335 834 409 860 ἐστιν
430 834 624 870 ἐπιτηδειότης.
650 835 730 863 Ὅσον
747 833 801 870 γὰρ
821 834 852 861 τὺ

909 237 967 264 disn
978 237 1034 264 Dei.
1052 246 1061 263 ι
1075 237 1140 265 Illuc
1155 243 1244 264 autem
1267 239 1494 274 transplantatnr,
1507 246 1535 268 ιιι
1553 242 1599 276 qui
1614 243 1685 276 digni

908 287 971 308 sunt
995 289 1056 309 csse
1079 289 1139 308 cum
1162 282 1283 314 Christo,
1301 284 1327 311 in
1352 291 1441 311 rerum
1458 287 1688 320 contemplatione

907 328 1057 354 secundum
1070 327 1232 362 sapientiam
1257 329 1304 356 Dei
1327 330 1501 364 proﬁcientes
1515 332 1549 358 ab
1567 332 1626 366 ipso
1642 340 1690 360 co-

908 372 1038 407 gnitiOuis
1064 372 1125 400 luce
1145 373 1328 402 illustrantur.
1346 374 1408 402 llaec
1426 381 1517 403 autem
1543 377 1584 404 sie
1607 385 1688 412 expo-

907 417 1022 452 suimus,
1038 418 1110 453 quod
1131 428 1140 445 ι
1158 419 1230 446 ferre
1246 419 1364 447 fructum
1385 430 1395 447 ι
1413 421 1522 456 proprie
1535 422 1568 449 de
1586 423 1685 454 arbori-

884 481 891 486 -
907 464 957 491 bus
974 465 1090 498 dicatur,
1112 474 1121 491 ι
1148 465 1213 492 dare
1229 475 1238 492 ›
1256 471 1345 494 autem
1372 468 1404 494 ad
1423 468 1548 497 animalia
1570 469 1689 499 rationa-

907 510 971 538 hilia
986 512 1071 546 magis
1091 512 1237 546 pertineat.
1253 511 1310 540 Jam
1328 520 1392 540 vero
1406 515 1582 548 quaerendum
1599 519 1642 546 est
1655 522 1690 545 an

906 555 979 591 ligno
990 557 1051 584 vita:
1061 562 1165 591 tempus
1178 558 1213 585 sit
1228 557 1330 585 ferendi
1349 558 1470 586 fructus:
1487 567 1548 592 nam
1565 567 1691 590 asserere

906 603 1068 637 sapientiam
1097 603 1241 639 aliquando
1267 603 1373 631 {ructus
1401 613 1454 632 non
1482 606 1595 639 habere,
1612 607 1690 636 nelas

906 654 956 676 est.
981 648 1072 682 Quare
1090 657 1143 678 non
1172 651 1275 678 dictum
1302 654 1355 683 est,
1381 652 1451 685 quod
1477 651 1594 680 fructum
1611 660 1689 681 suum

906 693 959 727 fert
975 695 1000 721 in
1018 699 1139 730 tempore
1153 703 1214 728 suo,
1229 697 1277 723 sed
1301 706 1310 722 ι
1328 698 1400 732 quod
1412 696 1531 727 fructum
1548 705 1628 727 suum
1640 699 1690 726 da-

905 739 945 767 bit
958 740 984 766 in
1008 745 1128 774 tempore
1144 748 1204 769 suo.
1228 750 1237 767 ι
1254 741 1373 777 Tempus
1396 748 1486 770 autem
1508 743 1601 776 dandi,
1618 745 1690 774 acci-

906 785 1006 820 pientis
1019 791 1060 813 est
1076 787 1207 821 aptitudo.
1228 787 1269 815 Ad
1291 788 1377 823 ipsum
1398 789 1469 816 enim
1488 790 1560 824 quod
1581 790 1688 822 attinet,

907 839 1013 865 semper
1028 831 1092 859 dare
1115 837 1240 867 paratum
1265 837 1317 861 est.
1345 833 1372 861 Si
1390 835 1462 862 enim
1489 835 1689 870 dispensatores

60 881 108 906 ἐπ’
120 880 203 916 αὐτῷ,
222 880 331 915 ἕτοιμόν
345 882 420 907 ἐστιν
435 881 479 907 ἀεὶ
499 880 598 907 διδόναι
618 881 664 907 τὸν
685 881 790 916 καρπὸν
805 881 852 907 αὺ-

906 876 1023 905 Verhum
1044 877 1101 904 vult
1122 885 1184 906 esse
1207 878 1299 906 lideles
1316 883 1343 906 et
1361 880 1517 914 prudentes,
1533 880 1569 907 ita
1589 885 1616 908 ut
1634 889 1687 908 non

59 926 123 952 τοῦ.
138 927 169 953 Et
184 927 239 962 γὰρ
252 927 315 958 τοὺς
338 927 497 962 οἰκονόμους
517 928 530 954 ὁ
548 927 634 962 Λόγος
648 927 718 954 θέλει
741 929 854 960 πιστοὺς

59 971 195 999 εἶναικαὶ
218 973 380 1007 φρονίμους,
403 973 467 1007 οὐχὶ
480 973 575 1005 ’ἁπλῶς
589 973 707 1005 διδόντας
727 973 758 1000 τὸ
781 982 853 1002 σιτο-

63 1019 177 1054 μέτριον
204 1021 260 1051 τοῖς
288 1019 449 1052 συνδούλοις,
476 1019 533 1046 ἀλλ’
555 1020 584 1046 ὲν
607 1019 695 1055 καιρῷ
717 1020 852 1052 διδόντας,

62 1064 141 1098 πόσῳ
168 1064 267 1100 μᾶλλον
293 1058 415 1101 η’σοφία
441 1065 545 1098 πιστῶς
564 1065 621 1101 ἅμα
639 1066 686 1092 καὶ
716 1062 853 1101 φρονίμως

59 1110 127 1141 τοὺς
144 1110 225 1142 ἰδίους
237 1111 408 1147 οἰκονομήσει
421 1110 559 1146 χαρπούς;
579 1112 607 1137 ⁷0
624 1111 704 1143 αὐτὸς
719 1112 747 1138 δὲ
760 1112 853 1147 καιρός

58 1158 124 1184 ἐστι.
143 1157 190 1184 τοῦ
207 1157 315 1190 διδόναι,
333 1157 426 1194 ὥσπερ
443 1158 489 1184 καὶ
502 1157 541 1193 τῷ
563 1157 727 1193 λαμϐάνοντι
744 1158 790 1184 τοῦ
811 1158 853 1185 λα-

61 1203 133 1229 ϐεῖν.
157 1203 189 1229 Τί
215 1203 244 1230 δὲ
261 1203 291 1230 τὸ
307 1204 404 1238 φύλλον
422 1204 471 1240 τῆς
493 1204 575 1240 ζωῆς,
593 1205 724 1232 τουτέστιν
736 1205 786 1239 τῆς
807 1214 853 1232 σο-

61 1249 139 1282 φίας,
159 1249 208 1275 οὐκ
231 1249 411 1286 ἀπορῤεὖσον,
432 1249 549 1277 κατιδεῖν
566 1249 656 1282 ἄξιονθ
675 1250 724 1276 οὐκ
743 1249 852 1276 ἄλλοθεν

59 1295 91 1322 δὲ
107 1295 201 1321 λαϐεῖν
218 1295 284 1322 αὐτὸ
304 1295 377 1322 ἔστιν
393 1295 410 1332 ἢ
432 1296 549 1331 μετρίως
572 1297 628 1328 τοῖς
648 1297 771 1331 φυσικοῖς
791 1297 849 1322 ἑπι-

59 1341 266 1377 διατρίψαντας.
289 1341 371 1376 Δῆλον
395 1342 435 1374 δὲ,
457 1342 497 1373 ὅτι
521 1342 564 1368 διὰ
589 1343 651 1374 τοὺς
673 1342 796 1378 καρποὺς
817 1342 851 1369 τὰ

60 1387 226 1422 καρποφόρα
245 1387 338 1423 δένδρα
360 1388 374 1414 ό
392 1388 562 1424 Δημιουργὸς
584 1388 710 1415 ἐκέλευσε
738 1388 852 1424 βλαστῆ-

62 1440 122 1465 σαι,
140 1433 174 1459 δι’
185 1432 231 1464 οὒς
246 1433 281 1460 τὰ
302 1434 416 1465 ἐκείνοις
435 1434 550 1470 χρειώδη
566 1434 625 1461 κατ’
637 1434 851 1470 ἐπακολούθησιν

60 1478 209 1514 πεποίηκε.
234 1479 320 1514 Χρεία
335 1479 364 1505 δὲ
387 1479 491 1514 σκέπης
510 1481 565 1511 τοῖς
585 1482 701 1516 καρποῖς
721 1480 771 1515 τῆς
797 1480 851 1507 ἀπὸ

56 1523 118 1551 τῶν
138 1523 243 1558 φύλλων
259 1524 381 1560 φυλακῆς
396 1525 498 1552 ἕνεκεν.
511 1525 603 1552 Ταῦτα
617 1523 662 1552 οὖν
676 1526 724 1552 καὶ
742 1526 788 1552 ἐπὶ
801 1526 849 1561 τῆς

58 1571 129 1606 περὶ
147 1569 201 1597 τῶν
219 1570 286 1597 ὅλων
311 1571 406 1605 σοφίας
424 1570 497 1598 ἐστιν
515 1571 590 1603 ἰδεῖν,
604 1571 632 1597 ἐν
683 1571 717 1598 τὰ
733 1572 820 1598 πάντα
834 1573 848 1598 ό

58 1616 118 1643 τῶν
134 1616 203 1643 ὅλων
216 1616 384 1653 Δημιουργὺς
402 1617 561 1652 πεποίηκεν.
576 1617 609 1642 Ἀ
623 1617 672 1651 μὲν
686 1617 739 1652 γὰρ
762 1626 848 1653 προη-

59 1661 203 1698 γουμένως
224 1662 339 1697 γίνεται,
358 1662 376 1689 δι
396 1662 425 1689 δὲ
443 1662 502 1689 κατ’
523 1662 737 1698 ἐπακολούθησιν
753 1662 796 1689 διὰ
813 1662 849 1689 τὰ

59 1707 265 1744 προηγούμενα.
290 1708 506 1743 Προηγουμένως
535 1708 583 1743 μὲν
603 1707 657 1743 γὰρ
683 1708 714 1734 τὸ
740 1707 848 1742 λογικὸν

59 1753 143 1785 ζῶον,
157 1752 200 1779 διὰ
214 1753 241 1780 δὲ
256 1753 304 1789 τὴν
319 1753 400 1780 αὐτοῦ
414 1753 507 1790 χρείαν
520 1754 605 1790 κτήνη
621 1754 668 1780 καὶ¹
682 1753 715 1782 τὰ
731 1753 784 1780 ἀπὸ
797 1753 848 1788 τῆς

57 1800 114 1834 γῆς
134 1799 268 1834 φυόμενα.
282 1800 395 1835 Μήποτε
414 1797 459 1826 οὖν
480 1801 504 1826 οί
528 1800 578 1835 μὲν
596 1800 669 1835 λόγοι
689 1800 742 1827 τῶν
764 1809 850 1838 προηέ

58 1844 204 1880 γουμένως
223 1845 371 1879 γεγονότων
384 1845 408 1872 οἱ
422 1845 522 1881 καρποί
536 1846 590 1872 εἰσι
604 1845 650 1872 τοῦ
670 1845 776 1881 δένδρου
799 1846 849 1881 τῆς

57 1890 151 1926 ζωῆς·
167 1890 221 1916 τῶν
240 1890 268 1917 δὲ
287 1890 331 1916 διὰ
351 1890 437 1918 ταῦτα
458 1891 621 1918 κτισθέντων
644 1891 678 1918 τὰ
694 1890 790 1926 φύλλα,
811 1888 848 1918 ὧν

56 1937 138 1964 οὐδὲν
157 1936 270 1972 μάταιόν
281 1937 365 1970 ἐστιν,
380 1937 440 1964 οὐδὲ
457 1937 654 1969 ὲξουθενεῖσθαι
668 1938 755 1974 πάντη
774 1937 848 1970 ἄξιον

56 1982 99 2014 ὡς
111 1981 229 2014 εὐτελὲς,
244 1982 287 2008 ἵνα
301 1981 363 2018 ἔλθῃ
377 1983 486 2009 πίπτειν
503 1983 550 2009 καὶ
568 1984 700 2019 ἀπορρεῖν
716 1984 753 2019 μὴ
771 1992 849 2020 φρου-

57 2028 203 2064 ρούμενον.
221 2029 275 2055 Καὶ
291 2028 331 2055 ἔτι
345 2029 443 2064 μᾶλλον
461 2029 490 2055 τὸ
508 2030 584 2065 ἑξῆς·
607 2039 615 2056 ι
629 2029 681 2057 Καὶ
697 2031 785 2057 πάντα
798 2031 848 2057 ὅσα

57 2075 94 2102 ἂν
123 2075 187 2110 ποιῇ
218 2075 499 2111 κατευοδωθήσεται.»
527 2076 604 2103 Ἔστι
633 2076 687 2112 γὰρ
719 2076 759 2108 είς
787 2085 849 2103 τινα

55 2122 198 2155 ἀναγκαῖα
212 2121 436 2158 καταχρήσασθαι
452 2120 500 2149 καὶ
515 2123 582 2149 πᾶσι
604 2123 660 2154 τοῖς
677 2123 709 2149 ἐκ
722 2121 769 2149 τοῦ
784 2123 849 2149 ἀκο-

55 2165 230 2202 λουθήματος
240 2166 405 2202 γενομένοις.
419 2166 532 2202 Καρπὺς
551 2166 579 2193 δὲ
601 2167 647 2193 τοῦ
671 2166 789 2203 Χριστοῦ
805 2165 847 2202 εῐη

56 2212 94 2239 ἂν
109 2212 323 2249 προηγουμένως
337 2213 354 2248 ή
370 2212 539 2245 διδασκαλία,
561 2213 578 2248 ἡ
601 2212 655 2239 τῶν
678 2212 848 2248 τιμιωτέρων

55 2256 160 2294 τροφὴ,
178 2257 275 2292 φύλλον
289 2257 317 2284 δὲ
337 2259 354 2294 ἡ
369 2257 422 2285 τῶν
442 2258 618 2294 ἀλογωτέρων
633 2259 737 2294 τροφή·
756 2257 850 2295 ὥσπερ

57 2304 120 2335 τοῖς
148 2305 264 2340 καρποῖς
287 2303 407 2340 χρῶνται
429 2304 453 2331 οἱ
471 2304 619 2340 ἄνθρωποι,
638 2303 748 2338 φύλλοις
764 2304 793 2331 δὲ
815 2305 850 2331 τὰ

59 2350 236 2386 βοσκήματα.
263 2350 380 2377 Δυνατδν
395 2350 424 2376 δὲ
446 2351 494 2378 καὶ
517 2351 565 2386 τῆς
592 2351 702 2385 Γραφῆς
727 2351 850 2386 καρπούς

57 2405 140 2428 τινας
162 2396 262 2430 λέγειν,
287 2396 333 2428 οὓς
363 2396 578 2432 ὲκλαμϐάνουσιν
604 2397 629 2423 οἱ
653 2395 828 2432 λογικώτεροι
843 2403 850 2409 ·

59 2441 151 2477 φύλλα
167 2441 196 2468 δὲ
215 2439 254 2473 οἷς
273 2441 419 2477 τρέφονται
433 2442 457 2468 οἱ
473 2441 660 2476 ἁπλούστεροι.
680 2440 733 2466 Τοῦ
746 2440 774 2466 δὲ
796 2449 849 2476 μα-

60 2486 244 2523 καριζομένου
270 2488 317 2514 καὶ
345 2486 521 2522 ὡμοιωμένου
542 2486 582 2522 τῷ
609 2486 680 2521 ξύλῳ
704 2486 752 2521 τῆς
777 2486 849 2521 ζωῆς

60 2532 170 2569 καρπὸς
186 2532 234 2568 μὲν
255 2532 359 2567 λέγοιτο
373 2532 406 2558 τὰ
428 2532 621 2568 προηγούμενα
640 2531 718 2568 ἔργα,
733 2528 788 2558 οἷον
809 2531 850 2557 εὑ-

62 2577 152 2612 ποιία,
167 2579 214 2604 καὶ
230 2579 293 2614 περὶ
319 2578 368 2613 τὴν
390 2577 485 2612 σοφίαν
504 2577 635 2613 ἀσχολία·
659 2576 745 2612 φύλλα
768 2576 797 2602 δὲ
816 2576 850 2603 τὰ

62 2624 181 2659 βιωτικὰ
201 2624 283 2651 αὑτοῦ
305 2625 454 2660 κινήματα,
478 2623 537 2650 οὐδὲ
563 2623 650 2650 ταῦτα
673 2622 737 2655 ἄξια
765 2631 849 2649 κατα-

904 923 1068 957 simpliciter
1088 924 1227 952 conservis
1250 924 1314 952 deut
1335 924 1415 960 532
1442 925 1619 960 demensum,
1639 926 1688 954 sed

905 969 968 996 dent
988 970 1015 996 in
1032 975 1162 1005 tempore,
1179 975 1281 1005 quanto
1305 973 1392 1007 magis
1408 972 1524 1002 ﬁdeliter
1548 972 1630 1000 simul
1656 981 1689 1001 ac

904 1016 1056 1049 prudenter
1075 1016 1199 1051 proprios
1218 1017 1349 1052 sapientia
1370 1018 1538 1052 dispensabit
1562 1018 1690 1047 fructus?

904 1060 975 1088 Idem
991 1067 1031 1088 est
1047 1061 1084 1089 illi
1100 1066 1205 1096 tempus
1221 1062 1312 1095 dandi,
1327 1063 1398 1098 quod
1415 1063 1439 1093 ei
1457 1064 1502 1098 qui
1518 1064 1628 1099 accipit,
1644 1071 1687 1091 ac-

904 1107 1031 1141 cipiendi.
1051 1107 1120 1140 Quid
1134 1108 1166 1134 sit
1187 1112 1277 1136 autem
1302 1108 1395 1138 folium
1412 1110 1477 1144 ligni
1492 1110 1565 1141 vitae,
1593 1110 1620 1137 id
1646 1115 1688 1137 est

904 1153 1053 1187 sapientiae,
1069 1153 1141 1187 quod
1155 1160 1208 1181 non
1223 1153 1326 1187 deﬂuit,
1341 1154 1562 1184 consideratione
1574 1155 1686 1191 dignum

905 1203 955 1228 cst.
977 1198 1023 1225 scd
1046 1198 1153 1225 aliunde
1175 1198 1240 1226 illud
1254 1207 1307 1227 non
1331 1200 1393 1227 licet
1406 1200 1529 1235 accipere
1543 1208 1623 1235 quam
1651 1208 1685 1229 ex

904 1244 993 1278 aliqua
1013 1251 1102 1273 rerum
1118 1245 1290 1280 physicarum
1304 1245 1409 1280 peritia.
1429 1246 1541 1275 Constat
1555 1246 1686 1281 Opiﬁcem

903 1290 937 1317 ob
950 1290 1055 1317 fructus
1070 1291 1234 1325 prmccpisse
1251 1296 1280 1321 ut
1300 1291 1414 1320 arbores
1428 1292 1573 1323 fructuosa:
1588 1293 1687 1328 produ-

903 1340 996 1367 ccrcnt
1011 1335 1118 1363 fructus
1137 1343 1252 1370 quorum
1269 1344 1348 1365 causa
1364 1345 1424 1371 qua:
1438 1338 1491 1365 illis
1510 1338 1584 1366 utilia
1596 1344 1687 1372 erant,

903 1387 1104 1417 consequenter
1122 1381 1197 1409 fecit.
1214 1382 1330 1411 Fructus
1351 1388 1379 1412 ut
1393 1389 1599 1416 coiiservcntur,
1618 1384 1688 1412 indi—

903 1434 965 1463 gent
981 1428 1052 1457 foliis
1065 1429 1165 1463 quibus
1185 1432 1318 1463 tegantur.
1338 1429 1400 1457 [huc
1416 1430 1442 1456 in
1458 1438 1488 1458 ea
1507 1438 1566 1464 qna:
1582 1431 1687 1458 univer-

903 1475 941 1502 sis
956 1475 1091 1509 prmsidet,
1108 1474 1241 1509 sapientia
1257 1475 1350 1503 videre
1373 1479 1426 1506 est.
1444 1476 1470 1503 in
1493 1484 1544 1511 qua
1564 1477 1686 1504 omnium

905 1520 1000 1556 Opifex
1017 1526 1113 1548 cuncta
1130 1521 1204 1548 fecit.
1222 1521 1281 1549 Alia
1304 1521 1375 1549 enim
1391 1523 1526 1558 praecipue
1542 1523 1618 1556 ﬁunt.
1634 1524 1686 1551 alia

904 1568 1052 1595 secundum
1068 1568 1291 1602 consequentiam
1317 1568 1352 1596 ob
1377 1569 1523 1603 praecipua.
1546 1568 1688 1604 Praecipue

903 1613 1001 1640 animal
1028 1613 1169 1647 rationale,
1189 1615 1223 1641 ob
1250 1615 1422 1641 commodum
1446 1620 1537 1644 autem
1566 1615 1624 1649 ejus
1640 1616 1688 1644 be-

903 1659 961 1686 stia:
980 1665 1006 1692 ct
1023 1659 1126 1687 fructus
1142 1664 1230 1688 teme.
1243 1659 1324 1688 Forte
1337 1667 1402 1696 ergo
1416 1661 1523 1688 illorum
1544 1669 1601 1696 qua:
1621 1669 1687 1696 pra:-

903 1706 982 1739 cipuc
1002 1706 1071 1733 facta
1088 1710 1163 1740 sunt,
1179 1708 1308 1739 rationes,
1321 1707 1427 1735 fructus
1444 1713 1508 1735 sunt
1522 1708 1587 1744 ligni
1602 1709 1684 1742 vitaz;

903 1758 997 1778 eorum
1018 1759 1082 1779 vero
1108 1760 1166 1787 qua:
1186 1754 1220 1780 ob
1238 1754 1280 1780 illa
1298 1753 1367 1780 facta
1381 1759 1457 1786 sunt,
1474 1755 1605 1787 rationes,
1624 1754 1686 1782 folia

903 1801 977 1828 sunt,
1000 1804 1116 1830 quorum
1135 1798 1236 1827 nullum
1261 1799 1365 1829 inutile.
1387 1799 1491 1826 nullum
1508 1804 1686 1826 uontcmnen-

904 1842 966 1869 dum
980 1848 1109 1876 tanquam
1126 1843 1187 1875 vile,
1207 1849 1236 1870 ut
1253 1851 1308 1878 pra:
1321 1844 1425 1871 incuria
1440 1844 1519 1871 cadat
1533 1849 1562 1875 et
1576 1844 1684 1871 deﬂuat.

903 1888 932 1915 Id
949 1888 1038 1915 adhuc
1050 1888 1155 1923 potiore
1169 1888 1231 1924 jure
1256 1889 1309 1916 dici
1337 1893 1424 1924 potest
1444 1890 1476 1917 de
1491 1889 1535 1917 his
1554 1897 1613 1923 qum
1640 1897 1685 1917 sc-

903 1939 1044 1969 1nunlur:
1062 1943 1071 1960 ι
1089 1939 1116 1962 et
1133 1935 1224 1962 omnia
1242 1942 1410 1970 quaecunque
1426 1934 1516 1969 faciet,
1539 1942 1686 1970 prospera-

903 1982 1014 2007 bnntur.
1042 1990 1052 2008 ι
1078 1980 1156 2011 Licet
1178 1982 1250 2008 enim
1269 1981 1302 2008 ad
1322 1981 1446 2015 quaedam
1471 1981 1626 2008 necessaria
1648 1982 1685 2008 uti

903 2026 983 2053 etiam
1002 2027 1130 2057 omnibus
1144 2034 1206 2062 qua:
1217 2034 1251 2054 ex
1267 2026 1460 2061 consequentia
1476 2026 1553 2059 ﬁunt,
1572 2026 1686 2058 Fructus

902 2071 1004 2099 Christi
1021 2072 1075 2099 erit
1100 2073 1236 2107 prtecipue
1251 2073 1386 2105 doctrina,
1405 2080 1466 2107 qua:
1483 2072 1628 2099 fortiorum
1645 2072 1685 2099 ci-

903 2120 954 2146 bus
968 2124 1027 2152 est;
1049 2119 1113 2146 folia
1136 2127 1203 2147 vero
1220 2119 1461 2147 irrationabiliumi
1476 2126 1549 2146 esca.
1573 2118 1608 2146 Ut
1630 2117 1687 2146 fru-

903 2165 994 2192 ctibus
1007 2169 1121 2192 utuntur
1138 2165 1274 2198 homines,
1292 2165 1332 2193 sic
1347 2165 1418 2192 l'oliis
1441 2166 1530 2192 hruta.
1547 2164 1685 2197 Quosdam

902 2211 985 2238 etiam
999 2211 1148 2246 Scriptura:
1161 2211 1265 2239 fructus
1281 2212 1373 2238 dicere
1393 2215 1444 2242 est.
1460 2218 1528 2245 quos
1545 2210 1686 2245 accipiunt

902 2257 1139 2290 rationabiliores;
1157 2256 1222 2284 folia
1237 2264 1311 2289 vero,
1330 2257 1427 2292 quibus
1441 2256 1599 2284 nutriuntur
1621 2256 1686 2284 sim-

902 2301 1037 2337 pliciores.
1054 2302 1128 2329 Illius
1144 2302 1190 2337 qui
1211 2303 1308 2330 beatus
1328 2303 1493 2337 praedicatur
1513 2307 1541 2329 et
1562 2302 1633 2336 ligno
1646 2302 1687 2329 vi—

903 2353 936 2376 ta:
957 2354 1133 2383 comparatur
1154 2349 1259 2376 fructus
1273 2348 1326 2376 dici
1347 2353 1461 2383 possunt
1476 2347 1609 2382 praecipua
1627 2347 1686 2381 ejus

901 2400 993 2427 opera,
1010 2393 1148 2425 nimirum,
1177 2393 1309 2428 quidquid
1332 2393 1394 2421 boni
1408 2393 1515 2428 agit,et
1541 2399 1618 2422 amor
1642 2399 1686 2419 sa-

903 2439 1029 2474 pienti-.0:
1046 2439 1108 2467 folia
1126 2447 1201 2472 vero,
1227 2439 1314 2466 studia
1329 2447 1389 2474 quae
1406 2440 1440 2466 ad
1453 2440 1516 2466 vita:
1531 2446 1607 2466 usum
1620 2438 1685 2465 atti-

903 2491 977 2518 nent,
1002 2494 1060 2520 quw
1073 2494 1139 2513 sane
1165 2495 1214 2514 nec
1234 2491 1262 2513 ut
1275 2490 1483 2513 contemnantur
1500 2492 1548 2512 nec
1563 2489 1592 2510 ut
1614 2484 1685 2512 deci-

903 2532 978 2564 dant,
995 2533 1074 2567 digna
1092 2538 1166 2567 sunt,
1186 2534 1266 2560 modo
1285 2533 1392 2559 interim
1406 2535 1533 2558 accurate
1547 2535 1629 2564 atque
1652 2530 1685 2558 ad

904 2578 950 2605 Dei
970 2578 1083 2613 gloriam
1103 2580 1192 2608 omnia
1220 2580 1312 2606 iaciat.
1334 2578 1379 2606 Sic
1399 2577 1472 2605 enim
1499 2577 1589 2604 mnnia
1611 2585 1686 2611 qure-

903 2630 1008 2657 cunqne
1026 2624 1119 2659 faciet,
1135 2625 1378 2660 prosperabnntur.

63 2670 238 2706 φρονεῖσθαι,
260 2670 320 2696 οὐδὲ
339 2670 468 2705 ἀπορρεῖν
489 2669 528 2705 τῷ
554 2669 623 2705 μετὰ
651 2669 789 2705 προσοχῆς
811 2669 858 2696 καὶ
875 2669 915 2701 είς
930 2669 1008 2702 δόξαν
1024 2671 1091 2698 Θεοῦ
1120 2673 1208 2700 πάντα
1229 2673 1323 2698 ποιεῖν.
1347 2670 1425 2698 Οὕτω
1444 2668 1499 2706 γὰρ
1520 2669 1574 2696 πᾶν
1597 2667 1685 2696 ὁτιοῦν

60 2718 118 2745 τῶν
133 2717 325 2752 πραττομένων
339 2717 384 2742 ὑπ’
395 2716 476 2743 αὑτοῦ
489 2714 689 2743 κατευοδοῦται.

100 2764 164 2797 οὐχ
182 2762 274 2794 οὕτως
289 2763 315 2789 οἱ
332 2761 465 2795 ἀσεϐεῖς·
489 2761 558 2794 ἀλλ’
572 2761 592 2792 ἢ
609 2761 650 2794 ὡς
667 2763 683 2788 ό
701 2761 794 2796 χνοῦς
815 2761 852 2788 ὃν

101 2842 112 2858 ⁵
124 2841 192 2869 Luc.
210 2849 286 2874 um,
301 2841 345 2867 45.

945 2761 1026 2788 Vsus.
1038 2760 1065 2787 4.
1082 2758 1144 2788 Νοη
1156 2759 1193 2786 sic
1213 2759 1296 2794 impii,
1309 2759 1353 2787 sed
1370 2764 1494 2794 tanquam
1507 2757 1590 2793 pulvis
1610 2764 1684 2792 quem
