1882 3053
67 107 125 138 ίθῦΊ
550 108 704 139 SELECTA
721 108 754 139 lN
773 110 943 140 ESAIMOS.
964 127 998 133 —
1017 111 1115 140 PSAL
1133 111 1152 141 l.
1616 117 1684 144 1008

66 158 106 190 Τίς
121 157 148 184 δὲ
164 157 250 189 οὕτως
267 157 380 192 ἠλίθιος,
401 157 438 190 ὡς
453 158 665 194 ὑπολαμϐάνειν,
685 160 736 192 ὅτι,
753 168 809 196 τηρε

938 168 979 188 um
1012 161 1125 188 collecta
1168 159 1263 187 volunt
1302 161 1477 195 resurgere?
1508 161 1589 196 Atqui
1624 165 1681 191 limi

63 205 92 232 τὰ
117 203 230 240 σώματα
253 203 308 230 τῶν
324 204 493 240 ἁμαρτωλῶν
510 206 525 231 ὁ
544 205 624 238 Θεὸς,
647 206 710 238 τοὺς
734 204 806 233 ὸδόντ

942 207 969 233 id
997 214 1050 233 non
1083 211 1185 241 potest.
1210 206 1300 239 Quare
1324 207 1399 233 arida
1427 206 1486 233 ideo
1510 215 1558 234 sua
1591 209 1684 236 dicunt

63 249 142 278 αὐτῶν
169 249 305 285 συντρίϐει
324 249 420 284 μόνον;
440 250 545 286 Ὥσπερ
562 248 608 278 οὖν
631 251 658 277 εἴ
678 260 737 283 τις,
760 251 805 278 θέλ

937 262 968 286 ιιι,
992 253 1064 287 quod
1096 253 1122 280 in
1151 253 1356 288 captivitatibus
1387 254 1432 280 diu
1460 255 1544 282 habili
1572 255 1680 282 vitalem

61 295 139 323 ταῦτα
153 292 239 327 οὕτως
263 295 347 331 ἔχειν,
361 295 519 331 Θλιϐὀμενος
542 297 647 324 εἵλκετο
671 297 713 324 ἐπ’
730 297 804 333 ἀλλη·

944 306 1004 326 nem
1031 299 1170 326 humorem
1197 299 1349 326 amiserint.
1371 299 1449 327 Unde
1472 305 1500 327 ct
1522 300 1588 328 illud
1615 301 1683 329 infc-

64 342 124 377 ρίαν,
136 341 223 373 οὕτως
239 341 370 376 ζητητέον
383 341 436 368 τῶν
453 342 643 379 κολαζομένων
659 343 705 370 τὸν
722 344 807 379 βρυγμ

940 348 958 371 ιι
972 353 980 372 :
1001 354 1010 371 ι
1025 345 1111 373 Periit
1122 352 1184 379 spes
1196 349 1289 372 nostra
1305 353 1312 371 :
1330 345 1443 373 abscissi
1458 353 1565 375 sumus.
1581 356 1591 373 ι
1608 347 1683 381 Quo-

61 388 109 415 τῶν
127 387 250 420 ὀδόντων,
271 388 322 423 τῆς
348 388 438 424 ψυχῆς
454 388 568 425 δύναμιν
594 390 749 426 μασητικὴν
765 391 804 426 ἐχ(

940 398 969 417 ea
989 391 1201 418 resurrectionis
1215 390 1258 418 illa
1275 390 1375 425 populo
1395 390 1464 418 facta
1479 393 1626 426 promissio
1649 393 1683 421 ab

62 442 114 468 σης,
129 433 190 468 ἥτις
205 434 234 460 ὲν
249 432 338 469 καιρῷ
358 433 405 460 τοῦ
429 433 542 469 ἐλέγχου
560 435 624 471 περὶ
640 435 695 462 τῶν
719 436 805 473 ἁμαρ-ι

939 448 940 461 ι
955 436 1046 468 ruina,
1064 444 1096 463 ac
1115 436 1189 464 velut
1212 437 1382 469 euecatioue,
1400 445 1452 472 qua
1470 437 1544 465 velut
1556 439 1682 466 exstincti

62 481 157 516 μάτων,
183 479 253 506 κατὰ
279 479 326 506 τὸν
351 480 541 516 συγκρουσμὸν
575 480 629 507 τῶν
658 481 783 513 ὀδόντων,

937 485 970 514 ιι,
985 481 1048 509 dum
1063 487 1174 517 propter
1193 481 1298 509 scelera
1322 481 1348 509 in
1375 481 1493 509 hostium
1517 488 1680 517 potestatem

60 525 194 562 ἐφρόνησε,
219 525 312 561 βρύξει
333 525 397 558 τοὺς
419 526 538 558 ὀδόντας.
565 526 601 553 To
617 526 656 559 δὲ,
679 537 689 553 ι
704 527 803 564 Φοϐήθι

940 526 987 554 diti
997 531 1070 559 sunt.
1080 528 1203 563 quaedam
1215 532 1257 555 est
1267 527 1396 555 exeitatio
1416 527 1516 555 futura.
1525 528 1681 562 Quinetiam

61 573 101 599 τὸν
113 571 260 607 δυνάμενον
275 571 321 598 καὶ
337 571 426 607 ψυχὴν
441 572 488 599 καὶ
509 573 540 599 τὸ
566 573 647 609 σῶμα
668 573 801 600 ἀπολέσαι

940 578 1053 601 :catores
1064 582 1078 601 a
1090 573 1233 602 Salvatore
1245 573 1327 610 536
1337 574 1459 608 sepulcra
1477 582 1537 602 esse
1554 576 1683 603 dicuntur

59 618 157 654 γεέννῃ,
170 628 180 643 ι
197 618 267 653 τάχα
282 618 331 653 μὲν
348 617 478 650 διδάσκει,
500 618 541 645 ὅτι
557 618 733 656 ἀσώματοςή
756 619 802 655 ψυ)

939 620 1013 653 ibus,
1041 626 1122 656 atque
1144 621 1217 648 omni
1242 621 1413 648 immunditia
1431 621 1520 655 piem.
1547 623 1598 649 Sed
1616 623 1682 651 illud

60 664 123 699 τάχα
136 664 165 691 δὲ
182 664 258 700 δηλοῖ
282 664 330 691 καὶ
346 665 387 691 ὅτι
409 665 494 700 χωρὶς
511 664 637 700 σώματος
663 666 693 692 οὒ
711 666 803 692 κολασ(

943 667 993 693 ina:
1008 666 1142 701 majestati
1164 667 1303 699 convenit,
1321 671 1351 694 ut
1365 667 1536 703 singulorum
1557 669 1683 704 sepulcra

59 718 145 737 σεται·
161 710 225 745 περὶ
242 705 273 736 οὗ
295 710 519 745 φυσιολογοῦντες
540 710 574 738 τὰ
599 711 664 746 περὶ
689 710 736 738 τοῦ
759 710 802 739 εῐδι

942 712 1052 744 el'aciat,
1079 717 1107 740 et
1132 720 1182 740 nos
1210 713 1244 740 ad
1268 713 1351 740 vitam
1375 714 1543 742 instauratoa
1562 722 1685 742 emonu-

60 756 103 783 καὶ
123 755 169 782 τοῦ
195 755 303 792 πρώτου
329 755 511 792 ὑποκειμένου
546 756 706 792 εἰρήκαμεν.
733 757 788 784 Καὶ

942 758 995 785 ntis
1021 759 1129 791 educat,
1154 759 1265 793 perinde
1279 766 1310 786 ac
1322 759 1455 786 Lazarum
1473 759 1545 787 foras
1558 760 1684 788 Salvator

59 802 128 838 παρὰ
149 801 189 837 τῷ
208 802 362 838 Ἀποστὸλῳ
376 802 414 835 δὲ,
434 812 443 827 ι
459 803 628 838 Ζωοποιήσει
644 803 692 830 καὶ
706 803 739 830 τὰ
759 803 802 830 θντ

939 805 1027 832 .raxil.
1045 804 1105 831 1am
1116 812 1181 832 vero
1196 805 1267 840 quod
1288 805 1360 833 hunc
1379 807 1467 834 locum
1487 807 1622 842 objiciunt
1638 807 1682 834 ":

58 848 130 883 ἡμῶν
150 847 275 883 σώματα,
286 857 295 873 ι
316 847 414 883 θνητοῦ
435 847 514 880 ὄντος
528 847 576 874 τοῦ
591 847 727 882 σώματος,
742 849 789 874 καὶ

941 850 966 877 hi
982 850 1035 877 erit
1048 850 1128 878 ﬂetus
1140 855 1171 878 et
1185 851 1288 878 stridor
1306 851 1442 883 dentium,
1462 862 1471 878 ι
1499 853 1539 880 sic
1554 853 1683 881 adversus

59 894 214 930 μετέχοντος
234 894 283 929 τῆς
309 894 440 930 ἀληθινῆς
464 893 552 929 ζωῆς,
579 893 689 921 δύναται
716 903 801 930 παρισ

939 903 955 921 ιιι
968 896 1162 930 disputandum
1178 900 1235 922 est:
1245 894 1315 923 Cum
1335 895 1361 922 iu
1382 896 1433 923 hac
1453 896 1506 922 vita
1532 897 1682 923 membrum

57 949 118 972 νειν,
139 941 206 968 ὅπου
227 941 258 967 τὸ
279 940 435 976 σωματικὸν
456 938 536 972 εἶδος,
554 941 619 976 περὶ
643 938 674 968 οῦ
692 941 800 977 εἰρήκαι

943 948 977 968 ne
999 941 1032 967 ad
1050 948 1128 967 usum
1157 940 1276 975 aliquem
1300 948 1314 967 a
1338 948 1445 968 summo
1469 941 1513 968 illo
1532 941 1630 976 opiﬁce
1649 942 1684 969 sit

56 989 86 1023 τῇ
103 988 182 1023 φύσει
212 987 309 1023 θνητὸν
334 987 374 1020 ὃν,
392 996 402 1012 ι
426 988 491 1014 ὅταν
516 986 633 1022 Χριστὸς
659 987 799 1023 φανερωθῇ

941 986 1046 1019 iditum,
1074 991 1130 1013 tum
1158 993 1224 1015 vero
1249 987 1346 1014 dentes
1370 987 1456 1014 solido
1486 988 1547 1015 cibo
1571 988 1684 1016 commi-

57 1032 110 1069 ζωὴ
139 1033 229 1070 ἡμῶν,
242 1042 251 1059 ι
276 1033 323 1060 καὶ
343 1032 410 1059 αὐτὸ
437 1032 599 1068 μεταϐάλλει
627 1032 683 1060 an?)
704 1032 752 1060 τοῦ
774 1031 798 1059 εἶ

941 1032 1003 1059 mdo
1029 1037 1094 1060 sunt
1120 1032 1194 1060 lacti.
1217 1033 1288 1066 Quid
1311 1033 1395 1067 igitur
1408 1033 1536 1061 dentibus
1546 1041 1615 1069 opus
1631 1034 1684 1061 illis

56 1080 132 1116 σῶμα
151 1080 269 1107 Θανάτου
293 1076 470 1115 ξώοποιηθὲν,
491 1079 535 1106 διὰ
550 1077 582 1106 τὸ
598 1079 712 1115 Πνεῦμα
729 1079 760 1106 τὸ
777 1079 799 1111 ζι

939 1100 946 1109 ,
957 1079 1002 1114 qui
1013 1078 1082 1113 apud
1093 1078 1194 1106 inferos
1206 1080 1381 1107 cruciantur?
1396 1079 1466 1114 Non,
1476 1080 1560 1112 enim,
1573 1081 1681 1116 opinor.

57 1127 144 1154 ποιοῦν
160 1126 255 1154 heroi}
276 1126 434 1162 πνεύματος
447 1125 600 1160 γεγονέναι.
613 1125 669 1152 Καὶ
682 1125 724 1157 τὸ,
744 1134 753 1150 ι
773 1125 799 1151 Ἐ

940 1126 1043 1160 ιάιιιιιιιιι
1059 1125 1114 1152 illic
1132 1125 1345 1154 manducaturos
1356 1133 1415 1154 esse
1428 1127 1557 1154 dixerim.
1572 1127 1612 1154 Ad
1626 1127 1683 1154 ha-e

53 1172 89 1205 δὲ,
108 1171 170 1204 Πῶς
193 1172 345 1209 ἐγείρονται
366 1172 392 1198 οί
412 1171 521 1207 νεκροὶ,
537 1171 606 1206 ποίῳ
627 1170 656 1197 δὲ
673 1170 780 1206 σώματι

937 1170 1009 1198 :endi
1023 1175 1096 1204 sunt,
1113 1177 1166 1197 non
1184 1170 1276 1197 omnia
1297 1171 1410 1206 perinde
1427 1171 1584 1206 accipienda
1609 1179 1680 1204 esse,

55 1227 160 1254 χονται;
175 1229 185 1245 ι
205 1218 316 1254 γυμνῶς
337 1218 513 1254 παρίστησιν,
530 1217 571 1244 ὅτι
591 1217 622 1244 τδ
644 1217 752 1252 πρῶτον
776 1217 798 1243 vir.

947 1216 1049 1251 scripta
1071 1220 1145 1244 sunt.
1172 1216 1262 1249 Quare
1284 1216 1338 1244 alio
1363 1217 1421 1245 loco
1435 1217 1565 1252 scriptum
1579 1223 1619 1245 est
1636 1217 1681 1245 ”:

54 1264 174 1300 κείμενον
198 1264 248 1291 οὐκ
269 1264 462 1300 ἀναστήσεται,
481 1264 512 1290 Ei
528 1263 584 1299 γὰρ
601 1263 691 1295 καλῶς
707 1262 797 1298 meo;

939 1264 1026 1290 lentes
1045 1267 1218 1296 peccatorum
1233 1263 1397 1290 contrivisti.
1417 1272 1426 1289 ι
1446 1263 1511 1290 Item
1530 1263 1570 1291 "z
1595 1273 1605 1289 ι
1624 1263 1682 1291 Μο-

53 1310 81 1337 τὺ
105 1310 292 1346 παράδειγμα,
320 1309 427 1345 ῥητέον,
459 1309 500 1336 ὅτι
523 1310 537 1335 ὁ
557 1308 744 1345 σπερματικὸς
765 1308 795 1335 λό

953 1307 1061 1335 leonum
1073 1307 1205 1342 confregit
1218 1307 1358 1335 Dominus.
1370 1317 1379 1333 ι
1390 1307 1456 1335 Nam
1471 1308 1533 1343 quis
1548 1309 1617 1336 adeo
1628 1314 1685 1337 sto-

53 1357 79 1382 ὲν
94 1355 130 1391 τῷ
151 1356 246 1391 κόκκῳ
268 1355 316 1382 τοῦ
340 1355 415 1382 σίτου
441 1354 609 1391 δραξάμενος
634 1355 685 1390 τῆς
709 1363 796 1391 παρα)

939 1361 970 1381 us
986 1357 1043 1386 est,
1059 1358 1089 1380 ut
1107 1353 1159 1381 sibi
1177 1353 1340 1388 persuadeat
1354 1352 1439 1381 Deum
1454 1354 1601 1382 reservatis
1617 1362 1682 1390 pec-

52 1402 133 1438 μένης
154 1401 235 1438 ὕλης,
253 1402 301 1429 καὶ
315 1401 348 1428 δι’
364 1401 428 1437 ὅλης
449 1401 534 1436 αὐτῆς
556 1401 696 1436 χωρήσας,
712 1400 795 1436 περιδι

944 1406 1021 1426 orum
1052 1397 1214 1434 corporibus
1235 1397 1308 1425 solos
1336 1398 1432 1426 dentes
1454 1399 1624 1426 conterere?
1649 1398 1685 1427 Ut

50 1448 165 1484 ξάμενος
195 1449 281 1484 αὐτῆς
305 1448 353 1477 τοῦ
384 1447 466 1474 αὑτοῦ
492 1447 589 1478 εἴδους,
614 1443 652 1473 ὧν
677 1446 734 1482 ἔχει
761 1446 792 1473 δυ

940 1451 978 1472 Lur
994 1444 1040 1480 qui
1062 1445 1119 1472 hazc
1138 1444 1174 1471 ita
1201 1451 1232 1472 se
1261 1444 1364 1472 habere
1387 1445 1463 1477 velit,
1491 1445 1518 1472 in
1542 1447 1683 1480 angustias

53 1501 122 1526 μεων
141 1493 283 1528 ἐπιτίθησι
297 1494 331 1528 τῇ
351 1500 416 1519 ποτε
434 1493 486 1527 γῇ,
511 1491 558 1518 καὶ
575 1490 670 1523 ὕδατι,
693 1491 741 1518 καὶ
763 1491 795 1517 ἅέ

939 1491 1036 1526 tjectus
1051 1491 1084 1518 ad
1107 1490 1282 1524 allegoricqu
1300 1498 1411 1519 sensum
1433 1491 1477 1519 vel
1502 1491 1603 1519 invitus
1625 1497 1682 1518 [ιιι--

50 1539 95 1565 καὶ
119 1539 204 1574 πυρὶ,
229 1539 345 1574 νικήσας
365 1537 416 1569 τὰς
437 1537 550 1564 ἐκείνων
572 1537 727 1572 ποιότητας,
758 1545 793 1572 με

939 1546 970 1565 ur
985 1547 991 1565 :
1011 1538 1050 1566 sic
1065 1538 1097 1566 de
1112 1539 1230 1567 stridore
1244 1538 1378 1571 dentium.
1391 1539 1417 1566 in
1429 1538 1472 1566 his
1483 1538 1530 1573 qui
1542 1538 1682 1573 suppliciis

47 1583 138 1611 ϐάλλει
155 1585 204 1611 ἐπὶ
216 1584 318 1619 ταύτην
340 1581 376 1619 ἧς
389 1584 462 1610 ἐστιν
484 1583 566 1614 αὐτὸς
588 1582 770 1618 δημιουργός·

941 1585 1070 1617 ciuntur,
1100 1585 1240 1620 inquirere
1274 1585 1346 1612 idem
1380 1589 1488 1620 oportet
1513 1594 1520 1612 :
1550 1590 1683 1621 quatenus

48 1629 132 1662 οὕτως
151 1629 363 1666 συμπληροῦται
382 1629 397 1655 ὁ
418 1629 519 1664 στάχυς
542 1629 582 1660 είς
604 1629 758 1664 ὑπερϐολὴν
784 1629 791 1656 ἰ

944 1638 986 1658 ma
1016 1631 1222 1658 commandendi
1251 1631 1406 1659 nonnullam
1437 1632 1490 1659 vim
1518 1631 1609 1662 habet,
1631 1638 1683 1664 qua

48 1676 136 1711 φέρων
151 1676 202 1703 τοῦ
222 1675 253 1708 ἐξ
268 1675 357 1712 ἀρχῆς
375 1675 485 1708 κόκκου,
509 1675 620 1711 μεγέθει
644 1675 689 1702 καὶ
706 1676 791 1712 σχήμσ

942 1678 992 1704 imo
1030 1678 1076 1705 illo
1108 1679 1203 1713 judicii
1233 1683 1364 1713 tempore,
1396 1686 1458 1706 cum
1497 1678 1530 1706 de
1563 1679 1685 1713 peccatis

49 1723 92 1749 καὶ
111 1723 251 1759 ποικιλίᾳ.

940 1722 1010 1750 ustio
1027 1723 1182 1755 habebitur,
1200 1725 1311 1758 perinde
1335 1729 1364 1751 ut
1391 1724 1482 1751 collidi
1516 1724 1613 1751 dentes
1636 1731 1683 1750 so-

47 1768 112 1802 lent,
133 1771 170 1796 ita
197 1773 256 1796 tum
288 1768 413 1796 dentibus
437 1766 639 1802 quodammodo
669 1767 806 1795 stridebit.
829 1767 896 1795 lllud
922 1775 986 1795 vero
1008 1768 1029 1784 “'
1052 1777 1058 1795 :
1086 1777 1096 1794 ‹
1120 1768 1223 1797 Timete
1250 1776 1312 1797 eum
1329 1769 1375 1804 qui
1403 1773 1492 1801 potest
1515 1770 1633 1797 animam
1656 1774 1685 1796 et

46 1822 144 1850 corpus
168 1814 290 1850 perdere
303 1813 329 1840 iu
350 1813 514 1848 gehennam,
531 1822 540 1839 ι
564 1812 633 1840 forte
653 1812 680 1840 id
701 1820 784 1839 unum
814 1821 862 1839 uos
881 1813 977 1845 docet,
999 1818 1137 1848 expertem
1160 1821 1221 1842 esse
1245 1815 1367 1849 corporis
1386 1814 1503 1841 animam
1522 1823 1530 1846 ;
1550 1819 1597 1841 aut
1617 1814 1684 1841 illud

46 1862 171 1897 insuper,
201 1861 323 1889 animm
349 1861 410 1888 sine
431 1867 548 1895 corpore
574 1859 664 1887 nullas
689 1867 785 1895 pmnas
813 1868 873 1887 esse
896 1861 1107 1895 persoluturam.
1135 1862 1173 1889 De
1195 1869 1249 1897 quo
1268 1869 1382 1897 corpore
1403 1869 1463 1897 quae
1487 1862 1520 1889 ad
1553 1862 1683 1897 speciem,

44 1916 74 1936 ac
93 1910 216 1945 primam
240 1908 390 1944 subiectam
411 1907 554 1935 materiam
575 1907 739 1940 attinebant,
763 1908 844 1943 paulo
870 1912 933 1935 ante
957 1908 1073 1936 naturali
1097 1909 1201 1937 ratione
1222 1909 1410 1937 disseruimus.
1433 1909 1468 1936 At
1493 1916 1557 1936 vero
1581 1909 1683 1936 dictum

43 1958 105 1985 illud
126 1958 256 1993 Apostoli
274 1958 296 1974 "
313 1965 320 1985 :
347 1966 356 1983 ι
380 1955 536 1984 Viviﬁeahit
560 1961 589 1984 et
609 1956 735 1983 mortalia
763 1963 856 1984 nostra
881 1964 1017 1991 corpora;
1037 1966 1047 1983 ι
1074 1964 1137 1985 eum
1160 1962 1282 1986 nostrum
1308 1957 1422 1985 mortale
1441 1957 1477 1983 sit
1498 1964 1614 1991 corpus,
1633 1964 1685 1984 nec

43 2011 112 2031 verae
127 2005 196 2031 vitae
217 2003 368 2039 particeps,
386 2002 458 2030 istud
479 2002 568 2037 ipsum
594 2001 736 2029 declarare
758 2006 869 2036 potest:
897 2009 1057 2035 corpoream
1082 2002 1153 2030 hanc
1179 2001 1296 2037 speciem
1319 2002 1352 2029 de
1373 2009 1426 2036 qua
1451 2007 1530 2028 antea
1553 2000 1683 2027 diximus.

40 2061 99 2087 qua:
121 2058 225 2080 natura
252 2051 375 2078 mortalis
397 2055 466 2078 est:
490 2059 500 2076 ι
521 2049 589 2077 Cum
615 2048 741 2077 Christus
761 2050 918 2084 apparuerit
941 2050 998 2077 vita
1027 2054 1119 2078 nostra
1145 2050 1182 2083 ι’,
1203 2059 1212 2075 ι
1238 2054 1266 2077 et
1288 2048 1372 2084 ipsam
1406 2048 1440 2076 ab
1465 2055 1498 2075 eo
1524 2052 1607 2078 statu,
1630 2055 1683 2081 quo

41 2102 144 2136 peccati
168 2108 277 2136 corpus
292 2104 361 2133 erat,
379 2107 438 2127 esse
461 2099 638 2131 mutandam;
662 2102 840 2133 posteaquam
869 2098 976 2126 scilicet
997 2099 1032 2126 ab
1050 2098 1160 2126 viviﬁco
1180 2098 1282 2133 Spiritu
1297 2097 1331 2125 ad
1352 2097 1436 2124 vitam
1453 2096 1574 2124 restituta
1591 2096 1683 2126 [lict-it,

40 2155 121 2185 atque
144 2150 172 2177 in
198 2147 357 2184 spiritalem
384 2152 511 2174 naturam
536 2145 684 2172 transierit.
709 2145 845 2173 Praeterea
869 2146 939 2174 istud
960 2146 1046 2181 ipsum
1066 2147 1090 2163 ‘°
1110 2155 1116 2174 :
1137 2155 1147 2172 ι
1170 2145 1223 2174 Sed
1239 2145 1310 2173 dicet
1335 2144 1432 2179 aliquis
1451 2153 1459 2171 :
1477 2143 1618 2177 Quomodo
1640 2149 1684 2168 re-

38 2203 156 2234 surgunt
174 2196 295 2229 mortui,
314 2200 362 2223 aut
377 2195 450 2230 quali
474 2202 535 2222 cum
553 2201 667 2229 corpore
688 2194 821 2221 venient?
843 2204 853 2220 I
879 2195 969 2230 palam
994 2195 1059 2223 illud
1080 2195 1212 2227 ostendit,
1236 2194 1350 2230 primam
1368 2192 1518 2227 subjectam
1539 2189 1682 2218 materiam

39 2245 111 2272 nullo
129 2244 219 2272 modo
234 2249 390 2277 resurgere.
406 2241 472 2268 Nam
487 2241 509 2268 si
530 2245 605 2268 recte
621 2240 789 2275 propositum
810 2240 844 2268 ab
867 2241 997 2277 Apostolo
1016 2242 1169 2278 exemplum
1192 2241 1358 2277 accipimus,
1382 2238 1523 2267 dicendum
1546 2242 1588 2265 est
1606 2245 1613 2264 :
1636 2244 1682 2264 se-

39 2292 119 2320 minis
138 2296 288 2322 naturam,
306 2297 367 2324 qua:
383 2288 511 2316 frumenti
526 2295 613 2323 grano
630 2288 709 2315 insita
734 2293 792 2321 est,
810 2289 897 2316 vicina
916 2293 1041 2325 correpta
1066 2290 1193 2322 materia,
1219 2294 1302 2317 totam
1325 2287 1397 2314 illam
1418 2285 1577 2321 pervadere,
1601 2289 1683 2318 atque

38 2341 107 2368 illius
125 2340 239 2375 pariter
257 2342 382 2371 correpta
396 2336 496 2371 specie,
511 2337 582 2363 vires
597 2342 661 2363 suas
677 2336 701 2362 in
723 2336 759 2366 id.
775 2336 847 2371 quod
863 2341 927 2364 ante
947 2341 1031 2370 terra,
1044 2345 1125 2373 aqua,
1146 2346 1202 2370 aer,
1222 2337 1347 2372 ignisque
1362 2335 1461 2367 fuerat,
1480 2333 1681 2364 transfundere,

36 2393 189 2420 Eurumque
211 2383 354 2419 superatis
378 2382 569 2418 qualitatibus,
590 2382 617 2409 in
642 2381 715 2409 illam
738 2382 837 2417 ipsam,
854 2383 930 2418 cujus
949 2388 991 2412 est
1010 2384 1121 2416 artifex,
1137 2389 1297 2412 convertere
1316 2392 1322 2410 :
1347 2389 1427 2418 atque
1447 2383 1498 2410 hoc
1522 2385 1602 2407 modo
1622 2386 1684 2413 pero

37 2435 78 2462 lici
94 2435 219 2470 spicam,
235 2439 299 2467 quae
314 2439 329 2458 a
351 2431 444 2467 priore
455 2438 539 2466 graue
552 2431 650 2457 mirum
675 2430 700 2457 in
718 2431 838 2462 modum,
855 2435 881 2458 et
896 2432 1092 2468 magnitudine,
1114 2437 1142 2460 et
1161 2432 1260 2468 ﬁgura,
1281 2436 1308 2460 et
1326 2431 1458 2459 varietate
1480 2429 1619 2457 dissideat.

69 2490 127 2518 Τοῦ
152 2488 271 2517 αὑτοῦ.
291 2486 390 2522 Κρίσις
408 2486 466 2513 ἐστὶ
482 2485 538 2521 (68)
562 2484 673 2512 δικαίων
691 2484 739 2520 μὲν
761 2485 812 2520 ήάη

939 2488 1013 2525 537
1031 2488 1170 2522 Ejusdem.
1183 2486 1323 2517 Justorum
1344 2487 1453 2522 quidem
1471 2484 1602 2520 judicium
1614 2503 1623 2516 ,
1640 2487 1682 2511 est

35 2536 193 2572 πρακτικοῦ
220 2533 353 2569 σώματος
369 2532 415 2559 ἐπὶ
437 2530 571 2567 ἀγγελικὰ
588 2530 753 2566 μετάϐασις-

941 2535 1029 2562 nsitus
1041 2534 1076 2562 ab
1089 2542 1205 2570 operoso
1225 2541 1338 2569 corpore
1353 2533 1387 2560 ad
1402 2530 1523 2566 angelica
1545 2535 1680 2562 corpora;

34 2583 87 2610 σῶν
110 2584 140 2610 δὲ
162 2582 223 2610 ἀπὸ
248 2579 403 2615 πρακτικοῦ
427 2578 553 2614 σώματος
576 2577 623 2603 ἐπὶ
649 2576 774 2603 σκοτεινά

937 2581 1039 2616 piorum
1063 2588 1128 2609 vero
1145 2581 1278 2616 judicium
1294 2600 1302 2613 ,
1319 2583 1361 2606 est
1380 2577 1413 2605 ab
1431 2581 1547 2611 operoso
1566 2581 1680 2608 corpore

33 2629 137 2666 ζοφερὰ
165 2627 322 2665 μετάθεσις
353 2625 477 2661 σώματα.
503 2623 711 2660 Ἐγερθήσονται
733 2622 776 2658 γὰι

941 2628 1082 2655 tenebrosa
1099 2631 1127 2654 et
1153 2627 1268 2655 obscura
1292 2632 1406 2660 corpora
1426 2621 1601 2658 permutatio.
1629 2619 1681 2647 lle-

68 2712 90 2728 “
109 2711 282 2739 llatthxm.
304 2706 348 2734 η.
387 2706 408 2722 ’⁵
422 2704 493 2733 Psal.
507 2712 549 2738 ut,
562 2704 590 2731 8.
629 2707 651 2724 ἰ
667 2702 739 2730 Psal.
753 2710 778 2729 ιι

35 2745 56 2759 "
71 2747 79 2770 Ι
95 2748 165 2770 Car.
185 2753 236 2770 xv-
254 2742 302 2770 55.

940 2701 1035 2730 Matth.
1049 2712 1077 2736 χ,
1096 2703 1141 2731 28.
1181 2702 1203 2718 ¹⁸
1217 2702 1296 2730 Rom.
1317 2709 1375 2734 vnn,
1391 2701 1433 2729 ll.
1482 2700 1505 2716 "
1518 2700 1577 2729 Col.
1593 2709 1634 2732 tu.
1649 2702 1677 2729 ι.

71 2747 80 2774 l
95 2748 165 2776 Cor.
185 2753 236 2777 xv,
254 2747 302 2770 55.

67 2810 125 2844 (δε)
147 2808 268 2843 Κρίσις
284 2804 362 2837 ἐστι,
383 2808 436 2830 etc.
457 2802 599 2836 Descripta
623 2804 687 2828 sunt
716 2806 732 2825 ο
756 2797 810 2826 sclu

948 2797 998 2824 esti
1018 2796 1128 2828 Grahii,
1152 2799 1179 2823 ct
1204 2794 1366 2826 Comhellsii,
1395 2793 1544 2828 Latineque
1578 2795 1688 2820 exstant

35 2847 103 2880 apud
122 2845 299 2871 (lamnarum.
1505 2869 1538 2882 In:

204 2890 353 2921 Ριτιιοι.
372 2886 431 2917 Gn.
450 2885 520 2916 XII.

1503 2869 1542 2899 35
