1882 3053
70 117 137 145 Hlll

564 104 718 140 SELECTA
736 110 769 139 IN
787 109 956 139 PSALMOS.
975 117 1008 130 ά
1027 109 1124 138 PSAL.
1145 107 1176 137 ll.

1626 110 1695 138 “02

69 183 109 211 μα
120 174 151 200 τὸ
165 173 252 207 ἅγιον,
265 172 282 207 ἢ
296 171 376 202 αὐτὸς
396 171 410 196 6
429 170 568 205 προφήτης
582 169 664 196 ἐστίν.
684 168 749 194 Ἀπὸ
768 168 797 194 δὲ
810 167 856 194 τοῦ

930 172 977 199 πει,
994 168 1035 194 vel
1061 168 1118 201 ipse
1140 167 1282 202 propheta.
1306 167 1327 194 Α
1347 166 1529 202 Diapsahnate
1551 172 1640 194 autem
1667 169 1696 194 lit

67 220 259 255 Διαψάλματος
286 216 419 253 μεταϐολὴ
438 216 543 250 γίνεται
566 215 614 242 τοῦ
638 214 779 249 λέγοντος·
798 213 856 240 ἔστι

67 265 123 301 γὰρ
149 265 164 291 ό
182 262 311 298 Χριστὸς,
331 261 368 292 ὡς
388 261 434 287 καὶ
461 259 540 286 τοῦτο
568 260 781 295 παραστήσομεν
807 258 857 290 τὰς

66 309 155 342 λέξεις
168 307 350 341 ἐξετάζοντες.
361 306 416 333 Καὶ
430 305 460 332 οὐ
478 304 634 339 θαυμαστὸν
649 305 673 330 εί
693 305 721 330 ὲν
740 303 779 330 ἑνὶ
791 302 858 337 ψαλ-

68 355 114 391 μῷ
129 355 190 390 οὐχὶ
204 354 234 380 ἓν
250 351 395 389 πρόσωπόν
415 351 472 377 ἐστι
489 350 519 377 τὸ
537 350 630 384 λέγον·
648 348 782 384 πολλαχοῦ
803 348 858 383 γὰρ

66 401 149 428 τοῦτο
165 400 238 426 ἐστιν
260 398 340 429 ἰδεῖν,
358 398 396 429 ὡς
416 396 554 432 προϊόντες
574 395 706 431 δείξομεν.
726 395 780 422 Kal.
793 395 858 421 ταῦ-

65 455 103 474 τα
129 447 178 482 μὲν
197 445 251 481 πρὸ
272 443 318 471 τοῦ
333 442 458 478 ψαλμοῦ,
480 442 691 476 κατανοήσωμεν
712 441 741 467 δὲ
754 441 803 472 τὰς
815 440 858 466 λέ-

66 493 136 526 ξεις.

108 538 164 565 Τοῦ
184 535 287 564 αὐτοῦ.
313 534 439 569 Τέσσαρα
454 529 522 569 ανη
549 532 602 559 τῶν
627 532 681 567 ('ll)
707 531 858 567 ἀνθρώπων

67 584 154 619 φησὶν
176 584 190 609 6
210 583 288 616 λόγος
309 579 517 615 ἐπιϐεϐληκέναι
537 578 658 614 Χριστῷ·
684 577 747 613 ἔθνη
774 577 859 613 φρυά-

65 630 153 663 ξαντα
168 628 227 655 κατ’
239 626 334 658 αὑτοῦ,
353 626 399 653 καὶ
413 625 495 656 λαοὺς
509 623 709 659 μελετήσαντας
722 622 796 654 κενὰ,
810 621 857 648 καὶ

67 675 190 710 βασιλεῖς
212 674 263 709 τῆς
282 673 334 708 γῆς
359 671 550 708 παραστάντας
568 671 625 706 μετ’
641 669 778 704 ἀρχόντων
797 675 859 694 συν-

65 722 207 757 αχθέντων
221 720 268 746 ὲπὶ
278 719 307 745 τὸ
318 718 393 746 αὑτό.
406 718 461 745 Καὶ
472 717 613 753 ἡγούμεθα
629 717 677 751 μὲν
689 716 752 750 ἔθνη
767 713 859 750 δηλοῦ-

66 769 132 795 σθαι
148 768 212 798 τοὺς
221 765 377 801 ἀλλοτρίους
387 765 437 800 τῆς
452 763 568 795 πίστεως
583 761 752 798 ἀνθρώπους,
765 760 858 795 ὥσπερ

64 815 132 845 τοὺς
149 811 316 848 στρατιώτας
333 813 396 842 τοὺς
413 810 585 847 φρυάξαντας
605 809 664 835 κατ’
682 807 762 835 αὑτοῦ
775 816 781 822 ·
796 807 859 838 τοὺς

63 860 94 886 δὲ
105 859 188 889 λαοὺς
201 858 264 888 τοὺς
276 857 330 884 ἀπὸ
340 856 394 883 τῶν
408 855 499 890 φυλῶν
512 855 560 889 τῆς
571 853 726 888 κατατομῆς
739 851 779 887 (οὐ
802 850 857 886 γὰρ

64 904 171 941 κυρίως
183 903 291 930 λεκτέον
306 901 402 932 αὐτοὺς
418 900 462 926 τὸν
475 899 589 934 Σωτῆρα
607 897 644 933 μὴ
659 895 855 941 προσιεμένους

64 939 293 984 ἐκνπεριτομῆς),
308 946 406 977 οἵτινες
432 943 497 971 κενὰ
524 941 742 978 μεμελετήκασι,
763 939 808 966 τὸν
827 939 856 965 ἐν

64 998 124 1027 τοῖς
139 994 336 1031 μελετωμένοις
351 992 528 1028 προφητικοίς
542 989 631 1023 λόγοις
645 986 857 1021 καταγγελλόμε-

64 1050 114 1068 νον
129 1040 248 1075 Χριστὸν
264 1038 294 1064 οὐ
312 1037 478 1073 νενοηκότες.
494 1035 616 1065 Βασιλεῖς
632 1033 660 1060 δὲ
679 1033 728 1068 τῆς
744 1031 796 1066 γῆς
811 1031 857 1057 καὶ

64 1088 199 1122 ἄρχοντες
212 1083 334 1120 Ἡρώδης
347 1092 377 1110 τε
390 1082 437 1109 καὶ
451 1082 562 1112 Πόντιος
572 1079 697 1110 Πιλᾶτος,
710 1078 757 1104 καὶ
773 1077 798 1103 οἱ
809 1076 855 1103 τοῦ

72 1132 211 1159 Ἰουδαίων
228 1127 292 1157 λαοῦ
312 1129 467 1164 ἡγούμενοι.
481 1126 589 1154 Τούτων
605 1127 659 1160 γὰρ
672 1124 719 1151 καὶ
732 1124 746 1150 6
759 1122 857 1149 θεσπέ-

66 1186 126 1209 σιος
158 1176 260 1212 Πέτρος
288 1176 303 1201 6
332 1173 478 1205 ἀπόστολος
498 1170 738 1207 ἀπεμνημόνευσεν
766 1167 857 1199 nemo;

65 1224 96 1249 ὲν
115 1224 176 1253 ταῖς
203 1220 332 1255 Πράξεσι
353 1219 407 1246 τῶν
426 1217 581 1245 ἀποστόλων
601 1216 650 1251 τὴν
674 1214 857 1250 προκειμένην

65 1269 168 1304 χρῆσιν
184 1265 363 1302 παραγαγών.
386 1265 418 1292 Εἰ
434 1264 463 1290 δὲ
479 1264 525 1290 καὶ
546 1262 595 1294 τὰς
612 1261 743 1308 ἀοράτους
762 1260 857 1308 φήσεις

64 1315 216 1349 δυνάμεις,
238 1313 288 1339 οὐκ
308 1311 341 1338 ἂν
361 1310 501 1346 ἁμάρτοις.
525 1308 580 1336 Καὶ
594 1309 608 1334 6
625 1307 778 1342 σοφώτατος
793 1307 858 1340 γούν

71 1358 237 1389 Ἀπόστολος
247 1357 277 1383 οὐ
290 1356 416 1383 τοσοῦτον
426 1354 578 1391 ἀνθρώποις
590 1353 713 1389 προσῆψε
719 1352 750 1378 τὸ
760 1353 857 1388 ὲσταυτ

66 1405 189 1440 ρωκέναι
205 1403 250 1430 τὸν
265 1402 391 1437 Χριστὸν,
410 1401 447 1432 ὡς
460 1401 605 1436 δυνάμεσιν
624 1399 806 1435 ὰρχοντικαῖς,
819 1396 858 1422 λέ-

65 1458 124 1482 γων
135 1457 142 1463 ·
169 1457 179 1473 ι
196 1447 295 1481 Σοφίαν
311 1446 338 1473 δὲ
354 1443 487 1481 λαλοῦμεν
501 1446 530 1472 ὲν
546 1446 601 1476 τοῖς
617 1443 744 1475 τελείοις·
763 1442 859 1477 σοφίαν

64 1497 94 1522 δὲ
107 1495 140 1521 οὐ
156 1494 204 1521 τοῦ
218 1493 315 1525 αἰῶνος
330 1493 437 1525 τούτου,
446 1493 506 1519 οὐδὲ
520 1491 573 1518 τῶν
585 1491 721 1527 ἀρχόντων
732 1489 779 1516 τοῦ
794 1489 860 1516 ait?)—

64 1551 113 1573 νος
127 1541 236 1573 τούτου,
251 1541 305 1567 τῶν
317 1539 555 1576 καταργουμένωψ
568 1537 635 1564 ἀλλὰ
649 1536 781 1572 λαλοῦμεν
791 1535 858 1562 Θεοῦ

64 1587 168 1622 σοφίαν
185 1588 214 1613 ἐν
231 1586 380 1622 μυστηρίῳ,
398 1586 447 1621 τὴν
463 1582 724 1620 ἀποκεκρυμμένην,
742 1582 775 1617 ἢν
794 1589 858 1617 προ-

63 1634 170 1669 ὠρισεν
189 1634 203 1659 ό
217 1632 281 1663 Θεὸς
297 1631 350 1668 πρὸ
365 1630 419 1657 τῶν
440 1629 544 1658 αἰώνων
564 1630 603 1661 εἰς
619 1627 697 1660 δόξαν
717 1627 804 1662 ἡμῶν,
826 1626 859 1661 ἣν

63 1679 158 1710 οὐδεὶς
173 1678 227 1704 τῶν
243 1677 379 1713 ἀρχόντων
392 1674 438 1703 τοῦ
457 1675 554 1707 αιῶνος
571 1674 667 1701 τούτου
682 1673 814 1708 ἔγνωκεν·
835 1673 858 1699 εί

63 1726 123 1760 γὰρ
135 1723 270 1757 ἔγνωσαν,
287 1722 336 1749 οὐκ
347 1721 380 1748 ἂν
392 1721 437 1748 τὸν
452 1720 553 1756 Κύριον
567 1720 616 1754 τῆς
630 1718 708 1754 δόξης
725 1717 860 1753 ἐσταύρω-

64 1779 129 1798 σαν.
145 1779 155 1796 ι
174 1769 249 1796 Ποίοι
260 1768 314 1804 γὰρ
328 1767 456 1803 ἄρχοντες
476 1765 652 1801 ἐσταύρωσαν
666 1765 712 1791 τὸν
732 1763 858 1799 Χριστὸν,

62 1817 113 1843 τὸν
128 1813 181 1850 τῆς
196 1813 273 1850 δόξης
292 1813 403 1849 Κύριον,
415 1813 441 1839 οἱ
454 1812 491 1848 μὴ
507 1811 686 1846 γινώσκοντες
702 1810 752 1845 τὴν
765 1808 860 1843 σοφίαν

62 1860 114 1889 τοῦ
123 1859 205 1891 Θεοῦ,
216 1860 264 1886 καὶ
275 1858 351 1885 αὐτοὶ
361 1857 455 1892 σοφίας
466 1856 541 1888 τινὰς
552 1856 622 1890 ἔχειν
637 1853 861 1890 ὑπολαμϐανόμε-

62 1917 118 1938 νοι,
128 1906 146 1942 ἢ
157 1906 181 1932 οἱ
189 1905 329 1940 λεγόμενοι
338 1904 431 1934 ἐνταῖς
441 1902 619 1938 προφητείαις
624 1901 716 1937 ἄρχων
725 1898 860 1935 βασιλείας

62 1951 195 1988 Περσῶν,
212 1951 258 1977 καὶ
271 1949 362 1986 ἄρχων
377 1948 514 1984 βασιλείας
531 1947 675 1982 Ἑλλήνων,
687 1946 733 1972 καὶ
747 1944 816 1972 κατὰ
830 1944 860 1970 τὸ

62 1998 220 2028 ἀκόλουθον
236 1999 260 2024 οἱ
274 1998 328 2024 τῶν
344 1997 444 2024 λοιπῶν
461 1996 562 2026 ἐθνῶν;
579 2005 587 2020 ι
606 1994 647 2021 Τὰ
661 1993 724 2028 ἔθνη
745 2002 754 2018 ι
770 1993 859 2018 τοίνυν

65 2055 75 2071 Ι
99 2043 254 2080 ἐφρύαξαν·
270 2053 280 2068 ι
296 2043 365 2078 ὅπερ
381 2042 466 2074 ἐστὶν,
483 2042 520 2074 ὡς
534 2041 549 2067 6
571 2040 683 2071 Ἀκύλας
695 2039 859 2074 σαφέστερον

61 2091 261 2128 ⁴ἡρμήνευσεν,
281 2099 290 2114 ι
308 2088 524 2124 ἐθορυϐήθησαν.
538 2096 547 2112 ι
565 2087 643 2113 Ἔστι
661 2085 689 2112 δὲ
706 2086 722 2120 ή
736 2084 806 2116 λέξις
821 2085 837 2119 ἡ
851 2101 858 2115 ,

65 2147 75 2162 ι
90 2134 248 2171 ἐφρύαξαν,
261 2144 270 2160 ι
295 2133 581 2169 όνοματοπεποιημένη
592 2152 599 2164 ,
623 2131 670 2158 καὶ
691 2130 859 2166 ἐμφαίνουσα

61 2182 112 2210 τὸν
129 2182 240 2216 ἄσημον
254 2178 319 2215 ἦχον
338 2179 391 2207 τῶν
404 2178 606 2214 θορυϐούντων·
629 2176 743 2204 τοιοῦτοι
766 2176 820 2212 γὰρ
835 2176 859 2201 oi

911 220 1033 247 persona:
1046 215 1175 241 mutatio:
1191 214 1315 241 Christus
1326 214 1397 240 enim
1413 219 1464 246 est,
1481 218 1509 241 ut
1525 213 1595 240 iul'ra
1608 219 1696 241 osten-

911 259 1001 292 detur,
1015 267 1076 286 cum
1089 259 1208 293 singulas
1224 266 1304 286 voces
1317 259 1510 293 expendamus.
1524 258 1580 286 Nec
1596 259 1694 286 mirmn

911 305 934 332 si
953 305 979 331 in
999 312 1053 332 uno
1073 305 1176 339 psalmo
1195 312 1247 332 non
1268 311 1321 331 una
1335 309 1376 331 est
1397 311 1512 339 persona
1529 312 1590 340 qua:
1606 305 1696 340 loqui-

914 355 969 378 tur.
988 350 1044 378 Hoc
1062 352 1134 378 enim
1148 351 1271 385 pluribus
1286 351 1312 377 in
1328 351 1394 377 locis
1410 350 1502 377 videre
1514 356 1566 382 est.
1582 356 1610 378 ut
1626 351 1695 378 infra

912 398 1098 424 ostendemus.
1119 396 1227 424 Interim
1246 396 1304 424 haec
1315 404 1364 431 pro
1378 397 1490 424 exordio
1511 398 1608 431 psalmi
1619 399 1694 426 dicta

913 442 984 475 sint,
1002 449 1074 469 nunc
1091 442 1147 476 ipsa
1164 441 1244 468 verba
1259 442 1444 469 discutiamus.

945 534 1082 569 Ejusdem.
1099 533 1223 567 Quatuor
1239 533 1377 560 hominum
1393 542 1492 569 genera
1516 534 1581 561 dicit
1596 535 1695 562 advers

910 588 956 608 sus
969 581 1106 608 Christum
1125 578 1305 606 insurrexisse
1318 599 1325 611 .
1339 584 1432 614 gentes
1449 588 1510 615 qum
1526 580 1696 608 fremuerunt

909 631 1006 654 contra
1024 626 1121 660 ipsum,
1142 625 1254 659 populos
1267 625 1313 659 qui
1329 626 1448 652 meditati
1464 631 1526 653 sunt
1549 626 1651 659 inania,
1668 632 1696 653 et

908 679 986 706 reges
1014 676 1094 698 teme
1117 671 1162 706 qui
1193 671 1356 698 adstiterunt
1382 679 1443 698 cum
1471 672 1642 707 principibus
1667 673 1693 700 in

908 727 990 746 unum
1012 717 1194 753 congregatis.
1221 717 1254 744 Et
1269 717 1434 744 arbitramur
1449 718 1557 752 quidem
1571 719 1694 753 gentium

908 764 1018 791 nomine
1037 763 1142 791 alienos
1163 770 1178 789 a
1202 762 1255 790 fide
1272 763 1409 798 designari
1433 764 1577 798 homines,
1600 765 1696 799 quales

907 814 986 837 erant
1004 808 1104 836 milites
1118 808 1164 843 qui
1180 808 1311 835 adversus
1323 815 1386 835 eum
1405 809 1590 843 fremuerunt;
1609 818 1695 846 popu—

908 855 949 881 los
961 861 1046 886 vero,
1072 854 1132 882 illos
1149 861 1181 882 ex
1203 853 1326 882 tribubus
1351 855 1402 882 dici
1422 855 1467 890 qui
1489 855 1590 883 exsecti
1616 861 1696 882 erant

910 898 1009 934 (neque
1020 899 1092 926 enim
1105 900 1216 935 proprie
1229 899 1372 927 dicendum
1386 905 1427 927 est
1440 908 1486 928 eos
1499 901 1543 935 qui
1557 901 1695 928 Christum

909 952 962 972 non
979 949 1156 979 receperunt,
1173 953 1205 973 ex
1227 946 1435 974 circumcisione
1451 946 1557 981 fuisse),
1571 946 1616 982 qui
1634 947 1696 981 quis

909 990 969 1018 dem
987 998 1055 1018 vana
1072 991 1193 1018 meditati
1211 996 1274 1019 sunt
1289 999 1350 1019 cum
1369 993 1394 1019 in
1417 992 1546 1027 perlectis
1559 1000 1574 1020 ιι
1588 1000 1617 1020 se
1634 1000 1697 1028 pro-

909 1036 1023 1070 pheticis
1039 1037 1210 1065 sermonibus
1230 1038 1420 1065 annuntiatum
1432 1038 1571 1066 Christum
1585 1046 1637 1066 non
1655 1038 1697 1065 ina

910 1082 1081 1110 tellexerunt.
1102 1083 1190 1118 Reges
1207 1088 1286 1112 terra:
1304 1089 1332 1112 et
1348 1085 1486 1120 principes
1502 1089 1581 1112 erunt
1609 1085 1696 1112 Herm

910 1127 957 1154 des
973 1133 1000 1154 et
1025 1128 1134 1156 Pontius
1150 1129 1263 1162 Pilatus,
1279 1134 1307 1157 et
1322 1129 1426 1157 Judaici
1445 1130 1537 1165 populi
1553 1131 1695 1165 praesides.

910 1172 1011 1200 Horum
1037 1174 1108 1200 enim
1131 1178 1158 1201 et
1175 1175 1254 1202 divus
1279 1174 1374 1203 Petrus
1393 1175 1535 1210 apostolus
1552 1175 1695 1210 speciatim

911 1217 1033 1244 meminit
1056 1217 1081 1244 in
1108 1218 1214 1245 Actibus
1236 1219 1420 1254 apostolorum
1443 1221 1486 1247 ubi
1511 1221 1586 1248 hisce
1611 1221 1697 1248 utitur

912 1263 1001 1290 verbis
1009 1262 1041 1289 ³ο.
1059 1262 1135 1296 Quod
1147 1264 1169 1290 si
1181 1269 1207 1292 et
1222 1265 1374 1293 invisibiles
1387 1273 1447 1293 esse
1458 1271 1605 1301 potestates
1619 1266 1697 1294 dixe-

911 1308 959 1340 ris,
970 1316 1024 1335 non
1037 1309 1218 1338 aberrat-eris.
1234 1310 1315 1338 Certe
1325 1312 1540 1344 sapientissimus
1552 1313 1698 1346 Apostolus

911 1353 964 1380 illis
990 1354 1074 1381 multo
1089 1354 1173 1390 magis
1196 1363 1278 1391 quam
1296 1356 1451 1384 hominibus
1464 1355 1569 1384 Christi
1588 1365 1696 1385 crucem

911 1400 1038 1427 attribuit
1060 1401 1152 1429 dicens
1168 1402 1206 1429 "z
1227 1411 1236 1428 ι
1255 1402 1424 1437 Sapientiam
1450 1408 1540 1430 autem
1562 1395 1698 1438 loquimur

912 1444 983 1472 inter
1000 1445 1150 1480 perfectos:
1165 1448 1328 1482 sapientiam
1345 1456 1410 1477 vero
1429 1456 1482 1476 non
1497 1449 1576 1484 hujus
1589 1449 1698 1484 saeculi.

913 1497 1000 1525 neque
1018 1491 1172 1527 principum
1190 1493 1288 1528 rbujus
1306 1493 1399 1521 saeculi
1429 1495 1474 1529 qui
1500 1495 1697 1528 dcstruuntur;

913 1536 959 1562 sed
975 1535 1111 1570 loquimur
1119 1536 1167 1564 Dei
1181 1538 1343 1573 sapientiam
1358 1539 1384 1566 in
1404 1541 1545 1575 mysterio,
1559 1548 1618 1575 quae
1632 1541 1697 1569 abs-

911 1581 1018 1608 condita
1035 1586 1078 1610 est
1092 1599 1099 1614 ,
1118 1590 1198 1617 quam
1215 1583 1419 1618 przcdestinavit
1435 1585 1506 1613 Deus
1522 1590 1585 1613 ante
1598 1587 1696 1614 saecula

912 1626 938 1653 in
955 1626 1069 1661 gloriam
1088 1632 1209 1655 nostram
1222 1649 1230 1662 ,
1248 1636 1330 1664 quam
1351 1637 1430 1658 nemo
1445 1631 1598 1665 principum
1617 1632 1698 1666 hujus

911 1672 1001 1699 sxculi
1017 1673 1163 1708 cognovit:
1183 1674 1205 1701 si
1228 1675 1301 1702 enim
1326 1677 1541 1710 cognovissent,
1559 1685 1696 1712 nunquam

911 1717 1052 1745 Dominum
1062 1719 1155 1754 gloria:
1163 1720 1371 1748 cruciﬁxissenl.
1388 1732 1397 1748 ι
1408 1722 1524 1755 Quinam
1534 1724 1606 1750 enim
1616 1724 1695 1758 prin-

911 1764 984 1797 cipes
999 1764 1135 1791 Christum
1153 1765 1247 1800 gloriae
1262 1767 1404 1794 Dominum
1419 1768 1629 1802 cruciﬁxeruut,
1647 1769 1693 1797 Dei

911 1810 1070 1845 sapientiam
1096 1818 1149 1838 non
1167 1817 1345 1846 agnoscentes
1361 1817 1388 1840 et
1411 1821 1440 1840 se
1464 1821 1571 1848 quoque
1588 1815 1697 1849 sapien-

912 1856 975 1882 tiam
993 1855 1137 1890 quamdam
1161 1857 1262 1884 habere
1284 1858 1475 1886 existimantes
1488 1878 1496 1891 ,
1522 1860 1572 1887 nisi
1590 1859 1628 1887 illi
1649 1861 1695 1894 qui

912 1901 938 1928 in
954 1902 1093 1936 prophetis
1107 1908 1366 1937 conunemorantur,
1385 1904 1510 1938 princeps
1527 1904 1608 1940 539
1621 1907 1697 1941 regni

910 1946 1066 1979 Persarum,
1082 1951 1108 1974 et
1122 1947 1248 1982 princeps
1263 1948 1339 1982 regni
1357 1948 1514 1976 Grtecorum
1528 1969 1536 1982 ,
1556 1955 1584 1978 et
1599 1957 1697 1978 conse—

911 1995 1027 2025 quenter
1044 1991 1208 2025 reliquarum
1229 1993 1350 2027 gentium
1368 1994 1523 2029 principes?
1544 2004 1552 2020 ι
1567 1995 1669 2024 Gentes
1684 2007 1695 2024 ι

911 2037 1001 2071 itaque
1018 2047 1027 2063 ι
1039 2037 1220 2070 frenuueruut,
1235 2048 1244 2064 ι
1267 2039 1293 2066 id
1313 2044 1365 2073 est,
1379 2045 1407 2067 ut
1420 2040 1517 2075 Aquila
1536 2042 1636 2070 clarius
1652 2043 1696 2070 in—

912 2087 1073 2118 terpretatus
1098 2089 1158 2117 est,
1185 2093 1194 2110 ι
1217 2085 1406 2112 turbaverunt.
1428 2095 1438 2112 ι
1466 2087 1552 2115 Dictio
1578 2093 1673 2116 autem
1688 2109 1697 2122 .

914 2139 923 2155 ι
937 2130 1113 2164 fremuerunt,
1128 2140 1137 2157 ι
1158 2131 1324 2158 inconditum
1339 2137 1516 2166 repraesentat
1531 2135 1699 2162 tumultuan-

912 2176 978 2203 tium
996 2177 1137 2210 strepitum
1148 2197 1155 2210 ,
1179 2177 1333 2212 cuiusmodi
1358 2184 1421 2206 sunt
1437 2179 1454 2206 ii
1469 2181 1515 2214 qui
1542 2187 1574 2208 ex
1590 2181 1697 2209 insidiis

62 2227 251 2262 σεσοϐημένοι
277 2225 346 2252 κατὰ
368 2226 430 2257 τοὺς
459 2225 569 2260 καιροὺς
596 2224 643 2250 τοῦ
676 2223 856 2251 ἐπιϐουλεύειν

930 2223 1045 2250 oncitate
1065 2222 1189 2250 feruntur
1206 2224 1232 2250 in
1248 2224 1349 2252 hostes.
1367 2225 1443 2258 Quod
1463 2226 1485 2253 si
1501 2226 1595 2260 reliqui
1614 2228 1698 2255 inter-

62 2273 240 2309 ὑπάρχουσιν
257 2271 325 2298 κατὰ
343 2271 397 2298 τῶν
416 2271 461 2297 ὑπ’
475 2270 563 2297 αὐτῶν
578 2269 794 2305 πολεμουμένων.
805 2270 858 2296 Καὶ

61 2321 89 2348 ει
105 2319 146 2355 μὴ
163 2319 188 2344 oi
201 2317 289 2344 λοιποὶ
302 2316 466 2352 ὲρμηνευταὶ
479 2316 603 2352 εἰρήκασι
618 2315 658 2346 τὸ,
673 2324 682 2340 ι
695 2314 860 2350 ἐθορυϐήθη-

63 2374 129 2397 σαν,
142 2374 151 2390 ι
162 2364 220 2396 καὶ,
231 2372 240 2388 ι
250 2363 331 2398 κυκᾷ,
345 2372 353 2387 ι
363 2362 400 2393 ὡς
409 2362 565 2397 Σύμμαχος,
574 2359 607 2396 ἦν
618 2360 741 2387 ἐκλαϐεῖν
752 2360 804 2387 ἀπὸ
812 2360 858 2386 τοῦ

65 2424 75 2439 ι
91 2411 251 2449 ἐφρύαξαν,
268 2419 277 2435 ι
291 2410 332 2441 τὸ,
351 2419 361 2435 ι
373 2408 610 2444 ὲμεγαλαύχησαψ
624 2417 632 2433 ι
651 2407 688 2439 ὡς
705 2407 733 2433 ὲν
749 2407 787 2433 ἐνὶ
805 2406 859 2434 τῶν

62 2456 222 2494 προφητῶν
240 2454 353 2491 οἰόμεθα
370 2454 449 2481 τοῦτο
464 2453 559 2489 δηλοῦν
582 2453 631 2488 τὴν
649 2453 735 2486 λέξιν·
756 2462 764 2478 ι
782 2452 860 2480 Κατὰ

61 2506 100 2532 τὰ
116 2501 288 2539 φρυάγματα
295 2500 341 2527 τοῦ
350 2499 492 2535 Ἰορδάνου.
500 2499 568 2526 »Καὶ
578 2499 638 2525 ὲπεὶ
648 2507 657 2524 ι
669 2499 683 2525 ό
695 2499 859 2534 ἀρνούμενος

61 2552 113 2578 τὸν
128 2549 206 2580 Υἱὸν,
222 2548 282 2574 οὐδὲ
293 2547 338 2574 τὸν
349 2545 458 2580 Πατέρα
473 2544 541 2579 ἔχει,
554 2544 600 2571 καὶ
612 2544 626 2570 ὁ
638 2543 779 2579 δεχόμενος
793 2552 802 2569 ι
815 2543 860 2570 τὸν

61 2594 200 2632 Χριστὸν,
211 2603 219 2618 ι
230 2593 337 2628 δέχεται
347 2592 391 2618 τὸν
404 2590 600 2617 ἀποστείλαντα
609 2589 699 2621 αὐτὸν,
713 2599 721 2614 ι
732 2589 776 2616 διὰ
782 2589 860 2616 τοῦτο

60 2645 76 2671 6
92 2640 170 2669 κατὰ
184 2638 303 2676 Χριστοῦ
323 2637 534 2674 στρατευόμενος
551 2637 591 2668 εἰς
606 2636 651 2662 τὸν
671 2636 780 2671 Πατέρα
796 2636 860 2662 ἀσε-

102 2703 127 2719 ⁸⁶
143 2702 206 2729 Act.
221 2708 258 2728 tv.
302 2699 323 2715 ²¹
337 2699 346 2726 Ι
358 2699 421 2727 Cor.
437 2707 468 2732 ιι,
483 2698 500 2726 6
517 2702 544 2727 el
557 2705 635 2733 seqq.

102 2761 164 2798 (τι)
178 2760 318 2799 “(rem
338 2760 410 2799 γένη
427 2758 497 2799 {eo
510 2763 561 2799 e!c-
576 2758 597 2785 Ε
608 2757 702 2799 calice
715 2758 854 2799 ἓπτειεεῖει·

62 2793 114 2829 nn;
127 2802 156 2825 et
170 2793 459 2824 schedisCombelisii.
477 2794 570 2821 Latine
587 2794 698 2829 exhibet
718 2793 855 2829 Barbarus

63 2836 93 2862 in
108 2827 223 2865 Catena,
238 2835 404 2866 postremam
417 2833 508 2858 autem
526 2828 607 2861 hujus
630 2827 774 2863 fragutenti
788 2835 854 2863 par-

913 2273 1004 2302 pretcs
1019 2276 1072 2295 non
1088 2270 1245 2302 vertissent,
1265 2279 1274 2295 ι
1292 2271 1480 2303 turbaverunt,
1494 2281 1503 2297 ι
1520 2276 1557 2304 et,
1577 2282 1586 2298 ι
1600 2274 1699 2299 tumul-

914 2318 1033 2345 tuantur,
1049 2323 1058 2340 ι
1077 2319 1105 2341 ιιι
1120 2314 1308 2349 Symmachus,
1330 2324 1344 2343 a
1361 2316 1453 2349 verbo,
1473 2325 1482 2342 ι
1493 2316 1672 2350 fremuerunt.
1686 2328 1695 2344 I

913 2359 1003 2387 dicere
1026 2360 1138 2393 liceret,
1166 2370 1175 2386 ι
1190 2368 1251 2389 sese
1268 2361 1452 2396 jactaverunt,
1468 2372 1477 2388 ι
1504 2365 1575 2397 quod
1594 2364 1620 2390 in
1645 2372 1698 2390 uno

913 2407 1106 2441 prophetarum
1128 2411 1254 2442 putamus
1272 2409 1314 2436 his
1329 2409 1442 2436 iudicari
1461 2409 1552 2437 verbis
1565 2410 1605 2436 “z
1624 2419 1634 2435 ι
1649 2410 1698 2438 Se-

913 2452 1028 2480 cundum
1056 2453 1211 2488 superbiam
1235 2453 1371 2482 Jordanis.
1389 2464 1398 2480 ι
1419 2455 1451 2482 Et
1474 2455 1601 2489 quoniam
1628 2457 1697 2490 «qui

914 2503 992 2534 negat
1011 2498 1108 2526 Filium
1125 2519 1133 2533 ,
1159 2507 1209 2527 nec
1231 2500 1339 2528 Patrem
1365 2501 1446 2528 habet
1469 2501 1502 2533 ³³,
1521 2509 1530 2526 ι
1552 2506 1578 2528 et
1601 2502 1668 2536 «qui
1686 2511 1695 2526 ι

913 2544 1051 2572 Christum
1067 2553 1076 2570 ι
1091 2545 1198 2580 recipit,
1212 2545 1309 2580 recipit
1324 2545 1398 2572 illum
1421 2546 1466 2580 qui
1480 2545 1552 2573 misit
1562 2556 1571 2572 ι
1589 2553 1650 2572 eum
1663 2546 1696 2577 “.

914 2591 975 2618 ideo
992 2592 1039 2626 qui
1055 2591 1153 2619 militat
1175 2591 1305 2619 adversus
1319 2591 1457 2619 Christum
1474 2611 1481 2623 ,
1507 2598 1571 2626 erga
1587 2591 1696 2619 Patrem

915 2636 1014 2672 impius
1028 2642 1080 2664 est.
1104 2637 1155 2670 Qui
1179 2644 1244 2672 ergo
1259 2637 1427 2664 fremuerunt
1437 2657 1444 2670 ,
1463 2641 1490 2664 et
1505 2637 1596 2664 inania
1611 2638 1695 2666 medi-

680 2697 702 2713 “
718 2697 819 2727 Jercm.
838 2705 852 2724 ι

930 2720 931 2723 η
949 2698 1032 2726 Zach.
1045 2706 1084 2731 χι,
1096 2699 1121 2726 5.
1161 2699 1204 2726 ³³1
1219 2698 1297 2726 Joan.
1317 2706 1349 2731 ιι,
1368 2697 1413 2725 25.
1459 2697 1482 2714 ³⁵
1496 2697 1591 2726 Matth.
1608 2705 1636 2731 ι,
1652 2697 1693 2725 40.

910 2764 989 2786 teme
1005 2759 1098 2786 codice
1110 2758 1194 2792 Regio
1210 2759 1288 2792 4818,
1306 2759 1332 2786 in
1345 2761 1431 2787 lucem
1448 2759 1543 2786 Graece
1557 2758 1641 2786 edidit
1656 2757 1698 2783 vir

910 2794 1080 2820 clarissimus
1092 2795 1207 2820 domnus
1219 2794 1374 2821 Bernardus
1391 2793 1618 2822 Montelalcottius
1627 2799 1693 2828 prnu‘

910 2830 998 2856 limin.
1016 2830 1049 2857 ad
1068 2828 1187 2864 llexapla
1197 2828 1334 2864 Origenis,
1350 2837 1409 2865 pag.
1428 2829 1474 2857 85.
