1882 3053
66 184 124 213 “05

543 181 697 210 SELECTA
717 181 750 209 IN
771 181 942 209 PSALMOS.
961 196 996 201 —
1011 179 1108 208 PSAL.
1130 179 1161 207 ll.

1607 177 1679 206 11οῦ

64 243 270 280 ἀγανακτοῦντας
295 243 342 270 ἐπὶ
366 244 398 279 τῇ
426 243 486 270 κατ’
508 244 734 279 αὐτοῦ’-ἐπιϐουλῇ
760 244 835 279 βασι-

915 247 966 275 ιηι,
986 242 1182 276 indignabundi
1200 241 1235 268 ob
1249 240 1424 268 invisibilium
1443 248 1535 275 regum
1552 247 1583 266 ac
1605 240 1676 274 prin—

65 292 124 318 λέων
133 291 176 317 καὶ
187 290 325 325 ἀρχόντων
345 289 398 316 τῶν
417 290 541 325 ἀοράτων
554 289 693 326 εἰρηκέναι
706 291 767 322 τοὺς
778 290 835 316 τέσ-

918 297 980 323 putn
1004 294 1097 315 contra
1113 287 1253 315 Christum
1276 286 1400 318 insidias,
1416 287 1519 320 primos
1532 281 1597 312 istos
1609 294 1676 319 qua-

65 343 141 370 σαρας
160 333 281 370 πρώτους
303 335 428 370 στίχους,
450 335 508 370 ἃμα
527 335 574 362 καὶ
592 335 796 372 ὲπαποροῦντσς
812 336 837 362 τί

64 381 150 416 δήποτε
173 378 259 406 ταῦτα
280 379 394 413 γίνεται.
416 377 470 405 Εἶτ’
488 380 604 415 ἐπείπερ
620 380 697 406 αὐτοὶ
717 378 787 416 ἦσαν
813 381 837 406 ot

63 426 117 457 τοὺς
131 425 285 460 ἀνθρώπους
300 425 441 460 δήσαντες,
461 426 507 452 καὶ
521 425 566 452 τὸν
581 426 685 452 ἑαυτῶν
699 426 838 459 ἐπιθέντες

63 470 144 500 αὐτοῖς
155 467 243 503 ζυγὸν,
259 469 436 504 ἀποκρίνεται
451 469 520 504 πρὸς
534 470 596 502 τοὺς
611 469 763 504 ἀγγέλουςό
777 471 842 503 Υίὸς,

62 515 102 540 τοῦ
114 513 187 547 Θεοῦ,
200 514 361 550 προτρέπων
378 515 476 547 αὐτοὺς
495 516 542 542 ἐπὶ
555 516 585 542 τὸ
601 515 772 552 μιμήσασθαι
786 517 836 543 αὗ-

61 561 101 587 τὸν
126 560 257 596 ρηγνὺντα
281 562 344 593 τοὺς
365 562 481 597 δεσμοὺς
504 561 558 588 τῶν
581 562 762 598 ἁμαρτωλῶν,
789 563 837 590 καὶ

61 606 268 641 ἀπορριπτοῦντα
284 606 330 634 τὸν
347 605 429 641 ξυγδν
449 607 548 635 αὐτῶν.
570 607 765 643 Διαρῤήξωμεν
789 609 837 635 καὶ

61 651 131 685 ἡμεῖς
143 651 202 683 τοὺς
217 651 332 687 δεσμοὺς
351 649 392 683 οἷς
410 652 539 688 ἐδέθημεν
558 653 759 688 ἁμαρτάνοντες
771 674 778 685 ,
795 654 835 680 ὅτι

61 697 152 731 σειραῖς
165 695 217 722 τῶν
234 696 329 723 ἑαυτοῦ
342 696 483 733 ἁμαρτιῶν
491 697 605 730 ἕκαστος
616 698 770 733 σφίγγεται.
782 699 837 726 Καὶ

59 741 121 776 τάχα
136 743 255 777 κρεῖττον
269 743 299 768 τὸ
316 742 460 779 διαρρῆξαι
475 744 537 776 τοὺς
553 744 669 779 δεσμοὺς
681 764 693 777 ,
706 745 744 776 ὡς
761 745 835 781 Σαμ-

58 785 119 820 ψὼν,
134 786 178 813 τοῦ
193 787 272 814 λῦσαι
288 788 400 821 αὐτοὺς,
413 789 450 820 ὡς
467 789 575 816 λέλυται
589 789 640 825 τῆς
658 790 835 826 Ἰερουσαλὴμ

58 833 71 866 ἡ
87 833 215 869 ἁμαρτία·
231 834 271 860 ὅτι
287 833 394 866 ἐδέξατο
416 836 447 861 ἐκ
464 835 554 871 χειρὸς
577 836 679 872 Κυρίου
703 836 785 863 διπλᾶ
802 837 834 864 τὰ

56 878 231 914 ἁμαρτήματα
245 880 340 916 αὐτῆς.
360 880 389 906 '0
403 880 431 907 δὲ
446 881 600 916 ἀπορρίψας
616 882 662 916 ἀφ’
677 882 774 910 ἑαυτοῦ
788 883 833 910 τὸν

890 339 950 362 tuor
965 334 1115 361 versiculos
1129 333 1274 368 pronuntia
1281 339 1333 364 ssc,
1351 337 1378 359 et
1392 332 1471 359 simul
1487 331 1675 358 Sllltdubilztsse

889 380 922 407 ad
936 380 1001 414 quid
1015 380 1064 407 ista
1081 379 1187 406 lierent.
1207 378 1307 405 Deinde
1322 377 1451 412 quoniam
1470 377 1519 410 ipsi
1535 381 1614 403 erant
1628 376 1673 410 qui

889 425 1012 452 homines
1026 424 1155 460 ligabaut,
1169 429 1197 451 et
1212 431 1289 451 suunt
1304 422 1368 457 ipsis
1378 422 1470 456 jngunt
1488 423 1673 456 itnponcbant,

888 471 969 498 aitead
987 471 1097 505 angelos
1114 478 1177 498 suos
1192 469 1277 497 Filius
1291 469 1350 501 Dei,
1369 469 1517 496 adhortans
1532 475 1588 499 eos.
1603 474 1631 495 ut
1646 475 1675 495 se

888 517 1060 544 imitarentur
1077 515 1184 543 vincula
1201 520 1375 550 peccatoruttt
1397 514 1609 548 disruntpentetn
1625 534 1631 545 ,
1647 519 1675 540 et

885 562 977 596 jugum
996 562 1115 597 ipsorum
1139 561 1340 596 projicientetn.
1359 560 1549 594 Dirumpamus
1573 563 1600 586 et
1625 567 1675 585 nos

888 607 993 634 vincula
1007 626 1014 639 ,
1036 608 1135 642 quibus
1155 610 1300 641 peccantes
1323 605 1397 640 ligati
1421 613 1525 638 sumus,
1544 605 1673 639 quoniam

887 653 997 680 funibus
1013 657 1187 687 peccatorum
1204 659 1315 679 suorum
1333 652 1448 686 quisque
1468 651 1673 684 constringitur.

888 699 920 726 Et
941 699 1014 726 forte
1026 703 1137 733 praestat
1164 698 1306 726 confestim
1332 698 1439 725 vincula
1457 698 1628 732 disrumpere
1645 701 1673 724 ut

887 743 1011 776 Samson,
1026 751 1107 779 quant
1124 743 1282 774 dissolvere,
1299 742 1368 769 sicut
1391 746 1531 778 peccatum
1548 741 1674 768 Hieroso-

886 789 964 826 lyma:
979 790 1095 818 solutum
1113 789 1182 822 fuit;
1199 789 1326 824 quoniam
1345 788 1446 821 recepit
1464 788 1497 815 de
1520 796 1602 814 manu
1623 788 1674 814 Do-

887 830 951 863 mini
968 835 1086 870 duplicia
1103 839 1216 870 peccata
1234 843 1293 862 sua.
1309 834 1360 868 Qui
1380 841 1443 861 vero
1457 834 1613 868 prtcdictum
1629 834 1674 868 ju-

886 890 948 917 gum
965 889 980 909 a
995 890 1024 909 se
1038 881 1155 916 proiicit,
1173 886 1261 916 potest
1278 887 1363 908 suave
1378 880 1439 908 Jesu
1456 880 1549 915 jugnut
1569 880 1672 910 tollere.

56 923 242 972 προειρημένον
258 923 341 957 ζυγὸν
363 924 473 951 δύναται
500 926 617 961 χρηστὸν
643 927 729 961 Ἰησοῦ
754 927 833 963 ζυγὸν

936 928 993 954 leve
1014 927 1098 961 ipsius
1115 934 1183 954 onus
1202 927 1289 958 l'erre,
1304 932 1332 954 et
1350 926 1408 953 fieri
1434 926 1573 961 subjugale
1593 925 1672 960 ejus:

55 968 122 1000 ἁραι,
137 968 182 994 καὶ
197 968 291 1005 φέρειν
307 969 338 996 τὸ
354 970 471 1006 ἐλαφρὸν
485 971 567 998 αὐτοῦ
586 973 705 1008 φορτίον,
723 975 770 1000 καὶ
787 983 833 1009 γε-

915 981 966 1008 que
982 973 1106 1008 discipuli
1124 973 1261 1000 vinculum
1278 973 1362 1008 ipsius
1382 972 1498 1000 solvent.

54 1010 138 1038 νέσθαι
153 1012 297 1047 ὑποζύγιον
311 1013 410 1041 αὑτοῦ·
427 1015 473 1041 καὶ⁵
488 1015 599 1042 Λύσουσι
612 1015 658 1043 τδν
675 1016 774 1052 δεσμὸν
786 1017 837 1043 αὺ-

55 1055 96 1081 τοῦ
107 1058 129 1083 oi
142 1057 269 1094 μαθηταί.

89 1103 151 1130 Τότε
167 1104 298 1139 λαλήσει
315 1105 390 1139 πρὸς
404 1106 515 1139 αὐτοὺς
530 1107 566 1134 ἐν
578 1107 652 1142 ὀργῇ
668 1108 771 1141 αὐτοῦ,
783 1109 834 1136 καί

920 1107 1001 1135 Vens.
1022 1107 1049 1134 5.
1068 1106 1142 1133 Tum:
1158 1107 1278 1141 loquetur
1295 1107 1330 1133 ad
1345 1115 1388 1133 eos
1414 1106 1440 1133 in
1455 1106 1497 1132 ira
1517 1113 1565 1132 sua
1577 1125 1584 1136 ,
1606 1109 1631 1131 et
1646 1107 1673 1131 in

54 1148 84 1172 ἐν
106 1148 142 1181 τῲ
162 1149 244 1184 θυμῷ
262 1150 354 1177 αὑτοῦ
377 1151 498 1185 ταράξει
524 1153 647 1186 αὐτούς,
670 1162 696 1180 κ.
711 1162 736 1181 τ.
754 1154 777 1180 ἐ.
801 1155 833 1181 Ol

917 1159 974 1178 rore
990 1159 1038 1178 suo
1060 1151 1227 1178 conturbabit
1240 1159 1301 1183 eos,
1318 1155 1370 1178 etc.
1391 1151 1538 1178 Sermones
1559 1150 1673 1177 commi-

53 1192 118 1226 λόγοι
137 1193 188 1220 τῶν
203 1194 325 1223 ἀπειλῶν
342 1195 409 1231 (75),
422 1197 496 1232 λόγοι
518 1198 587 1225 εἰσὶν
601 1199 630 1225 ἐν
649 1199 717 1235 ὀργῇ
742 1200 832 1234 ἀπαγ-

915 1196 980 1223 ιιοι-ίί
993 1200 1206 1223 sutttsertuones
1215 1196 1262 1230 qui
1278 1195 1303 1222 in
1318 1196 1355 1222 ira
1370 1194 1587 1230 pronuntiantur.
1604 1193 1672 1220 Mala

54 1238 208 1274 γῖλλόμενοι,
232 1241 417 1276 ’Υπισχνείται
431 1243 459 1269 δὲ
475 1243 489 1269 6
501 1243 567 1275 Θεὸς
583 1245 759 1280 μετανοήσειν
779 1246 833 1272 ἀπὸ

915 1245 973 1267 tem
991 1247 1051 1275 qntc
1065 1241 1172 1267 dixerat
1189 1239 1260 1267 Deus
1279 1247 1307 1267 se
1326 1241 1523 1274 irrogaturum,
1539 1239 1674 1274 promittit

53 1283 99 1310 171v
114 1285 203 1312 κακῶν
217 1283 256 1313 ὧν
270 1286 345 1313 λαλεί
359 1287 406 1314 τοῦ
421 1288 548 1323 ποιῆσαι,
565 1289 613 1316 ἐὰν
631 1291 832 1326 μετανοήσωσιν

931 1289 1151 1318 retractaturum,
1163 1285 1186 1312 si
1199 1285 1387 1319 paenitentiam
1404 1285 1509 1320 egerint
1524 1285 1672 1312 auditores.

53 1329 73 1354 οἱ
88 1330 234 1364 ἀκούοντες.
256 1332 385 1368 Ἐλάλησε
400 1333 468 1360 δὲνὲν
484 1335 552 1370 ὀργῇ
564 1335 646 1361 αὑτοῦ
660 1335 704 1362 διὰ
724 1336 801 1364 Ἰωνᾶ
818 1338 833 1364 6

915 1337 1002 1358 tcutus
1019 1336 1060 1358 est
1077 1331 1102 1358 itt
1119 1331 1158 1358 ira
1175 1339 1223 1358 sua
1239 1332 1308 1359 Deus
1323 1339 1370 1366 per
1383 1331 1478 1358 Jonam
1495 1330 1624 1358 Ninivitis
1639 1330 1671 1363 ";

51 1375 110 1406 Θεὸς
126 1378 181 1409 τοῖς
200 1378 368 1411 Νινευῖταις·
381 1380 428 1406 καὶ
442 1381 503 1406 ἐπεὶ
518 1381 547 1408 ὲν
565 1380 660 1417 σάκκῳ
674 1382 720 1408 καὶ
740 1382 832 1418 σποδῷ

921 1377 1048 1412 quoniam
1061 1377 1088 1404 itt
1102 1385 1183 1405 sacco
1204 1382 1231 1404 ct
1245 1377 1337 1404 cinere
1349 1378 1537 1412 paenitentiam
1548 1381 1672 1411 egerunt,

53 1422 222 1458 μετενόησαν,
248 1424 325 1451 οὐδὲν
345 1425 511 1452 πεπόνθασιν
531 1423 568 1454 ὧν
592 1427 736 1462 ἀκηκόασι.
761 1428 833 1464 [lpo-

915 1423 949 1450 hil
970 1423 1042 1458 passi
1059 1427 1122 1450 sunt
1140 1430 1233 1450 eorum
1250 1430 1310 1457 qua:
1326 1422 1499 1450 audiverant.
1523 1422 1670 1450 Progu-ire.

51 1465 172 1498 ιγίνωσκέ
183 1476 212 1495 τε
228 1470 242 1495 6
257 1469 333 1501 Θεὸς,
348 1470 466 1506 πέμπων
488 1472 534 1499 τὸν
556 1473 657 1506 Ἰωνᾶν,
669 1473 718 1509 τὴν
732 1475 830 1510 ἐσομέ-

916 1474 925 1496 ι
939 1477 1035 1504 nempe
1047 1469 1127 1503 Deus,
1143 1477 1204 1498 cttttt
1218 1469 1314 1497 .lonant
1332 1470 1467 1502 mittebat,
1481 1469 1601 1497 facturos
1618 1477 1674 1504 pa:-

50 1517 92 1554 vr,v
113 1512 271 1545 μετάνοιαν·
287 1514 334 1540 ἐπὶ
351 1516 474 1552 σωτηρίᾳ
491 1516 612 1551 δηλονότι
625 1518 706 1546 αὐτὸν
724 1519 831 1554 ἔπεμπε

915 1515 1024 1542 tentiam
1047 1515 1183 1550 siquidem
1216 1514 1312 1543 Jonatn
1343 1514 1375 1544 iis
1412 1515 1483 1542 misit
1502 1515 1528 1542 in
1546 1515 1671 1543 salutem.

49 1553 88 1580 τὸν
108 1555 208 1585 Ίωνᾶν.
228 1559 306 1594 Τάχα
319 1559 347 1586 δὲ
359 1561 406 1587 καὶ
419 1561 511 1589 ἐνθάδε
524 1562 570 1589 ἐπὶ
586 1564 708 1599 σωτηρίᾳ
720 1553 831 1600 λαλήσει

915 1566 965 1589 πιο
980 1569 1046 1588 vero
1062 1561 1145 1588 etiam
1166 1561 1210 1588 ltic
1227 1561 1259 1587 ad
1278 1561 1391 1589 salutem
1409 1561 1534 1596 loquetur
1547 1563 1580 1588 ad
1600 1563 1672 1597 ipsos

49 1601 109 1635 πρὸς
125 1603 222 1637 αὐτοὺς
236 1606 301 1638 τοὺς
315 1607 531 1642 ἁμαρτάνοντας,
552 1609 581 1635 ὲν
601 1609 668 1645 ὀργῇ
685 1610 778 1639 αὑτοῦ.
792 1611 830 1638 οὐ

915 1612 1043 1634 ηεοειιοτοδ
1058 1607 1083 1633 itt
1106 1607 1145 1633 ira
1165 1615 1224 1634 sua.
1238 1607 1296 1634 Non
1316 1607 1388 1635 enittt
1405 1607 1493 1634 dixit:
1510 1607 1607 1636 Puniet.
1624 1615 1673 1637 eos

48 1646 95 1683 γὰρ
117 1646 174 1676 εἶπε
187 1659 193 1666 ·
215 1652 336 1679 Κολάσει
354 1653 452 1685 αὐτοὺς
472 1654 500 1680 ὲν
516 1654 584 1690 ὀργῇ
605 1655 688 1682 αὑτοῦ
713 1657 759 1683 καὶ
779 1658 832 1693 μὴν

929 1653 968 1680 ira
987 1652 1174 1685 sua,etiatnsi
1189 1653 1378 1687 paenitentiam
1395 1654 1511 1688 egerint.

50 1696 271 1732 μετανοήσαντας.

81 1741 131 1768 Τοῦ
156 1743 263 1771 αὐτοῦ.
285 1744 412 1779 Διαφέρει
434 1744 464 1770 δὲ
484 1744 570 1780 θυμὸς
593 1745 680 1781 ὀργῆς
696 1747 750 1783 (74)
767 1768 775 1781 ,
793 1749 833 1781 ὥς

918 1742 996 1779 54],
1022 1743 1160 1778 Ejutdnn.
1186 1742 1321 1770 Caeterum
1337 1743 1413 1770 furor
1427 1745 1468 1778 (ut
1490 1745 1566 1771 aiunt
1588 1745 1670 1779 periti

47 1791 104 1828 (ξασι
123 1787 169 1813 καὶ
185 1788 210 1814 οἱ
227 1788 293 1824 περί¹
310 1788 344 1815 τὰ
364 1789 482 1824 ὀνόματα
507 1789 597 1822 δεινοὶ,
622 1791 661 1826 τῷ
677 1791 762 1827 θυμὸν
782 1793 832 1828 μὲν

915 1788 1034 1823 nninum)
1056 1788 1146 1816 dili'ert
1166 1789 1200 1816 ab
1219 1789 1271 1823 ira,
1288 1790 1359 1824 quod
1376 1789 1451 1816 furor
1467 1790 1507 1816 ira
1530 1791 1565 1817 sit
1587 1790 1670 1817 fumi-

46 1826 106 1856 εἷναι
128 1832 214 1868 ὀργὴν
238 1833 471 1871 ἀναθυμιωμένην
496 1835 544 1862 καὶ
570 1834 610 1862 ἔτι
630 1826 830 1874 ἐκκαιομένην,

919 1841 949 1861 ns
960 1839 988 1862 et
1003 1835 1092 1862 adhuc
1108 1843 1237 1867 accensa,
1251 1835 1290 1861 ira
1304 1842 1368 1862 vero
1382 1836 1513 1870 appetitio
1532 1836 1669 1864 vindictae.

45 1874 121 1911 ὀργὴν
137 1876 165 1903 δὲ
180 1877 273 1914 ὄρεξιν
287 1879 535 1915 ἀντιτιμωρήσεως.
564 1880 651 1908 Οῑονεὶ
675 1879 721 1908 οὖν
739 1883 831 1909 ἀτελέ-

915 1886 953 1912 'go
973 1878 1057 1906 veluti
1080 1879 1266 1914 impcrl'ectior
1283 1879 1321 1906 ira
1336 1884 1378 1907 est
1393 1879 1487 1912 l'uror,
1505 1879 1561 1913 jam
1578 1885 1670 1907 autent

46 1926 132 1955 στερος
156 1922 206 1958 τῆς
229 1923 318 1959 ὀργῆς
333 1925 406 1951 ἐστιν
423 1925 437 1950 6
459 1924 555 1960 θυμὸς,
576 1926 623 1952 καὶ
643 1926 693 1962 ἤδη
715 1927 783 1963 πρὸς
800 1929 831 1955 τὸ

920 1925 1086 1960 perfectione
1101 1925 1218 1959 quadam
1231 1930 1275 1952 est
1294 1926 1348 1952 ira.
1373 1924 1450 1952 Nunc
1471 1925 1590 1952 vindicta
1609 1930 1670 1953 tan-

44 1963 210 2003 ἀποτέλεσμα
223 1977 251 1995 τι
272 1969 347 1997 ἐστὶν
359 1971 375 2004 ὴ
387 1971 467 2006 ὀργή.
489 1971 648 1998 Ἀκουοτέον
662 1971 691 1998 δὲ
712 1972 761 2008 τῆς
782 1973 830 2000 ἀν-

915 1979 963 1998 tatn
982 1971 1009 1998 in
1023 1971 1169 1998 utilitatem
1197 1976 1320 1998 nostram
1346 1979 1397 2006 pro
1414 1972 1546 2007 supplicio
1564 1972 1670 2000 delictis

44 2015 243 2050 τιτιμωρήσεως
259 2015 309 2043 νῦν
318 2016 357 2048 ὡς
367 2017 434 2053 πρὸς
445 2017 493 2053 τὴν
507 2018 645 2054 ἡμετέραν
662 2019 760 2054 χρῆσιν
769 2021 831 2047 ἀντὶ

916 2018 983 2050 bito,
1010 2021 1038 2045 et
1060 2017 1191 2052 appetitio
1215 2025 1264 2052 pro
1284 2017 1424 2045 voluntate
1437 2018 1594 2053 accipienda
1617 2023 1670 2047 est.

43 2057 86 2092 τῆς
102 2060 238 2094 κολάσεως
260 2063 311 2097 τῆς
332 2063 378 2090 ἐπὶ
399 2064 456 2095 τοῖς
475 2064 689 2100 ἡμαρτημένοις,
708 2066 755 2092 καὶ
779 2067 829 2102 τῆς

915 2064 957 2091 tod
974 2068 1064 2090 autem
1077 2062 1152 2090 furor
1169 2063 1258 2090 minor
1273 2063 1308 2090 sit
1324 2063 1361 2089 ira
1382 2063 1466 2098 liquet
1481 2071 1513 2091 ex
1527 2064 1670 2099 Scriptura

43 2103 149 2139 ὀρέξεως
163 2108 223 2135 ἀντὶ
241 2109 293 2144 τῆς
309 2108 453 2145 θελήσεως.
472 2110 533 2137 ’Ότι
548 2110 672 2146 μέντοιγε
693 2111 740 2138 καὶ
758 2112 830 2139 κατὰ

915 2113 999 2143 cente,
1016 2109 1267 2144 reprehensionem
1279 2110 1304 2136 in
1332 2110 1424 2137 furore
1436 2130 1443 2143 ,
1465 2110 1670 2145 castigationem

42 2151 86 2186 τὴν
97 2151 169 2180 θείαν
182 2154 299 2190 Γραφὴν
311 2154 422 2182 ἔλαττόν
434 2157 462 2182 τί
467 2156 542 2183 ἐστιν
552 2157 567 2183 6
578 2156 663 2192 θυμὸς
673 2158 723 2193 τῆς
733 2158 828 2194 ὀργῆς,

927 2156 966 2182 ira
985 2155 1055 2183 ﬁeri.
1078 2155 1187 2184 Dicitur
1211 2157 1283 2184 enitn
1297 2156 1344 2183 “1
1362 2165 1371 2182 ι
1392 2156 1515 2188 Domine,
1532 2164 1565 2183 ne
1582 2156 1606 2183 in
1625 2156 1669 2182 fu-

43 2196 113 2232 δῆλον
129 2201 161 2226 ὲκ
178 2200 227 2227 τοῦ
248 2200 378 2236 λέγεσθαι
396 2201 505 2237 ἔλεγχον
522 2203 571 2238 μὲν
589 2202 668 2239 θυμῷ
685 2204 808 2239 γίνεσθαι
820 2225 828 2238 ,

916 2209 943 2229 re
954 2206 1000 2229 tuo
1012 2210 1111 2238 arguas
1124 2210 1178 2235 me,
1190 2210 1276 2238 neque
1290 2203 1316 2229 in
1333 2202 1372 2229 ira
1386 2207 1430 2229 tua
1446 2202 1579 2236 corripias
1594 2209 1664 2229 nte.-

43 2243 174 2290 παίδευσιν
196 2246 227 2272 δὲ
247 2247 329 2282 ὀργῇ.
357 2246 463 2283 ιΚύριε
476 2256 484 2272 t
504 2247 577 2284 γὰρ,
600 2249 683 2284 φησὶ,
710 2259 719 2275 t
737 2250 774 2286 μὴ
790 2251 830 2287 τῷ

915 2248 1013 2283 'guilur
1033 2249 1057 2276 is
1076 2249 1122 2283 qui
1136 2249 1225 2276 adhuc
1242 2255 1318 2283 spem
1338 2248 1423 2276 habet
1438 2247 1495 2275 fore
1509 2253 1538 2275 ut
1556 2252 1678 2275 sanetur.

43 2287 113 2325 θυμῷ
125 2298 171 2318 σου
190 2291 308 2328 ἐλέγξῃς
321 2300 373 2327 με,.
386 2291 453 2328 μηδὲ
476 2294 509 2328 τῇ
526 2294 595 2329 ὀργῇ
616 2303 663 2321 σου
681 2295 834 2332 παιδεύσῃς

918 2293 972 2320 rbis
983 2293 1087 2329 absque
1099 2294 1243 2328 examine;
1259 2296 1304 2323 cui
1320 2299 1411 2322 autent
1427 2293 1601 2328 reprehensio
1615 2300 1669 2321 non

43 2343 81 2368 με.
96 2345 105 2361 ›
119 2336 279 2372 Ἑλέγχεται
293 2337 322 2364 δὲ
333 2338 347 2363 6
358 2337 398 2364 ἔτι
413 2336 509 2364 ἐλπίδα
528 2337 598 2373 ἔχων
613 2338 762 2375 θεραπείας
779 2341 830 2376 τῆς

915 2339 993 2373 oluit,
1022 2340 1044 2368 is
1071 2340 1173 2376 indiget
1197 2341 1370 2376 correptione
1387 2347 1449 2375 qua:
1466 2340 1495 2366 ﬁt
1511 2338 1623 2375 ﬂagellis
1641 2343 1670 2366 et

41 2382 115 2415 χωρὶς
130 2382 258 2417 βασάνων
275 2382 320 2409 διὰ
336 2382 415 2417 λόγου
432 2382 654 2419 καθαπτομένου·
671 2385 685 2411 6
700 2384 728 2411 δὲ
747 2385 830 2421 μηδὲν

915 2386 975 2420 rgis.
987 2385 1133 2421 Correptio
1148 2391 1240 2414 autent
1256 2387 1349 2414 statim
1363 2387 1473 2421 quidem
1491 2394 1543 2413 non
1563 2385 1669 2412 videtur

39 2427 81 2452 ἀπ’
100 2428 212 2464 ἐλέγχου
235 2429 390 2464 ὠφεληθεὶς
412 2429 508 2464 χρῄζει
529 2429 697 2462 παιδεύσεως
717 2431 767 2466 τῆς
785 2431 829 2458 διὰ

41 2474 171 2509 μαστίγων
198 2475 247 2502 καὶ
270 2474 388 2511 ῥάϐδων.
413 2475 492 2502 Πᾶσα
508 2475 561 2511 γὰρ
582 2475 688 2503 παιδεία
707 2477 775 2512 πρὸς
796 2476 827 2503 τὸ

41 2520 119 2554 παρὸν
135 2521 166 2547 οὐ
180 2521 258 2548 δοκεῖ
270 2521 359 2556 χαρᾶς
375 2518 453 2554 εἶναι,
473 2520 540 2548 ἀλλὰ
556 2520 654 2557 λύπης·
672 2521 783 2558 ὕστερον
796 2522 825 2548 δὲ

41 2566 137 2601 καρπὸν
149 2567 292 2603 εἰρηνικὸν
304 2569 361 2599 τοῖς
376 2567 409 2593 δι’
420 2567 748 2603 αὺτῆςγεγυμνασμένοις
758 2568 826 2595 ἁπο-

39 2610 121 2639 δίδωσι
130 2612 318 2647 δικαιοσύνης.
336 2612 456 2647 Λαλήσει
465 2612 554 2639 τοίνυν
569 2614 583 2639 6
598 2613 664 2645 Θεὸς
684 2614 753 2649 πρὸς
764 2614 827 2645 τοὺς

40 2656 228 2694 ἡμαρτηκότας
244 2658 294 2690 οὓς
309 2659 409 2694 ἐκγελᾷ
431 2659 478 2685 καὶ
498 2659 658 2696 μυκτηρίζει
682 2659 722 2686 ἐτι
747 2659 827 2692 ὄντας

40 2702 65 2727 ὲν
76 2705 128 2735 τοίς
144 2703 365 2740 παραπτώμασι,
381 2705 429 2731 καὶ
444 2703 478 2730 δι’
492 2704 668 2740 ἀναισθησίαν
681 2705 751 2740 μέγα
763 2714 829 2742 (peo—

69 2770 222 2800 “10mm.
262 2771 287 2788 δ’
301 2770 344 2799 Ps.
362 2778 398 2806 vt,
415 2771 441 2799 1.

70 2828 122 2868 (Ἰζᾶ)
143 2830 350 2868 οίλόαοι-τῶν
362 2829 508 2868 daremdii}
522 2835 575 2868 e_tc.
589 2866 594 2868 ν
608 2827 629 2857 Ε
658 2830 750 2858 codice
776 2831 824 2868 Ba-

40 2865 168 2897 rnrciano,
185 2872 214 2892 et
227 2874 243 2892 e
267 2865 371 2894 Catena
386 2865 520 2894 tlorderii.
537 2865 633 2894 Latino
654 2869 764 2895 exstant
794 2867 823 2894 in

39 2898 130 2926 Catena
143 2899 270 2928 litrbat'i.
464 2914 467 2915 ν

878 2431 999 2465 jucunda
1015 2436 1043 2459 et
1056 2432 1126 2460 citra
1143 2432 1310 2469 molestiam,
1332 2436 1427 2467 postea
1445 2439 1510 2458 vero
1524 2431 1668 2466 paciﬁcum

880 2478 992 2512 iustitiae
1007 2479 1124 2507 fructum
1140 2479 1222 2507 all'ert
1237 2479 1272 2507 iis
1288 2478 1333 2514 qui
1345 2479 1370 2505 in
1384 2486 1414 2505 ea
1427 2477 1537 2506 exerciti
1555 2476 1666 2504 fuerint.

878 2524 918 2551 Ad
938 2530 1096 2560 peccatores
1114 2526 1195 2562 igltur
1206 2532 1275 2561 quos
1295 2525 1391 2552 irridet
1402 2529 1429 2551 et
1440 2524 1590 2551 subsannat
1603 2523 1667 2550 dum

878 2571 967 2599 adhuc
979 2571 1005 2599 in
1022 2572 1144 2606 peccatis
1161 2576 1234 2603 eunt,
1253 2575 1281 2598 et
1295 2577 1351 2606 prae
1365 2570 1529 2597 hebetudine
1539 2576 1667 2596 sensuum

879 2616 912 2644 de
930 2617 1049 2652 propriis
1062 2617 1141 2645 malis
1168 2622 1295 2651 tanquam
1319 2616 1398 2643 battis
1427 2623 1487 2643 sese
1504 2613 1619 2642 efferunt
1634 2622 1666 2641 ac

879 2662 1041 2697 gloriantur,
1051 2663 1177 2698 loquetur
1189 2663 1262 2690 Deus
1275 2662 1302 2690 itt
1316 2662 1355 2690 ira
1369 2669 1429 2694 sua,
1444 2669 1471 2689 et
1484 2661 1543 2688 illos
1556 2665 1666 2688 ostenso

882 2708 975 2737 furore
987 2709 1174 2737 conturbabit.
1195 2709 1263 2737 Cum
1275 2709 1348 2737 enim
1363 2715 1454 2738 sermo
1470 2708 1561 2736 furere
1570 2707 1666 2742 plenus

915 2832 970 2868 (74)
983 2832 1116 2867 Διαφέρει
1128 2832 1162 2859 δὲ
1175 2833 1268 2868 θυμὸς
1281 2833 1382 2868 ὀργῆς,
1401 2837 1454 2860 etc.
1466 2833 1486 2860 E
1504 2834 1597 2862 codice
1613 2833 1666 2862 Bap

879 2868 1014 2896 rocciano.
1029 2868 1124 2896 Latine
1138 2868 1271 2896 habentur
1286 2869 1312 2896 in
1329 2869 1432 2896 Catena
1445 2868 1567 2898 Barbari.
