1882 3053
220 174 290 201 llo"!

906 175 950 202 EX
968 174 1117 203 OlllGENE

1770 174 1825 201 “03

220 233 261 258 eis
279 232 376 258 timore
391 237 471 266 queat
485 232 674 266 paenitentiam
696 233 800 266 indere,
823 242 874 260 non
891 238 991 268 repent:

1057 233 1164 265 νοῦντας
1181 234 1218 266 ὡς
1235 234 1280 261 ἐπὶ
1292 234 1402 269 ἀγαθοῖς
1414 235 1469 266 τοῖς
1483 233 1558 265 ἰδίοις
1567 233 1673 264 κακοῖς,
1686 232 1715 259 ὲν
1726 233 1756 268 τῇ
1769 233 1825 267 ὀργῇ

219 278 299 304 infert
325 278 455 312 supplicia
482 283 510 304 et
525 279 662 305 cruciatus
684 279 843 314 priusquam
859 280 1002 314 rejecerint

218 331 276 350 eam
294 332 352 358 qum
373 323 519 350 lenioribus
545 324 671 351 remediis
689 325 858 359 proponitur,
881 327 1002 352 curatio-

218 376 290 396 nem.
307 369 478 403 Quapropter
493 370 589 396 beatus
610 369 710 397 Paulus
728 371 762 397 ad
775 370 1002 398 Thessalonicen-

218 422 261 441 ses
276 415 400 442 scribens
417 415 450 441 de
465 414 566 442 Juda-is
578 415 623 450 qni
640 416 782 443 Dominum
795 418 1000 450 cruciﬁxerunt,

217 460 308 490 ait“:
327 469 335 485 ι
355 460 488 487 Przevenit
506 468 588 495 super
601 461 663 488 illos
677 462 716 488 ira
735 469 823 496 usque
841 463 866 490 in
879 463 969 490 tinem.
989 473 998 489 ι

215 507 256 532 Att
282 513 335 533 non
361 507 541 540 praenuntiata
563 514 612 541 per
636 508 783 542 prophetas
804 508 843 535 ira
873 509 1002 543 praevenit

214 559 297 585 super
312 551 372 578 illos
389 551 434 586 qui
452 552 612 586 gravissima
636 561 750 588 quaeque
775 559 802 581 et
824 555 999 582 acerbissima

214 604 228 626 a
248 596 377 627 ltuinanis
388 597 507 631 perpessi
528 598 616 624 sunt?

250 732 331 760 Vens.
350 733 376 761 8.
390 733 500 761 Pualufa
512 744 527 761 a
545 743 596 766 nte,
610 741 632 762 et
645 736 712 762 dabo
729 736 776 763 tibi
788 741 874 771 gentes
887 737 998 763 Incredi—

215 783 294 805 talem
315 785 398 810 luam,
422 785 444 806 et
461 781 651 814 possessionem
673 786 744 808 luam
765 783 890 809 terminos
906 787 994 814 terrm,

213 828 267 852 etc.
286 824 457 853 Constitutus
480 826 552 853 enim
578 832 630 859 est,
649 833 783 862 quatenus
796 829 887 860 homo,
911 830 996 856 haeres

212 872 333 899 omnium
349 880 397 907 per
411 873 655 908 dispensationem,
672 878 702 901 ut
716 873 853 908 deinceps,
867 877 995 908 tanquam

213 919 247 946 ad
262 927 292 947 se
304 925 471 955 spectantem
489 925 515 948 et
537 920 674 955 propriam
695 928 772 948 suam
790 920 994 953 hereditatem,

211 970 388 993 conservnret
404 973 451 994 eos
463 967 510 1002 qui
523 966 549 994 in
563 972 635 994 terra
646 966 778 1001 sacrilege
788 966 902 1001 dispersi
917 971 996 994 erant

211 1018 226 1036 a
242 1010 361 1044 diabolo,
377 1011 512 1046 sociisque
528 1012 587 1046 ejus
603 1012 750 1040 virtutibus
771 1011 908 1046 malignis.
925 1011 994 1046 Quin

211 1059 239 1082 et
254 1060 362 1093 peracta
377 1055 432 1089 jam
447 1056 660 1091 dispensatione,
680 1056 715 1084 de
731 1056 810 1084 nobis
833 1057 866 1083 ad
887 1055 995 1084 Patrem

211 1107 290 1126 suum
316 1101 382 1128 dicit
394 1100 417 1117 "
432 1109 439 1127 :
457 1111 466 1127 ι
488 1101 561 1134 Quos
586 1101 682 1129 dedisti
704 1101 769 1129 mihi
783 1102 816 1129 de
830 1102 941 1133 mundo,
956 1102 995 1129 tui

210 1149 301 1178 erant,
316 1150 344 1173 et
367 1146 433 1174 mihi
454 1153 501 1173 eos
518 1146 626 1174 dedisti.
643 1157 652 1173 ι
670 1147 818 1174 Considera
841 1154 905 1175 vero
927 1154 996 1182 quo-

211 1192 290 1224 modo
301 1193 335 1220 ad
347 1193 455 1220 divitias
466 1193 517 1222 sibi
529 1193 677 1221 secundum
692 1201 801 1221 carnem
811 1199 995 1228 competentes

211 1237 430 1270 ascendatetiam
439 1246 499 1266 cum
514 1245 608 1266 carne.
621 1238 649 1265 Si
661 1238 734 1266 enim
750 1238 778 1272 il,
796 1240 841 1274 qui
853 1239 879 1266 in
896 1240 995 1267 mundo

210 1287 300 1314 erant,
312 1282 402 1311 Patris
415 1288 504 1316 erant,
520 1283 615 1318 utique
634 1284 748 1322 intelligi
773 1290 886 1319 possunt
910 1286 992 1313 etiam

211 1334 272 1355 esse
287 1327 378 1362 aliquo
399 1329 478 1355 modo
493 1328 583 1361 Verbi,
600 1328 677 1363 cujus
689 1329 805 1357 consilio
827 1334 924 1358 cuncta
947 1338 994 1365 ge-

210 1373 264 1407 rit;
281 1373 415 1409 siquidem
428 1374 509 1404 etiam
523 1374 639 1402 dixit":
654 1385 662 1401 ι
675 1375 769 1403 Omnia
785 1383 843 1404 mea
857 1381 901 1404 tua
920 1381 992 1408 sunt,

209 1424 237 1447 et
254 1424 299 1446 tua
314 1427 385 1453 mea,
402 1425 430 1447 et
455 1420 621 1449 clariﬁcatus
640 1429 700 1451 sum
716 1421 743 1449 in
759 1422 807 1449 eis.
826 1431 836 1448 ›
853 1422 994 1456 Quomodo

211 1465 296 1499 igitur
308 1465 445 1503 postulare
456 1466 577 1502 jubetur,
594 1471 622 1494 et
635 1467 735 1502 accipit
749 1467 858 1502 quidem
871 1467 897 1495 in
911 1468 994 1495 imre-

212 1507 323 1535 ditatem
344 1514 453 1543 gentes,
472 1511 671 1545 possessionem
690 1519 755 1538 vero
774 1511 839 1539 facit
862 1512 993 1540 terminos

215 1554 313 1581 terrm?
330 1554 431 1590 Nempe
454 1563 513 1582 cum
527 1556 664 1584 hominem
677 1565 691 1584 a
707 1557 798 1584 divino
809 1558 920 1585 servitio
934 1558 992 1585 ina-

210 1598 281 1625 niter
296 1599 460 1627 resilientcm
489 1601 587 1628 salvari
604 1601 683 1638 542
702 1603 792 1636 vellet,
819 1602 931 1630 Genitor
960 1611 992 1630 ac

209 1643 290 1672 Pater
305 1645 423 1673 Verbum
439 1646 606 1682 unigenitum
623 1648 648 1674 in
664 1648 792 1675 mundum
819 1650 891 1676 hunc
906 1648 991 1681 misit,

209 1692 239 1720 ut
262 1697 326 1717 caro
353 1689 463 1723 factum,
479 1695 507 1718 et
523 1693 762 1726 comprehensum,
780 1697 807 1720 et
826 1699 920 1721 natura
938 1701 991 1721 non

209 1739 350 1767 mutatum,
359 1736 519 1772 praedicaret
533 1738 647 1773 captivis
660 1739 864 1776 indulgentiam,
878 1746 905 1768 et
914 1741 993 1769 cascis

209 1780 306 1807 visunt.
323 1780 415 1816 Itaque
432 1783 556 1816 quamvis
571 1784 606 1811 ob
622 1784 817 1813 humanitatem
829 1785 935 1813 dicatur
947 1794 992 1814 ac-

208 1828 309 1864 c’pere.
328 1832 356 1855 et
382 1828 470 1856 haeres
494 1830 659 1859 constitutus
676 1839 749 1864 esse,
770 1839 822 1860 non
837 1833 991 1871 ignoremus

205 1873 447 1907 dispensationem.

242 1918 383 1954 Ejusdem.
395 1920 448 1947 Per
460 1921 645 1949 hereditatem
660 1923 783 1958 intelligit
796 1924 909 1952 rationis
919 1932 993 1952 cont-

206 1968 296 1999 potem
309 1969 447 1999 naturam,
465 1974 523 2001 quae
538 1967 596 2002 ipsa
619 1968 771 2002 hmreditat,
795 1970 866 1997 sicut
884 1971 991 2005 sapien-

207 2009 285 2041 tiam.
298 2010 335 2036 ita
358 2015 385 2036 et
403 2011 558 2044 scientiam,
582 2016 609 2039 et
626 2013 780 2046 veritatem,
801 2018 827 2041 et
843 2013 988 2048 justitiam.

206 2054 254 2082 Est
266 2060 357 2083 autem
373 2056 520 2085 hiereditas
543 2063 646 2086 natura:
671 2059 844 2087 rationabilis
867 2065 990 2088 content-

205 2100 289 2136 platio
302 2108 495 2136 eorporearum
511 2107 538 2130 et
550 2103 772 2139 incorporearum
787 2113 889 2139 rerum,
904 2111 931 2134 et
942 2106 990 2134 Dei

205 2153 250 2180 qun
265 2153 386 2174 omnium
405 2156 486 2176 causa
502 2153 554 2177 est.

243 2191 323 2219 Vens.
341 2193 367 2220 9.
383 2191 480 2220 Pasce;
495 2202 538 2221 eos
553 2195 578 2221 in
593 2195 664 2230 virga
677 2195 774 2230 ferrea,
790 2202 913 2232 tanquam
927 2208 989 2227 vam

204 2237 440 2274 ﬁguliconfringes
462 2247 516 2272 eos,
540 2244 594 2268 etc.
619 2241 664 2268 Sic
693 2247 720 2270 et
738 2244 808 2278 apud
831 2244 988 2279 Apostolnin
1005 2245 1029 2273 Ι)

205 2283 326 2311 severior
342 2284 482 2320 disciplina
497 2292 550 2320 qua
563 2287 683 2322 indigent
701 2295 860 2323 peccatores
874 2295 899 2318 et
914 2291 989 2319 inﬁr-

203 2329 304 2356 miores
321 2329 347 2356 in
366 2329 428 2363 ﬁde,
442 2330 517 2366 virga
531 2332 697 2366 nominatur,
709 2342 769 2362 cum
783 2335 820 2362 ait
833 2335 856 2350 “
869 2345 876 2363 :
892 2344 901 2361 ι
919 2335 988 2369 Quid

203 2373 309 2402 vultis?
326 2374 352 2402 in
370 2375 446 2411 virga
464 2376 570 2404 veniam
591 2377 625 2405 ad
642 2385 700 2412 vos,
717 2387 749 2406 an
763 2379 788 2406 in
806 2380 942 2407 charitate
961 2385 988 2408 et

198 2421 301 2457 spiritu
315 2423 553 2450 mansuetudinis?
570 2433 579 2450 ι
594 2423 626 2451 Ει
642 2425 731 2453 adhuc
741 2426 818 2460 prius
836 2427 905 2461 apud
918 2427 986 2454 Pro-

203 2467 312 2508 phetam
339 2469 530 2503 peccatoribus
548 2469 657 2498 divinus
671 2478 763 2499 sermo
790 2472 911 2500 minatur
930 2474 986 2500 vir-

202 2521 265 2553 gam
283 2519 310 2542 et
322 2514 438 2550 ﬂagella,
453 2523 486 2545 eo
501 2517 574 2552 quod
588 2516 805 2546 misericordiam
819 2526 872 2547 non
895 2527 985 2547 remo-

202 2564 281 2587 turus
298 2560 335 2588 sit
349 2560 383 2588 ab
404 2568 499 2589 eorum
522 2562 614 2595 Patre,
638 2563 690 2591 hoc
706 2567 763 2596 est,
778 2564 898 2592 Christo.
917 2563 985 2592 Nam

201 2604 333 2638 ejusmodi
349 2607 492 2635 curatione
505 2607 637 2645 indigent.
656 2618 666 2635 ‹
681 2608 803 2637 Visitabo
817 2619 826 2636 ι
849 2610 931 2643 enim,
945 2610 986 2636 in-

201 2649 261 2683 quit
271 2649 306 2682 ⁸⁷,
325 2659 335 2676 ι
354 2651 380 2678 in
395 2651 472 2687 virga
488 2653 643 2688 iniquitates
656 2662 762 2688 eorum,
780 2661 807 2683 et
822 2656 848 2683 in
862 2655 985 2683 verberi-

201 2695 250 2720 bus
263 2700 372 2729 peccata
384 2704 490 2730 eorum,
506 2699 720 2728 misericordiam
730 2706 820 2728 autem
832 2708 917 2728 meam
931 2709 982 2729 non

1054 278 1151 311 αὐτοῦ,
1168 279 1215 306 καὶ
1230 279 1354 314 ἐμφήνας
1369 279 1399 306 τὺ
1417 277 1579 314 θυμοῦσθαι,
1598 276 1713 313 ταράξει
1731 277 1824 307 αὐτούς.

1053 323 1090 350 Οὐ
1105 323 1159 359 γὰρ
1175 323 1281 358 ἀθρόως
1297 324 1404 357 ἐπάγει,
1422 321 1689 359 προεπιστρεπτικοῦ
1702 321 1776 355 λόγου
1791 329 1826 346 τε·

1052 368 1215 403 θυμωμένου
1232 368 1306 404 φόὃῳ
1325 369 1468 403 μετάνοιαν
1483 369 1574 400 αὐτοῖς
1593 367 1742 402 ἐμποιῆσαι
1757 367 1826 393 δυνα-

1053 414 1144 449 μένου,
1160 413 1292 449 βασάνους
1309 415 1355 441 καὶ
1368 414 1492 446 κολάσεις
1509 413 1574 449 πρὶν
1590 414 1719 440 ἀπειπεῖν
1739 413 1827 444 adma;

1051 460 1100 495 τὴν
1119 459 1162 486 διὰ
1182 459 1236 486 τῶν
1255 459 1512 495 φιλανθρωποτέρων
1530 457 1689 493 θεραπείαν·
1705 457 1827 483 Θεσσαλο-

1050 505 1154 534 νικεῦσι
1163 505 1228 540 γοῦν
1236 506 1348 541 γράφων
1357 506 1370 532 ό
1379 505 1512 541 μακάριος
1520 504 1626 536 Παῦλος
1634 503 1699 539 περὶ
1705 503 1827 530 Ἰουδαίων

1050 552 1103 579 τῶν
1121 551 1335 586 σταυρωσάντων
1350 551 1395 577 τὸν
1416 550 1517 585 Κύριον
1529 569 1536 581 ,
1554 549 1653 584 φησίν·
1671 558 1681 574 ι
1702 548 1827 582 Ἐφθασεν

1051 598 1094 625 ἐπ’
1108 597 1205 630 αὐτοὺς
1222 599 1238 633 η
1258 597 1327 633 ὀργὴ
1345 597 1386 628 είς
1402 596 1487 627 τέλος.
1501 605 1510 621 ι
1532 595 1567 621 Ἢ
1585 594 1637 621 οὐκ
1657 593 1770 628 ἔφθασεν
1788 593 1826 619 ἐπ’

1050 644 1146 676 αὐτοὺς
1163 644 1206 671 διὰ
1225 644 1366 679 προφήτας
1385 642 1401 676 ἡ
1421 639 1684 677 προαναφωνηοεῖσα
1701 638 1767 674 ὀργὴ
1782 646 1827 664 παι

1050 689 1143 721 θὸντας
1158 689 1211 715 ὑπὸ
1229 688 1370 723 Ῥωμαίων
1384 687 1471 714 πάντα
1488 685 1562 712 δεινὰ
1577 685 1624 712 καὶ
1638 685 1788 720 άνήκεστας

1084 736 1210 769 Αἲτησαι
1237 734 1306 768 παρ’
1321 733 1405 769 ἐμοῦ,
1434 733 1483 759 καὶ
1509 732 1595 759 δώσω
1616 740 1667 758 σοι
1683 732 1754 764 ἔθνη
1778 731 1830 764 τὴν

1049 781 1252 815 κληρονομίαν
1276 787 1350 811 σου,
1372 779 1420 806 καὶ
1437 778 1496 811 τὴν
1517 776 1705 811 κατάσχεσιν
1718 783 1775 802 σου
1796 775 1831 803 τὰ

1044 828 1160 862 πέρατα
1178 826 1233 860 τῆς
1247 824 1315 859 γῆς,
1331 833 1358 851 κ.
1377 833 1402 851 τ.
1419 825 1443 851 ἑ.
1461 823 1585 850 Τέθειται
1604 821 1659 857 γὰρ
1676 822 1714 853 ὡς
1729 821 1827 857 ἄνθρω-

1048 881 1097 904 πος
1116 871 1282 907 κληρονόμος
1297 871 1405 897 πάντων
1419 867 1609 904 οἰκονομικῶς,
1632 868 1677 895 ἵνα
1694 866 1785 894 λοιπὸν
1796 867 1831 899 ὡς

1048 917 1122 952 αὐτῷ
1136 916 1308 953 προσήκοντά
1323 923 1352 942 τε
1369 915 1414 941 καὶ
1435 914 1498 941 ῐδιον
1516 913 1644 949 ἀνασώσῃ
1658 912 1758 948 κλῆρον
1774 913 1831 943 τοὺς

1047 962 1093 988 ἐπὶ
1106 962 1156 997 τῆς
1171 961 1223 996 γῆς
1238 961 1353 992 ἀνοσίως
1368 958 1580 994 διεσπαρμένους
1599 957 1652 984 ὑπό
1666 965 1696 983 τε
1714 957 1760 983 τοῦ
1777 957 1830 982 δια-

1048 1007 1125 1034 ϐόλου
1136 1007 1182 1034 καὶ
1191 1006 1245 1033 τῶν
1258 1006 1306 1033 σὺν
1317 1005 1391 1041 αὑτῷ
1400 1005 1538 1040 δυνάμεων
1548 1002 1674 1038 πονηρῶν
1683 1010 1690 1017 ”
1702 998 1732 1028 οὗ
1741 1001 1787 1027 καὶ
1795 1001 1832 1032 εἱς

1048 1056 1134 1091 πέρας
1152 1053 1342 1090 ἐνηνεγμένου,
1361 1052 1428 1089 πρὸς
1444 1052 1490 1078 τὸν
1513 1049 1609 1077 ἑαυτοῦ
1629 1048 1739 1084 Πατέρα
1770 1047 1832 1082 φησὶ

1046 1101 1110 1136 περὶ
1125 1100 1218 1136 ἡμῶν·
1238 1109 1248 1125 ‹
1263 1098 1316 1130 Οὓς
1340 1097 1457 1128 δέδωκάς
1475 1105 1519 1132 μοι
1539 1096 1571 1122 ὲκ
1591 1094 1777 1143 τρξᾼκόσμρμ,
1794 1094 1834 1143 τρὶ

1045 1144 1133 1181 ἦσαν,
1147 1145 1194 1172 καὶ
1214 1144 1276 1179 ἐμοὶ
1305 1142 1403 1173 αὐτοὺς
1426 1141 1555 1171 δέδωκας.
1570 1149 1579 1165 ι
1606 1137 1703 1173 ’Δθρει
1728 1137 1762 1172 δὴ
1789 1137 1833 1162 οὖν

1045 1193 1119 1224 ὅπως
1133 1192 1173 1223 εἰς
1191 1190 1236 1217 τδν
1253 1189 1411 1225 ὑπάρχοντα
1426 1186 1500 1222 αὐτῷ
1524 1185 1638 1212 πλοῦτον
1662 1183 1735 1210 κατὰ
1756 1183 1836 1217 φύσιν

1046 1238 1132 1264 ἄνεισι
1154 1237 1201 1263 καὶ
1227 1235 1296 1271 μετὰ
1317 1234 1428 1270 σαρκός.
1443 1234 1474 1260 Εἰ
1489 1231 1544 1266 γὰρ
1556 1229 1627 1267 ἦσαν
1646 1230 1671 1257 οἱ
1690 1230 1720 1256 ἐν
1741 1229 1835 1263 κόσμῳ

1045 1283 1092 1309 τοῦ
1108 1282 1225 1317 Πατρὸς,
1240 1280 1311 1307 κατά
1327 1288 1389 1307 τινα
1403 1279 1502 1314 τρόπον
1516 1277 1636 1312 νοηθείεν
1652 1275 1685 1302 ἂν
1699 1274 1748 1300 τοῦ
1767 1283 1835 1308 συμ-

1045 1328 1216 1360 ϐουλεύοντος
1242 1326 1317 1362 αὺτῷ
1344 1326 1446 1360 Λόγου’
1471 1323 1608 1358 τοιγάρτοι
1638 1322 1686 1348 καὶ
1716 1321 1834 1355 ἔφασκε⁹

1048 1385 1057 1400 ι
1071 1374 1162 1401 Πάντα
1178 1373 1212 1399 τὰ
1232 1372 1287 1408 ἐμὰ
1306 1372 1341 1399 σά
1358 1372 1426 1403 ἐστι,
1447 1371 1495 1396 καὶ
1508 1370 1543 1396 τὰ
1559 1368 1594 1394 σά
1609 1367 1681 1403 ὲμά·
1701 1367 1750 1393 καὶ
1766 1365 1837 1392 δεδό-

1045 1420 1146 1455 ξασμαι
1161 1419 1190 1446 ὲν
1210 1418 1333 1450 αὐτοῖς.»
1357 1416 1420 1448 Πῶς
1441 1413 1488 1442 οὖν
1508 1415 1593 1441 αίτεῖν
1615 1412 1835 1448 προστάττεται,

1045 1465 1091 1492 καὶ
1102 1464 1208 1499 δέχεται
1225 1463 1274 1498 μὲν
1289 1463 1329 1493 εἰς
1343 1461 1526 1497 κληρονομίαν
1541 1460 1616 1494 ἔθνη,
1625 1458 1795 1492 κατάσχεσιν
1808 1457 1836 1483 δὲ

1046 1512 1160 1537 ποιεῖται
1177 1509 1211 1536 τὰ
1228 1509 1334 1544 πέρατα
1347 1508 1398 1542 τῆς
1415 1508 1480 1541 γῆς;
1509 1506 1770 1540 Ἀποσκιρτήσαντα
1783 1502 1836 1538 γὰρ

1045 1556 1173 1592 ὲξιτήλως
1187 1556 1233 1582 τὸν
1245 1555 1388 1590 ἄνθρωπον
1399 1552 1520 1582 δουλείας
1539 1551 1590 1585 τῆς
1606 1550 1658 1576 ὑπὸ
1673 1548 1757 1579 θεοῦ,
1781 1547 1838 1573 διαο

1046 1601 1130 1628 σῶσαι
1152 1600 1236 1627 θέλων
1257 1599 1351 1625 τοῦτον
1373 1596 1564 1632 Γενεσιουργὺς
1592 1595 1639 1622 καὶ
1665 1594 1767 1629 Πατὴρ
1789 1594 1837 1619 πέ-

1044 1655 1151 1682 πομφεν
1169 1646 1208 1678 εἰς
1228 1645 1304 1673 τόνδε
1327 1644 1373 1671 τὸν
1392 1642 1554 1678 ἐνεστηκότα
1571 1641 1672 1676 κόσμον
1689 1641 1737 1667 τὸν
1761 1648 1840 1675 μονο-

1043 1692 1110 1728 γενῆ
1123 1692 1218 1726 Λόγον,
1236 1692 1280 1718 ἶνα
1293 1690 1436 1726 γενόμενος
1454 1687 1532 1724 σὰρξ,
1549 1688 1597 1714 καλ¹
1623 1686 1776 1722 χωρηοεὶς,
1792 1687 1839 1712 καὶ

1043 1739 1123 1774 φύσει
1148 1737 1289 1774 ἀστραφὴς
1301 1757 1308 1769 ,
1327 1735 1432 1772 κηρύξῃ
1450 1733 1633 1769 αἰχμαλώτοις
1652 1732 1766 1767 ἄφεσιν,
1790 1731 1840 1757 καὶ

1043 1783 1152 1818 τυφλοῖς
1165 1781 1319 1816 ἀνάόλεψιν.
1335 1779 1440 1806 Οὐκοῦν
1453 1778 1506 1805 κᾶν
1517 1778 1541 1804 εί
1552 1777 1657 1812 λέγοιτο
1672 1776 1780 1808 λαϐεῖν,
1791 1777 1840 1802 καὶ

1041 1828 1176 1856 τεθεῖσθαι
1191 1826 1357 1863 κληρονόμος
1372 1825 1417 1852 διὰ
1429 1824 1460 1850 τὸ
1473 1823 1653 1858 ἀνθρώπινον,
1667 1823 1719 1848 οὐκ
1735 1822 1839 1855 ἀγνοή-

1043 1883 1133 1910 σωμεν
1147 1875 1196 1910 τὴν
1211 1873 1375 1908 οἰκονομίαν.

1081 1931 1135 1959 Τοῦ
1156 1930 1258 1958 αὐτοῦ.
1281 1928 1336 1964 Τὴν
1353 1926 1533 1963 κληρονομίαν
1552 1924 1609 1960 (75)
1628 1924 1702 1958 λέγει
1726 1923 1780 1959 τὴν
1794 1923 1839 1948 λος

1041 1977 1122 2012 γικὴν
1135 1976 1224 2011 φύσιν,
1238 1975 1255 2010 ἣ
1266 1974 1312 2001 καὶ
1328 1972 1396 2008 αὐτὴ
1412 1971 1575 2007 κληρονομεί
1587 1970 1626 2002 ὼς
1637 1969 1749 2004 σοφίαν,
1768 1969 1840 1995 οὕτω

1042 2023 1089 2050 καὶ
1105 2021 1215 2056 γνῶσιν,
1231 2021 1277 2047 καὶ
1289 2019 1426 2054 ἀλήθειαν,
1443 2018 1490 2044 καὶ
1503 2016 1690 2050 δικαιοσύνην.
1706 2015 1792 2041 Ἐστι
1812 2014 1840 2040 δὲ

1041 2070 1057 2104 ἠ
1073 2066 1240 2104 κληρονομία
1265 2066 1314 2101 τῆς
1330 2064 1442 2099 λογικῆς
1462 2063 1569 2098 φύσεως
1584 2062 1686 2097 θεωρία
1703 2061 1765 2087 τῶν
1788 2069 1841 2086 σω-

1042 2113 1163 2148 ματικῶν
1190 2111 1238 2138 καὶ
1261 2110 1315 2137 τῶν
1337 2109 1489 2144 ἀσωμάτων
1499 2127 1506 2141 ,
1522 2108 1570 2134 καὶ
1584 2107 1687 2133 τούτων
1703 2105 1840 2133 ἁπάντων

1040 2158 1127 2185 αίτίου
1140 2157 1219 2185 Θεοῦ.

1074 2204 1232 2239 Ποιμανεῖς
1251 2203 1362 2236 αὐτοὺς
1377 2201 1412 2229 ἐν
1422 2199 1523 2235 ῥάϐδῳ
1535 2197 1660 2233 σιδηρᾷ·
1677 2199 1721 2230 ὡς
1741 2197 1840 2227 σπειῖιδ

1042 2249 1190 2286 κεραμέως
1211 2249 1387 2283 συντρίψεις
1407 2247 1534 2279 αὐτούς,
1550 2254 1578 2271 κ.
1594 2253 1620 2271 τ.
1637 2244 1660 2270 ἑ.
1678 2244 1739 2270 Καὶ
1763 2243 1842 2286 παρὰ

1042 2284 1080 2330 τῷ
1109 2284 1260 2329 ’Ἀποστόλῳ
1287 2292 1341 2328 (76)
1368 2293 1384 2327 ὴ
1412 2289 1660 2326 ἑκπληκτικωτέρα
1676 2288 1795 2323 ἀγωγὴ,
1810 2284 1843 2321 ἧς

1041 2340 1145 2367 δέονται
1168 2340 1193 2365 οἱ
1216 2338 1418 2374 ἁμαρτάνοντες
1447 2337 1493 2363 καὶ
1518 2336 1542 2362 οἱ
1569 2334 1771 2369 ἀσθενέστεροι
1789 2332 1843 2358 τῶν

1041 2384 1248 2412 πεπιστευκέναι
1265 2381 1457 2418 νομιζομένων,
1477 2381 1573 2416 ῥάϐδος
1598 2379 1782 2416 ὀνομάζεται,
1800 2379 1844 2405 λέ-

1041 2439 1125 2464 γοντν
1146 2439 1155 2455 1
1172 2429 1204 2456 Τί
1222 2428 1329 2460 θέλετε;
1352 2428 1381 2454 ἐν
1395 2426 1485 2463 ῥάῦδῳ
1499 2426 1570 2453 ἔλθω
1583 2427 1654 2462 πρὸς
1670 2426 1762 2460 ὑμᾶς,
1779 2426 1797 2459 ἢ
1815 2426 1845 2450 ἐν

1039 2477 1144 2511 ἀγάπῃ,
1162 2475 1296 2510 πνεύματί
1315 2485 1344 2502 τε
1364 2475 1532 2510 πραότητο;;
1552 2482 1562 2499 ›
1581 2473 1637 2500 Καὶ
1646 2472 1845 2507 Esca-29615;.“

1040 2523 1115 2559 παρὰ
1130 2523 1168 2558 τῷ
1185 2523 1315 2559 Προφήτῃ
1333 2523 1390 2553 τοῖς
1402 2520 1604 2556 ἁμαρτάνουσιν
1626 2519 1641 2544 ὁ
1661 2518 1739 2549 Gaio»;
1762 2517 1844 2549 λόγος

1039 2569 1144 2596 ἀπειλεῖ
1161 2569 1256 2604 passm;
1275 2568 1321 2594 καὶ
1343 2567 1486 2603 μάστιγας,
1509 2565 1556 2592 ἐπὶ
1571 2565 1610 2600 τῷ
1625 2564 1673 2591 τὸν
1698 2564 1782 2590 ἔλεον
1805 2561 1842 2596 μὴ

1038 2615 1190 2649 ἀποστῆσαι
1219 2614 1274 2641 ὰπὸ
1304 2613 1352 2640 τοῦ
1379 2612 1485 2648 Πατρὸς
1509 2611 1614 2643 αὐτῶν,
1637 2609 1771 2638 τουτέστι
1794 2607 1842 2633 τοῦ

1038 2659 1169 2695 Χριστοῦ,
1185 2659 1312 2694 τοιαύτης
1336 2657 1481 2693 θεραπείας
1504 2656 1649 2691 δεομένων.
1671 2664 1680 2680 ε
1705 2651 1843 2680 Ὲταςχὲ-

1038 2707 1124 2742 ψομαι
1137 2716 1146 2732 ι
1165 2705 1229 2741 γὰρ,
1245 2705 1341 2740 φησὶν,
1360 2714 1369 2729 ι
1381 2705 1410 2730 ὲν
1425 2703 1515 2739 ῥάϐδῳ
1528 2702 1578 2734 τὰς
1596 2701 1716 2735 ἀνομίας
1734 2699 1842 2727 αὑτῶν,

236 2763 279 2790 ⁵³1
298 2764 393 2794 Thess.
409 2774 439 2800 u,
455 2768 499 2795 l6.
537 2768 560 2785 “
576 2767 655 2796 Joan.
667 2777 734 2804 xvn,
751 2771 778 2798 6.
815 2770 838 2786 "
858 2771 922 2798 ibid.
948 2771 990 2799 l0.

1066 2773 1074 2799 l
1090 2772 1153 2800 Cor.
1171 2779 1209 2804 tv,
1227 2772 1270 2798 2L
1309 2771 1331 2787 δ’
1348 2771 1391 2799 Ps.
1404 2778 1538 2803 uxxvnt,
1553 2771 1599 2803 33,
1611 2771 1656 2798 54.

382 2839 592 2878 κληρονρμζαν,
604 2847 657 2868 etc.
676 2843 696 2869 E
709 2843 816 2870 schedis
832 2843 934 2872 Gralvii.

238 2871 293 2907 (Ili)
310 2870 364 2898 Καὶ
380 2870 457 2909 παρὰ
475 2870 518 2907 rt};
534 2870 710 2913 Ὰπὲι-τόλῳ,
725 2883 776 2907 etc,
793 2879 811 2905 Ε
826 2870 917 2906 codice
930 2879 981 2910 Βιι-

1037 2844 1212 2909 ﬁunt-intime!
1229 2843 1336 2872 schcdis
1348 2843 1513 2873 Conabciisii.
1526 2843 1621 2874 Latine
1634 2849 1755 2875 exstant
1770 2842 1843 2879 apud

1060 2888 1089 2905 λιι
1102 2887 1196 2907 »λιι-[11η.

1060 2887 1196 2907 λιιυλιιΊιιιι.
