1882 3053
81 147 94 176 ι
100 147 151 177 ῗοῦ

593 147 748 176 SELECTA
768 147 802 175 1N
817 143 983 174 PSALMOS.
1000 162 1034 169 —
1050 145 1148 174 PSAL.
1165 144 1198 174 ii.

1648 143 1716 172 lilii

81 209 128 237 καὶ
145 211 173 236 ἐν
189 209 300 245 μάστιξι
315 209 363 241 τὰς
378 209 514 245 ἁμαρτίας
530 209 630 236 αὖτῶν·
646 209 677 236 τὸ
691 210 719 236 δὲ
735 210 807 241 ἔλεός

973 215 1086 243 pergam
1111 207 1144 234 ab
1164 214 1207 234 co.
1227 216 1236 232 ι
1253 205 1343 240 Quare
1368 209 1395 232 et
1417 205 1473 238 ipse
1487 204 1614 232 Christus
1641 204 1716 238 virga

79 255 111 282 οὐ
126 255 163 290 μὴ
176 255 345 281 διασκεδάςω
367 255 414 281 ἀπ’
431 254 524 281 αὑτοῦ.
543 265 551 280 ι
570 255 619 281 Διὰ
638 254 717 281 τοῦτο
733 255 780 281 καὶ
795 254 875 286 αὐτὸς

77 302 94 328 ὸ
123 301 239 332 Χριστὸς
267 300 363 336 ράὃδος
393 298 463 327 εἶναι
488 301 565 336 παρὰ
583 300 622 336 τῷ
639 300 739 335 Ἠσαῖᾳ
755 300 874 334 λέγεται.

84 345 156 372 ’Ἀλλ’
174 346 241 372 ὲπεί
257 355 330 377 τινες
346 346 376 372 οὐ
395 346 497 372 δέονται
511 347 560 382 τῆς
575 347 603 372 ὲν
618 346 780 382 σκληρότητι
804 347 876 380 ἀγω-

76 390 133 425 γῆς
145 391 260 423 ἑαυτοὺς
275 391 443 427 παρέχοντες
455 391 548 424 ἀξίους
559 391 610 426 τῆς
621 392 804 428 χρηστότητος
820 391 875 418 τῶν

77 435 269 471 θεωρημάτων
296 436 343 463 τοῦ
368 437 465 470 λόγου,
483 438 531 464 καὶ
552 437 631 469 ἄνθος
654 437 730 473 παρὰ
743 436 783 472 τῷ
802 433 878 470 αὺτῷ

76 483 210 518 προφήτῃ
226 483 404 518 ὀνομάζεται·
428 492 438 509 ι
462 481 648 516 Ἑξελεύσεται
685 483 759 518 γὰρ,
787 483 873 518 φησὶ,

77 527 179 564 ῥάϐδος
195 530 227 556 ὲκ
243 530 293 566 τῆς
326 529 405 566 ῥίζης
422 530 531 562 Ἰεσσαϊ,
544 529 591 556 καὶ⁴
601 529 680 561 ἄνθος
694 530 725 555 ὲκ
735 529 785 565 τῆς
798 529 875 564 ρίζης

75 574 258 609 ἀναϐήσεται,
276 575 323 601 καὶ
338 575 525 601 ἀναπαύσεται
541 576 584 601 ἐπ’
595 575 675 602 αὑτὸν
695 575 807 610 Πνεῦμα
827 575 874 602 τοῦ

73 620 157 651 θεοῦ,
176 620 284 656 πνεῦμα
300 621 396 655 σοφίας
415 621 462 647 καὶ
484 621 634 653 συνέσεως,
653 621 761 657 πνεῦμα
778 621 874 657 βουλῆς

74 665 126 692 καὶ
152 665 262 701 ἰσχύος,
283 667 392 703 πνεῦμα
418 666 545 702 γνώσεως
574 668 621 694 καὶ
645 668 796 700 εὐσεὸείας,
827 669 874 695 καὶ

72 712 214 747 ἐμπλήσει
225 712 305 738 αὑτὸν
318 713 427 749 πνεῦμα
443 712 528 748 φόϐου
545 712 622 740 Θεοῦ,
637 713 768 740 γῬάΰδου
783 714 874 740 τοίνυν

71 757 183 785 δέονται
199 767 244 785 ποι
248 759 394 795 μαινοὺσης
402 760 428 786 οῖ
434 759 647 795 κτηνωδέστεροι
660 760 713 786 τῶν
720 760 758 795 τῷ
764 760 824 795 Θεῷ
831 760 873 787 διὰ

73 803 203 839 Χριστοῦ
223 805 460 840 προσερχομένων.
484 805 641 840 Ἀναγκαῖον
666 805 694 832 δὲ
719 805 873 838 ἀκολούθως

73 849 166 876 σῶσαι
182 849 240 881 πῶς
256 851 269 877 ό
284 851 378 886 Πατὴρ
393 851 431 886 τῷ
449 851 506 887 Υἰῷ
522 860 603 887 φησιν
615 853 629 878 ὁ
640 851 701 884 δοὺς
715 852 789 888 αὐτῷ
806 852 872 887 κλη-

71 895 208 930 ρονομίαν
235 896 269 923 τὰ
286 896 365 932 ἔθνη,
391 898 438 924 καὶ
456 898 619 933 κατάσχεσιν
640 897 674 924 τὰ
696 898 804 933 πέρατα
822 898 871 934 τῆς

69 939 165 974 γῆς-νε
177 939 221 972 Ὠς
239 940 336 973 σκεῦος
353 942 495 978 κεραμέως
510 943 664 978 συντρίψεις
677 943 784 975 αὐτούς.
796 954 804 970 ι
823 945 871 976 Τίς

69 986 131 1021 γὰρ
147 986 240 1013 δίδωσι
262 987 444 1023 κληρονομίαν
465 988 515 1015 ἐπὶ
532 988 572 1024 τῷ
595 989 770 1025 συντριϐῆναι
787 989 871 1025 αὐτὴν

69 1032 128 1058 ὑπὸ
141 1032 189 1059 τοῦ
201 1033 448 1069 κληρονομοῦντος;
466 1035 591 1062 Δεικτέον
605 1033 651 1062 οὖν
659 1035 784 1063 ἀπδ”τῶν
800 1037 870 1072 Γρα-

69 1079 134 1113 φῶν
151 1079 201 1114 τὴν
216 1079 362 1116 συντριϐἠν
376 1089 456 1108 τινων
479 1081 584 1108 κεῖσθαι
610 1081 653 1108 ἐπ’
675 1083 803 1118 ὠφελείᾳ..
821 1083 871 1110 Εὖ-

71 1134 160 1160 ρομεν
186 1125 218 1161 δὴ
249 1126 279 1153 ὲν
294 1126 333 1162 τῷ
363 1127 539 1163 πεντηκοστῷ
563 1128 665 1164 ψαλμῷ
684 1129 728 1162 τὸ,
759 1139 768 1154 ι
786 1129 871 1157 Θυσὶα

69 1170 113 1206 τῷ
140 1171 202 1207 Θεῷ
226 1172 336 1208 πνεῦμα
359 1174 609 1210 συντετριμμένον
640 1175 756 1211 καρδίαν
776 1185 870 1202 συντε-

68 1218 231 1253 τριμμένην
251 1218 297 1245 καὶ
322 1220 561 1256 τεταπεινωμένην
583 1221 597 1247 ό
620 1221 686 1253 Θεὸς
716 1221 766 1248 οὐκ
795 1222 870 1255 ἐξου-

67 1263 200 1290 δενώσει*
221 1273 231 1289 ι
264 1264 311 1291 καὶ
341 1265 370 1291 ὲν
396 1265 481 1301 ἑτέρῳ
506 1267 634 1303 προφήτῃ
661 1269 870 1303 προστακτικῶς

67 1310 221 1345 λεγόμενον
236 1310 282 1344 τὺ,
312 1321 322 1336 ι
344 1311 410 1338 Ἀπὸ
437 1313 582 1348 συντριόῆς
610 1314 765 1349 πνεύματος
793 1315 870 1350 ὑμῶν

67 1355 224 1389 ὀλολύξετε.
241 1366 250 1381 ι
281 1356 385 1384 Οὐκοῦν
410 1357 519 1393 πνεῦμά
544 1359 617 1386 ἐστιν
637 1360 666 1386 ὲν
683 1361 748 1396 ἡμῖν
768 1361 782 1387 ὃ
808 1369 870 1387 συν-

66 1400 168 1436 τρίψαι
195 1401 244 1434 δεῖ,
267 1402 310 1428 ἳνα
336 1402 476 1438 συντριὸὲν
500 1403 610 1439 γένηται
634 1405 714 1432 θυσία
736 1405 774 1441 τῷ
798 1407 866 1442 Θεῷ.

66 1446 130 1496 K‘a‘t
155 1446 181 1496 τί
201 1446 233 1473 ἂν
252 1447 316 1474 ἄλλο
346 1448 424 1474 τοῦτο
446 1449 488 1484 εἴη
504 1449 520 1485 ἢ
545 1450 576 1476 τὸ
591 1452 691 1487 χεῖρον,
710 1452 776 1488 ὅπερ
794 1453 869 1496 ὑγιὲς

67 1491 126 1527 μὲν
153 1491 221 1520 εἶναι
251 1493 325 1520 δοκεῖ
360 1495 405 1521 ὅτε
437 1496 561 1532 ἐνεργεῖ·
597 1497 786 1534 συντέτριπται
807 1491 844 1526 ’δὲ
858 1520 866 1532 ,

927 254 1027 282 dicitur
1041 255 1075 282 ab
1088 253 1173 285 lsaia;
1188 253 1236 281 sed
1250 253 1378 288 quoniam
1393 257 1456 278 sunt
1470 251 1591 278 nonnulli
1606 251 1650 285 qui
1665 258 1717 278 non

928 300 1050 334 indigent
1063 299 1196 334 asperiori
1209 298 1363 333 disciplina,
1376 306 1438 325 cum
1453 298 1557 331 seipsos
1572 297 1718 324 exhibeant

929 347 1024 381 dignos
1042 346 1209 380 benignitate
1233 349 1429 379 praceptorum
1450 345 1537 375 verbi.
1562 343 1612 370 tios
1634 345 1717 371 etiam

927 393 962 418 ab
975 392 1069 419 eodem
1084 392 1219 426 propheta
1238 391 1406 417 nominatur.
1422 399 1432 416 ι
1452 390 1612 424 Egredictur
1627 391 1714 421 enim.

927 438 1016 473 inquit
1032 438 1067 469 "'.
1085 437 1165 472 virga
1185 437 1218 464 de
1246 437 1336 464 radice
1355 436 1441 468 Iesse.
1457 442 1484 463 et
1505 436 1554 463 ﬁos
1569 437 1602 463 de
1621 436 1715 463 radice

926 484 1070 515 ascendet.
1093 488 1120 510 et
1139 484 1291 518 requiescet
1311 490 1394 516 super
1416 490 1477 509 cum
1502 482 1621 516 Spiritus
1647 481 1713 515 Dei,

926 529 1038 564 spiritus
1051 529 1192 564 sapientim
1207 534 1234 555 et
1252 528 1419 561 intellectus,
1435 529 1549 562 spiritus
1563 529 1672 556 consilii
1688 533 1717 556 et

926 575 1106 607 fortitudinis.
1122 574 1235 609 spiritus
1254 575 1375 602 scientize
1396 579 1423 601 et
1439 575 1560 609 pietatis,
1584 580 1611 601 et
1627 575 1716 609 reple-

926 621 964 649 bit
979 629 1040 648 eum
1060 621 1173 656 spiritus
1186 621 1293 648 tituoris
1307 621 1364 647 Dei.
1388 630 1396 646 ι
1416 620 1541 656 ludigcut
1560 629 1626 655 ergo
1641 623 1715 655 virga

925 672 1055 702 pascente
1072 671 1210 702 quotquot
1236 675 1269 694 ex
1287 667 1320 693 iis
1336 667 1382 701 qui
1418 667 1452 693 ad
1471 667 1553 693 Deum
1575 675 1623 702 per
1637 666 1717 694 Chri-

924 719 996 741 stum
1014 714 1158 745 accedunt,
1181 713 1314 749 pecudum
1343 721 1418 740 more
1449 714 1553 740 vivunt.
1581 713 1716 740 (holerum

925 760 1101 787 considerare
1112 767 1179 795 opus
1191 764 1232 786 est
1248 759 1386 794 quomodo
1399 759 1478 786 Pater
1493 759 1537 794 qui
1556 759 1630 786 dedit
1647 758 1717 785 Filio

924 811 1018 842 gentes
1033 808 1058 833 iu
1082 807 1283 837 Iimreditatem.
1304 810 1331 832 ct
1354 806 1380 832 in
1400 806 1602 840 possessionem
1620 806 1716 832 termi-

925 860 974 879 nos
989 856 1081 881 terrae.
1097 852 1120 878 ei
1137 852 1209 879 dicat
1223 862 1229 879 z
1245 861 1254 877 ι
1272 850 1414 885 Tanquam
1432 858 1482 878 ras
1500 851 1574 886 ﬁguli
1593 850 1716 877 eouh‘in—

924 905 972 932 ges
990 897 1135 930 cos.iQnis
1150 897 1222 924 enim
1236 896 1283 923 dat
1294 897 1494 928 lmredilatem.
1517 901 1546 923 ut
1557 902 1716 923 conteratur

924 944 957 970 ab
969 944 1086 971 hcerede?
1098 943 1300 971 Ostendcudum
1315 943 1445 978 igiturest
1459 950 1473 968 e
1484 943 1634 978 Scripturis
1647 950 1716 976 quo-

923 990 1045 1016 rumdam
1061 990 1255 1017 contritiouem
1270 990 1332 1024 poni
1344 995 1473 1024 tauquam
1487 989 1591 1016 ntiicm.
1606 989 1716 1016 Inveni-

923 1045 982 1064 inus
994 1037 1091 1072 quippe
1109 1037 1134 1064 in
1149 1037 1374 1072 quinquagesimo
1389 1036 1494 1071 psalmo
1508 1036 1572 1063 illud
1583 1036 1622 1063 "z
1637 1045 1646 1062 ι
1663 1035 1715 1063 Sa-

922 1083 1054 1110 criﬁcium
1065 1083 1119 1110 Deo
1129 1083 1243 1118 spiritus
1252 1083 1460 1114 contribulatus.
1470 1090 1518 1109 cor
1528 1082 1676 1109 contritum
1686 1085 1715 1109 et

922 1129 1092 1156 humiliatqu
1104 1129 1176 1156 Deus
1188 1137 1240 1156 non
1250 1129 1392 1163 despiciet.
1405 1138 1414 1155 ι
1427 1129 1458 1155 Et
1471 1129 1505 1155 ab
1518 1128 1571 1154 alio
1583 1127 1713 1163 propheta

921 1175 1103 1209 pra-cipiendo
1119 1174 1218 1202 dicitur
1231 1175 1296 1201 illttd
1307 1174 1346 1200 "z
1361 1184 1370 1200 ι
1384 1174 1442 1201 Ριιιξ
1456 1173 1621 1201 contritione
1630 1173 1714 1208 spiri-

922 1226 966 1248 tus
979 1221 1061 1248 vestri
1077 1220 1228 1248 ululabilis.
1236 1220 1370 1256 iSpiritus
1379 1228 1443 1255 ergo
1452 1220 1478 1246 in
1489 1220 1566 1246 nobis
1577 1224 1619 1246 cst
1631 1226 1712 1254 quem

921 1266 1001 1303 543
1015 1273 1157 1294 conterere
1174 1271 1294 1301 oportet,
1319 1271 1349 1294 ut
1371 1267 1507 1293 contritus
1533 1266 1580 1293 ﬁat
1603 1265 1712 1292 sacriﬁ-

921 1313 992 1339 cium
1015 1312 1083 1339 Deo.
1109 1312 1143 1340 Et
1162 1313 1224 1347 quis
1241 1312 1311 1339 alius
1331 1315 1383 1339 iste
1399 1311 1481 1338 fuerit
1496 1319 1577 1346 quam
1592 1311 1713 1338 deterior

920 1359 966 1393 qui
998 1366 1080 1386 sanus
1099 1359 1208 1394 quidem
1233 1367 1293 1386 esse
1320 1358 1446 1390 videtur,
1477 1365 1540 1385 eum
1561 1362 1709 1392 operatur;

921 1405 1074 1433 conteritur
1098 1410 1200 1438 autem,
1217 1412 1279 1432 eum
1297 1405 1382 1431 verbo
1407 1404 1453 1431 Dei
1474 1404 1547 1431 vires
1563 1403 1621 1438 ejus
1642 1411 1710 1431 con-

921 1451 1062 1486 fregimus.
1080 1450 1181 1478 Verum
1210 1454 1237 1477 et
1264 1451 1289 1477 iu
1315 1450 1393 1477 nobis
1417 1457 1465 1476 cor
1489 1449 1624 1484 quoddam
1653 1453 1710 1482 est,

920 1498 991 1533 quod
1007 1497 1166 1532 aliquando,
1182 1504 1244 1524 cum
1255 1496 1289 1523 ob
1304 1503 1432 1530 perversa
1447 1495 1574 1530 dogmata
1591 1495 1709 1522 inuuum

63 1539 117 1567 ἄτε
134 1538 208 1575 λόγῳ
224 1540 290 1567 Θεοῦ
313 1541 363 1573 τὰς
384 1541 514 1578 δυνάμεις
529 1543 612 1570 αὑτοῦ
632 1544 802 1580 συνεθραύσα

967 1544 1005 1570 uti
1037 1543 1150 1570 noxium
1175 1549 1276 1576 corpus
1302 1546 1494 1576 coagmentata
1520 1540 1660 1568 cﬁ'crimur
1683 1545 1710 1567 et

73 1585 163 1612 Ἀλλὰ
179 1586 226 1613 καὶ
241 1586 339 1622 καρδία
364 1596 406 1619 τις
425 1589 454 1614 ὲν
475 1589 542 1624 ἡμῖν
566 1589 683 1625 ὑπάρχει
706 1591 769 1618 ποτὲ
795 1592 867 1627 μέγα

63 1631 220 1668 φρονοῦσιν
236 1633 283 1659 ἐπὶ
298 1633 448 1670 μοχθηροῖς
466 1635 582 1671 δόγμασι
606 1639 867 1674 σεσωματοποιημέ-

64 1686 128 1709 νοις
145 1680 188 1710 είς
203 1678 315 1713 ἑνότητα
335 1680 432 1715 είρμοῦ
450 1681 583 1718 ὲπιὸλάϐη
599 1682 744 1718 ὁλόκληρος
760 1684 869 1720 νομιζολ

66 1723 141 1760 μένη
155 1724 203 1751 καὶ
218 1724 364 1762 μετέωρος,
381 1726 415 1761 ἢν
427 1727 577 1761 ἀναγκαῖον
598 1729 740 1765 συντρίψαι
757 1731 803 1757 καὶ
817 1740 866 1758 τα-

64 1770 215 1803 πεινῶσαι,
232 1771 276 1802 ἵν’,
291 1772 376 1804 οὕτως
389 1773 545 1810 ἀποθεμένη
559 1775 590 1801 τὸ
605 1775 651 1802 τοῦ
668 1776 864 1808 ὲξουθενεῖσθαι

63 1815 124 1842 ὑπὸ
137 1815 206 1842 Θεοῦ
221 1814 290 1844 εἶναι
302 1817 376 1850 ἀξία,
389 1819 501 1854 γένηται
514 1821 542 1846 ἐν
558 1824 724 1858 προσαγωγῇ
739 1823 814 1858 παρὰ
825 1823 864 1859 τῷ

61 1860 245 1897 ἀμειϐομένῳ
259 1862 323 1894 τοὺς
347 1863 526 1900 αἰσθομένους
539 1866 653 1899 ἑαυτῶν,
675 1868 721 1894 καῖ
738 1869 865 1900 κακίζον-

62 1915 118 1938 τας
138 1906 188 1942 μὲν
207 1907 255 1943 τὴν
278 1909 400 1944 πονηρὰν
417 1910 507 1937 αὐτῶν
526 1911 656 1944 διάθεσιν,
679 1914 864 1949 προσφεύγον-

60 1961 118 1985 τας
130 1952 160 1979 δὲ
175 1954 207 1989 τῇ
223 1955 387 1991 χρηστότητι
403 1956 450 1983 τοῦ
469 1957 550 1992 μόνου
569 1959 748 1995 εὐεργετῆσαι
765 1961 864 1993 αὐτοὺς

57 1998 218 2034 δυναμένου
237 1999 316 2027 Θεοῦ.
330 2002 418 2037 Σαφὲς
434 2002 461 2030 δὲ
479 2003 526 2030 καὶ
540 2004 573 2030 ὲκ
587 2004 642 2031 τῶν
657 2006 863 2042 προειρημένων

61 2044 114 2071 ναὶ
121 2044 164 2078 τὸ,
176 2055 185 2070 ι
208 2046 273 2073 Ἀπὸ
282 2048 425 2084 συντριϐἦς
436 2049 590 2085 πνεύματος
599 2051 675 2087 ὑμῶν
683 2051 832 2086 όλολύξετε.
851 2063 860 2079 ι

61 2090 175 2127 ’Ὄνπερ
182 2088 228 2118 οὖν
235 2093 335 2128 τρόπον
344 2094 453 2129 πνεῦμα
460 2097 687 2132 συντετριμμένον
695 2097 775 2125 θυσία
783 2108 863 2135 προσ-

59 2136 165 2163 ακτέον
195 2137 234 2173 τῷ
256 2138 325 2173 Θεῷ,
350 2139 396 2165 καὶ
420 2140 533 2176 καρδίαν
556 2143 789 2179 συντετριμμένην
815 2145 862 2172 καὶ

57 2183 307 2219 τεταπεινωμένην
321 2184 361 2220 τῷ
378 2185 467 2217 καλῶς
492 2187 577 2222 αὐτὴν
600 2189 629 2214 ἐν
652 2189 757 2222 τούτοις
780 2199 860 2225 γεγο-

920 1589 1067 1626 magniﬁce
1081 1588 1228 1620 sentimus,
1245 1587 1380 1623 integrum
1396 1591 1424 1614 et
1439 1586 1557 1614 sublime
1568 1586 1710 1614 existima-

921 1639 976 1663 tnr.
1007 1634 1074 1662 Illud
1089 1634 1286 1662 conterendum
1311 1637 1353 1659 est
1369 1637 1398 1659 ut.
1412 1632 1536 1667 deposito
1551 1639 1583 1659 co
1597 1636 1710 1667 propter

918 1682 989 1716 quod
1005 1689 1020 1709 a
1050 1681 1104 1708 Deo
1125 1679 1339 1715 despiciebatur,
1366 1680 1480 1706 accedat
1504 1679 1538 1705 ad
1565 1678 1639 1704 illum
1661 1677 1709 1712 qui

917 1732 1075 1755 remunerat
1088 1734 1136 1754 eos
1152 1728 1198 1762 qui
1213 1727 1254 1754 sui
1271 1733 1382 1753 sensum
1400 1726 1516 1757 habent.
1533 1726 1636 1760 quique
1646 1732 1709 1760 pra-

917 1783 965 1802 vos
981 1781 1045 1802 suos
1061 1774 1218 1809 improbant
1235 1773 1357 1805 habitus,
1374 1772 1576 1807 et-coMugiunt
1599 1773 1632 1800 ad
1656 1772 1706 1800 Dei

916 1822 1068 1848 bonitatem
1093 1821 1139 1856 qui
1167 1820 1240 1847 solus
1260 1825 1351 1855 potest
1368 1820 1408 1846 eis
1426 1819 1598 1846 benefacere.
1619 1818 1708 1846 Manib

916 1867 1014 1894 festum
1043 1871 1084 1894 est
1110 1867 1192 1893 etiam
1206 1871 1239 1891 ex
1256 1865 1395 1900 przedictis
1413 1864 1479 1891 illud
1499 1874 1504 1891 :
1527 1874 1536 1889 ι
1566 1864 1624 1891 Prae
1641 1872 1706 1891 con-

916 1912 1027 1940 tritione
1049 1911 1161 1946 spiritus
1171 1910 1413 1938 restriululabitis.
1435 1919 1444 1936 ι
1458 1909 1706 1943 Quemadmodum

917 1957 1000 1993 igitur
1015 1957 1127 1991 spiritus
1141 1956 1276 1984 contritus
1292 1954 1448 1982 olferentlus
1470 1960 1514 1982 est
1537 1954 1591 1982 Deo
1617 1955 1643 1982 in
1660 1963 1706 1982 sa-

914 2004 1059 2036 criﬁcium,
1086 2008 1114 2030 et
1134 2010 1182 2030 cor
1209 2002 1358 2030 contritum
1377 2006 1404 2028 ct
1429 2001 1602 2028 lntmilialum
1630 2002 1705 2036 quod

914 2050 1076 2085 pulchre-se
1091 2050 1124 2077 in
1144 2049 1186 2076 his
1204 2047 1331 2083 gesserit;
1355 2055 1408 2074 non
1434 2047 1552 2082 despicit
1580 2048 1659 2081 Deus,
1677 2053 1706 2076 et

915 2095 1046 2123 ululatqu
1066 2103 1121 2130 pra:
1142 2094 1308 2123 contritione
1328 2095 1441 2128 spiritus
1466 2095 1597 2121 emissum
1620 2102 1706 2122 exau.

914 2142 968 2174 dit;
994 2142 1034 2170 sic
1049 2142 1176 2169 contritio
1192 2141 1316 2176 quaedam
1336 2140 1516 2176 intelligenda
1536 2143 1600 2174 erit.
1620 2149 1704 2176 quant

913 2195 1043 2225 operatur
1059 2188 1186 2216 Christus
1200 2187 1246 2222 qui
1263 2192 1291 2214 ut
1315 2187 1426 2214 obediat
1440 2186 1515 2214 Patri
1530 2195 1544 2213 ιι
1560 2194 1613 2222 quo
1625 2194 1705 2215 acce-

56 2227 143 2253 νέναι
160 2227 210 2253 οὐκ
225 2227 388 2259 ὲξουθενεῖό
404 2230 480 2262 Θεὸς,
499 2231 546 2257 καὶ
562 2231 710 2268 ὸλολυγμδν
728 2234 783 2261 ἀπὸ

966 2238 1062 2270 gentes
1078 2233 1106 2260 in
1122 2232 1322 2263 lmreditatem,
1338 2232 1411 2258 etin
1433 2232 1631 2266 possessionem
1649 2237 1703 2259 ter-

58 2273 165 2309 τριὸἦς
182 2273 337 2309 πνεύματος
355 2275 584 2312 ἀναπεμπόμενον
601 2279 757 2314 προσίεται·
774 2281 860 2314 οὕτως

58 2319 214 2355 συντριϐήν
237 2329 299 2348 τινα
324 2324 456 2358 νοήσομεν
479 2324 513 2358 ἢν
537 2325 683 2360 ἐργάζεται
709 2327 723 2353 ό
744 2327 861 2363 Χριστὸς

57 2365 228 2400 πειθόμενος
243 2368 283 2403 τῷ
298 2367 368 2395 δόντι
383 2369 457 2405 αὐτῷ
469 2369 504 2397 τὰ
518 2370 582 2407 ἔθνη
598 2371 792 2408 κληρονομίαν,
812 2375 860 2401 καὶ

56 2411 113 2446 τὴν
137 2412 301 2448 κατάσχεσιν
318 2414 352 2440 τὰ
372 2415 477 2450 πέρατα
501 2417 550 2451 τῆς
571 2417 633 2453 γῆς,
649 2419 679 2444 τὸ
697 2419 797 2453 γεῶδες
811 2421 860 2447 καὶ

56 2457 158 2484 ὑλικὸν
166 2457 220 2485 ἀπὺ
230 2459 284 2486 τῶν
297 2460 392 2488 παθῶν
402 2461 449 2487 καὶ
461 2461 516 2488 τῶν
526 2463 575 2497 τῆς
589 2465 688 2496 κακίας
704 2465 856 2502 ἰδιωμάτων

55 2504 283 2539 προσγενόμενον
302 2508 337 2542 τῇ
351 2507 430 2543 ψυχῇ,
442 2508 610 2544 συνθραύων,
629 2510 690 2537 καθ’
714 2511 729 2538 ὃ
749 2512 858 2539 εἰδωλο-

57 2549 162 2584 λάτραι
176 2547 247 2585 ἦσαν
258 2552 305 2578 καὶ
318 2552 421 2588 πόρνοι.
436 2554 492 2580 Καὶ
506 2554 560 2590 γὰρ
573 2555 681 2589 λέγεται
698 2558 726 2583 ὲν
740 2558 856 2594 ἑϐδομη-

55 2594 153 2629 κοστῷ
176 2596 283 2632 ἑϐδόμῳ
309 2597 425 2634 ψαλμῷ·
446 2609 455 2625 ι
476 2600 541 2627 Ὅτε
563 2601 723 2630 ἀπέκτεινεν
745 2604 854 2637 αὐτοὺς,

54 2640 123 2667 τότε
146 2641 260 2676 ἐζήτουν
286 2643 377 2676 αὑτὸν,
402 2645 449 2671 καὶ
465 2646 632 2682 ἐπέστρεφον
656 2648 703 2674 καὶ
723 2648 856 2685 ὥρθριζον

54 2685 132 2721 προς
150 2686 195 2712 τὸν
211 2687 288 2721 Θεὸν,
306 2689 353 2715 καὶ
376 2690 560 2726 ἐμνήσθησαν,
581 2693 621 2719 ὃτι
637 2694 651 2720 ό
668 2694 735 2726 Θεὸς
760 2695 856 2731 βοηθὸς

53 2731 153 2758 αὐτῶν
172 2733 242 2765 ἐστι,
258 2734 306 2760 καὶ
327 2735 341 2760 ὁ
365 2736 430 2768 Θεὸς
446 2737 460 2763 ὁ
477 2737 589 2772 ὕψιστος
606 2739 746 2776 λυτρωτὴς
767 2743 855 2769 αὐτῶν

54 2779 141 2804 ἐστιν,
166 2787 176 2804 ›
195 2778 254 2805 Οὐκ
266 2779 365 2807 ἄτοπον
377 2781 467 2809 τοίνυν
483 2783 514 2810 τὸ
528 2784 614 2817 οὕτως
629 2785 850 2821 ἀποκτίννυσθαι,

911 2280 1002 2308 minos
1027 2285 1126 2310 torrat,
1145 2283 1283 2305 terrenum
1308 2281 1336 2304 ct
1361 2277 1502 2304 materiale
1526 2284 1606 2304 omne
1630 2278 1703 2312 quod

910 2325 1001 2352 anima
1015 2327 1192 2351 contraxerat
1204 2329 1238 2349 ex
1253 2321 1397 2349 aﬂ'ectibus
1410 2328 1436 2349 et
1454 2322 1565 2350 malitia:
1582 2324 1705 2358 proprie-

910 2370 1157 2406 tatibus,quodque
1172 2376 1219 2396 eos
1234 2368 1390 2396 idololatras
1404 2374 1432 2396 et
1441 2368 1623 2396 fornicatores
1635 2369 1702 2396 clie-

909 2422 984 2444 ccrat
1001 2416 1160 2450 confringit.
1183 2415 1284 2442 Dicitur
1298 2415 1374 2442 enim
1393 2415 1419 2442 in
1435 2416 1704 2451 septuagesimo-se-

911 2464 996 2498 ptimo
1012 2463 1116 2497 psalmo
1127 2462 1174 2488 “‘z
1194 2469 1202 2486 ι
1221 2461 1289 2488 Cum
1305 2461 1446 2488 occideret
1460 2468 1518 2492 eos,
1541 2460 1701 2494 quaerebant

910 2516 985 2541 eum,
1010 2514 1037 2537 et
1064 2511 1283 2544 revertebantur,
1307 2516 1335 2538 et
1353 2510 1473 2538 diluculo
1499 2510 1646 2537 veniebant
1667 2511 1700 2537 ad

911 2557 1007 2590 Deum,
1021 2562 1048 2585 et
1064 2560 1236 2586 rememorati
1251 2564 1314 2586 sum
1342 2561 1413 2594 quod
1432 2560 1502 2587 Dens
1519 2559 1627 2593 adjutor
1653 2567 1701 2587 eo-

912 2611 971 2630 rum
996 2609 1049 2637 esl,
1063 2609 1091 2631 et
1107 2604 1175 2632 Deus
1195 2606 1319 2632 excelsus
1336 2606 1492 2640 redemptor
1502 2614 1597 2633 eorum
1611 2610 1662 2633 est.
1688 2615 1698 2632 ι

909 2648 968 2675 Nan
991 2649 1076 2684 igilur
1091 2651 1237 2677 absurdmn
1256 2656 1298 2678 est
1321 2652 1356 2678 ita
1378 2652 1476 2683 occidi.
1505 2658 1589 2686 atque
1610 2658 1638 2680 ut
1653 2660 1701 2680 vas

910 2695 983 2730 ﬁguli
1002 2697 1116 2723 conteri.
1135 2697 1203 2723 Nam
1219 2704 1379 2732 peccatores
1391 2718 1399 2730 ,
1416 2703 1551 2733 quatenus
1573 2704 1699 2734 peccato-

909 2749 964 2772 res,
978 2746 1006 2768 ut
1028 2742 1066 2768 ait
1083 2743 1215 2776 prapheta
1231 2742 1365 2771 Jorcmias
1386 2744 1421 2777 ",
1437 2752 1486 2772 ceu
1502 2752 1565 2772 vasa
1580 2750 1698 2773 testacea

907 2796 991 2823 opera
1013 2796 1141 2815 uiamtum
1164 2789 1237 2824 ﬁguli
1257 2791 1373 2825 rcpntati
1386 2797 1458 2819 sunt.

91 2867 114 2912 ξ’
127 2866 197 2897 isai.
213 2876 251 2903 ιι,
269 2869 276 2895 |
291 2874 316 2897 cl
334 2878 410 2906 seqq.
450 2872 470 2888 λθ
487 2872 530 2900 ΡδΔ
547 2882 571 2906 ι,
590 2874 630 2901 10.
670 2876 691 2890 ἠ
705 2875 767 2903 Ιέὲὶί.
788 2884 834 2903 ιιι

743 2875 767 2903 [ἰ.
788 2884 849 2910 ιιν,
866 2877 906 2904 Η,
948 2878 969 2894 ⁵¹
989 2878 1032 2905 Ps.
1057 2885 1159 2910 unm,
1174 2877 1217 2905 δι.
1258 2878 1302 2906 “J
1317 2887 1392 2907 u'cm.
1410 2886 1446 2913 ιν,
1461 2880 1486 2909 2.
