1882 3053
59 135 120 163 lll3

557 134 711 162 SELECTA
730 134 761 162 ΙΝ
780 133 949 163 PSALMOS.
968 151 1002 156 —-
1014 136 1112 165 ΡΞΑΙ».
1130 137 1162 164 ιι.

1602 137 1671 166 HM

63 192 155 226 Ἡσαΐᾳ
168 186 344 225 λεγομένους·
362 199 371 215 ‹
390 190 564 225 Θελήσονσιν,
578 193 601 218 εί
615 192 738 226 ἐγένοντο
754 192 833 228 πυρί-

915 193 985 220 aiam
1012 194 1113 222 dicitur
1127 195 1150 211 ⁵⁵
1170 203 1177 222 :
1203 204 1213 220 ί
1231 194 1339 227 Volent,
1355 195 1375 222 si
1394 195 1454 230 igne
1469 195 1601 223 combusti
1614 195 1672 222 fue-

58 245 160 264 καυστοι
171 245 177 251 ·
199 246 208 262 ι
228 237 275 263 καὶ
285 236 349 268 τοὺς
361 236 523 272 εὐχομένους
535 238 604 264 κατὰ
620 238 665 264 τὸν
689 237 833 274 Ἱερεμίαν,

58 283 100 308 καὶ
121 282 260 316 λέγοντας·
292 290 301 306 ι
324 281 472 308 Παίδευσον
490 282 575 317 ἡμᾶς,
600 282 697 316 Κύριε,
714 282 783 318 πλὴν
807 283 835 309 ἐν

57 328 148 364 κρίσει,
164 328 209 354 καὶ
228 327 265 363 μὴ
279 329 309 354 ὲν
324 327 414 363 θυμῷ,
430 328 473 355 ἵνα
488 327 525 364 μὴ
545 328 651 362 ὀλίγους
664 329 740 364 ἡμᾶς
760 329 835 363 ποιή-

59 383 111 411 σῃς.
127 384 136 400 ι
149 373 188 401 Τὰ
200 373 253 410 γὰρ
265 374 382 402 ἐπίπονα
396 374 443 401 καὶ
454 374 489 401 τὰ
504 375 670 411 σφοδρότερα
685 375 834 411 παραιτού-

59 427 136 454 μενοι,
152 419 200 450 τὰς
216 419 342 451 κολάσεις
362 419 393 446 οὺ
418 419 507 456 πάντη
528 419 725 455 παραιτοῦνται
748 419 782 446 δι’
798 416 835 446 ὧν

58 465 180 499 λέγουσιν.
201 465 408 501 Ἐπιστήσωμεν
421 465 450 492 δὲ
464 466 489 492 εί
510 466 549 502 μὴ
566 465 620 493 τῶν
635 465 767 497 ἑκουσίως
788 474 835 492 κο-

56 510 202 546 λαζομένων
222 511 297 538 ἐστὶν
316 512 332 546 ἡ
347 510 464 546 λέγουσα
477 511 551 547 φωνή
564 520 571 527 ·
590 520 599 538 ι
620 511 720 547 Ὀργὴν
731 510 835 546 Κυρίου

55 557 160 589 ὑποίσω,
175 557 215 584 ὃτι
231 557 355 594 ἥμαρτον
372 557 456 593 αὐτῷ,
473 557 526 589 ἕως
538 557 583 584 τοῦ
597 557 742 585 δικαιῶσαι
754 557 836 584 αὑτὸν

55 601 98 636 τὴν
111 602 185 637 δίκην
199 611 261 637 μου.
281 612 290 628 ι
312 603 388 637 Τάχα
404 601 450 630 οὖν
464 603 509 630 καὶ
527 604 550 629 oi
566 603 705 638 κρίνοντες
720 603 769 638 τὴν
784 603 836 637 γῆν

55 648 82 673 οὐ
98 647 330 683 παιδευθήσονται,
351 647 398 675 ἐὰν
419 648 456 684 μὴ
472 649 585 681 ἑαυτοὺς
598 649 636 684 τῷ
662 648 835 676 παιδεύεσθαι

55 693 212 728 παραδῶσιν.
247 694 356 729 Ἐπειδὴ
381 694 409 721 δὲ
436 695 534 730 μᾶλλον
560 693 775 730 προσετιθέμεθα
796 693 836 729 τῷ

56 739 167 773 βασιλεῖς
190 737 260 766 εἶναι
287 740 350 771 τοὺς
374 741 420 767 ἐπὶ
447 741 497 777 τὴν
519 740 627 768 σύνεσιν
652 741 836 776 καλουμένους

54 784 149 818 ἁγίους,
167 785 232 821 φέρε
244 785 441 821 παραπλησίως
453 786 552 821 ῐδωμεν
562 786 607 812 καὶ
619 786 681 817 τοὺς
695 787 836 822 κρίνοντας

54 831 98 866 τὴν
111 831 170 866 γῆν.
186 831 266 858 Ἰδιον
277 831 305 857 δὲ
319 830 398 858 τοῦτο
408 831 462 858 τῶν
481 831 566 866 ἁγίων
582 831 756 867 εὑρίσκομεν,
773 832 834 867 κρί-

54 885 103 902 νειν
113 876 145 902 δι’
160 873 197 903 ὦν
216 874 246 903 εὖ
265 877 442 913 πεποιήκασι,
467 878 530 910 τοὺς
550 878 588 913 μὴ
611 877 645 904 τὰ
667 877 747 913 ὅμοια
771 877 833 914 ἐζη-

53 920 174 954 λωκότας.
191 932 200 948 σ
222 922 333 958 Ἀνδρες
354 932 363 948 ι
383 923 437 958 γὰρ
453 932 462 948 ι
474 923 616 949 Νινευῐται
635 923 832 958 ἀναστήσονται

53 967 79 992 ὲν
97 968 128 1002 τῇ
146 967 234 1003 κρίσει
252 968 299 995 καὶ
319 968 513 1004 κατακρινοΰσι
528 969 591 1000 τοὺς
612 967 770 1005 ἀνθρώπους
784 969 834 1003 τῆς

53 1014 141 1045 γενεᾶς
148 1012 260 1049 ταύτης,
271 1014 312 1040 ὅτι
325 1014 490 1050 μετενόησαν
499 1015 539 1046 εἰς
550 1015 580 1040 τὸ
595 1015 725 1050 κήρυγμα
745 1015 832 1047 Ἰωνᾶ,

54 1058 96 1083 καὶ
114 1057 165 1085 ἰδοὺ
184 1058 277 1085 πλεῖον
295 1059 373 1086 Ἰωνᾶ
384 1056 446 1093 ὦδε,
466 1069 474 1085 ι
497 1060 580 1095 φησιν
593 1061 608 1087 ὁ
622 1060 727 1096 Σωτήρ.
754 1059 834 1086 Ἀλλὰ

54 1102 96 1128 καὶ
112 1112 120 1128 ι
134 1103 277 1138 βασίλισσα
295 1104 372 1131 νότου
392 1105 571 1141 ἐγερθήσεται
588 1106 617 1132 ὲν
629 1107 661 1141 τῇ
676 1105 775 1141 κρίσει,
786 1106 834 1132 καὶ

55 1152 205 1184 κατακρινεῖ
219 1151 283 1183 τοὺς
298 1151 458 1187 ἀνθρώπους
476 1152 526 1188 τῆς
540 1152 637 1186 γενεᾶς
656 1151 768 1187 ταύτης,
792 1151 833 1178 ὅτι

53 1194 126 1231 ἦλθεν
143 1197 196 1224 ἀπὸ
217 1197 274 1224 τῶν
293 1198 419 1233 περάτων
440 1198 489 1233 τῆς
510 1198 561 1233 γῆς
583 1197 698 1225 ἀκοῦσαι
719 1197 768 1232 τῆς
788 1206 833 1224 σο-

55 1242 111 1275 φίας
123 1242 304 1278 Σολομῶντος,
321 1244 368 1271 καὶ
385 1243 438 1270 ιδοὺ
457 1243 549 1270 πλεῖον
561 1242 732 1278 Σολομῶντος
744 1239 805 1270 ὧδε.
820 1252 830 1269 ι

55 1287 150 1314 οὐκοῦν
168 1289 309 1316 Νινευῐται
326 1289 372 1316 καὶ
393 1290 409 1324 ἡ
431 1288 574 1324 βασίλισσα
596 1288 670 1316 νότου
692 1288 747 1315 τῶν
772 1297 834 1324 κρι-

54 1331 144 1358 νόντων
164 1333 218 1360 εἰσὶ
235 1333 299 1365 τοὺς
316 1333 363 1360 τοῦ
385 1333 512 1369 Σωτῆρος
535 1332 714 1365 ἀκούσαντας,
731 1333 778 1360 καὶ
796 1333 833 1368 μὴ

56 1377 258 1411 μεταϐαλόντας,
273 1379 320 1406 καὶ
338 1379 402 1411 τοὺς
417 1380 675 1415 καταφρονήσαντας
692 1379 741 1415 τῆς
761 1378 833 1405 διδα-

55 1423 160 1455 σκαλίας
181 1424 281 1459 Ἰησοῦ.
298 1424 375 1460 Τάχα
396 1424 424 1454 δὲ
438 1424 524 1457 οὕτως
545 1425 591 1452 καὶ
605 1425 629 1452 οἱ
648 1424 695 1451 τοῦ
715 1423 834 1459 Χριστοῦ

54 1469 188 1497 ἀπόστολοι
211 1471 334 1507 κρινοῦσι
354 1471 403 1502 τὰς
421 1470 525 1497 δώδεκα
544 1470 630 1505 φυλὰς
652 1470 700 1497 τοῦ
728 1469 835 1506 Ἰσραὴλ

54 1513 88 1549 μὴ
103 1515 280 1548 ττι-στενούσας
300 1516 339 1548 είς
359 1516 406 1542 τὸν
422 1516 550 1551 Χριστόν.
570 1516 626 1542 Καὶ
641 1516 731 1543 πᾶσαν
744 1515 772 1542 δὲ
783 1515 833 1552 τὴν

53 1559 98 1594 γῆν
109 1561 133 1586 οἱ
149 1561 176 1587 ὲν
193 1560 270 1597 πάσῃ
287 1562 319 1597 τῇ
334 1562 370 1597 γῇ
389 1561 599 1592 πεπιστευκότες
614 1559 754 1596 κρινοῦσιν
769 1559 833 1587 ’ἐκα-

54 1613 104 1632 ατοι
122 1606 174 1633 πῖλν
192 1596 225 1633 ἓν
249 1596 327 1643 μέρει
346 1607 409 1639 τοὺς
438 1607 497 1633 ἐκεῖ
519 1607 661 1639 ἀπίστους.
677 1605 835 1642 Παρακαλεί

53 1651 134 1678 τοίνυν
149 1652 164 1679 6
179 1652 260 1687 λόγος
274 1653 338 1684 τοὺς
355 1653 500 1688 κρίνοντας
521 1653 570 1688 τὴν
585 1652 637 1688 γῆν
655 1653 701 1679 ἐπὶ
713 1653 761 1688 τὴν
777 1651 837 1680 παί-

53 1695 134 1724 δευσιν
158 1698 208 1733 τὴν
231 1698 303 1727 κατά
324 1698 473 1735 παράδοσιν
497 1699 663 1734 ἐπιστήμης,
691 1698 729 1730 ὠς
750 1698 797 1725 καὶ
821 1698 836 1725 6

53 1741 169 1778 Σολομῶν
195 1745 226 1771 ὲν
248 1745 310 1776 ταῖς
328 1745 502 1782 Παροιμίαις
515 1745 561 1772 ἐπὶ
584 1744 616 1771 τὸ
640 1744 706 1771 αὐτὸ
729 1743 834 1778 λέγων·

56 1796 64 1812 ι
76 1789 173 1817 Λάϐετε
185 1790 320 1824 παιδείαν,
332 1791 380 1818 καὶ
391 1791 429 1827 μὴ
439 1790 579 1827 ἀργύριον,
591 1790 638 1818 καὶ
651 1790 751 1826 γνῶσιν
765 1789 835 1827 ὑπὲρ

53 1835 155 1869 χρυσίον
165 1836 408 1873 δεδοκιμασμένον.
427 1846 437 1863 ι

87 1893 138 1920 Τοῦ
160 1894 267 1922 αὐτοῦ.
285 1894 321 1920 Ἦ
341 1894 419 1921 καλεῖ
437 1894 536 1926 αὐτοὺς
549 1894 590 1926 είς
614 1893 766 1930 μετάνοιαν,
790 1892 837 1919 καὶ

53 1937 164 1971 βασιλεῖς
185 1939 276 1972 καλεῖ,
301 1940 341 1972 είς
363 1940 432 1976 ὅπερ
447 1937 521 1975 εἶχον
545 1938 655 1974 ἀξίωμα
678 1938 837 1973 ἀνατρέχειν

52 1984 156 2012 πείθων.
178 1985 280 2012 Σύνετε
296 1983 352 2017 οὖν,
368 1982 391 2012 ὦ
410 1985 538 2020 βασιλεῖς,
559 1983 603 2011 διὰ
620 1984 647 2010 τί
669 1992 714 2019 μοι
734 1983 837 2013 δέδοται

52 2031 82 2058 τὰ
93 2030 154 2067 ἔθνη
170 2031 349 2067 κληρονομία.

83 2129 272 2156 Δουλεύσατε
286 2128 326 2161 τῷ
336 2129 434 2163 Κυρίῳ
444 2129 479 2156 ἐν
489 2129 578 2163 φόϐῳ,
591 2127 640 2155 καὶ
648 2128 835 2163 ἀγαλλιᾶσθε

51 2172 124 2206 αὐτῷ
137 2174 171 2201 ἐν
186 2175 297 2209 τρόμῳ,
315 2183 342 2202 κ.
354 2183 380 2202 τ.
398 2175 421 2201 ὲ.
436 2174 511 2207 Δόξει
531 2174 580 2210 μέν
595 2183 665 2202 τισιν
679 2174 733 2209 (79)
748 2176 761 2201 6
775 2174 835 2201 δου-
849 2197 872 2226 D

50 2218 128 2247 λεύων
142 2221 256 2252 πάντως
269 2219 362 2252 δοῦλος
375 2218 454 2253 εἶναι,
472 2221 518 2247 καὶ
536 2220 652 2256 μάλιστα
667 2220 760 2247 ἐνθάδε
772 2220 834 2247 ἐπεὶ

51 2264 202 2298 πρόσκειται.
215 2266 263 2298 τὺ,
287 2275 296 2291 ι
317 2266 346 2292 ὲν
368 2266 453 2301 φόϐῳ,
476 2276 485 2293 ι
505 2266 552 2293 τοῦ
569 2266 709 2302 εἰληφότος
727 2265 835 2302 πνεῦμα

49 2308 163 2343 δουλείας
175 2311 255 2343 ὄντος
283 2320 291 2336 ι
310 2311 339 2337 ἐν
362 2311 446 2346 φόϐῳ.
462 2320 470 2337 ι
484 2312 539 2338 Καὶ
552 2312 581 2338 οὐ
594 2311 699 2346 ψευδῶς
708 2320 739 2346 γε
753 2312 833 2344 δόξει.

49 2354 158 2383 Δύναται
177 2356 206 2383 δὲ
231 2357 281 2383 καὶ
301 2357 315 2383 6
339 2356 395 2388 υίὸς
415 2356 560 2384 δουλεύειν.
586 2357 640 2384 Καὶ
664 2358 694 2384 οὺ
719 2357 798 2393 μόνος
821 2358 835 2384 6

49 2400 124 2433 φόϐος
134 2401 221 2434 αἴτιος
232 2401 282 2429 τοῦ
295 2401 430 2429 δουλεύειν
440 2402 578 2437 τυγχάνει,
591 2402 657 2429 ἀλλά
670 2402 718 2429 καὶ
728 2403 832 2438 ἀγάπη.

49 2445 92 2472 Διὰ
103 2447 151 2483 τῆς
165 2447 280 2483 ἀγάπης
289 2447 354 2482 γοῦν
367 2448 381 2474 6
397 2447 556 2479 Ἀπόστολος
568 2447 688 2474 διδάσκει
699 2448 833 2475 δουλεύειν

47 2489 114 2523 ἡμᾶς
128 2490 268 2526 ἀλλήλοις.
289 2491 368 2518 Ἀλλά
382 2492 429 2518 και¹
441 2492 520 2524 αὺτὺς
533 2494 547 2519 6
565 2493 659 2528 Μτὴρ
670 2493 716 2519 καὶ
730 2493 832 2528 Κύριος

48 2535 119 2568 ἡμῶν
140 2537 256 2572 γέγονεν
277 2538 306 2564 ὲν
326 2538 400 2574 μέσῳ
415 2538 468 2565 τῶν
484 2538 614 2574 μαθητῶν
630 2539 712 2567 αὐτοῦ
733 2540 782 2575 οὺχ
795 2540 833 2572 ὡς

47 2579 230 2618 ἀνακείμενος,
249 2583 307 2610 ἀλλ’
322 2586 360 2615 ὼς
383 2585 396 2611 6
413 2583 553 2616 διακονῶν,
574 2584 706 2613 δουλεύων
727 2585 774 2614 καὶ
791 2586 830 2612 νιη

48 2631 116 2652 πτων
132 2627 196 2658 τοὺς
219 2627 305 2659 πόδας
324 2628 423 2655 αὐτῶν.
441 2629 497 2655 Καὶ
519 2629 632 2655 οὐδέπου
655 2628 740 2656 ταῦτα
758 2630 833 2665 φόὸῳ

47 2666 150 2704 θεμιτὸν
169 2672 255 2700 αὑτὸν
270 2673 464 2710 πεποιηκέναι·
486 2674 570 2709 σαφὲς
592 2674 657 2710 γὰρ,
678 2675 718 2702 δτι
736 2675 830 2712 ἀγάπῃ

887 239 954 271 rint,
985 249 994 265 ι
1019 245 1047 267 et
1072 241 1132 268 illos
1156 242 1201 276 qui
1235 241 1380 269 secundum
1409 241 1550 269 Jeremiam
1572 246 1669 272 orant,

886 289 912 312 et
932 285 1025 312 dicunt
1042 286 1065 302 ⁸⁵
1081 294 1088 313 :
1110 296 1119 312 ι
1136 287 1249 321 Corripe
1262 295 1321 320 uos,
1339 287 1460 319 Domine,
1477 292 1670 314 verumtamen

886 330 912 357 in
928 330 1044 366 judicio,
1058 337 1085 360 et
1101 340 1153 359 non
1182 333 1208 360 in
1237 332 1341 365 furore,
1357 338 1386 360 ut
1402 341 1456 360 non
1472 341 1572 368 paucos
1587 333 1672 360 facias

886 383 950 404 nos.
967 386 975 401 ι
995 376 1072 404 Licet
1085 378 1157 405 enim
1170 378 1371 405 vehementiam
1393 383 1421 406 et
1435 378 1611 406 acerbitatem
1628 379 1671 405 ni-

887 423 968 449 miam
997 430 1138 458 pmuarum
1165 428 1303 456 recusent,
1326 431 1420 460 pmnas
1447 429 1537 451 tamen
1560 425 1671 451 omnino

889 476 944 495 non
963 473 1101 497 recusant.
1122 469 1331 498 Consideremus
1356 475 1444 497 autem
1467 478 1555 497 annon
1578 477 1671 497 eorum

886 515 933 548 qui
955 519 1051 549 sponte
1066 516 1224 550 puniuntur,
1242 515 1278 543 sit
1295 516 1352 544 brec
1364 524 1414 543 vox
1433 517 1456 532 "
1473 526 1480 545 :
1498 527 1507 543 ι
1529 516 1599 544 Iram
1619 517 1671 543 Do-

886 560 951 586 mini
971 561 1094 594 portabo,
1113 561 1241 596 quoniam
1268 562 1375 596 peccavi
1399 562 1434 594 ei,
1454 562 1539 589 donec
1561 570 1671 589 causam

887 613 972 632 meam
997 605 1109 639 judicet.
1132 615 1141 632 ›
1161 606 1298 634 Fortassis
1327 607 1409 642 igitur
1430 611 1456 635 et
1479 607 1525 642 qui
1551 607 1672 641 iudicant

886 654 996 682 terram,
1014 658 1066 677 non
1080 651 1250 684 erudientur,
1266 651 1317 679 nisi
1333 652 1436 687 seipsos
1449 651 1598 687 disciplina:
1618 657 1672 679 tra-

887 695 1015 723 diderint.
1030 695 1164 729 Quoniam
1180 704 1246 724 vero
1260 697 1336 724 nobis
1353 697 1437 731 magis
1452 696 1577 731 placebat
1597 705 1673 732 reges

886 748 945 768 esse
955 745 1065 768 sanctos
1076 741 1122 775 qui
1144 741 1177 768 ad
1196 741 1369 776 prudentiam
1389 741 1552 774 invitantur,
1567 750 1626 776 age,
1639 743 1673 769 si-

887 785 942 814 mili
952 786 1031 814 modo
1044 787 1249 815 consideremus
1261 788 1343 815 etiam
1358 795 1405 815 eos
1420 788 1465 822 qui
1485 788 1608 822 judicant
1618 792 1673 815 ter-

888 832 1014 860 ram.lloc
1023 837 1112 860 autem
1123 833 1276 860 invenimus
1284 834 1422 868 propriutn
1431 841 1490 861 esse
1502 838 1672 866 sanctorum.

886 881 914 904 ut
934 884 981 911 per
1003 885 1050 905 sua
1068 882 1142 905 recte
1165 877 1235 905 facta
1251 878 1373 911 judicent
1385 887 1432 906 eos
1448 879 1493 913 qui
1507 879 1599 906 eadem
1618 887 1671 906 non

883 926 945 950 Sunt
955 923 1082 952 aemulati.
1098 922 1163 950 Nam
1176 932 1185 948 ‹
1196 923 1245 949 viri
1258 922 1384 951 Ninivitae
1396 929 1511 959 surgent
1521 925 1546 951 in
1559 924 1671 958 judicio,

883 975 906 996 et
922 969 1228 1005 condemnabunt555
1245 970 1367 997 homines
1389 972 1571 1005 generationis
1581 971 1671 1006 hujus,

883 1014 945 1049 quia
965 1015 1151 1049 paenitentiam
1174 1020 1287 1050 egerunt
1311 1016 1337 1042 in
1370 1016 1557 1050 praedicatione
1581 1017 1671 1050 JOnar,

883 1065 910 1087 et
924 1067 986 1087 ecce
996 1060 1057 1095 plus
1071 1068 1151 1095 quam
1165 1060 1248 1089 Jonas
1263 1061 1318 1093 hic,
1336 1072 1345 1088 ι
1364 1062 1452 1096 inquit
1465 1061 1600 1089 Salvator.
1617 1062 1670 1090 Sed

883 1108 909 1130 ct
929 1112 938 1128 ι
957 1104 1048 1138 regina
1068 1104 1154 1131 austri
1175 1110 1268 1140 surget
1282 1105 1308 1132 in
1320 1105 1467 1140 judicio,et
1477 1107 1671 1134 condemnabit

885 1149 1007 1177 homines
1015 1150 1196 1184 generationis
1204 1151 1294 1187 hujus,
1302 1152 1364 1186 quia
1374 1153 1447 1179 venit
1458 1160 1472 1179 a
1483 1152 1580 1180 ﬁnibus
1591 1157 1672 1181 terra:

884 1195 978 1223 audire
1001 1196 1163 1231 sapientiam
1188 1196 1360 1230 Salomonis,
1374 1203 1403 1225 et
1423 1206 1488 1226 ecce
1510 1199 1567 1233 plus
1588 1207 1671 1234 quam

885 1240 1011 1268 Salomon
1027 1242 1109 1269 hic".
1129 1251 1139 1268 ι
1154 1241 1279 1269 Ninivitte
1290 1243 1372 1278 igitur
1391 1248 1417 1270 ct
1429 1244 1520 1278 regina
1536 1245 1623 1271 austri
1637 1252 1671 1273 ex

884 1294 977 1313 eorum
990 1294 1105 1315 numero
1121 1291 1184 1315 sunt
1204 1287 1250 1322 qui
1265 1287 1429 1322 judicabant
1443 1295 1492 1316 eos
1512 1289 1557 1323 qui
1579 1290 1673 1318 audito

886 1331 1027 1360 SalvatOre
1044 1333 1078 1359 ad
1093 1333 1232 1361 meliorem
1253 1333 1356 1369 frugem
1375 1341 1428 1361 non
1443 1341 1472 1361 se
1498 1339 1670 1370 receperunt,

885 1378 930 1405 sed
950 1378 1102 1405 doctrinam
1117 1378 1180 1406 Jesu
1194 1384 1426 1415 contempserunt.
1439 1380 1484 1408 Sic
1495 1381 1576 1408 etiam
1602 1381 1673 1409 forte

884 1423 984 1451 Christi
1001 1424 1116 1458 apostoli
1133 1425 1293 1460 judicabunt
1310 1425 1451 1453 duodecim
1473 1426 1560 1453 tribus
1578 1426 1673 1461 Israel,

885 1476 945 1503 qua:
958 1476 1011 1496 non
1027 1469 1053 1495 in
1069 1476 1129 1496 eum
1152 1470 1337 1497 crediderunt.
1354 1469 1386 1497 Et
1409 1471 1435 1496 in
1453 1470 1581 1498 universa
1598 1475 1669 1498 terra

847 1532 868 1561 ο
886 1514 1003 1548 dispersi
1029 1521 1078 1549 per
1102 1515 1197 1542 orbem
1222 1515 1379 1543 universum
1404 1515 1496 1543 ﬁdeles
1521 1516 1618 1550 singuli
1643 1517 1673 1544 in

888 1560 999 1594 regione
1013 1567 1064 1587 sua
1079 1560 1243 1594 iudicabunt
1267 1568 1314 1588 eos
1329 1562 1375 1596 qui
1397 1561 1453 1590 illic
1475 1569 1528 1588 non
1548 1561 1672 1589 credunt.

888 1604 943 1632 Eos
957 1604 1040 1639 igitur
1055 1605 1101 1640 qui
1121 1609 1219 1633 terram
1230 1605 1367 1640 judicant,
1381 1607 1510 1634 hortatur
1525 1614 1616 1635 sermo
1637 1608 1672 1635 ad

887 1651 1057 1686 disciplinam
1067 1659 1128 1686 qua:
1144 1652 1264 1680 scientiae
1281 1652 1425 1680 traditione
1439 1657 1555 1685 constat,
1573 1660 1671 1688 quem—

885 1697 1030 1724 admodum
1049 1697 1176 1725 Salomon
1202 1698 1228 1724 in
1260 1696 1409 1724 Proverbiis
1434 1698 1461 1725 in
1490 1697 1562 1726 hunc
1584 1698 1672 1733 ipsum

887 1749 995 1769 sensum
1016 1744 1054 1770 ait
1070 1743 1094 1758 ⁸⁸
1112 1753 1118 1771 :
1139 1751 1149 1769 ι
1171 1743 1296 1778 Accipite
1312 1743 1494 1778 disciplinam,
1510 1748 1537 1770 et
1559 1751 1611 1771 non
1627 1751 1670 1771 ar-

887 1793 998 1823 gentum
1011 1807 1019 1822 ,
1037 1793 1066 1816 et
1082 1788 1224 1816 scientiam
1242 1789 1328 1823 magis
1352 1796 1434 1823 quam
1453 1796 1550 1816 aurum
1572 1790 1672 1824 proba~

891 1838 959 1860 ιιιιιι.
971 1842 982 1860 ι

928 1889 1066 1924 Ejusdem.
1081 1889 1130 1918 Vel
1151 1890 1247 1917 invitat
1269 1890 1343 1924 ipsos
1364 1890 1398 1917 ad
1420 1890 1620 1924 pmnitentiam,
1645 1891 1672 1918 et

888 1942 967 1971 rcges
991 1940 1083 1968 vocat,
1107 1935 1225 1963 suadens
1248 1941 1277 1963 ut
1304 1939 1476 1963 revertantur
1502 1935 1536 1962 ad
1556 1935 1673 1971 dignita-

889 1987 941 2009 tem
967 1988 1049 2016 quam
1088 1981 1252 2010 habuerunt.
1280 1980 1424 2016 lntelligite
1457 1981 1556 2016 igitur,
1585 1989 1602 2007 ο
1629 1989 1670 2009 τε,

887 2034 951 2060 ges,
974 2026 1007 2054 ad
1028 2027 1093 2062 quid
1117 2026 1181 2054 mibi
1205 2026 1275 2055 datae
1291 2027 1346 2055 sint
1366 2030 1460 2062 gentes
1472 2027 1499 2054 in
1527 2026 1672 2058 bzeredita_-.

889 2077 952 2102 lem.

927 2129 1010 2156 Vens.
1024 2128 1067 2156 ll.
1092 2128 1193 2156 Servite
1209 2128 1321 2158 Domino
1338 2129 1365 2156 in
1387 2129 1491 2160 timore,
1503 2134 1528 2156 et
1544 2129 1671 2158 naulum

887 2175 911 2202 ei
937 2183 996 2201 cum
1019 2180 1141 2206 tremore,
1162 2179 1216 2202 etc.
1234 2174 1373 2201 Videbitur
1393 2175 1557 2209 quibusdam
1580 2175 1602 2202 is
1620 2175 1667 2209 qui

886 2221 969 2248 servit
981 2220 1092 2247 omnino
1106 2227 1201 2247 servus
1216 2227 1287 2252 esse,
1300 2225 1328 2247 et
1341 2221 1456 2249 titaxime
1479 2220 1505 2246 in
1531 2221 1580 2247 hoc
1594 2219 1667 2256 loco,

887 2265 931 2293 ubi
949 2265 1031 2292 etiam
1048 2264 1158 2292 additur
1183 2273 1192 2292 ι
1222 2265 1248 2292 in
1265 2266 1371 2297 timore,
1393 2274 1408 2291 ,ι
1427 2272 1488 2292 nam
1507 2265 1552 2299 qui
1569 2266 1674 2300 accepit

886 2311 1013 2344 spiritum
1028 2310 1179 2342 servitutis,
1195 2315 1237 2338 est
1251 2319 1261 2336 ‹
1278 2310 1303 2337 in
1321 2310 1428 2338 timore.
1452 2319 1461 2335 ι
1480 2309 1536 2337 Nec
1551 2310 1619 2337 falso
1634 2311 1670 2339 ita

886 2356 1035 2384 videbitur.
1052 2355 1147 2384 Potest
1161 2356 1244 2384 etiam
1260 2355 1334 2384 ﬁlius
1347 2356 1462 2384 servire.
1485 2355 1540 2383 Nec
1552 2355 1626 2383 solus
1638 2355 1672 2382 ti-

887 2410 958 2435 mor,
968 2402 1015 2430 sed
1028 2406 1055 2429 et
1072 2402 1196 2429 charitas
1208 2401 1350 2430 servitutis
1364 2407 1404 2429 est
1416 2409 1508 2429 causa.
1523 2401 1672 2428 Dilectione

886 2446 966 2481 igitur
979 2447 1094 2475 invicem
1111 2447 1215 2475 servire
1231 2447 1310 2474 docet
1326 2447 1482 2482 Apostolus.
1494 2446 1562 2479 Quin
1574 2450 1602 2473 et
1613 2446 1672 2480 ipse

885 2491 1011 2519 Salvator
1029 2497 1056 2520 et
1070 2492 1203 2519 Dominus
1223 2497 1319 2520 noster
1337 2492 1389 2519 fuit
1404 2491 1430 2518 in
1454 2492 1541 2518 tnedio
1554 2491 1672 2525 ύὶερίμιιιν

886 2538 969 2564 lorum
990 2545 1111 2570 suorum,
1138 2546 1191 2566 nou
1217 2543 1246 2565 ut
1273 2537 1319 2573 qui
1347 2537 1490 2569 recumbit,
1515 2537 1563 2564 sed
1579 2537 1670 2572 utqui

884 2584 1029 2616 ministrat,
1059 2584 1182 2612 serviens
1206 2589 1233 2611 et
1256 2584 1339 2619 pedes
1362 2591 1457 2611 eorum
1483 2583 1586 2611 Iavans.
1615 2582 1671 2612 Nec

884 2637 950 2658 sane
962 2630 1003 2657 ias
1019 2635 1059 2658 est
1076 2638 1137 2658 eum
1155 2631 1253 2658 timore
1270 2630 1327 2657 bazc
1340 2630 1438 2657 fecisse
1452 2626 1554 2657 dicere.
1570 2629 1670 2664 Liquet

883 2678 955 2705 enim
976 2677 1034 2704 hanc
1049 2677 1083 2704 ab
1107 2677 1164 2712 ipso
1182 2676 1305 2711 perfecta
1332 2676 1467 2705 charitate
1481 2676 1553 2706 facta
1568 2678 1664 2707 fuisse.

76 2761 99 2778 “
117 2761 179 2791 lsai.
197 2771 238 2798 Ix,
254 2763 280 2791 5.
319 2764 342 2780 "
356 2763 455 2794 Jerem.
471 2774 497 2800 κ,
512 2765 558 2793 ει.
596 2765 619 2781 ⁸⁸
631 2765 769 2799 Micb.vn.
781 2767 809 2795 9.
847 2769 868 2785 ⁵⁷
880 2768 975 2797 Maltlt.
990 2776 1038 2802 xu,
1051 2768 1094 2801 ιιι,
1106 2772 1133 2796 et
1147 2775 1222 2804 seqq.
1261 2768 1283 2784 "‘
1298 2768 1378 2797 Prov.
1392 2775 1453 2802 vttt,
1468 2767 1511 2799 ιο.

78 2840 132 2878 (79)
144 2842 230 2876 Δόξει
241 2843 302 2879 μέν
314 2852 402 2878 τισιν,
418 2850 470 2872 etc.
490 2844 590 2873 lbidcm
611 2845 667 2873 hanc
690 2847 872 2882 reperiuntur.
