1882 3053
198 156 265 184 lli5

892 155 934 182 EX
957 153 1107 182 ORICENE

1772 153 1840 180 “l6

194 215 222 244 Si
236 224 302 252 ergo
325 217 371 252 qui
391 221 470 244 antea
487 224 563 252 reges
579 221 660 244 teme
674 216 803 251 appellati
822 220 895 248 sunt,
911 222 983 242 nunc

1053 214 1126 249 ελεία
1139 215 1225 241 ταῦτα
1244 214 1318 250 αύτῴ
1339 215 1502 250 πέπρακται.
1525 215 1557 241 Εἰ
1580 215 1632 250 μὲν
1650 211 1698 241 οὖν
1720 214 1837 250 fastigi;

194 263 277 289 etiam
299 270 377 297 reges
395 263 534 296 dicuntur,
561 263 672 298 praecipi
697 263 738 290 eis
765 267 855 297 potest
875 267 905 289 ut
927 270 986 289 ser-

195 309 271 335 \iant
295 308 408 335 Domino
422 308 449 334 in
464 308 572 341 timore,
591 313 720 343 tanquam
741 309 815 336 servi
836 308 872 335 ab
896 308 985 341 initio,

195 354 240 387 qui
266 354 389 387 spiritum
404 354 560 389 adoptionis
578 354 700 382 ﬁliorum
717 354 844 389 accipere
865 361 916 380 non
936 361 987 388 po-

200 404 320 426 tuerunt.
341 400 430 434 Atque
447 400 474 427 in
497 400 539 428 his
558 401 760 428 observandum
776 405 818 428 est
834 400 910 433 illud,
927 408 937 425 ‹
959 399 986 426 in

196 444 306 476 timore,
327 454 336 470 ι
351 452 432 480 quem
449 446 495 480 qui
510 453 607 481 pinnas
621 447 728 479 metuit,
746 454 800 474 non
824 445 918 478 habet,
939 452 988 472 ne-

193 497 248 524 que
273 490 411 524 perfectus
435 496 489 519 est.
514 492 548 519 Et
570 500 630 527 qua:
653 497 819 527 sequuntur,
846 491 986 524 nimirum,

196 544 207 560 ι
234 535 377 564 Exsultatc
400 537 424 564 ei
439 545 500 565 cum
529 543 660 572 tremore,
683 548 692 564 ι
709 538 885 573 intelligenda
911 541 985 564 sunt.

194 580 271 613 Quod
286 581 309 608 si
327 589 415 616 reges,
430 582 518 610 sancti
534 587 608 612 sunt.
631 588 657 610 et
671 584 717 618 qui
735 582 859 617 judicant
874 587 985 613 terram,

195 624 214 650 ii
230 629 293 652 sunt
310 633 379 659 quos
396 634 478 661 supra
492 634 553 654 esse
574 627 727 660 docuimus,
743 635 804 654 cum
818 627 865 654 lilii
879 633 987 662 qquue

195 671 300 699 servire
314 671 429 700 Domino
451 673 567 708 possint,
588 674 670 701 timor
692 674 866 709 aecipiendus
880 679 922 702 est
938 681 987 709 pro

194 722 226 741 ea
246 723 307 749 quae
328 717 398 751 apud
415 718 547 752 quosdam
566 718 717 753 appellatur
740 719 903 751 reverentia,
926 727 987 753 qua:

195 768 333 796 numquam
356 770 463 797 ptenam
482 763 573 791 habet.
591 764 668 798 Quod
686 768 776 791 autem
803 765 884 792 timor
905 764 987 801 546

195 810 242 845 qui
258 817 366 845 pmnam
383 818 436 838 non
454 811 546 844 habet,
566 811 716 846 appellatur
729 811 755 838 in
773 811 914 846 Scriptura
925 820 987 846 per-

195 855 259 884 rccti
274 856 325 883 viri
349 855 468 887 facinus,
493 856 579 890 liquet
603 864 635 884 ex
652 864 706 883 eo:
726 866 734 882 ι
760 856 817 884 Non
831 861 874 884 est
895 857 985 892 inopia

195 903 354 930 timentibus
366 910 438 930 eum.
456 912 465 928 ι
475 901 634 929 Videbimur
649 903 702 929 vim
723 902 870 938 Scriptum
882 903 985 937 facere,
1000 892 1024 922 Β

195 947 306 974 additur
327 947 422 975 enim:
441 957 450 973 ι
477 955 536 975 cum
560 952 689 976 tremore.
713 958 722 974 ι
741 948 795 976 Sed
817 949 879 976 vide
895 956 986 976 annon

194 992 306 1028 perfecti
326 1001 404 1028 reges
420 993 486 1027 sint,
510 997 538 1020 et
564 994 609 1028 qui
627 995 726 1021 timore
745 995 918 1028 erudiuntur,
939 994 986 1030 ju-

194 1038 269 1066 dices
285 1044 374 1072 terrm,
396 1039 497 1072 quibus
513 1039 635 1074 prmeipit
658 1039 785 1067 Salvator
808 1045 836 1066 ut
859 1049 912 1068 non
929 1041 986 1069 dis-

194 1084 283 1112 ευιιιιο
298 1093 386 1120 neque
400 1085 513 1112 remisse
528 1085 675 1118 exsultent,
691 1093 725 1113 ne
743 1085 827 1113 inﬂati
845 1087 943 1114 cadant
957 1087 985 1114 in

194 1131 366 1166 superbiant,
393 1131 440 1159 sed
461 1140 470 1156 ‹
495 1139 555 1159 cum
578 1136 707 1165 tremore,
734 1142 743 1159 ι
762 1138 791 1160 et
811 1133 892 1160 veluti
917 1142 984 1161 con-

194 1182 290 1211 tracte,
305 1179 385 1205 simul
399 1178 600 1206 considerando
615 1179 772 1213 possibilem
787 1187 847 1207 esse
865 1180 983 1215 lapsum,

193 1223 217 1250 si
233 1223 323 1250 divina
341 1231 406 1251 cura
428 1224 605 1258 dereliquerit
617 1232 678 1251 eum
699 1225 745 1259 qui
764 1225 873 1253 deditus
888 1231 928 1253 est
946 1226 984 1254 rei

193 1268 311 1303 cuipiam
326 1269 414 1304 dignae
432 1277 492 1304 qua:
509 1270 609 1296 merito
623 1269 747 1298 laudibus
764 1270 906 1298 eﬂ‘eratur.
927 1271 985 1299 Cae-

197 1318 289 1341 terum
305 1315 428 1346 verbum,
442 1323 452 1340 ι
466 1314 617 1348 exsultare,
635 1324 644 1341 ο
662 1316 689 1343 in
705 1324 756 1343 usu
768 1320 810 1343 est
824 1317 983 1351 Scriptum,

198 1367 253 1394 quo
276 1359 425 1394 signiﬁcari
452 1364 580 1395 putamus
605 1361 735 1396 gaudium
754 1362 780 1389 in
805 1367 894 1390 mente
911 1363 984 1398 quod

194 1405 221 1432 in
251 1405 344 1432 anima
379 1405 461 1433 habet
491 1406 729 1441 participationem
755 1407 873 1443 Spiritus
897 1409 984 1437 sancti

192 1451 392 1486 congaudentis
405 1451 429 1479 ei
443 1451 489 1486 qui
506 1457 616 1478 sanctus
629 1457 681 1479 est.

229 1495 311 1523 Vsus.
323 1496 364 1523 ιε.
375 1497 565 1532 Apprehendite
578 1498 799 1533 disciplinam,ne
809 1499 914 1532 quando
928 1499 984 1527 ira—

1038 261 1062 286 οἱ
1076 261 1105 286 ὲν
1122 261 1178 292 τοῖς
1193 260 1246 296 πρὸ
1259 260 1361 287 τούτων
1380 260 1498 296 βασιλεῖς
1512 260 1566 295 γῆς
1582 261 1782 296 ὠνομασμένοι
1796 262 1837 287 καὶ

1038 305 1086 332 νῦν
1101 306 1237 340 λέγονται,
1255 306 1348 338 αὐτοῖς
1364 306 1582 342 προστάττεσθαι
1595 305 1714 332 δύναται
1733 306 1764 332 τὸ
1780 307 1836 332 δου-

1037 351 1132 379 λεῦσαι
1150 352 1189 388 τῷ
1212 353 1308 388 Κυρίῳ
1328 353 1357 379 ὲν
1376 352 1461 388 φόϐῳ,
1480 352 1518 384 ὡς
1537 352 1647 383 δούλοις
1667 352 1792 387 ἀρχῆθεν
1809 354 1835 378 οὐ

1037 398 1196 434 δυναμένοις
1217 399 1340 434 χωρῆσαι
1359 399 1389 426 τὸ
1404 399 1512 434 πνεῦμα
1530 399 1582 433 τῆς
1604 399 1759 430 υἱοθεσίας.
1787 399 1838 424 Καὶ

1037 445 1168 480 τηρητέον
1182 445 1225 470 ἐπ’
1240 444 1330 471 αὐτῶν
1340 444 1379 476 τὸ,
1396 454 1405 470 ι
1421 446 1449 472 ὲν
1464 444 1552 479 φόϐῳ,
1568 455 1578 470 ι
1595 444 1627 471 ὃν
1642 445 1657 470 ὁ
1670 444 1837 478 φοὸούμενος

1038 491 1147 517 κόλασιν
1165 491 1214 517 οὐκ
1229 491 1297 526 εχει,
1321 492 1368 518 καὶ
1389 492 1419 517 οὺ
1439 490 1626 517 τετελείωται.
1640 491 1699 517 Καὶ
1719 490 1755 516 τὰ
1776 490 1837 516 ἆ.κὸ-

1037 537 1119 564 λουθα
1133 537 1162 564 δὲ
1182 538 1245 573 περὶ
1259 536 1317 569 τοῦ,
1334 546 1344 563 (
1360 536 1536 571 summa
1551 536 1630 571 αὐτῷ
1651 537 1681 563 ὲν
1700 536 1806 571 τρόμῳ,
1825 545 1834 561 ι

1037 584 1156 619 νοητέον.
1178 583 1209 610 Εἰ
1226 582 1254 608 δὲ
1277 582 1397 617 βασιλεῖς
1415 583 1439 609 οἱ
1458 582 1532 616 ἆγιοι
1552 583 1601 608 καὶ
1623 582 1769 618 κρίνοντες
1792 582 1836 616 τὴν

1036 629 1089 663 γῆν
1102 629 1126 655 οἰ
1143 629 1213 655 κατὰ
1226 628 1275 663 τὴν
1287 628 1413 663 διήγησιν
1426 625 1656 662 ἑρμηνευθέντες,
1676 627 1836 662 δυναμένων

1036 675 1172 702 δουλεύειν
1191 674 1238 701 καὶ
1255 673 1307 700 τῶν
1323 673 1389 700 υἱῶν
1405 673 1443 708 τῷ
1458 673 1565 709 Κυρίῳ,
1581 672 1629 699 τὸν
1645 672 1732 707 φὸὃον
1754 681 1836 707 μετα-

1037 722 1152 756 ληπτέον
1166 722 1206 752 είς
1222 720 1271 756 τὴν
1284 720 1360 755 παρά
1371 728 1441 746 τισιν
1461 719 1607 746 εὐλάϐειαν
1619 718 1836 755 ὠνομασμένη-ί,

1036 766 1096 800 ἥτις
1121 764 1246 799 οὐδαμῶς
1261 764 1371 790 κόλασιν
1388 763 1454 799 ἔχει.
1473 764 1535 790 Ὅτι
1554 763 1583 790 δὲ
1599 763 1685 798 φόὸος
1706 764 1721 789 ὁ
1739 764 1779 799 μὴ
1796 765 1839 790 κὸ-

1036 811 1112 839 λασιν
1130 810 1198 846 ἔχων
1214 810 1371 845 ὠνόμασται
1387 811 1415 836 ἐν
1435 811 1470 844 τῇ
1494 809 1591 845 Γραφῇ
1606 809 1715 836 τελείου
1739 810 1839 844 κατόρ-

1039 857 1119 892 θωμα
1136 857 1287 891 τυγχάνων,
1312 855 1396 890 σαφὲς
1416 856 1448 882 ἐκ
1469 855 1532 882 τοῦ·
1554 865 1563 881 ι
1584 856 1644 882 οὐκ
1665 855 1743 882 ἔστιν
1760 857 1839 882 sng-

1040 911 1115 939 ρημα
1129 904 1185 934 τοῖς
1200 902 1376 937 φοϐουμένοις
1391 901 1482 928 αὐτόν.
1509 911 1518 927 ι
1544 902 1666 937 Δὸξομεν
1691 902 1722 928 δὲ
1745 902 1839 937 βιάζε-

1038 949 1110 982 σθαι,
1128 948 1172 975 διὰ
1195 949 1224 975 τὸ
1247 948 1425 984 ἐπιφέρεσθαι
1448 948 1479 974 τὸ
1503 958 1512 973 ι
1541 949 1570 974 ὲν
1592 948 1701 984 τρόμῳ.
1726 958 1735 973 ι
1760 948 1839 974 Ἀλλὰ

1039 995 1143 1030 μήποτε
1166 995 1190 1021 οἱ
1216 995 1266 1029 μὲν
1289 994 1388 1020 τέλειοι
1411 993 1530 1028 βασιλεῖς
1549 994 1749 1028 τυγχάνουσιν,
1773 995 1797 1019 οἱ
1812 995 1838 1019 δὲ

1037 1040 1088 1067 κᾶν
1110 1040 1148 1076 τῷ
1168 1040 1242 1076 φόϐῳ
1262 1039 1513 1074 παιδαγωγούμενοι
1535 1040 1631 1075 κριταὶ
1655 1039 1722 1074 γῆς,
1745 1040 1776 1066 ἐν
1801 1037 1839 1070 οἷς

1036 1085 1201 1121 προστάσσει
1224 1086 1238 1111 ὁ
1255 1084 1350 1120 Σωτὴρ
1371 1083 1504 1118 ἁγαλλιᾷν
1526 1083 1568 1119 μὴ
1581 1084 1751 1119 ἀνειμένως,
1773 1084 1839 1119 μηδὲ

1036 1129 1254 1165 ἁπολελυμένως,
1271 1129 1316 1156 ἵνα
1338 1129 1376 1165 μὴ
1393 1129 1547 1156 ἐκπέσωσιν
1566 1129 1608 1160 εἰς
1629 1129 1774 1164 χαύνωσιν
1794 1129 1839 1154 καὶ

1035 1176 1134 1210 οἴησιν,
1149 1175 1205 1202 ἀλλ’
1223 1185 1232 1201 ι
1247 1176 1275 1201 ὲν
1289 1175 1393 1211 τρόμῳ,
1413 1184 1422 1200 ι
1438 1175 1484 1202 καὶ
1496 1175 1581 1201 οἱονεὶ
1595 1175 1839 1210 συνεσταλμένως,

1037 1221 1107 1257 μετὰ
1120 1220 1167 1247 τοῦ
1185 1222 1296 1248 σκοπεῖν
1313 1221 1342 1247 τὺ
1358 1221 1488 1248 δύνασθαι
1507 1222 1612 1253 πεσεῖν,
1631 1222 1657 1247 εἰ
1674 1221 1838 1248 καταλείποι

1036 1269 1055 1303 ἡ
1076 1269 1214 1304 ὲπισκοπὴ
1240 1268 1286 1295 τὸν
1310 1269 1455 1303 γενόμενον
1479 1268 1508 1295 ἐν
1536 1278 1590 1296 τινι
1606 1268 1678 1304 ἀξίῳ
1695 1268 1745 1295 τοῦ
1762 1269 1839 1296 εὐλό-

1035 1323 1092 1348 γως
1109 1314 1278 1349 ἐπαίρεσθαι.
1291 1315 1327 1341 Τὸ
1338 1315 1365 1341 δὲ
1381 1324 1390 1340 ε
1409 1315 1590 1349 ἅγαλλιᾶσθαι
1611 1325 1620 1342 ι
1640 1315 1697 1342 ἀπὸ
1710 1316 1763 1351 τῆς
1779 1324 1839 1341 συν-

1035 1361 1130 1396 ηθείας
1146 1361 1204 1387 ἐστι
1222 1361 1271 1396 τὴς
1284 1361 1411 1396 Γραφῆςο
1432 1361 1502 1397 ὅπερ
1521 1361 1636 1396 οἰόμεθα
1655 1358 1731 1388 εἶναι
1750 1361 1838 1396 χαρὰν

1035 1406 1063 1431 ὲν
1083 1406 1116 1441 τῇ
1140 1405 1258 1440 ἐπινοίᾳ,
1283 1405 1398 1440 ἔχουσαν
1422 1405 1471 1441 τὴν
1494 1405 1542 1433 τοῦ
1566 1406 1647 1440 ἁγίου
1672 1406 1837 1441 Πνεύματκ

1035 1452 1075 1483 εἰς
1090 1452 1140 1487 τὴν
1153 1451 1241 1486 ψυχὴν
1258 1451 1399 1478 κοινωνίαν
1415 1452 1610 1487 συγχαίροντος
1625 1451 1666 1487 τῷ
1684 1453 1772 1487 ἁγίῳ.

1069 1497 1223 1531 Δράξασθε
1242 1497 1392 1530 παιδείας,
1414 1498 1533 1532 μήποτε
1561 1498 1693 1533 ὀργισθῇ
1716 1499 1836 1533 Κύριος,

191 1548 282 1570 ocatur
303 1542 442 1577 Dominus,
463 1549 488 1572 et
500 1545 614 1579 pereatis
629 1546 661 1572 de
676 1546 716 1572 via
735 1546 823 1581 juxta,
836 1550 889 1574 etc.
913 1547 981 1574 Pro-

1054 1544 1084 1571 αὶ
1096 1543 1258 1570 ἀπολεῖσθε
1276 1543 1311 1575 ἐξ
1332 1543 1404 1570 ὀδοῦ
1426 1543 1555 1576 δικαίας,
1573 1553 1600 1570 κ.
1614 1552 1640 1570 τ.
1661 1544 1763 1579 ἑ.Τὴν
1789 1544 1835 1580 μὲν

193 1588 295 1616 tectum
319 1589 430 1624 quidem
455 1597 515 1625 per,
537 1599 547 1616 ι
577 1591 735 1624 erudimini,
751 1601 760 1617 ι
785 1592 980 1626 perfectionem

194 1641 258 1661 vero
279 1635 406 1670 proponit
430 1643 489 1670 per,
517 1644 527 1662 ι
552 1636 748 1671 apprehendite
769 1637 950 1672 disciplinam.
970 1649 979 1666 ι

194 1679 342 1715 Diligenter
363 1685 452 1708 autem
472 1682 657 1708 consideranti
683 1681 771 1716 liquet
793 1682 981 1717 imperfectum

197 1725 223 1751 in
235 1725 390 1760 disciplina,
405 1731 496 1754 etnon
511 1728 742 1762 progredientem,
762 1729 850 1756 adhuc
866 1729 913 1756 ira:
926 1729 980 1755 Do-

194 1770 260 1799 mini
277 1779 340 1799 esse
360 1772 519 1806 obnoxium,
543 1773 693 1808 perfectura
710 1782 774 1802 vero
788 1782 848 1802 eam
864 1775 983 1810 experiri

193 1824 246 1844 non
263 1824 352 1852 posse.
368 1818 396 1845 Si
415 1818 488 1846 enim
501 1818 614 1853 jubetur
637 1820 699 1854 quis
717 1821 924 1855 apprehendere
941 1822 982 1848 di—

191 1863 345 1898 seiplinam.
362 1869 391 1891 ut
415 1873 468 1892 non
491 1865 626 1893 irascatur
651 1867 676 1894 ei
696 1867 836 1899 Dominus,
859 1867 906 1894 ira:
929 1867 984 1894 erit

194 1909 337 1945 particeps,
353 1910 473 1938 nondum
490 1912 658 1946 apprehensa
679 1912 823 1948 disciplina
837 1913 863 1940 in
877 1921 929 1947 qua
946 1918 983 1940 ta-

193 1964 254 1983 men
279 1964 437 1991 progressus
460 1957 564 1991 aliquot
591 1957 656 1985 fecit
677 1967 684 1986 :
710 1958 745 1986 ab
771 1958 804 1985 iis
820 1959 866 1994 qui
889 1966 922 1985 ex
940 1959 980 1986 ira

190 2002 318 2027 oriuntur
331 2000 474 2029 all'ectibus
484 2001 603 2036 perfecte
618 2002 751 2030 liberante
764 2002 982 2037 apprehensione

192 2046 357 2079 disciplinae,
384 2054 436 2074 non
452 2055 518 2075 vero
533 2048 683 2084 disciplinae
702 2049 780 2076 initio
795 2054 823 2076 et
849 2048 882 2076 ad
908 2049 980 2076 illam

192 2089 395 2118 introductione
413 2100 420 2119 :
437 2092 548 2119 omnino
572 2093 646 2120 enim
665 2094 712 2128 qui
735 2094 827 2121 adhuc
843 2094 981 2127 eruditur,

193 2135 370 2170 imperfectus
383 2141 435 2169 est,
457 2137 633 2172 imperfectus
647 2144 737 2166 autem
755 2139 822 2166 iram
837 2139 884 2167 Dei
900 2147 982 2175 expe-

195 2180 241 2207 riri
258 2185 357 2215 potest.
373 2181 426 2209 Sed
443 2182 571 2216 quoniam
587 2190 675 2218 neque
691 2184 717 2211 in
733 2183 878 2216 llebraico.
893 2192 982 2219 neque

1035 1590 1177 1625 προκοπὴν
1195 1590 1249 1624 (80)
1273 1589 1316 1616 διὰ
1339 1589 1397 1622 τοῦ,
1417 1599 1426 1614 ι
1452 1589 1631 1624 παιδεύθητε,
1661 1595 1689 1614 »δ
1699 1591 1835 1625 παριστᾷ.

1033 1636 1083 1670 τὴν
1105 1635 1133 1661 δὲ
1155 1634 1293 1661 τελείωσιν
1311 1634 1355 1661 διὰ
1377 1634 1436 1665 τοῦ,
1457 1644 1467 1659 ‹
1495 1633 1636 1669 δράξασθε
1661 1634 1804 1666 παιδείας.
1825 1645 1832 1659 ι

1034 1679 1079 1715 Τῷ
1100 1680 1128 1706 δὲ
1146 1679 1282 1715 ἐπιμελῶς
1297 1679 1500 1716 παρατηροῦντι
1518 1680 1604 1714 σαφές
1622 1681 1713 1711 ἐστιν,
1730 1681 1775 1706 ὅτι
1793 1681 1835 1705 ὲν-

1033 1725 1140 1761 δέχεται
1154 1726 1199 1752 τὸν
1210 1726 1291 1761 ἀτελῆ
1305 1727 1333 1752 ὲν
1349 1725 1457 1761 παιδείᾳ
1468 1726 1516 1752 καὶ
1528 1726 1566 1761 μὴ
1584 1726 1785 1760 προκόπτοντα
1799 1726 1837 1752 ἔτι

1033 1771 1117 1807 ὀργῆς
1132 1772 1234 1807 Κυρίου
1253 1770 1483 1806 μεταλαμϐάνειν,
1501 1771 1547 1797 τὸν
1564 1771 1594 1797 δὲ
1611 1771 1720 1797 τέλειον
1737 1771 1836 1798 ἀδύνα-

1034 1826 1079 1844 τον
1095 1817 1194 1854 ταύτης
1212 1818 1346 1853 μετέχειν.
1365 1818 1396 1844 Ei
1411 1818 1465 1853 γὰρ
1484 1817 1638 1853 δράξασθαί
1653 1827 1697 1849 τις
1713 1818 1837 1848 παιδείας

1034 1863 1173 1890 κελεύεται
1187 1864 1257 1899 ὑπὲρ
1269 1864 1314 1890 τοῦ
1332 1864 1370 1899 μὴ
1383 1863 1544 1898 ὀργισθῆναι
1561 1863 1638 1898 αὐτῷ
1651 1864 1700 1890 τὸν
1722 1864 1835 1899 Κύριον,

1035 1910 1084 1937 κᾶν
1104 1910 1233 1945 μετάσχοι
1248 1910 1296 1944 τῆς
1309 1909 1394 1945 ὀργῆς
1405 1909 1443 1945 μὴ
1453 1908 1624 1944 δραξάμενος
1638 1911 1689 1944 τῆς
1702 1910 1834 1942 παιδείας·

1034 1957 1063 1983 ἐν
1080 1957 1203 1991 προκοπῇ
1223 1956 1347 1991 μέντοιγε
1363 1955 1413 1990 τῆς
1430 1955 1557 1986 παιδείας
1576 1955 1626 1987 ὢν,
1644 1956 1740 1982 τέλεον
1762 1956 1835 1983 ἑλεν-

1035 2001 1166 2037 Οερούσης
1178 2001 1232 2028 ἀπὸ
1246 2000 1301 2026 τῶν
1317 2002 1350 2027 ὲκ
1362 2001 1410 2036 τῆς
1425 2000 1511 2036 ὀργῆς
1527 2001 1728 2036 ἐπερχομένων
1746 2002 1835 2037 παθη-

1035 2048 1128 2083 μάτων
1148 2048 1197 2082 τῆς
1220 2045 1405 2082 περιδράξεως
1426 2047 1476 2081 τῆς
1497 2046 1635 2079 παιδείας,
1657 2049 1721 2083 οὐχὶ
1741 2048 1835 2083 Esi":

1034 2093 1179 2128 ἐπαγωγῆς
1195 2091 1296 2126 καὶτῆς
1308 2092 1394 2127 ἀρχῆς
1402 2092 1451 2127 τῆς
1460 2092 1531 2118 κατὰ
1541 2093 1592 2128 τὴν
1604 2093 1734 2120 παιδείαν
1745 2103 1753 2109 ι
1769 2096 1835 2120 παν-

1033 2148 1087 2171 τως
1101 2139 1154 2174 γὰρ
1164 2139 1178 2165 ὁ
1192 2138 1232 2164 ἔτι
1250 2138 1442 2173 παιδευόμενος
1456 2138 1556 2174 ἀτελής
1578 2140 1665 2171 ἐστιν,
1685 2140 1790 2175 ἀτελὴς
1809 2141 1833 2166 δὲ

1034 2185 1072 2212 ὣν
1091 2185 1176 2220 ὀργῆς
1200 2184 1311 2210 δύναται
1336 2185 1434 2218 πεῖραν
1457 2183 1551 2210 λαϐεῖν
1574 2184 1656 2211 Θεοῦ.
1682 2185 1757 2210 Ἀλλ’
1779 2186 1835 2210 ἐπεὶ

197 2227 224 2253 in
249 2226 313 2254 aliis
341 2227 617 2262 interpretationibus
634 2229 750 2256 habetur
764 2238 818 2257 vox
836 2239 845 2255 ι
865 2230 950 2264 justa,
971 2241 980 2258 ι

1052 2231 1098 2257 {ne
1115 2231 1145 2256 ὲν
1160 2230 1198 2265 τῷ
1217 2229 1352 2265 Ἐϐραῑκῷ
1367 2229 1541 2264 πρόσκειται,
1564 2228 1629 2255 οὔτε
1645 2230 1676 2256 ὲν
1699 2232 1765 2262 ταῖς
1786 2231 1835 2256 λοι-

192 2273 365 2307 snspieamur
387 2281 421 2300 ne
441 2273 511 2301 forte
539 2274 581 2302 vel
603 2282 652 2310 per
676 2276 907 2310 dispensationem
932 2277 984 2304 hoc

193 2319 391 2354 apposuerint,
418 2320 460 2348 vel
485 2327 564 2348 error
588 2321 623 2348 sit
643 2322 669 2348 in
695 2322 909 2356 exemplaribus.
930 2323 984 2350 Per

191 2366 420 2401 dispensationem
429 2367 538 2402 quidem
550 2371 578 2394 ut
590 2368 626 2394 sit
640 2375 737 2395 sensus
747 2377 753 2395 z
764 2367 820 2396 Nisi
833 2369 984 2403 apprehen-

191 2411 288 2439 deritis
303 2411 490 2447 disciplinam,
506 2413 630 2448 peribitis
650 2414 682 2442 de
696 2414 738 2441 via
762 2414 848 2449 justa,
865 2419 892 2442 et
906 2415 980 2442 exci-

187 2457 261 2487 detis
271 2461 307 2486 ab
327 2466 372 2492 ea,
388 2458 504 2487 Domino
518 2460 595 2488 vobis
616 2460 766 2488 irascente.
784 2460 885 2487 Verum
902 2468 982 2488 accu-

191 2509 251 2531 rate
264 2512 320 2532 rem
340 2505 550 2540 perpendamus,
563 2513 625 2533 cum
641 2507 679 2532 ira
695 2505 742 2533 Dei
758 2506 911 2541 corrigendi
926 2506 981 2534 vim

189 2549 300 2582 habeat,
331 2551 468 2586 quomodo
497 2559 545 2586 per
562 2552 615 2578 hoc
638 2551 711 2586 quod
738 2551 811 2578 Deus
834 2551 979 2585 irascatur,

190 2601 284 2628 pereat
299 2597 361 2631 quis
372 2597 405 2624 de
416 2597 459 2624 via
474 2596 547 2631 justa
562 2597 574 2624 ?
593 2597 693 2632 Utique
706 2597 914 2631 haudquaquam
926 2605 981 2624 om-

191 2640 257 2667 nino
274 2646 385 2677 propter
402 2642 470 2670 iram
487 2643 613 2677 peribitis
637 2643 671 2670 de
689 2643 732 2670 via
751 2642 837 2677 justa,
855 2643 903 2670 sed
929 2643 980 2670 hoc

192 2685 269 2713 vobis
294 2693 406 2723 propter
420 2693 532 2723 peccata
555 2693 646 2716 vestra
661 2689 780 2721 eveniet.
795 2688 872 2722 Quod
885 2689 908 2716 si
925 2696 979 2716 non

190 2731 273 2758 fuerit
288 2734 411 2767 apposita
434 2742 484 2762 vox
508 2743 517 2760 I
541 2734 626 2769 iusta,
652 2744 661 2760 ι
679 2742 740 2762 cum
767 2734 785 2761 ii
800 2735 845 2768 qui
865 2741 918 2762 non
933 2742 981 2769 ap-

189 2775 362 2810 prehendunt
386 2781 571 2816 disciplinam,
594 2781 706 2810 omnino
726 2781 782 2808 sint
807 2781 833 2807 in
856 2781 897 2807 via
925 2789 978 2808 non

1037 2279 1100 2308 παῖς
1117 2276 1274 2312 ἑρμηνείαις
1287 2275 1329 2308 τὸ,
1348 2284 1357 2300 ι
1374 2274 1494 2307 δικαίας,
1522 2285 1531 2301 ι
1559 2275 1763 2311 ὐποπτεύομεν
1787 2278 1834 2311 μή-

1035 2331 1100 2350 ποτε
1128 2322 1145 2358 ἢ
1171 2322 1229 2348 κατ’
1250 2321 1406 2356 οἰκονομίαν
1436 2320 1614 2356 προσέθηκαν
1637 2321 1733 2353 τοῦτο,
1763 2322 1780 2357 ἢ
1804 2323 1834 2348 τὰ

1035 2369 1188 2404 ἀντίγραφα
1218 2367 1384 2404 ἡμάρτηται.
1412 2367 1482 2393 Κατ’
1514 2367 1676 2402 οἰκονομίαν
1712 2369 1776 2403 μὲν,
1804 2369 1833 2394 ἶν’

1033 2415 1119 2446 οὕτως
1131 2415 1281 2449 νοήσωμενσ
1311 2413 1373 2439 Ἐὰν
1396 2412 1433 2448 μὴ
1453 2412 1591 2448 δράξησθε
1607 2413 1747 2445 παιδείας,
1771 2415 1834 2440 [zm-

1031 2461 1119 2489 λεῖσθε
1154 2461 1183 2493 ἐξ
1210 2459 1271 2487 ὀδοῦ
1301 2458 1419 2490 δικαίας,
1458 2459 1508 2485 καὶ
1550 2460 1717 2486 ὲκπεσείσϐε
1737 2461 1831 2495 ain-3;.

1031 2506 1204 2543 ὀργισθέντος
1228 2506 1293 2540 ὑμῖν
1319 2504 1366 2530 τοῦ
1393 2504 1510 2539 Κυρίου·
1547 2505 1604 2532 ἀλλ’
1633 2506 1673 2538 ὡς
1707 2507 1780 2541 πρὸς
1808 2507 1832 2532 το

1031 2552 1152 2588 ἀκριϐὲς,
1187 2551 1211 2577 εί
1245 2550 1405 2585 παιδευτική
1436 2551 1512 2577 ἐστιν
1535 2552 1551 2586 ἡ
1579 2551 1650 2586 ὀργὴ
1679 2551 1728 2578 τοῦ
1756 2552 1829 2582 Θεοῦ,

1032 2598 1100 2629 πῶς,
1119 2597 1163 2624 διὰ
1176 2597 1206 2623 τὺ
1220 2595 1353 2632 ὠργίσθαι
1365 2595 1482 2631 Κύριον,
1501 2596 1651 2626 ἀπολεῖταί
1664 2605 1709 2629 τις
1726 2597 1758 2630 ἐξ
1776 2597 1829 2624 ὀδοῦ

1030 2644 1155 2676 δικαίας;
1173 2643 1210 2670 Οὐ
1227 2643 1334 2674 πάντως
1350 2642 1378 2668 δὲ
1399 2642 1444 2669 διὰ
1459 2643 1510 2678 τὴν
1533 2643 1621 2678 ὀργὴν
1638 2643 1789 2670 ἀπολεῖσθε
1805 2643 1829 2675 ἐξ

1031 2690 1090 2717 ἐμδοῦ
1105 2690 1221 2721 δικαίας,
1236 2689 1304 2716 ἀλλὰ
1323 2689 1400 2716 τοῦτο
1420 2689 1517 2724 ἕψεται
1535 2691 1603 2726 ὑμῖν
1624 2691 1670 2718 διὰ
1687 2691 1723 2718 τὰ
1743 2692 1828 2726 ἁμαρ-

1031 2736 1150 2771 τήματα.
1171 2735 1234 2762 Ἐὰν
1252 2735 1288 2771 μὴ
1340 2735 1467 2769 κείμενον
1477 2735 1539 2769 τδ,σ
1564 2736 1689 2769 δικαίας,
1703 2747 1713 2763 ι
1733 2737 1794 2764 ἐπεὶ
1808 2737 1829 2762 οἱ

1034 2780 1071 2816 μὴ
1093 2779 1254 2816 δραξάμενοι
1274 2780 1396 2811 παιδείας
1418 2779 1531 2813 πάντως
1553 2783 1627 2808 εἰσιν
1648 2783 1679 2808 ὲν
1705 2783 1760 2819 ὀδῷ
1783 2783 1827 2809 οὐχ

229 2855 286 2890 (80)
303 2855 425 2892 Τὴνμὲν
445 2856 614 2892 προκοπήν,
633 2861 685 2885 etc.
701 2857 722 2884 Ε
737 2857 797 2886 cod.
812 2857 984 2891 Barocciano.

1052 2859 1146 2886 [intona
1158 2858 1292 2886 Corderii.
1311 2857 1406 2886 Latine
1421 2864 1512 2886 exstat
1528 2860 1601 2895 apud
1616 2861 1778 2890 Batharum.
