1882 3053
52 180 134 208 1117

568 181 722 209 SELECTA
744 182 776 209 IN
797 181 965 208 PSALMOS.
987 195 1021 200 ——
1038 180 1136 208 PSAL.
1154 179 1198 207 Ill.

51 241 167 278 ἀγαθῇ,
181 241 294 268 δύναται
308 240 457 276 λεληθότως
476 240 614 275 λέγεσθαι,
631 242 671 268 ὁτι
692 242 729 277 μὴ
743 242 837 276 δρασσι

944 247 1003 272 una;
1030 244 1120 275 potest
1142 240 1260 266 latenter
1284 237 1338 265 dici
1353 258 1361 272 ,
1379 237 1507 272 quoniam
1520 229 1696 264 vobis‘disci-

55 287 156 322 μένων
172 287 250 323 ὑμῶν
275 286 399 318 παιδείας
420 286 612 322 όργισθήσεται
632 287 743 323 Κύριος,
761 288 792 313 ὲκ
808 286 855 313 τοῦ

51 333 214 360 ἀπολέσθαι
237 333 309 369 ὑμᾶς
331 334 363 360 ὲκ
381 333 431 369 τῆς
452 333 512 360 ὀδοῦ
537 335 566 360 ὲν
625 334 789 369 διατρίὸετε,
813 334 856 360 ἵνα

55 379 167 415 μηκέτι
181 378 324 415 ὑπάρχητε
336 380 366 406 ὲν
379 379 457 414 αὐτῇ.

99 472 196 500 ὀταν
215 471 347 506 ἐκκαυθῇ
367 471 403 498 ἐν
423 471 506 506 τάχει
528 473 544 499 d
567 471 660 506 θυμὸς
679 471 782 503 αὑτοῦ,
797 479 855 506 μα-

51 517 161 552 κάριοι
185 517 296 550 πάντες
309 518 337 544 οἱ
359 519 532 550 πεποιθότες
557 517 604 544 ἐπ’
621 517 712 550 αὐτῷ,
737 526 764 543 κ.
781 526 806 546 τ.
830 518 854 544 ἐ.

50 563 90 590 Εἰ
113 564 161 591 καὶ
180 563 305 600 δεύτερον
323 562 380 600 (Si)
394 563 501 598 λέγεται
525 564 540 590 ό
563 563 649 599 θυμὸς
679 564 731 600 τῆς
760 564 855 599 ὀργῆς,

52 609 133 636 ἀλλὰ
149 609 189 645 τῷ
198 609 327 644 τηροῦντι
342 609 391 645 τὴν
406 609 562 645 σύμφρασιν
585 609 637 645 τῆς
660 609 783 645 Γραφῆς,
805 618 856 645 φα-

52 655 141 690 νερὸν
157 655 198 682 ὃτι
210 654 350 682 ἐπικαίεται
374 655 482 690 πρῶτον
497 656 512 682 ὁ
525 655 626 691 θυμὸς,
644 656 692 683 καὶ
715 655 855 692 ὀργισθέν-

51 709 107 732 τος
121 700 169 727 τοῦ
186 701 254 728 Θεοῦ
272 701 420 728 ἀπόλλυταί
432 710 474 734 τις
497 702 551 729 ἀπὸ
572 703 621 738 τῆς
636 702 708 730 ὀδοῦ.
721 703 758 729 Τὸ
774 702 802 729 δὲ
825 703 854 730 ἐν

50 745 141 781 τάχει
162 745 288 773 καίεσθαι
310 746 357 773 τδν
378 746 475 782 θυμὸν,
493 747 509 782 ἢ
533 748 592 782 μετ’
617 747 716 782 ὀλίγον,
739 747 756 783 ἢ
785 747 854 783 μετὰ

52 790 150 826 βραχὺ
174 790 362 818 ἀναπαύεσθαι
379 791 470 823 αὑτὸν,
494 791 612 819 διδάσκει
636 792 685 828 τὴν
712 792 780 828 μετὰ
806 792 855 827 τὴν

50 834 151 868 ἔξοδον
164 835 212 863 τοῦ
228 836 286 871 βίου
302 836 424 865 κόλασιν.

92 881 242 917 Μακάριοι
254 883 364 916 πάντες
372 885 398 910 ol
406 884 580 916 πεποιθότες
594 883 640 910 ἐπ’
655 883 744 917 αὐτῷ,
753 893 779 911 κ.
791 893 815 911 τ.
828 884 852 911 ἐ.

910 289 1011 324 pliuam
1033 296 1086 316 non
1109 287 1378 323 apprehendenlibus
1402 286 1536 313 irascetur
1556 283 1696 313 Dominus,

910 342 942 362 eo
958 334 1030 369 quod
1044 334 1171 367 pereatis
1192 333 1225 361 de
1241 332 1295 365 via,
1311 332 1338 359 in
1350 339 1404 366 qua
1419 330 1576 362 versamini,
1595 333 1626 356 ut
1642 335 1695 354 non

910 379 1025 413 amplius
1039 379 1099 406 sitis
1121 379 1148 406 in
1163 386 1207 406 ea.

945 466 1027 494 VERS.
1046 467 1089 494 i5.
1112 465 1177 494 Cum
1193 466 1322 493 exarserit
1338 466 1365 493 in
1390 464 1460 492 brevi
1480 465 1521 491 ira
1541 465 1609 498 ejus,
1631 463 1700 490 beati

910 521 999 540 omnes
1019 511 1100 548 547
1113 512 1157 546 qui
1173 512 1308 546 conﬁdunt
1324 512 1352 538 in
1367 519 1409 544 eo,
1433 516 1487 538 etc.
1511 509 1639 543 Quamvis
1659 507 1698 535 ira

910 559 984 593 prior
1012 558 1117 585 dicatur
1140 565 1221 593 quant
1250 557 1337 590 l'uror,
1366 562 1455 583 tamen
1475 556 1520 590 qui
1547 555 1696 589 Scriptura:

909 604 1116 632 consensionem
1134 602 1370 636 animadverterit,
1383 602 1500 630 furorem
1516 601 1634 636 priorem
1652 607 1693 626 ac-

909 650 997 682 cendi,
1015 655 1041 677 et
1061 650 1130 677 irato
1145 648 1200 677 Deo
1216 649 1334 683 aliquem
1358 656 1373 676 e
1394 648 1437 675 via
1462 648 1552 684 perire
1566 647 1694 682 reperiet.

908 695 985 729 Quod
1010 703 1075 723 vero
1094 695 1171 723 furor
1189 696 1215 722 in
1235 695 1311 722 brevi
1332 694 1457 727 exardet,
1472 694 1514 721 vel
1531 698 1592 728 post
1607 692 1694 720 modi-

909 748 970 768 cum
988 741 1030 768 vel
1056 745 1120 776 post
1142 741 1224 768 breve
1249 745 1355 775 tempus
1374 740 1497 773 sedatur,
1517 739 1608 766 l'utura
1633 742 1694 772 post

907 787 1010 814 exitum
1021 786 1083 814 vita!
1097 785 1228 822 supplicia
1243 786 1381 823 exprimit.

943 889 1020 916 Beati
1034 897 1124 916 omnes
1135 890 1180 924 qui
1191 889 1325 923 conﬁdunt
1338 889 1365 915 in
1375 896 1415 920 eo,
1424 892 1476 915 etc.
1494 886 1696 914 Attendendum

50 928 270 955 Κατακουστέον
282 928 341 961 τοῦ,
361 938 370 955 ι
389 928 559 962 πεποιθότες,
578 939 586 955 ι
603 929 694 956 πίστιν
711 930 837 966 ὲμφαίνοι

944 956 947 962 ,
965 936 998 963 ad
1016 936 1100 964 illud:
1118 945 1126 962 ι
1142 936 1193 969 Qui
1206 936 1363 968 conﬁdunt,
1377 945 1386 962 ι
1401 935 1472 970 quod
1484 935 1603 962 declarat
1618 935 1696 961 ﬁdem

50 982 104 1006 τος
121 974 182 1009 μετ’
195 973 302 1006 ὲὶυιίδος
315 975 469 1002 ἀνυπόπτου
482 975 670 1011 βεϐαιοτάτην,
679 977 725 1002 καὶ
732 977 852 1011 ἑδραίαν,

50 1019 105 1046 καὶ
124 1019 260 1051 ἄσειστον,
277 1019 337 1046 οὐδὲ
354 1020 383 1047 ὲν
393 1022 448 1053 τοῖς
458 1021 566 1048 δοκοῦσι
580 1021 781 1056 χαλεπωτάτοις
793 1031 854 1049 και-

51 1066 116 1099 ροῖς
131 1065 180 1092 τοῦ
198 1065 358 1098 πεποιθότος
375 1066 610 1100 ἀπογινώσκοντος
624 1067 673 1102 τὴν
683 1067 730 1094 τοῦ
748 1068 853 1104 Κυρίου

49 1111 97 1144 εἰς
114 1111 199 1138 αὑτὸν
210 1112 369 1147 παρουσίαν,
380 1111 486 1144 οὐδενὸς
501 1112 682 1148 παρέλκοντος
698 1112 789 1140 αὐτόν.

356 1260 502 1287 ΨΑΛΜΟΣ
516 1261 555 1289 1".

93 1306 221 1340 Ψαλμός
245 1305 285 1339 τῷ
312 1307 412 1338 Δαυῒό,
442 1308 532 1334 ὁπότε
550 1307 773 1342 ἀπεδίδρασκεν
792 1308 853 1336 ἀπὸ

48 1352 222 1387 προσώπου
245 1352 435 1387 Ἀσεσσιιλὼμ
455 1352 510 1379 τοῦ
531 1352 599 1380 -υίοῦ
612 1354 716 1385 αὐτοῦ,
733 1363 759 1380 κ.
775 1362 801 1380 τ.
826 1355 850 1382 ἑ.

48 1401 137 1427 Δοκεῖ
152 1399 166 1426 ὁ
177 1398 282 1435 ψαλμὸς
298 1398 352 1434 (82)
366 1398 492 1434 εἰρῆσθαι
504 1399 544 1438 τῷ
554 1399 645 1433 Δαυῒδ,
661 1399 743 1427 ὁπότε
760 1399 852 1427 ἀπεδί-

47 1446 176 1482 δρασκεν
189 1445 242 1472 ἀπὺ
259 1444 405 1481 προσώπου
426 1445 603 1481 Ἀϐεσσαλὼμ
618 1445 666 1472 τοῦ
681 1446 740 1472 υίοῦ
757 1446 850 1474 αὐτοῦ.

49 1491 126 1518 Ὄλα
143 1491 171 1518 δὲ
188 1490 221 1518 τὰ
236 1491 265 1518 ὲν
280 1490 319 1526 τῷ
328 1490 428 1526 ψαλμῷ
440 1490 525 1521 σῶσαι
539 1491 608 1526 πρὸς
622 1491 672 1531 τὴν
685 1492 805 1527 ἱστορίαν
823 1493 854 1518 οὐ

47 1537 180 1564 δυνατόν·
203 1537 228 1563 τί
241 1536 295 1571 γὰρ
316 1535 499 1571 συμϐάλλεται
523 1536 592 1572 πρὸς
614 1536 645 1563 τὸ
661 1537 852 1572 προκείμενον·

907 987 968 1008 cum
1004 989 1137 1016 spe,qu:e
1164 981 1318 1015 suspicione
1343 985 1437 1008 careat
1461 980 1657 1011 ﬁrmissimam,
1670 985 1698 1006 et

907 1027 1050 1061 stabilem,
1069 1032 1096 1055 et
1112 1027 1321 1060 inconcussam;
1347 1035 1409 1054 cum
1428 1034 1514 1061 neque
1533 1025 1698 1053 diﬁicillimis

906 1072 989 1100 etiam
1018 1073 1184 1108 temporibus
1212 1073 1236 1100 is
1259 1073 1305 1107 qui
1329 1072 1462 1105 conﬁdit,
1484 1071 1591 1099 Domini
1618 1071 1643 1098 in
1667 1078 1698 1098 se

906 1118 1080 1151 praesentiam
1106 1118 1248 1153 desperet,
1271 1125 1360 1153 neque
1383 1118 1531 1153 quisquam
1555 1117 1631 1145 illum
1653 1116 1695 1144 di-

905 1167 1008 1190 vertat.

1193 1262 1352 1291 PSALMUS
1372 1262 1416 1290 ΙΙΙ.

945 1310 1026 1338 Vens.
1046 1311 1072 1338 l.
1091 1309 1215 1337 Psalmul
1230 1309 1325 1342 David,
1344 1310 1448 1344 quando
1463 1309 1577 1343 fugiebat
1598 1317 1613 1335 lt
1627 1309 1696 1343 [acie

905 1356 1028 1383 ΑίηιιΙοιιι
1041 1355 1091 1390 ﬁlii
1107 1356 1160 1388 sui,
1173 1360 1227 1382 etc.
1245 1355 1358 1383 Videtur
1376 1355 1419 1382 hic
1433 1355 1553 1389 psalmus
1569 1363 1583 1381 a
1597 1355 1696 1382 Davide

904 1402 993 1429 dictus
1015 1409 1075 1429 esse
1089 1401 1198 1436 quando
1223 1401 1343 1436 fugiebat
1371 1409 1386 1427 a
1406 1399 1478 1428 facie
1491 1401 1621 1428 Absalom
1647 1401 1694 1428 lilii

907 1447 961 1474 sui.
979 1446 1077 1474 Omnia
1093 1449 1182 1473 autem
1196 1453 1256 1481 quae
1274 1445 1393 1480 psalmus
1413 1445 1547 1477 continet,
1563 1446 1596 1472 ad
1611 1445 1696 1472 histo-

908 1493 977 1520 riam
998 1491 1096 1520 referri
1120 1499 1174 1519 non
1193 1495 1319 1526 possunt.
1338 1490 1408 1524 Quid
1427 1491 1499 1518 enim
1520 1491 1553 1517 ad
1572 1491 1696 1525 proposi-

909 1544 965 1566 tum
983 1537 1121 1573 pertinet:
1137 1546 1147 1563 ι
1163 1537 1220 1571 Ego
1244 1536 1372 1568 dormivi,
1399 1540 1427 1563 et
1449 1541 1592 1570 soporatus
1616 1543 1694 1568 sum,

50 1592 62 1609 ι
95 1581 170 1616 Ἐγὼ
183 1581 343 1617 ὲκοιμήθην,
360 1581 407 1608 καὶ
424 1580 549 1614 ὖπνωσα,
563 1582 725 1618 ὲξηγὲρθην,
743 1583 784 1610 ὃτι
801 1584 837 1610 K‘.‘

944 1583 1063 1614 surrexi,
1096 1582 1159 1616 quia
1173 1581 1305 1609 Dominus
1328 1581 1460 1615 suscipiet
1475 1588 1518 1608 me
1528 1581 1592 1608 "'h
1618 1580 1695 1614 Quod

49 1636 113 1663 ριος
128 1626 303 1662 ἀντιλήψεται
320 1634 389 1661 μου;
411 1635 420 1652 ι
440 1627 496 1653 Καὶ
511 1628 534 1653 εί
554 1627 674 1662 βούλοιτο
690 1628 717 1654 δέ
732 1637 772 1660 τις
789 1629 852 1659 δου-

46 1673 145 1700 λεύειν
157 1673 191 1708 τῇ
204 1672 288 1706 λέξει,
306 1672 387 1699 πλέον
402 1672 488 1708 αὐτῆς
504 1673 586 1708 μηδὲν
599 1673 747 1709 ἐπιζητῶν,
764 1683 852 1710 παρα-

48 1718 183 1755 στησάτω
195 1717 252 1750 πῶς
260 1717 386 1753 ἀληθεύει
395 1717 481 1752 λέγων
494 1718 507 1744 ό
522 1718 678 1754 Προφήτης·
696 1729 705 1745 ι
728 1719 852 1752 Ὀδόντας

46 1764 226 1801 ἁμαρτωλῶν
256 1763 430 1799 συνέτριψας.
451 1774 460 1789 ι
486 1765 531 1790 Δεῖ
558 1764 587 1791 δὲ
619 1764 736 1800 ζητῆσαι
768 1765 810 1798 τίς
837 1767 851 1792 ὁ

46 1811 147 1843 Δαυῒδ,
165 1811 212 1837 καὶ⁸
224 1810 265 1842 τίς
281 1812 295 1837 ὁ
316 1809 503 1845 Ἀϐεσσαλὼμ,
515 1811 562 1837 καὶ
575 1811 591 1845 ὴ
602 1811 723 1842 ἐπίθεσις
738 1812 819 1838 αὐτοῦ
834 1813 850 1848 ἡ

47 1857 125 1885 κατὰ
142 1856 188 1884 τοῦ
206 1857 319 1892 πατρὸς,
332 1857 349 1892 ἦ
364 1865 394 1883 τε
406 1857 478 1892 φυγὴ
486 1856 533 1883 τοῦ
549 1856 681 1891 βασιλέως
694 1857 788 1893 πράως
804 1858 851 1891 φέ-

48 1912 148 1940 ροντος
159 1903 207 1939 τὴν
223 1903 405 1930 ἐπανάστασιν
415 1902 463 1929 τοῦ
477 1903 526 1938 τῆς
542 1901 681 1937 βασιλείας
693 1903 775 1929 αὐτοῦ
789 1904 850 1930 ἑπι-

46 1949 227 1984 θυμήσαντος
244 1948 314 1981 υἱοῦ,
337 1949 385 1976 καὶ
401 1948 591 1984 ἐντελλομένου
614 1950 670 1980 τοῖς
696 1949 743 1975 ὑπ’
768 1950 850 1976 αὑτὸν

46 1993 200 2029 φείσασθαι
215 1992 261 2019 τοῦ
276 1993 419 2029 παιδαρίου
442 1993 628 2028 ’Λδεσσαλώμ.
645 1992 783 2029 Πολλαχοῠ
800 1995 850 2030 τῆς

46 2039 169 2074 Γμφῆς
185 2038 302 2074 εὕρομεν
322 2038 403 2066 Δαυῒδ
418 2036 489 2066 εἷναι
511 2039 556 2066 τὸν
570 2038 697 2074 Χριστὸν,
714 2038 808 2076 ὥσπερ
821 2040 850 2066 ἐν

45 2085 90 2120 τῷ
106 2084 280 2120 ὀγδοηκοπῷ
288 2085 373 2120 ὀγδόῳ
387 2085 496 2120 ψαλμῷ·
513 2095 522 2111 ι
540 2082 626 2121 Εὗρον
638 2084 718 2111 Δαυῖδ
734 2085 780 2112 τὸν
793 2085 850 2112 δοῦ·

46 2131 98 2157 λόν
120 2139 182 2166 μου·
197 2131 226 2157 ὲν
241 2130 324 2166 ὲλαίῳ
337 2131 408 2166 ἁγίῳ
422 2130 518 2167 ἔχρισα
528 2131 618 2158 αὐτόν·
634 2131 715 2166 ἡγὰρ
727 2131 788 2167 χείρ
798 2140 849 2167 μου

46 2171 231 2212 ἀντιλήψεται
245 2175 330 2212 αὐτῷ,
346 2177 393 2203 καὶ
405 2177 419 2203 ό
430 2176 550 2212 βραχίων
567 2185 618 2212 μου
634 2177 790 2211 ἀντισχύσει
805 2178 850 2204 αὑ-

46 2222 108 2249 τόν.
123 2222 181 2248 Οὐκ
196 2221 330 2257 ὠφελήσει
346 2222 441 2258 exegi;
451 2223 480 2250 ὲν
496 2222 580 2258 αὐτῷ,
599 2223 645 2250 καὶ
659 2223 716 2255 υἱὸς
732 2223 849 2258 ἀνομίας

904 1629 928 1656 si
946 1628 1008 1663 quis
1030 1627 1147 1655 voluerit
1176 1626 1276 1653 littera:
1299 1626 1422 1658 servire,
1450 1625 1570 1658 nihilque
1596 1630 1695 1659 pra‘ter

904 1681 963 1701 eam
974 1680 1108 1710 quterere,
1123 1673 1248 1699 ostendat
1267 1670 1404 1706 quomodo
1422 1677 1516 1697 verum
1537 1671 1609 1697 dicat
1627 1669 1694 1697 Pro-

904 1721 994 1755 pheta,
1007 1727 1068 1746 cum
1083 1719 1122 1745 ait
1132 1719 1170 1745 ‘°:
1184 1727 1193 1743 ι
1209 1718 1307 1744 Dentes
1321 1720 1494 1750 peccatorum
1510 1715 1692 1742 contrivisti.»

905 1765 1087 1800 Quaerendum
1105 1769 1146 1791 est
1160 1763 1222 1798 quis
1237 1763 1331 1794 David,
1354 1763 1415 1797 quis
1428 1762 1566 1793 Absalout,
1587 1767 1614 1789 et
1632 1762 1694 1796 qui-

904 1820 966 1840 nam
988 1811 1070 1838 fuerit
1086 1811 1145 1846 ejus
1170 1810 1302 1837 adversus
1320 1813 1425 1842 patrem
1448 1809 1574 1843 impetus,
1591 1814 1618 1835 et
1634 1816 1694 1842 qua:

904 1858 967 1892 fuga
985 1857 1066 1893 regis,
1082 1857 1127 1891 qui
1145 1856 1260 1890 benigne
1275 1855 1328 1882 lert
1346 1854 1392 1880 ﬁlii
1415 1861 1528 1888 regnum
1550 1853 1609 1887 ejus
1632 1853 1695 1881 alie-

904 1904 1013 1935 ctantis,
1034 1902 1227 1932 rebellionem,
1256 1906 1283 1928 et
1307 1900 1424 1928 subditis
1451 1900 1507 1927 suis
1530 1899 1645 1933 imperat
1664 1905 1696 1927 ut

904 1954 1018 1983 parcant
1047 1948 1102 1975 ﬁlio
1129 1947 1268 1975 Absalom.
1299 1945 1426 1973 Pluribus
1450 1952 1517 1972 sane
1542 1945 1693 1980 Scriptura:

904 1995 972 2022 locis
993 1994 1149 2021 invenimus
1160 1993 1290 2020 Davidcm
1309 1999 1370 2019 esse
1383 1991 1534 2023 Christum,
1561 1991 1693 2025 quemad-

905 2042 1014 2068 modum
1041 2041 1067 2068 in
1092 2039 1258 2075 octogesimo
1277 2043 1373 2067 octavo
1391 2038 1493 2073 psalmo
1503 2037 1546 2065 ’τε
1571 2046 1580 2063 ι
1597 2036 1689 2064 Inveni

906 2087 989 2114 David
1009 2093 1118 2114 servum
1139 2092 1240 2116 meum,
1259 2084 1318 2112 oleo
1340 2089 1436 2111 sancto
1456 2084 1520 2111 unxi
1540 2091 1612 2115 eum,
1634 2090 1692 2109 ma-

903 2141 954 2161 nus
975 2134 1047 2160 enim
1072 2139 1130 2159 mea
1151 2131 1329 2159 auxiliabitur
1342 2131 1378 2162 ei,
1395 2135 1422 2157 et
1437 2130 1578 2157 brachium
1605 2136 1692 2156 meum

904 2178 1067 2207 confortabit
1080 2186 1154 2206 eum.
1177 2177 1248 2205 Nihil
1267 2177 1392 2212 proﬁciet
1408 2176 1535 2203 inimicus
1556 2176 1582 2202 in
1601 2183 1644 2207 eo,
1666 2179 1694 2201 ct

905 2224 975 2251 ﬁlius
999 2223 1151 2260 iniquitatis
1174 2231 1226 2249 non
1245 2227 1364 2257 apponet
1382 2230 1482 2249 nocere
1499 2222 1535 2253 ei,
1553 2226 1580 2248 et
1600 2221 1693 2248 conci—

46 2267 82 2294 οὐ
101 2265 254 2302 προσθήσει
271 2266 319 2293 τοῦ
339 2266 464 2294 κακῶσαι
479 2267 569 2294 αὐτόν.
585 2267 639 2294 Καὶ
656 2267 785 2302 συγκόψω
795 2269 837 2295 ἀπι

944 2277 964 2295 ιιι
985 2277 1000 2295 a
1018 2268 1087 2295 facie
1110 2268 1194 2302 ipsius
1215 2267 1341 2294 inimicos
1361 2267 1430 2301 ejus,
1448 2272 1475 2294 et
1493 2267 1615 2293 odientes
1629 2273 1691 2292 cum

46 2311 202 2348 προσώπου
213 2311 294 2338 αὑτοῦ
305 2312 368 2344 τοὺς
377 2312 491 2348 ἐχθροὺς
507 2312 600 2346 αὑτοῦ,
610 2313 729 2345 καὶτοὺς
739 2312 848 2348 μισοῦν-

45 2366 102 2389 τας
117 2356 202 2384 αὐτὸν
223 2357 411 2394 τροπώσομαι,
435 2358 491 2385 Καὶ
507 2359 523 2393 ὴ
538 2358 651 2394 ἀλήθειά
675 2366 724 2394 μου
753 2359 800 2385 καὶ
817 2357 848 2384 τὸ

47 2403 130 2435 ἔλεός
144 2411 194 2438 μου
213 2405 270 2438 μετ’
283 2404 375 2431 αὑτοῦ·
393 2405 440 2431 καὶ
453 2405 482 2430 ὲν
498 2404 537 2440 τῷ
547 2404 658 2440 ὀνόματί
674 2413 724 2439 μου
740 2404 849 2440 ὑψωθή-

48 2456 133 2475 σεται
152 2448 184 2474 τὸ
198 2448 282 2484 κέρας
295 2448 389 2480 αὐτοῦ,
406 2449 452 2475 καὶ
465 2448 585 2485 θήσομαι
601 2451 630 2475 εν
639 2449 759 2484 θαλάσσῃ
768 2451 848 2484 χεῖρα

47 2493 150 2526 αὐτοῦ,
164 2494 211 2521 καὶ
223 2495 252 2520 ὲν
268 2495 400 2530 ποταμοῖς
411 2493 500 2528 δεξιὰν
516 2494 607 2521 αὑτοῦ.
623 2494 708 2526 Αὐτὸς
721 2493 848 2520 ἐπικαλέ-

48 2539 133 2567 σεταί
148 2548 191 2574 με·
207 2540 302 2576 Πατήρ
318 2549 368 2576 μου
383 2537 409 2566 εἷ
425 2541 467 2572 σὺ,
487 2540 565 2574 κάγὼ
579 2539 750 2575 πρωτότοκον
766 2539 846 2576 θήσο-

49 2595 104 2622 μαι
117 2585 209 2618 αὑτὸν,
221 2586 323 2622 ὑψηλὸν
341 2586 416 2622 παρὰ
432 2588 488 2619 τοῖς
502 2586 640 2622 βασιλεῦσι
653 2587 703 2622 τῆς
722 2587 786 2622 γῆς.
800 2587 849 2618 Εἰς

45 2633 98 2660 τὸν
115 2631 201 2660 αἰῶνα
217 2632 326 2667 φυλάξω
337 2632 413 2668 αὐτῷ
426 2632 457 2659 τὸ
471 2632 544 2664 ἔλεός
561 2641 622 2668 μου,
641 2634 687 2660 καὶ
702 2634 719 2668 ἡ
734 2632 848 2668 διαθήκη

50 2687 106 2712 μου
137 2678 221 2713 πιστὴ
241 2677 326 2713 αὐτῷ.
350 2678 407 2705 Καὶ
428 2678 547 2714 θήσομαι
576 2679 617 2710 είς
638 2678 683 2704 τὸν
700 2678 787 2705 αίῶνα
802 2677 849 2704 τοῦ

48 2723 152 2755 αἰῶνος
165 2724 194 2750 τὸ
206 2724 317 2759 σπέρμα
330 2723 424 2756 αὑτοῦ,
436 2724 482 2750 καὶ
493 2724 540 2750 τὸν
555 2724 648 2759 Θρόνον
661 2723 744 2750 αὐτοῦ
756 2724 794 2756 ὡς
801 2724 850 2756 τὰς

49 2769 159 2804 ἡμέρας
179 2769 226 2796 τοῦ
253 2768 378 2805 οὐρανοῦ.
402 2780 412 2795 ι
432 2770 487 2796 Καὶ
507 2771 536 2796 ὲν
550 2769 589 2805 τῷ
612 2770 711 2805 Ἡσαΐᾳ
734 2769 849 2804 λέγοντι·

88 2830 110 2844 ’τ’
127 2828 170 2855 ιιι.
188 2836 230 2861 1-1,
243 2828 270 2856 6.
309 2828 332 2844 '°
351 2828 415 2855 ibid.
431 2828 459 2856 8.
497 2829 518 2844 “
534 2828 578 2856 Ps.
593 2837 724 2861 Lxxxvm,
738 2828 769 2855 21
783 2833 810 2855 et
824 2835 901 2863 seqq.

903 2314 929 2342 in
950 2314 1038 2348 fugam
1064 2317 1235 2340 convertam.
1258 2312 1293 2340 Et
1319 2312 1422 2340 veritas
1443 2320 1513 2346 mea,
1536 2317 1564 2339 et
1584 2312 1692 2339 miseri-

901 2361 991 2388 cordia
1010 2367 1068 2387 mea
1086 2366 1146 2386 cum
1169 2359 1227 2393 ipso
1247 2368 1256 2390 ι
1282 2363 1309 2385 et
1329 2358 1354 2385 in
1375 2359 1485 2385 nomine
1508 2365 1568 2385 meo
1586 2357 1692 2385 exalta-

901 2406 973 2433 bitur
992 2413 1078 2433 cornu
1102 2405 1170 2439 ejus,
1187 2408 1214 2431 et
1236 2411 1334 2439 ponam
1355 2404 1382 2431 in
1403 2404 1471 2430 mari
1493 2412 1602 2430 manum
1621 2403 1688 2435 ejus,

899 2456 925 2478 et
940 2451 965 2478 in
981 2450 1136 2478 ﬂuminibus
1150 2450 1289 2477 dexteram
1305 2449 1373 2483 ejus.
1393 2450 1453 2485 Ipse
1471 2449 1606 2476 invocabit
1622 2456 1665 2475 me
1680 2457 1687 2474 :

899 2496 979 2523 Pater
992 2504 1067 2524 meus
1081 2504 1110 2524 es
1124 2501 1162 2528 tu,
1178 2501 1204 2522 et
1219 2504 1268 2531 ego
1283 2497 1489 2530 primogenitum
1505 2503 1601 2528 ponant
1615 2495 1688 2522 lllltlll

898 2542 1036 2569 excelsum
1058 2550 1113 2577 pra:
1135 2543 1244 2578 regibus
1270 2547 1360 2568 terrm.
1380 2542 1406 2568 In
1422 2546 1552 2568 aeternum
1574 2541 1690 2567 serVabo

900 2589 937 2615 illi
965 2588 1180 2616 miseriCOrdiam
1199 2595 1304 2619 meum,
1330 2592 1357 2614 et
1381 2591 1572 2614 testamentum
1599 2594 1687 2613 meum

901 2635 979 2661 lidele
996 2634 1058 2668 ipsi.
1084 2633 1211 2669 [H548
1225 2640 1322 2668 ponam
1342 2633 1367 2659 in
1387 2632 1514 2659 swcnlum
1535 2632 1624 2659 saeculi
1646 2639 1688 2658 se-

902 2688 962 2707 men
977 2679 1047 2714 ejus,
1062 2685 1089 2706 et
1104 2679 1230 2706 thronum
1247 2679 1305 2712 ejus
1320 2678 1390 2706 sicut
1406 2679 1465 2705 dies
1481 2678 1552 2706 cceli.
1567 2687 1576 2704 ι
1606 2678 1637 2704 Ει
1661 2679 1687 2705 in

902 2723 970 2751 l5uia
995 2724 1102 2751 dicente
1113 2723 1155 2750 ":
1171 2733 1180 2750 ι
1196 2724 1228 2751 Ει
1254 2723 1386 2759 dirigetur
1409 2731 1469 2750 cum
1502 2723 1687 2753 misericordia

904 2771 1027 2799 thronus,
1047 2774 1073 2796 et
1087 2769 1192 2796 sedebit
1213 2769 1239 2796 in
1255 2776 1288 2796 eo
1304 2776 1364 2796 cum
1383 2768 1496 2796 veritate
1516 2768 1542 2795 in
1559 2767 1686 2800 taberna-

945 2828 967 2843 “
985 2827 1046 2854 lsai.
1068 2835 1121 2860 xvi,

88 2877 144 2910 (8|)
162 2878 196 2903 ΕΖ
214 2876 263 2902 καὶ
281 2875 428 2909 δεύτερον,
446 2880 498 2903 etc.
511 2876 598 2903 Codex
628 2876 683 2902 Rue
697 2876 722 2907 Ιι,
746 2876 836 2902 Daniel

948 2884 1002 2902 rus.

89 2911 242 2966 (δὴὲωιεῐ
258 2913 274 2939 ὀ
302 2912 436 2949 ψαλμός,
457 2916 510 2939 clc.
537 2911 625 2940 Codex
651 2911 837 2944 [Salonianus

944 2911 1018 2945 :rius,
1039 2910 1173 2938 Barbam
