1882 3053
48 101 121 128 “2|

572 98 727 126 SELECTA
743 99 774 126 IN
792 99 960 130 PSALMOS.
976 117 1008 122 —
1027 101 1126 130 PSAL.
1148 100 1192 128 Ill.

1619 109 1694 139 “'22,

39 167 154 189 νοντες.
177 157 231 184 Καὶ
254 156 349 192 ὥσπερ
365 164 396 190 γε
413 157 444 183 οὺ
467 156 538 183 κατὰ
559 157 687 193 πρόθεσιν
703 157 751 184 τοῦ
765 167 843 186 κακο-

936 168 989 188 nen
1005 160 1110 196 allligit,
1127 160 1178 188 hoc
1197 161 1270 188 enint
1289 169 1321 189 ex
1346 163 1432 197 patris
1449 164 1475 192 in
1493 165 1578 193 lilium
1595 175 1689 195 amem

43 204 139 230 ποιεῖν
150 203 195 230 τὸν
212 203 319 238 πατέρα
335 202 422 228 θλίϐει
436 202 572 239 μοχθηρὸς
592 203 649 235 υἱὸς
663 203 708 230 τὸν
719 212 850 240 γεγεννη-

41 250 128 282 κότα,
153 249 222 276 ἀλλὰ
247 249 291 276 διὰ
317 248 365 285 τὴν
387 249 494 276 ἐκείνου
522 250 640 286 στοργὴν
658 250 802 277 ἀκολουθεῖ
819 251 850 277 τὸ

41 295 160 327 πάντως
183 295 322 322 Θλίόεσθαι
346 295 428 323 αὐτὸν
449 295 497 322 ἐπὶ
517 297 574 327 τοῖς
593 296 775 333 ἁμαρτήμασι
801 297 849 324 τοῦ

43 341 121 368 υἱοῖν
145 342 191 369 τὸν
214 341 295 369 αὑτὸν
314 341 346 377 δὴ
362 341 463 377 τρόπον
479 343 527 369 καὶ
551 343 568 378 ἡ
586 342 648 374 ἐνὸς
664 343 781 370 ἑκάστου
795 343 849 370 τῶν

43 388 263 425 ἁμαρτανόντων
280 389 364 415 κακία
377 388 463 416 θλίϐει
477 389 524 415 τὸν
536 389 602 416 Υἰὸν
614 389 662 416 τοῦ
680 389 757 417 Θεοῦ.
774 391 849 425 Ὂσῳ

37 434 72 460 δέ
90 443 135 466 τις
149 435 178 461 ὲν
192 434 313 461 πλείοσιν
330 434 442 469 ἀγαθοῖς
465 434 558 470 ἔργοις
572 434 679 469 γίνεται
695 436 743 462 καὶ
758 436 848 470 ὑγιέσι

40 481 195 517 δόγμασιν,
212 482 250 513 ὼς
265 481 364 517 μείζων
381 481 434 508 ὑπὸ
448 482 579 509 πλειόνων
597 481 729 514 θλίϐεται,
745 483 849 510 πολλῶν

42 528 277 564 ἐπανισταμένων
294 528 380 564 αὐτῷ,
397 528 462 555 ὥστ’
474 528 506 555 ἂν
524 528 637 560 πολλοὺς
655 529 736 556 πάλιν
751 530 847 562 εἰπεῖν,

44 582 54 598 ‹
74 574 137 599 Οὐκ
154 572 211 599 ἔστι
226 573 349 608 σωτηρία
366 573 441 608 αὐτῷ
455 573 485 600 ὲν
501 573 540 608 τῷ
556 573 626 608 Θεῷ,
649 583 657 599 ι
679 573 847 608 ἀπογνόντας

39 619 79 645 τὰ
97 618 293 652 κατάὺτὸν,εί
309 619 361 646 ὑπὸ
376 619 489 655 μηδενὸς
501 619 555 646 τῶν
568 619 696 646 τοιούτων
706 620 746 652 εἰς
760 628 848 654 σωτη-

35 664 111 699 ρίαν
129 664 305 700 βλαϐήσεται.
331 664 440 700 Ἀφίησι
458 665 486 691 δὲ
505 666 519 691 6
535 665 600 697 Θεὸς
617 665 731 697 πολλοὺς
747 665 847 691 θλίὸειν

40 710 91 736 τὸν
105 710 222 742 δίκαιον,
235 711 323 743 διδοὺς
338 710 413 746 αὐτῷ
433 711 560 747 ἀφορμὴν
576 711 675 746 βάρους
690 711 769 746 δόξης
793 710 848 737 ἀπὸ

32 755 102 782 τεῶν
112 756 340 792 ὑπερϐαλλουσῶν
350 756 467 791 θλίψεων
480 757 676 793 ὑφισταμένης.
687 757 740 783 Καὶ
755 755 847 783 εἴποτε

40 802 56 826 ὁ
71 801 180 834 δίκαιος
189 802 335 839 ὲπαπορῶν
345 803 420 837 λέγοι
431 802 470 838 τῷ
483 802 552 839 Θεῷ·
566 812 575 829 ι
596 803 627 829 Τί
640 802 847 838 ὲπληθύνθησαν

901 207 1035 240 sequitur,
1053 211 1082 232 ut
1096 207 1153 240 ipse
1167 208 1287 240 peccatis
1303 209 1350 236 lilii
1367 209 1531 245 offendatur,
1548 214 1585 240 ita
1602 219 1629 241 et
1641 224 1689 242 uc-

900 253 986 287 quitia
1015 253 1230 288 uniuscujusque
1256 260 1428 289 peccatorum
1455 259 1568 287 tribulat
1588 261 1689 288 Filium

899 299 957 326 Dei.
971 300 1007 326 At
1019 306 1124 334 quanto
1140 302 1202 336 quis
1213 301 1338 336 pluribus
1351 303 1479 337 operibus
1491 304 1571 334 bonis
1582 306 1690 334 deditus

899 348 951 378 est,
970 349 997 372 et
1008 346 1085 372 sanis
1098 346 1280 380 dogmatibus,
1297 352 1326 374 ut
1342 350 1516 382 prazstantior
1530 358 1545 378 a
1565 351 1688 386 pluribus

901 390 1056 424 tribulatur,
1080 392 1174 419 multis
1201 392 1406 427 insurgentibus
1431 394 1458 422 in
1486 403 1567 429 eum,
1594 398 1631 425 ita
1660 404 1689 426 ut

899 435 976 462 multi
995 443 1091 463 rursus
1103 437 1214 464 dicant:
1234 447 1244 463 ι
1264 437 1322 465 Non
1343 443 1386 466 est
1397 439 1471 468 salus
1487 440 1536 476 ipsi
1550 441 1577 469 in
1594 442 1659 476 Deo,
1673 453 1683 469 ι

899 480 1076 515 desperantes
1092 482 1125 509 de
1145 483 1226 510 rebus
1239 483 1334 517 ipsius,
1353 485 1375 512 si
1391 492 1406 512 a
1422 485 1495 513 nullo
1511 486 1642 521 ejusmodi
1660 490 1687 516 iu

898 526 986 553 salute
999 528 1189 561 consequenda
1210 529 1335 556 laniatur.
1352 529 1490 558 Permittit
1505 538 1596 560 atttem
1617 534 1688 561 Dens

896 570 1000 605 justum
1017 578 1030 597 a
1045 572 1167 606 pluribus
1183 572 1276 609 aliligi,
1293 580 1322 601 Ill.
1336 575 1361 602 ei
1373 576 1501 610 ponderis
1514 577 1608 612 gloria:
1628 587 1688 614 qum

899 618 1105 646 tribulationum
1122 621 1308 655 magnitudine
1318 628 1501 658 comparatur,
1514 626 1687 653 occasionem

899 664 1028 699 prtebeat.
1046 664 1123 698 Quod
1139 666 1161 693 si
1175 666 1265 701 justus
1284 668 1422 696 interdum
1439 677 1539 704 anceps
1560 677 1591 698 ac
1607 671 1688 698 haesi-

899 715 962 738 tans
983 711 1055 739 dicat
1072 713 1138 746 Deo,
1160 721 1169 738 ι
1185 713 1254 747 Quid
1270 714 1442 750 multiplicati
1463 721 1527 743 sunt
1542 717 1587 751 qni
1602 717 1688 744 tribu-

898 757 953 784 lant
977 758 1043 785 me?
1066 759 1155 786 adhuc
1177 767 1211 787 eo
1236 760 1371 795 loquente;
1387 762 1472 790 dicit:
1488 763 1557 790 Ecce
1579 764 1686 798 adsum,

899 807 929 829 ut
945 809 1135 832 momenlanea
1153 804 1294 833 tribulatio
1308 807 1468 835 immensum
1481 808 1573 842 gloriae
1583 810 1687 843 pondus

31 847 68 872 κοί
95 846 235 880 θλίϐοντες
260 857 310 884 με;
341 848 381 875 ἔτι
408 848 490 875 αὑτοῦ
511 848 669 881 λαλοῦντος,
683 849 751 884 ἐρεῖ·
776 847 841 874 Ἰδοὺ

936 849 942 875 i
959 855 1107 885 comparet.
1129 861 1138 878 ι
1152 851 1324 887 Quapropter
1351 861 1361 878 ο
1385 854 1476 880 multa:
1493 860 1556 880 sunt
1575 855 1686 881 tribula-

35 893 177 929 πάρειμι,
187 894 230 921 ἵνα
247 894 329 931 βάρος
336 895 415 930 δόξης
430 894 580 931 ἐργάσηταί
591 903 632 921 σοι
641 895 672 921 τὸ
685 894 843 930 παραυτίκα

36 937 168 973 ἐλαφρὸν
179 939 227 974 τῆς
242 939 357 974 Θλίψεως
368 940 428 966 καθ’
444 939 624 976 ὑπερϐολήνί
642 939 683 966 διὸ
698 940 745 966 καὶ
758 949 766 964 ι
782 939 844 966 πολ-

898 895 987 922 tiones
1004 895 1185 930 iustorum".
1204 907 1213 923 ι
1241 897 1269 924 Si
1291 899 1365 926 salus
1388 904 1442 931 est.
1467 908 1521 927 non
1546 906 1637 928 autem
1660 903 1686 929 in

897 940 962 972 Deo,
978 942 1076 970 merito
1090 943 1289 978 additur‘illud,
1305 953 1315 970 ί
1333 945 1359 971 in
1375 944 1440 972 Deo.
1463 954 1472 971 ι

39 983 90 1010 λαὶ
108 984 138 1010 αἱ
157 983 261 1019 θλίψεις
276 984 330 1011 τῶν
345 985 466 1013 δικαίων.
485 995 494 1012 ι
515 986 546 1012 El
564 985 623 1012 ἔστι
647 985 769 1021 σωτηρία
786 985 846 1021 μὲν,
873 986 923 1013 οὐκ
943 987 972 1014 ὲν
998 987 1037 1023 τῷ
1055 988 1115 1024 Θεῷ
1132 989 1172 1022 δὲ,
1190 990 1302 1022 δικαίως
1321 991 1480 1026 πρόσκειται
1503 992 1543 1024 τὸ,
1563 1002 1573 1018 ι
1595 993 1625 1020 ἐν
1648 993 1689 1029 τῷ

33 1028 117 1063 θεῷ.
143 1037 153 1053 ι

80 1075 126 1103 Σὺ
144 1075 189 1108 δὲ,
207 1076 304 1110 Κύριε,
318 1076 506 1111 ἀντιλήπτωρ
515 1086 574 1112 μου
589 1076 625 1110 εἴ,
641 1077 716 1110 δόξα
725 1086 785 1112 μου
794 1077 843 1104 καὶ

40 1121 137 1155 ὑψῶν
151 1121 210 1156 τὴν
224 1122 361 1157 κεφαλήν
375 1131 445 1157 μου,
463 1131 491 1149 κ.
506 1131 531 1148 τ.
551 1123 573 1148 ἑ.
595 1122 657 1149 Ἐὰν
671 1123 720 1158 μὲν
734 1122 747 1148 6
761 1121 843 1149 Δαυῒδ

37 1167 191 1204 λέγῃ(84),
202 1168 343 1204 πρέπουσα
355 1170 388 1204 τῇ
402 1169 492 1195 πίστει
506 1169 552 1195 τοῦ
564 1169 707 1205 Προφήτου
722 1170 738 1205 ἡ
755 1167 841 1204 φωνὴ,

40 1214 184 1245 ἀσείστως
200 1214 327 1251 φέροντος
342 1214 391 1246 τὰς
407 1215 572 1251 τηλικαύτας
585 1215 770 1251 περιστάσεις,
795 1215 843 1242 καὶ

43 1259 223 1291 πεποιθότος,
243 1260 283 1286 ὃτι
306 1260 355 1287 οὐκ
379 1261 668 1296 ὲγκαταλειφθήσεται,
688 1261 757 1288 ἀλλὰ
774 1260 842 1296 πρὸς

43 1305 86 1339 τῷ
101 1303 260 1340 βοηθεῖσθαι
277 1305 323 1331 καὶ
338 1305 367 1332 ὲν
381 1305 440 1340 Θεῷ
454 1305 650 1341 δοξασθήσεται
666 1305 713 1331 καὶ
732 1304 844 1339 ὑψωθή-

45 1359 128 1377 σεται
152 1350 403 1386 ἀποκαϐιστάμενος
422 1352 462 1383 εἰς
479 1351 528 1386 τὴν
552 1351 700 1386 βασιλείαν·
721 1351 768 1377 ἐὰν
782 1350 811 1377 δὲ
831 1351 845 1377 6

43 1397 171 1433 Χριστὸς
194 1398 209 1423 ὁ
228 1397 314 1432 λέγων
329 1398 508 1435 τυγχάνῃ.....

44 1443 113 1478 περὶ
133 1442 182 1469 τοῦ
205 1443 405 1479 ἀναστήσεσθαι
426 1444 473 1470 καὶ
494 1445 574 1471 πάλιν
591 1445 627 1475 ὡς
645 1445 709 1480 περὶ
723 1444 770 1471 τοῦ
786 1445 845 1470 ἐπι-

529 1399 674 1426 πεπείσθαι
689 1398 776 1430 οὕτως
798 1398 844 1425 καὶ

936 1081 1015 1105 Vsus.
1037 1077 1065 1104 4.
1088 1076 1126 1104 Tu
1146 1084 1246 1114 autem,
1265 1078 1386 1111 Domine,
1400 1085 1537 1114 διαπεριον
1556 1089 1628 1108 metu
1646 1090 1687 1114 τε,

897 1122 981 1158 gloria
994 1130 1050 1149 mea
1069 1127 1094 1149 et
1116 1123 1238 1150 exaltant
1252 1129 1330 1157 caput
1351 1132 1448 1157 meum,
1471 1130 1524 1152 etc.
1550 1126 1578 1152 Si
1600 1126 1686 1154 David

898 1168 942 1195 hic
956 1168 1088 1202 loquitur,
1114 1172 1297 1195 consentanea
1316 1173 1360 1195 est
1382 1176 1434 1196 vox
1452 1169 1594 1205 Propheta:
1610 1171 1687 1204 ﬁdei,

896 1214 1011 1241 viriliter
1027 1219 1066 1241 tot
1079 1214 1269 1241 tribulatioues
1283 1214 1456 1249 perferentis,
1473 1221 1500 1242 et
1522 1225 1552 1244 se
1570 1225 1622 1244 non
1639 1217 1686 1245 de-

897 1261 1021 1288 relictum
1035 1261 1079 1293 iri.
1090 1261 1136 1288 sed
1148 1264 1248 1295 prazter
1262 1262 1392 1288 auxilium
1406 1262 1477 1296 quod
1487 1267 1590 1297 sperat,
1600 1263 1683 1290 etiam

895 1305 999 1341 ingenti
1016 1306 1041 1332 itt
1058 1305 1116 1333 Deo
1135 1305 1224 1341 gloria
1239 1313 1400 1341 summoque
1414 1308 1516 1334 honore
1529 1308 1554 1334 in
1571 1316 1683 1343 regnum

894 1352 1051 1379 restitutum
1074 1351 1106 1378 iri
1127 1350 1306 1379 conﬁdentis.
1333 1352 1361 1379 Si
1388 1357 1479 1379 autem
1497 1353 1623 1380 Christus
1645 1354 1684 1380 lu-

893 1397 997 1431 quitur,
1025 1397 1080 1423 lucc
1104 1397 1172 1424 dicit
1188 1401 1284 1431 utpote
1301 1397 1346 1431 qui
1362 1398 1482 1425 conﬁdat
1504 1405 1533 1425 se
1555 1399 1683 1426 omnibus

894 1443 1085 1470 insidiatorum
1098 1443 1368 1478 consiliisdissipatis
1383 1444 1410 1470 in
1427 1444 1512 1471 Vitam
1525 1450 1683 1472 revocatum

40 1488 280 1525 ὁουλευθήσεσθαι
293 1489 345 1517 ὑπὸ
355 1490 515 1526 ἀνθρώπων,
532 1491 580 1517 καὶ
597 1491 662 1526 περὶ
677 1490 724 1517 τοῦ
743 1490 780 1526 μὴ
795 1491 843 1525 ὲγ-

941 1509 950 1522 ,
968 1490 1132 1524 suscipiente
1147 1490 1222 1517 illuttt
1237 1489 1328 1522 Patre,
1345 1495 1371 1518 el
1390 1491 1414 1517 in
1432 1490 1578 1525 pristinum
1594 1491 1688 1526 gloriae

41 1535 327 1570 καταλειφθήσεσϐαι,
346 1536 558 1572 ἀντιληψομένου
577 1537 658 1563 αὐτὸν
673 1536 720 1563 τοῦ
739 1537 845 1572 Πατρὸς

43 1582 94 1608 καὶ
111 1582 386 1618 ἀποκαταστήσοντος
395 1583 474 1609 αὑτὸν
490 1582 535 1608 ἐπὶ
552 1583 600 1618 τὴν
616 1582 645 1615 ἐξ
656 1583 742 1618 ἀρχῆς
755 1582 843 1615 δόξαν,

44 1627 210 1662 palamne;
220 1636 249 1653 τε
257 1628 349 1660 αὐτὸν,
365 1629 382 1663 ἢ
398 1629 445 1655 καὶ
458 1628 685 1664 ὑπερυψώσαντος
692 1628 753 1655 καθ’
767 1628 785 1656 ἃ
798 1629 845 1656 καὶ

43 1674 58 1699 6
84 1673 248 1705 Ἀπόστολός
261 1682 351 1708 φησιν·
366 1682 374 1698 ι
388 1674 436 1700 Διὰ
452 1673 532 1700 τοῦτο
547 1675 561 1701 6
574 1674 640 1706 Θεὸς
661 1673 741 1700 αὑτὸν
764 1675 846 1710 ὑπερ-

43 1719 142 1754 ύψωσε
161 1719 208 1746 καὶ
224 1720 370 1755 ἐχαρίσατο
386 1720 460 1755 αὑτῷ
482 1720 567 1755 ὄνομα
587 1720 617 1746 τὸ
634 1720 703 1755 ὑπὲρ
718 1721 771 1747 πᾶν
788 1720 845 1747 δνο-

46 1775 98 1800 μα,
113 1765 159 1792 ἵνα
174 1767 202 1792 ὲν
215 1766 253 1801 τῷ
264 1765 377 1801 ὀνόματι
397 1765 484 1801 Ἰησοῦ
502 1767 554 1792 πᾶν
570 1766 634 1800 γόνυ
651 1765 748 1802 κάμψῃ
763 1767 844 1792 ἐπου-

45 1812 163 1847 ρανίων,
182 1811 228 1838 καὶ
245 1811 384 1846 ἐπιγείων,
405 1812 452 1838 καὶ
476 1811 672 1847 καταχθονίων.
690 1812 745 1838 Kal.
770 1813 844 1838 πᾶσα

43 1858 162 1892 γλῶσσα
177 1857 412 1894 ἐξομολογήσεται,
430 1859 471 1885 ὅτι
487 1858 588 1894 Κύριος
611 1857 716 1893 Ἰησοῦς
728 1858 845 1894 Χριστὸς

44 1905 88 1935 εἰς
106 1902 188 1935 δόξαν
205 1902 272 1930 Θεοῦ
298 1904 414 1939 Πατρός.
434 1913 443 1929 ι
463 1904 540 1930 Ἔστι
556 1903 585 1930 δὲ
598 1903 729 1940 διάφορος
746 1905 762 1939 ἡ
781 1903 844 1935 δόξα

44 1949 104 1977 τῶν
119 1948 251 1984 οἰομένων
265 1946 334 1976 εἶναι
350 1951 379 1977 ὲν
394 1949 473 1985 αὐτῇ·
492 1949 539 1976 καὶ
552 1949 566 1975 6
579 1949 629 1985 μέν
641 1957 682 1980 τις
698 1949 777 1981 δόξαν
792 1949 843 1984 φή-

45 2004 95 2022 σαι
119 1996 154 2023 ἂν
171 1994 240 2023 εἶναι
262 1996 345 2023 αὑτοῦ
362 1996 410 2032 τὴν
432 1995 559 2032 πατρίδα·
575 1996 589 2021 6
605 1995 634 2022 δέ
650 2004 691 2027 τις
710 1995 740 2022 τὸ
755 1995 843 2029 γένος,

44 2041 131 2074 ἄλλος
144 2041 174 2068 δέ
189 2051 230 2074 τις
242 2042 274 2068 τὸ
284 2041 389 2073 κάλλος·
407 2041 459 2068 εἰσὶ
471 2041 499 2068 δὲ
510 2040 534 2067 οἳ
551 2040 601 2076 τὴν
617 2039 712 2076 ῥώμην
727 2040 775 2066 τοῦ
793 2040 845 2067 σώ-

46 2098 150 2125 ματος,
161 2089 209 2115 καὶ
219 2088 268 2125 τὴν
284 2089 312 2115 ὲν
327 2088 366 2124 τῷ
377 2087 557 2123 ἀγωνίζεσθαι
571 2086 734 2122 σωματικῶς
746 2087 845 2123 τέχνην

44 2136 131 2169 δόξαν
146 2135 213 2162 ἰδίαν
228 2133 297 2162 εἶναι
313 2134 480 2170 νενομίκασι,
493 2134 563 2170 μέγα
574 2132 734 2169 φρονοῦντες
748 2133 795 2160 ἐπὶ
806 2133 845 2169 τῷ

44 2181 180 2209 τοσούσδε
206 2181 484 2209 κατατιεπαλαικέναι.
506 2181 562 2207 Καὶ
582 2180 608 2207 τί
629 2181 670 2207 δεῖ
684 2179 843 2214 καταλέγειν

44 2229 82 2255 τὰ
108 2228 153 2264 ἐφ’
166 2225 207 2259 οἷς
222 2227 434 2263 σεμνύνονταιοὶ
451 2226 506 2253 θεοὶ
523 2226 684 2260 ἀγνοοῦντες
699 2235 709 2252 t
727 2222 764 2253 ὧν
777 2225 842 2252 πολ-

44 2275 131 2306 λάκις
143 2274 161 2309 ἡ
169 2273 232 2306 δόξα
244 2274 273 2300 ὲν
281 2273 313 2309 τῇ
325 2272 439 2309 αἰσχύνῃ
450 2281 459 2298 ι
474 2271 601 2307 τυγχάνει
616 2271 688 2298 κατὰ
702 2270 747 2299 τὸν
764 2271 844 2297 Ἀπό-

47 2320 163 2352 στολον;
180 2318 233 2346 Τοῦ
250 2318 278 2346 δὲ
291 2318 367 2353 ἁγίου
376 2318 439 2351 δόξα
452 2318 528 2350 Θεὸς,
538 2314 691 2352 ᾧπέποιθε,
703 2317 842 2352 τυγχάνει’

46 2367 100 2394 καὶ
112 2366 165 2401 οὐχ
180 2365 218 2398 ὡς
231 2365 309 2400 ἔτυχε
326 2363 540 2400 πεπιστευμένη,
555 2363 622 2390 ἀλλὰ
631 2363 721 2389 πίστει
737 2362 844 2397 λογιζο-

48 2413 123 2449 μένῃ
137 2413 178 2444 εἰς
194 2410 375 2447 δικαιοσύνην,
386 2410 418 2438 δι’
434 2410 467 2446 ἢν
484 2409 530 2436 καὶ
545 2410 643 2445 σημεῖα
657 2408 724 2436 Θεοῦ
741 2417 845 2444 παρου-

47 2459 114 2491 σίας
145 2457 193 2484 καὶ
213 2457 262 2492 τῆς
287 2456 427 2492 δυνάμεως
445 2455 526 2483 αὑτοῦ
549 2455 690 2486 κοινωνίας
709 2455 847 2491 θεωρῆσαι

47 2504 168 2532 δυνατόν
183 2503 266 2530 ἐστιν·
289 2500 343 2530 οἷον
359 2502 422 2535 δόξα
436 2502 578 2534 Μωῦσέως
593 2502 608 2528 6
620 2501 687 2533 Θεὸς
703 2500 750 2528 καὶ
766 2501 847 2536 μέχρι

47 2549 201 2587 προσώπου
217 2548 300 2576 αὐτοῦ
325 2548 472 2584 μαρτυρῶν
493 2549 527 2584 τῇ
549 2548 625 2584 φιλίᾳ
646 2547 693 2574 τοῦ
706 2547 847 2583 προφήτου

47 2597 100 2623 καὶ
124 2596 173 2622 ἐπὶ
201 2595 301 2627 παντὸς
326 2594 373 2621 τοῦ
396 2593 528 2630 Ἐϐραίων
543 2593 608 2620 λαοῦ
621 2593 667 2620 καὶ
689 2592 847 2627 Αἰγυπτίων

48 2642 195 2678 ἐμφανῶς.
215 2641 284 2674 Δόξα
299 2641 328 2667 δὲ
353 2640 442 2666 Ἡλίου
457 2639 503 2666 τοῦ
525 2640 666 2675 προφήτου
688 2640 702 2665 6
717 2639 783 2670 Θεὸς
801 2637 846 2674 ἦν,

47 2688 216 2720 ἁνιστῶντος
232 2687 278 2714 τὸν
297 2687 347 2722 τῆς
361 2687 448 2722 χήρας
465 2686 532 2719 υἱὸν,
550 2687 597 2713 καὶ
616 2685 762 2721 εὐχομένου
783 2687 847 2722 περὶ

895 1536 1068 1570 splendorem
1093 1536 1268 1568 restituente,
1286 1541 1368 1571 atque
1383 1537 1522 1564 exultante
1537 1537 1578 1564 vel
1600 1537 1683 1564 etiam

895 1581 1116 1616 supcrexaltante
1149 1581 1244 1614 illutn,
1284 1581 1512 1616 quemadmodum
1542 1582 1580 1609 ait
1611 1583 1687 1617 Apo-

895 1629 980 1656 SIolus
993 1629 1035 1656 ἐς
1055 1636 1065 1654 ι
1082 1627 1230 1662 Propterea
1251 1627 1320 1654 Deus
1331 1628 1464 1655 exultat-it
1485 1627 1572 1660 illum.
1595 1631 1622 1655 et
1639 1628 1688 1655 do-

888 1674 976 1702 vnavit
986 1673 1024 1701 illi
1036 1680 1136 1700 nomen
1148 1671 1220 1706 quod
1237 1675 1279 1698 est
1291 1678 1373 1705 super
1386 1678 1467 1698 omne
1479 1679 1592 1704 nomen,
1609 1676 1640 1699 ut
1659 1673 1686 1699 in

902 1719 1014 1746 nomine
1026 1718 1092 1746 Iesu
1104 1724 1185 1745 omne
1196 1723 1266 1752 genu
1279 1715 1411 1748 ﬂectatur,
1425 1716 1586 1749 caelestium,
1602 1722 1690 1744 terro-

895 1766 1003 1796 strium,
1027 1770 1053 1790 et
1070 1765 1251 1798 iul’ernorunt,
1265 1769 1293 1792 et
1313 1765 1403 1792 omnis
1418 1764 1509 1799 lingua
1524 1764 1688 1791 conlitcatnr

894 1812 958 1846 quia
988 1810 1117 1837 Dominus
1147 1809 1228 1838 Jesns
1255 1810 1384 1838 Christus
1410 1810 1436 1837 in
1459 1810 1544 1846 gloria
1570 1814 1612 1837 est
1637 1810 1684 1837 Dei

895 1858 995 1886 Patris.
1011 1868 1021 1884 ι
1035 1857 1172 1887 Ceterum
1186 1858 1213 1884 in
1229 1857 1312 1884 variis
1326 1856 1450 1884 homines
1471 1856 1584 1890 gloriam
1595 1852 1683 1882 'snam

896 1909 1011 1939 ponunt,
1027 1904 1132 1932 aliusin
1148 1905 1247 1939 patria,
1264 1904 1333 1931 alius
1347 1904 1373 1931 in
1391 1911 1503 1939 genere,
1517 1903 1587 1930 alius
1602 1903 1685 1938 550

895 1949 922 1976 in
936 1949 1146 1984 pulchritudine.
1161 1950 1207 1976 alii
1217 1950 1243 1976 in
1256 1949 1377 1984 corporis
1392 1950 1500 1981 robore,
1511 1949 1574 1976 etin
1587 1949 1684 1983 peritia

895 1996 1052 2024 decertandi
1079 1997 1105 2023 in
1127 2003 1223 2031 agone,
1245 1996 1357 2023 multum
1383 1995 1449 2022 elati
1476 1995 1547 2030 qttod
1569 1996 1619 2022 hos
1642 1995 1685 2021 vel

895 2042 956 2069 illos
975 2041 1104 2070 luctando
1119 2042 1247 2069 vicerint.
1267 2041 1300 2069 Et
1314 2042 1380 2076 quid
1395 2048 1505 2069 necesse
1526 2046 1566 2068 est
1590 2047 1687 2068 recen-

895 2095 956 2115 sere
967 2096 998 2115 ea
1017 2089 1052 2116 de
1066 2088 1165 2122 quibus
1184 2088 1338 2123 gloriantur
1352 2088 1388 2115 dii
1407 2087 1577 2122 ignorantes,
1599 2095 1686 2122 «qun-

897 2141 957 2161 rum
973 2141 1044 2169 sape
1059 2134 1145 2170 gloria
1169 2135 1196 2161 in
1222 2134 1384 2161 confusione
1402 2138 1453 2165 cst,
1473 2142 1482 2159 ι
1504 2137 1533 2160 ut
1555 2133 1595 2160 ait
1614 2133 1688 2166 Apu—

896 2179 983 2208 stolus
997 2178 1037 2206 σοι
1048 2180 1142 2208 Sancti
1156 2184 1247 2208 autem
1259 2180 1344 2215 gloria
1363 2179 1434 2207 Deus
1448 2184 1490 2206 est
1505 2179 1547 2206 ctti
1561 2179 1687 2211 conlidit,

897 2226 993 2262 gloria,
1010 2227 1132 2262 inquam,
1156 2234 1210 2254 non
1233 2231 1335 2253 temere
1361 2226 1476 2258 credita,
1494 2225 1542 2253 sed
1561 2225 1612 2253 title
1627 2232 1688 2260 qua:

899 2277 1041 2307 reputatur
1064 2273 1098 2300 ad
1121 2273 1273 2308 justitiam.
1295 2280 1343 2307 per
1363 2280 1444 2307 quam
1464 2277 1491 2300 et
1517 2273 1593 2307 s'gua
1617 2279 1686 2307 pra:-

898 2318 992 2346 sentize
1004 2318 1054 2346 Dei
1066 2323 1094 2346 ct
1109 2318 1310 2346 communionis
1321 2319 1432 2346 virtutis
1443 2318 1501 2352 ejus
1517 2319 1612 2346 videre
1632 2323 1686 2346 est.

899 2363 945 2391 Sic
968 2363 1071 2400 llloysis
1094 2364 1181 2398 gloria
1199 2369 1260 2392 erat
1279 2364 1350 2391 Deus
1364 2365 1408 2399 qui
1430 2369 1560 2399 quantum
1582 2369 1687 2391 amaret

898 2409 1071 2445 prophetam,
1088 2410 1171 2437 etiam
1185 2417 1272 2445 ttsque
1287 2410 1320 2437 ad
1338 2409 1417 2437 faciei
1435 2417 1491 2437 suae
1504 2410 1686 2437 ostensionem

900 2456 1049 2484 declaravit
1067 2461 1095 2483 et
1118 2464 1210 2484 coram
1236 2456 1309 2483 omni
1338 2456 1513 2484 llebrmorum
1534 2455 1633 2490 populo
1658 2460 1686 2482 et

899 2509 992 2530 coram
1020 2501 1166 2537 Egyptiis.
1200 2502 1265 2529 Erat
1289 2502 1371 2529 etiam
1399 2501 1470 2529 Deus
1505 2501 1591 2536 gloria
1622 2500 1687 2527 Elia

901 2547 1041 2582 prophetae
1059 2549 1104 2582 qui
1120 2548 1206 2574 vidum
1223 2547 1306 2574 [ilium
1329 2547 1481 2580 suscitavit,
1498 2551 1525 2573 et
1545 2547 1634 2573 oravit
1650 2546 1686 2573 ad

900 2594 1076 2622 obtinendam
1093 2594 1220 2627 pluviam,
1241 2598 1268 2620 et
1290 2593 1420 2620 continuo
1436 2592 1580 2619 exituditus
1595 2597 1637 2618 est
1653 2591 1686 2618 '°.

902 2640 989 2667 Verax
1008 2647 1072 2676 ergo
1087 2639 1169 2671 Deus,
1186 2646 1248 2665 cum
1266 2638 1304 2665 ait
1318 2648 1325 2666 :
1345 2646 1356 2664 ι
1375 2637 1566 2665 Gloriiicautes
1577 2644 1619 2664 me
1630 2635 1688 2672 glo-

902 2686 1023 2714 rilicabo.
1042 2695 1052 2712 ι
1071 2684 1128 2712 Non
1148 2684 1237 2712 minus
1250 2689 1341 2711 autem
1356 2691 1437 2719 quam
1451 2683 1559 2711 illorunt
1576 2682 1622 2718 qui
1638 2682 1689 2709 tui-

87 2760 110 2776 ⁸⁷
125 2758 198 2786 Psul.
215 2757 371 2791 nxttt,20.
410 2758 432 2774 ⁸⁸
447 2757 566 2793 Philipp.
583 2766 612 2790 tt,
632 2757 659 2786 9.
699 2758 720 2774 ⁸⁹
738 2757 837 2794 Philip.

936 2758 960 2786 9.
999 2758 1021 2773 ⁷⁰
1036 2757 1046 2784 l
1065 2757 1132 2792 Reg.
1147 2763 1176 2788 tt,
1193 2756 1237 2783 50.

89 2827 146 2864 (84)
166 2826 328 2862 Ἐὰνμένό
346 2824 438 2853 Δαυῒδ
452 2825 537 2861 λέγῃ,
558 2829 611 2854 etc.
629 2824 719 2853 Codex
743 2825 843 2854 Barocc

957 2830 983 2854 et
1000 2823 1095 2851 Daniel
1110 2823 1255 2850 Barbarus.
