1882 3053
70 93 146 121 1123

572 94 725 123 SELECTA
746 95 778 122 IN
798 96 967 125 PSALMOS.
985 112 1018 118 -—
1036 98 1132 126 PS.\|..
1152 99 1195 127 lll.

1626 102 1694 130 “‘26

66 154 118 180 καὶ
132 154 206 188 παρὰ
223 153 262 189 τῷ
274 153 426 189 Σολομῶντι
440 154 455 190 ἡ
471 153 561 188 σοφία,
577 155 638 190 ἥτις
652 157 668 190 ἡ
688 156 756 191 αὑτὴ
774 157 853 192 ὑπάρ

915 163 992 185 stans
1010 159 1054 185 Dei
1082 159 1196 187 Verbum
1217 167 1324 195 semper
1339 161 1449 195 clamat,
1472 164 1699 197 quemadmodum

66 208 112 234 χει
125 199 164 234 τῷ
175 199 255 235 Λόγῳ
271 199 318 226 τοῦ
332 199 398 226 Θεοῦ
413 200 483 226 κατὰ
497 200 547 235 τὴν
563 201 722 233 ὑπόστασιν,
741 201 860 228 καλοῦσα

67 245 141 280 μετὰ
164 245 266 280 ὑψηλοῦ
292 246 469 281 κηρύγματος
492 246 538 272 ἐπὶ
562 247 698 283 κρατῆρα,
726 247 857 282 λέγουσα·

67 299 78 314 ι
104 290 155 322 ’Ὁς
171 291 245 317 ἐστιν
263 290 340 325 ὑμῶν
362 290 467 326 ἄφρων,
488 292 639 319 ἐκκλινάτω
660 292 727 328 πρὸς
751 293 800 328 μέ·
817 294 860 320 ἐν-

62 334 142 361 δεέσι
159 335 187 361 δὲ
215 335 320 371 φρενῶν
343 336 565 375 παρακελεύομαι
583 337 716 371 λέγουσα·
737 338 857 370 Ἔλθετε,

62 381 170 414 φάγετε
184 380 238 407 τῶν
251 381 324 416 ὲμῶν
337 382 437 417 ἄρτων,
448 382 495 409 καὶ
510 383 585 409 πίετε
596 381 666 410 οἶνον
678 384 707 410 ὂν
719 385 858 420 κεκέρακα

61 427 143 461 ὑμῖν.
165 435 174 452 ι
198 426 230 452 Ἦ
245 426 320 462 φωνὴ
333 427 476 462 τοιγαροῦν
491 427 538 454 τοῦ
554 429 624 455 κατὰ
640 429 684 456 τὸν
698 429 803 464 ψαλμὸν
814 430 857 456 λέ-

60 479 162 505 γοντος
172 472 354 507 ἐπι-τεταμένη
366 472 432 507 πρὸς
445 473 548 509 Κύριον
564 475 739 506 ὲπακούεται,
749 475 800 502 οὐκ
812 475 858 502 άλ-

59 517 143 544 λοθὲν
162 519 244 545 ποθεν
261 519 277 554 ἢ
295 520 327 545 ἐκ
343 519 390 546 τοῦ
406 519 486 554 ὅρους
501 520 547 547 τοῦ
568 521 656 555 ἁγίου,
672 522 810 548 τουτέστιν
827 522 857 554 ἐξ

57 564 194 600 οὐρανοῦ,
209 565 269 592 ἐπεὶ
286 566 331 592 καὶ
349 567 377 592 ἐν
393 566 481 598 ἄλλοις
498 566 616 601 λέγεται·
632 578 640 593 ι
660 568 855 595 Ἐπακούσεται

58 611 148 637 αὑτοῦ
161 611 190 643 ἐξ
205 611 318 646 οὐρανοῦ
332 612 409 646 ἁγίου
419 613 511 640 αὑτοῦ,
528 623 537 638 ι
551 614 605 640 Καὶ
615 614 644 646 ἐξ
656 614 739 648 ὕψους
750 615 853 647 ἀκούει,

58 657 125 682 ἐπεὶ
142 656 309 692 γέγραπται’
330 666 340 683 ι
366 657 560 685 Ἐπακούσεται
575 659 656 686 αὐτοῦ
669 659 699 691 ἐξ
712 659 795 695 ὕψους
808 661 855 688 καὶ

55 702 93 728 ἐκ
109 702 176 729 ναοῦ
191 703 269 736 ἁγίου
285 703 378 730 αὑτοῦ.
400 713 409 729 ι

102 747 180 782 Ἐγὼ
199 748 371 783 ἐκοιμήθην,
388 749 437 776 καὶ
456 749 581 777 ὖπνωσα
593 760 599 766 ·
619 751 792 786 ἐξηγέρθην,
809 752 853 779 ὅτι

54 795 171 827 lithth
183 794 380 829 ἀντιλήψεται
391 804 461 829 μου,
473 804 499 822 κ.
515 805 539 824 τ.
557 798 580 823 ὲ.
600 797 694 833 Ἡμεῖς
707 799 756 833 μὲν
771 799 853 834 ἡγού-

915 209 942 230 et
969 205 1037 238 apud
1061 205 1234 234 Salomonem
1254 208 1384 242 sapientia
1401 217 1461 243 quze
1483 210 1629 237 secundum
1649 213 1697 248 hy-

913 249 1043 282 postasim
1058 251 1152 277 eadem
1170 255 1212 278 est
1234 259 1266 278 ac
1289 252 1406 279 Verbum
1424 254 1482 286 DeiI
1501 255 1620 282 inritans
1634 263 1696 283 cum

914 301 1013 327 magno
1029 293 1148 322 clamore
1162 296 1196 323 ad
1212 296 1348 330 poculum,
1367 298 1432 325 dicit
1443 298 1467 314 "
1481 308 1487 325 :
1509 309 1518 324 ι
1537 300 1566 327 Si
1585 301 1646 334 quis
1658 307 1699 329 est

914 337 1054 372 insipiens.
1081 339 1201 367 declinet
1218 341 1251 368 ad
1270 349 1323 374 me,
1347 347 1375 369 et
1398 343 1489 370 stultis
1505 345 1634 379 praecipio
1654 346 1696 372 di-

911 391 1003 411 cens:
1028 385 1138 418 Venite,
1167 387 1301 414 eomedite
1331 396 1414 423 panes
1441 397 1527 422 meos,
1554 395 1580 417 et
1610 391 1699 418 bibito

911 430 1003 457 vinum
1021 431 1092 464 quod
1111 431 1204 458 miscui
1222 433 1309 461 vobis.
1331 443 1339 459 ι
1362 434 1454 469 Itaque
1472 435 1517 469 qui
1543 436 1568 462 in
1591 436 1697 469 psalmo

911 476 945 502 ad
972 477 1055 503 Deum
1084 484 1178 504 vocem
1205 477 1331 512 intendit,
1358 488 1410 506 non
1434 480 1542 508 aliunde
1572 489 1652 515 quam
1679 489 1697 512 ι

911 529 1002 551 monte
1020 529 1128 556 sancto,
1145 525 1196 552 hoc
1213 530 1253 552 est
1269 533 1284 552 e
1299 526 1374 557 ett-lo.
1393 528 1550 560 exauditur,
1569 529 1695 563 quando—

910 571 1018 604 quidem
1033 570 1096 597 alibi
1116 579 1224 606 quoque
1244 571 1345 599 dicitur
1367 574 1390 589 ⁷⁸
1411 583 1418 602 :
1439 584 1448 600 ι
1465 575 1595 602 Exaudiet
1616 575 1692 602 illum

909 616 940 642 de
955 616 1023 643 coelo
1038 621 1132 644 sancto
1146 625 1204 644 suo.
1223 628 1232 644 ι
1251 619 1288 645 Ex
1303 620 1410 646 sublimi
1429 629 1538 656 quoque
1558 622 1691 649 exaudit:

908 670 970 688 nam
988 663 1120 697 scripttttn
1141 669 1202 692 est:
1220 673 1229 690 ι
1250 665 1381 693 Exaudict
1403 666 1489 700 ipsum
1508 667 1542 694 ab
1559 667 1614 695 alto
1632 672 1660 695 et
1676 675 1692 695 a

909 708 1010 741 templo
1026 713 1122 736 sancto
1139 717 1198 737 suo.
1218 719 1228 736 ι

943 753 1022 780 Vens.
1039 753 1065 780 6.
1081 754 1136 789 Ego
1150 755 1263 782 dormivi
1273 761 1297 782 et
1309 762 1448 791 separatus
1457 766 1526 790 sum,
1539 760 1692 793 exsurrexi,

905 801 967 834 quia
985 799 1113 826 Dominus
1129 801 1253 835 suscipiet
1274 810 1325 835 me,
1343 808 1395 829 etc.
1421 802 1474 830 Nos
1488 805 1595 838 quidem
1618 806 1691 832 arbi-

50 839 135 874 ,μεθα
151 839 205 875 (86)
218 841 305 876 μηδὲν
321 841 489 877 ἀνθρώπινον
507 843 577 878 ἔχειν
592 842 626 869 τὰ
641 842 775 878 λεγόμενα
789 846 853 872 ἀκό-

907 849 1010 871 trantur
1025 845 1094 871 nihil
1113 845 1171 872 haec
1186 845 1287 872 habere
1307 846 1454 874 humanum
1469 850 1540 882 quod
1556 855 1690 884 congruat

55 886 158 913 λουθον
174 888 207 922 τῇ
223 887 286 922 περὶ
302 887 346 913 τὸν
361 888 452 920 Δαυῒδ,
467 889 510 915 ὅτε
525 889 624 923 ἔφυγεν
636 889 691 916 ἀπὸ
707 890 852 925 προσώπου

61 932 256 969 ’Λὸεσσαλὼμ,
282 934 394 970 ἱστορίᾳ,
421 935 445 960 εί
468 934 591 970 θέλοιμεν
614 936 731 970 τηρῆσαι
755 936 798 964 διὰ
822 937 852 964 τὸ

51 979 144 1014 ῥητὸν
161 979 190 1006 τὸ
205 980 251 1006 τοῦ
271 980 352 1007 ama
365 981 519 1016 πρόσωπον,
532 981 579 1007 καὶ
594 982 637 1008 διὰ
650 982 729 1008 τοῦτό
744 991 775 1017 γε
790 983 852 1010 δυσ-

52 1025 225 1060 ωπήσαιμεν
242 1026 275 1052 ἂν
292 1026 339 1052 καὶ
353 1028 416 1058 τοὺς
436 1027 472 1063 μὴ
491 1026 668 1062 βουλομένους
685 1029 852 1063 ἀναγκάζον-

52 1078 105 1102 τες
119 1071 231 1105 ἀνάγειν
248 1072 296 1108 τὴν
315 1073 433 1108 ἱστορίαν
453 1074 500 1100 καὶ
516 1074 675 1109 προσίεσθαι
694 1075 802 1107 πάντως
819 1077 850 1102 ὲκ

52 1116 208 1152 προσώπου
216 1117 334 1153 Χριστοῦ
342 1116 411 1145 εἶναι
421 1118 455 1144 τὰ
465 1119 695 1154 ἐπαγγελλόμενα.
707 1121 763 1146 Ἵνα
771 1120 798 1147 δὲ
812 1120 849 1156 μὴ

52 1160 184 1195 δοκῶμεν
200 1162 351 1198 προδιδόναι
365 1163 409 1189 τὸν
425 1163 502 1198 λόγον
517 1163 561 1191 τὸν
575 1165 646 1191 κατὰ
659 1165 690 1191 τὸ
705 1165 786 1200 ῥητὸν
804 1164 849 1191 ιυ-

53 1207 176 1242 νάμενον
194 1207 337 1241 σώζεσθαι,
354 1209 399 1235 καὶ
413 1209 500 1236 ταῦτα
515 1210 623 1237 λεκτέον
633 1219 639 1226 '
654 1210 745 1246 Φαμὲν
760 1210 849 1237 τοίνυν

52 1253 143 1280 αὐτοῦ
165 1255 367 1290 κατηγοροῦντα
389 1256 433 1282 τὸν
452 1256 532 1283 Δαυῖδ
553 1257 640 1284 ταῦτα
662 1257 777 1292 φάσκειν
802 1257 848 1284 ὲπὶ

51 1300 95 1335 τῷ
111 1300 150 1336 μὴ
163 1301 341 1336 ἐγρηγορέναι
363 1302 443 1328 αὐτὸν
463 1303 528 1338 περὶ
548 1303 598 1337 τῆς
614 1303 761 1338 βασιλείας,
781 1303 848 1339 μηδὲ

52 1347 197 1382 προσοχὴν
212 1347 260 1382 τὴν
279 1347 391 1374 δέουσαν
405 1348 570 1382 εἰσαγαγεῖν,
585 1349 653 1376 ὥστε
668 1349 760 1385 καιρὸν
777 1349 848 1384 ἔχειν

51 1393 202 1420 ἐπιθέσθαι
225 1393 284 1428 μὲν,
298 1394 361 1420 τάδε
382 1395 543 1421 πεπονθέναι
559 1395 639 1421 αὐτὸν
662 1395 706 1422 διὰ
719 1395 769 1430 τῆς
786 1397 847 1422 ἐπι-

53 1438 162 1470 θέσεως
191 1438 236 1464 τοῦ
267 1439 452 1475 ’Λϐεσσαλώμ
482 1440 564 1476 Ἐμοῦ
586 1440 641 1476 γὰρ
663 1441 845 1477 κοιμωμένου,

49 1483 135 1518 φησὶ,
152 1484 199 1510 καὶ
211 1483 356 1515 ὑπνοῦντος
367 1484 430 1511 τάδε
441 1484 500 1511 τινὰ
518 1484 673 1521 συμϐέϐηκέ
689 1494 743 1521 μοι.
766 1484 845 1512 Ἀλλὰ
857 1506 881 1538 c

47 1529 209 1564 διανέστην,
226 1530 287 1556 ἐπεὶ
302 1529 403 1566 Κύριος
417 1531 590 1566 ἀντιλήψεταί
611 1539 672 1566 μου,
694 1531 739 1558 καὶ
754 1531 845 1558 διανα-

48 1574 122 1607 στὰς
136 1575 273 1612 μυριάδων
284 1575 350 1602 λαοῦ
363 1576 531 1612 ἐπιθεμένων
545 1586 589 1612 μοι
599 1577 628 1603 οὺ
643 1576 842 1612 φοῦηθήσομαι.

46 1621 109 1648 Καὶ
133 1621 270 1653 ἀϐιάστως
291 1621 325 1648 τὰ
347 1621 411 1657 ἑξῆς
434 1622 504 1655 δόξει
521 1622 671 1655 σώζεσθαι·
693 1624 740 1650 καὶ
757 1624 844 1651 ταῦτα

48 1668 104 1703 μὲν
130 1667 271 1703 ἡγούμεθα
298 1667 336 1699 ὡς
361 1667 429 1704 πρὸς
455 1668 504 1704 τὴν
528 1667 602 1700 λέξιν
633 1669 842 1705 ἑρμηνεύεσθαι,

47 1712 121 1748 πρὸς
135 1711 163 1738 δὲ
177 1712 331 1747 ἀναγωγὴν,
344 1712 382 1743 ὡς
398 1712 612 1748 προειρήκαμεν,
628 1713 681 1740 ἀπὸ
697 1713 842 1749 προσώπου

46 1759 157 1794 Κυρίου
172 1757 258 1785 ταῦτα
270 1758 487 1793 ἀπαγγέλλεσθαι
501 1759 550 1794 τὴν
569 1759 636 1786 ἰδίαν
650 1760 776 1795 κοίμησιν
795 1760 842 1788 νῦν

45 1804 242 1840 διηγουμένου,
257 1805 303 1831 καὶ
316 1804 397 1831 ὕπνον
409 1805 455 1831 τὸν
467 1805 537 1831 κατὰ
551 1805 581 1831 τὸ
595 1805 690 1837 πάθος.
717 1806 842 1833 Ἐπισκε-

44 1849 170 1885 ψὼμεθα
183 1849 215 1886 δὴ
232 1850 363 1886 πρότερον
380 1849 512 1885 διαφορὰν
529 1850 683 1886 κοιμήσεως
695 1851 741 1878 καὶ
756 1851 840 1878 ὕπνου

45 1895 231 1931 νομιζομένου
246 1896 283 1927 ὡς
298 1895 366 1932 πρὸς
381 1895 428 1932 τὴν
444 1896 530 1928 λέξινυ
552 1896 680 1932 κοίμησιν
704 1897 753 1932 μὲν
769 1895 840 1924 εἶναι

43 1941 86 1973 ὡς
99 1941 170 1976 πρὸς
183 1941 233 1977 τὴν
247 1941 372 1977 ἡσυχίαν,
397 1942 461 1977 περὶ.
479 1939 513 1977 ἧς
530 1942 576 1968 καὶ
598 1943 612 1969 ὁ
632 1941 738 1974 Παῦλός
755 1951 838 1978 φησι·

45 1997 56 2013 ι
86 1987 195 2019 Πάντες
220 1987 453 2023 κοιμηθησόμεθα,
475 1988 505 2014 οὺ
527 1988 626 2020 πάντες
642 1988 670 2015 δὲ
686 1988 838 2024 ἀλλαγησό-

44 2034 138 2070 μεθα·
158 2044 167 2059 ι
185 2033 268 2060 ὕπνον
285 2034 314 2060 δὲ
328 2034 420 2060 ἄνεσιν
435 2034 486 2068 τῆς
502 2034 590 2069 ψυχῆς
605 2035 764 2070 χαλωμένης
784 2035 838 2062 ἀπὸ

44 2079 94 2105 τοῦ
111 2078 240 2113 σώματος
254 2078 300 2105 καὶ
314 2078 362 2113 τὴν
376 2079 454 2105 τάσιν
469 2079 666 2114 ὑπεκλυούσης,
680 2079 719 2114 τῷ
737 2079 774 2115 μὴ
791 2080 839 2114 φέ-

44 2133 106 2160 ρειν
123 2123 296 2150 ἀδιάλειπτον
309 2123 355 2150 τὸν
367 2123 452 2150 τόνον.
480 2124 524 2150 Ἐν
538 2124 566 2150 δὲ
583 2124 620 2159 τῷ
642 2124 701 2151 ’1ὼὸ
721 2125 838 2160 μάλιστα

43 2171 95 2206 τὴν
113 2170 244 2205 διαφορὰν
267 2170 449 2206 παρίστασθαι
468 2170 692 2206 ὑπολαμϐάνομεν
713 2170 758 2197 διὰ
775 2170 836 2197 τού-

41 2222 118 2241 των’
140 2223 150 2239 ι
168 2213 225 2240 Νῦν
245 2213 278 2240 ἃν
299 2214 439 2249 κοιμηθεὶς
456 2213 594 2249 ἡσύχασα·
613 2214 740 2246 ὑπνώσας
754 2215 782 2242 δὲ
802 2215 835 2242 ἂν

40 2259 212 2294 ἐπαυσάμην
233 2258 301 2294 μετὰ
314 2257 455 2292 βασιλέων,
471 2258 620 2293 βουλευτῶν
632 2259 693 2294 γῆς.
712 2268 721 2284 ι
744 2259 836 2294 Ἐδεή-

40 2306 136 2340 θημεν
149 2305 177 2332 δὲ
194 2305 242 2340 τῆς
257 2305 388 2340 διαφορᾶς
403 2304 450 2331 τοῦ
467 2304 629 2340 κοιμηθῆναι
647 2305 693 2332 καὶ
714 2305 836 2332 ὺπνῶσαι

38 2351 117 2386 ὑπὲρ
135 2349 183 2376 τοῦ
200 2350 318 2377 συνιέναι
332 2350 391 2381 πῶς
405 2350 437 2376 ἂν
451 2350 496 2377 ἐπὶ
509 2350 555 2377 τοῦ
571 2350 697 2386 Σωτῆρος
710 2350 778 2385 αὕτη
791 2350 837 2386 δη-

38 2399 128 2424 λοῖτο.
142 2395 260 2431 Σύνηθες
276 2395 325 2430 μὲν
338 2395 392 2430 γὰρ
403 2395 453 2430 τὴν
469 2395 523 2422 ἀπὸ
534 2394 581 2421 τοῦ
598 2395 655 2429 βίου
668 2394 762 2422 τούτου
778 2395 836 2428 ἔξο-

37 2442 88 2469 δον
106 2441 235 2476 κοίμησιν
248 2439 385 2474 λέγεσθαι.
403 2440 458 2466 ἐσθ’
472 2441 516 2467 ὅτε
529 2440 557 2467 δὲ
569 2441 616 2467 καὶ
632 2439 714 2467 ὕπνον
728 2441 833 2476 μεμνή-

39 2487 116 2523 μεθα
131 2486 319 2522 ὀνομάζεσθαι.
340 2496 350 2511 ι
368 2486 514 2522 Ἑκοιμήθη
539 2496 548 2512 ι
565 2486 630 2522 γὰρ,
644 2487 719 2522 φησὶ,
737 2495 746 2512 ι
766 2486 835 2522 μετὰ

37 2533 99 2560 τῶν
116 2533 242 2570 πατέρων
255 2533 351 2559 αὑτοῦ·
374 2542 383 2558 ι
401 2533 457 2565 καὶ,
473 2542 482 2558 ι
497 2532 585 2559 Πολλὰ
599 2533 714 2568 σώματα
725 2532 778 2559 τῶν
791 2540 836 2558 κε-

38 2579 220 2614 κοιμημένων
237 2579 322 2613 ἁγίων
335 2579 490 2615 ἠγέρθησαν
515 2580 555 2612 εις
575 2579 625 2615 τὴν
639 2579 720 2613 ἁγίαν
740 2578 828 2611 πόλιν,

37 2625 90 2653 καὶ
107 2625 324 2660 ἐνεφανίσθησαν
347 2625 470 2657 πολλοῖς·
493 2635 503 2652 ›
524 2625 582 2657 καὶ,
602 2635 611 2651 ι
638 2625 706 2651 Νυνὶ¹
721 2624 749 2651 δὲ
766 2625 830 2660 ἐγή-

36 2679 140 2706 γερται
157 2670 274 2706 Χριστὸς
293 2671 325 2698 ὲκ
337 2671 451 2706 νεκρῶν,
470 2672 581 2708 ἀπαρχὴ
593 2672 647 2698 τῶν
663 2671 830 2707 κεκοιμημέ-

75 2729 100 2753 ⁷.δ
113 2728 235 2760 Promx.
247 2728 274 2755 4.
312 2729 335 2745 ⁷⁸
350 2728 420 2756 Psal.
437 2737 493 2762 χιιι,
506 2730 532 2757 7.
568 2729 684 2758 "lCor.
697 2737 743 2762 xv,
755 2729 800 2762 20,
816 2728 846 2756 5|

907 2728 922 2745 "'
934 2727 994 2757 Job.
1007 2737 1047 2757 ιιι.

38 2765 63 2781 ⁸⁸
79 2765 89 2790 1
102 2764 165 2791 Cor.
186 2771 230 2794 xv,
242 2763 288 2791 ‘20.

77 2819 131 2854 (86)
150 2818 247 2854 Ἡμεῖς
261 2818 320 2853 μὲν
335 2819 494 2854 ἡγούμεθα,
510 2823 563 2847 etc.
580 2818 710 2847 Indidem.

905 898 965 917 cum
992 890 1100 918 Davidis
1131 891 1244 918 histm-ia
1271 892 1398 926 fugientis
1417 901 1431 920 a
1457 894 1525 921 lat-ie
1548 895 1689 926 Absalom,

904 937 926 963 si
954 936 1123 964 voluerimus
1151 942 1264 972 propter
1291 938 1408 964 litteram
1443 946 1555 966 servare
1581 939 1690 968 Davidis

902 989 1046 1016 personam
1060 1002 1067 1014 ,
1094 987 1122 1010 et
1144 990 1287 1018 propterea
1313 984 1408 1018 pudori
1437 985 1514 1012 nobis
1535 986 1572 1012 sit
1592 994 1690 1022 cogere

903 1027 1003 1055 invitos
1026 1029 1096 1056 hattc
1116 1029 1257 1057 historiam
1275 1029 1307 1056 ad
1319 1031 1468 1064 spiritalem
1484 1039 1594 1059 sensum
1608 1041 1689 1060 revo-

901 1080 980 1105 care,
1009 1078 1037 1100 et
1063 1074 1175 1101 omnino
1206 1075 1283 1102 lateri
1309 1076 1365 1103 lucc
1389 1084 1420 1103 ex
1447 1084 1562 1111 persomt
1585 1078 1687 1105 Christi

901 1118 971 1145 dicta
990 1126 1059 1146 esse.
1076 1119 1115 1147 Ne
1138 1124 1226 1148 tamen
1252 1121 1395 1148 videamur
1421 1129 1575 1150 sermonem
1604 1123 1671 1150 dere

900 1163 1023 1198 linquere
1037 1165 1082 1199 qui
1099 1166 1249 1193 secundum
1264 1166 1382 1193 litteram
1398 1169 1501 1194 schari
1515 1173 1614 1203 potest,
1629 1169 1686 1195 lucc

900 1219 1007 1246 quoque
1029 1212 1140 1239 dicenda
1158 1217 1221 1239 sunt
1235 1222 1241 1240 :
1260 1212 1361 1247 Nempe
1377 1214 1550 1248 semetipsum
1567 1215 1607 1240 his
1623 1221 1686 1241 ver-

900 1256 941 1284 bis
955 1265 1086 1285 accusare
1101 1257 1241 1290 Davidcm,
1265 1265 1297 1285 eo
1322 1259 1395 1293 quod
1418 1260 1494 1293 regni
1515 1267 1607 1286 curam
1630 1267 1683 1286 non

900 1302 1040 1334 habuerit,
1062 1307 1088 1329 et
1106 1302 1140 1329 ita
1162 1301 1243 1329 ollicii
1265 1302 1402 1337 negligens
1428 1304 1520 1337 fuerit,
1545 1309 1574 1330 ut
1597 1303 1685 1332 rebel-

898 1346 972 1373 landi
993 1347 1161 1374 occasionem
1185 1351 1281 1374 nactus
1301 1348 1337 1374 sit
1358 1348 1496 1380 Absalom,
1516 1354 1541 1376 cl
1557 1349 1619 1376 inde
1634 1349 1684 1378 has

898 1392 922 1419 ci
953 1392 1090 1419 molestias
1115 1393 1252 1427 pariendi.
1277 1393 1341 1420 Mihi
1371 1394 1455 1426 enim,
1489 1395 1587 1429 inquit,
1621 1396 1683 1423 dor-

898 1438 993 1464 mienti
1017 1443 1045 1465 et
1069 1444 1196 1471 soporato
1218 1438 1275 1465 hanc
1296 1439 1480 1473 contigerunt.
1502 1441 1554 1467 Sed
1573 1448 1683 1469 erectus

898 1483 1044 1516 sum.qnia
1063 1483 1191 1509 Dominus
1213 1483 1344 1518 Suscipiet
1370 1491 1422 1516 me,
1449 1490 1475 1512 et
1497 1490 1604 1512 erectus
1628 1495 1681 1514 non

897 1527 977 1563 552
997 1529 1108 1559 timebo.
1127 1528 1234 1556 etiamsi
1251 1529 1346 1555 decent
1370 1529 1454 1556 millia
1478 1531 1567 1565 populi
1593 1532 1682 1559 insur-

895 1578 958 1608 gant
977 1573 1121 1600 adversum
1139 1581 1191 1601 me.
1211 1574 1257 1601 Sic
1271 1575 1331 1602 sine
1346 1574 1398 1601 ulla
1420 1575 1457 1608 vi,
1483 1583 1543 1610 qua:
1562 1584 1681 1613 sequun-

897 1623 942 1647 tur
958 1619 1123 1646 videbuntur
1136 1620 1240 1647 servari
1254 1628 1262 1652 ;
1288 1625 1315 1647 et
1333 1619 1390 1647 ha'c
1414 1621 1534 1656 quidem,
1549 1628 1680 1657 quantum

894 1666 927 1693 ad
945 1666 1062 1693 litteram
1081 1667 1190 1699 attinet,
1215 1667 1381 1694 arbitramur
1403 1669 1543 1702 explicari.
1566 1670 1612 1696 sed
1636 1678 1680 1696 se-

894 1712 1013 1738 cundum
1039 1712 1189 1747 spiritalem
1215 1720 1325 1741 sensum
1353 1721 1386 1741 ex
1418 1722 1535 1750 persona
1570 1715 1678 1742 Domini

893 1757 958 1790 dici,
975 1758 1022 1792 qui
1039 1758 1177 1793 propriam
1199 1766 1276 1786 suam
1303 1759 1498 1787 dormitionem
1524 1765 1627 1793 narrat.
1651 1764 1681 1788 et

892 1811 1017 1831 somnum
1034 1811 1114 1838 quem
1141 1807 1264 1838 tempore
1281 1805 1417 1837 passionis
1442 1805 1548 1832 habuit.
1568 1805 1678 1840 Expert-

891 1849 989 1876 damus
998 1854 1090 1876 autem
1107 1849 1181 1883 prius
1199 1850 1373 1877 dormitionis
1386 1850 1533 1878 discrimen
1547 1855 1575 1877 et
1587 1852 1676 1878 somni

891 1895 1039 1922 secundum
1058 1894 1174 1922 litteram
1188 1895 1303 1930 accepti.
1327 1895 1458 1931 Dormitio
1474 1901 1514 1923 est
1528 1903 1577 1924 ceu
1591 1895 1676 1923 silen-

891 1941 958 1968 tium
986 1941 1019 1968 de
1041 1948 1095 1976 quo
1117 1940 1215 1968 Paulus
1235 1941 1273 1968 ait
1287 1941 1328 1968 7°:
1349 1950 1358 1966 ι
1376 1941 1477 1969 Omnes
1496 1941 1680 1975 dormiemus,

889 1987 936 2016 sed
952 1995 1003 2015 non
1014 1987 1341 2020 omnesimmutabimur;
1361 1997 1371 2014 ι
1389 1995 1501 2015 somnus
1519 1993 1561 2015 est
1575 1988 1675 2015 anima

894 2032 1018 2060 remissio
1033 2040 1047 2059 a
1063 2039 1178 2067 corpore
1193 2031 1330 2064 relaxatae,
1350 2037 1377 2059 et
1393 2033 1572 2060 intensionem
1585 2033 1674 2060 seclu-

890 2077 990 2110 dentis,
1012 2077 1083 2112 quod
1099 2077 1297 2106 iudesinentem
1314 2083 1436 2106 tenorem
1455 2086 1508 2105 non
1523 2079 1605 2106 lerat.
1617 2079 1674 2106 Hoc

889 2122 1034 2150 discrimen
1061 2123 1086 2149 in
1110 2122 1161 2150 Job
1188 2128 1314 2158 putamus
1340 2124 1411 2151 tradi
1437 2124 1478 2151 his
1503 2124 1593 2152 verbis
1619 2125 1641 2140 "
1663 2131 1672 2152 :

892 2175 901 2192 ι
918 2166 993 2194 Nunc
1013 2167 1106 2201 utique
1121 2168 1260 2196 dormiens
1284 2169 1465 2203 quiescerem,
1492 2173 1520 2196 et
1545 2177 1671 2196 somnum

888 2213 998 2248 capiens
1028 2213 1231 2248 requiescerent
1256 2222 1318 2241 cum
1351 2216 1480 2248 regibus,
1509 2215 1673 2243 consiliariis

887 2264 976 2286 teme.
993 2269 1002 2286 ι
1027 2258 1100 2294 Opus
1129 2265 1219 2288 autem
1246 2261 1323 2288 nobis
1349 2260 1400 2288 fuit
1415 2261 1574 2288 discrimine
1595 2261 1668 2296 quod

884 2308 926 2330 est
944 2304 1025 2336 inter,
1049 2314 1058 2329 ι
1075 2305 1205 2337 dormire,
1224 2314 1233 2330 ›
1248 2310 1284 2338 et,
1300 2315 1310 2331 ι
1328 2313 1452 2332 somnum
1479 2313 1591 2341 capere,
1609 2315 1619 2333 ι
1640 2312 1670 2334 ιιι

886 2349 1069 2384 intelligamus
1099 2351 1235 2386 quomodo
1264 2351 1290 2378 id
1321 2352 1347 2378 in
1383 2351 1525 2379 Sulvatore
1562 2353 1668 2380 ostendi

885 2397 977 2427 queat.
1004 2393 1077 2420 Solet
1103 2395 1175 2421 enim
1210 2394 1245 2422 ab
1272 2395 1324 2422 hac
1349 2395 1404 2423 vita
1430 2397 1519 2424 exitus
1544 2397 1671 2424 dormitio

885 2440 948 2472 dici,
967 2439 1114 2474 aliquando
1130 2440 1212 2467 etiam
1238 2448 1365 2468 somnum
1390 2441 1521 2476 appellari
1546 2441 1671 2469 memini-

885 2494 956 2514 mus.
973 2495 982 2512 ι
1000 2485 1134 2514 Dormivit
1148 2496 1157 2512 ι
1173 2486 1257 2519 enim,
1284 2487 1369 2521 inquit
1384 2486 1418 2518 ⁷⁸,
1437 2496 1446 2511 1
1459 2494 1520 2513 cum
1548 2485 1671 2520 patribus

886 2531 959 2565 suis;
979 2542 989 2557 ι
1007 2536 1034 2559 et
1050 2533 1072 2548 ⁷³
1088 2540 1095 2560 :
1116 2541 1124 2558 ι
1143 2532 1226 2559 Multa
1245 2539 1358 2567 corpora
1373 2536 1528 2559 sanctorum
1543 2531 1588 2565 qui
1605 2531 1670 2558 dor-

884 2578 1009 2611 mieranl,
1035 2583 1243 2606 resurrexerunt
1269 2579 1296 2605 in
1317 2582 1439 2605 sanctam
1466 2577 1615 2610 civitatem,
1641 2581 1669 2603 et

884 2631 1067 2659 apparuerunt
1086 2625 1190 2653 multis.
1208 2635 1218 2652 ι
1237 2625 1290 2652 Et:
1313 2634 1322 2650 ι
1338 2623 1498 2652 Resurrexit
1512 2622 1636 2650 Christus
1652 2629 1668 2649 ο

884 2669 1010 2703 mortuis,
1031 2670 1156 2704 primitiae
1171 2670 1386 2702 dormientium;
1408 2678 1418 2695 ι
1441 2672 1469 2696 et
1494 2668 1518 2684 "
1531 2677 1552 2697 :t
1564 2667 1665 2695 Omnes

1087 2729 1109 2746 "
1123 2729 1190 2758 Gen.
1207 2736 1290 2763 ttLvn,
1304 2728 1349 2755 '50.
1379 2726 1506 2753 "Matth.
1519 2731 1606 2758 urit,
1618 2724 1664 2754 δὲ,

1014 2811 1022 2825 Ἴ
