1882 3053
198 109 268 137 lli?

199 168 375 196 dormienuts.
397 178 406 193 ι
431 166 549 194 Somnus
571 166 653 193 etiam
672 165 840 200 appellatur,
860 163 981 198 qttamlo-
997 164 1019 191 A

197 215 306 248 quidem
336 214 405 240 idem
436 217 478 239 est
507 212 638 244 dormire,
665 218 697 237 ac
723 217 848 236 somnum
873 215 982 242 capere.

200 270 210 286 ι
228 259 306 287 Multi
325 258 416 286 dehis
436 258 482 292 qui
505 265 630 284 somnum
647 256 759 290 capiunt
779 256 806 282 in
830 260 910 281 terra:
925 254 985 289 pul-

197 311 272 335 vere,
290 303 459 338 evigilabunt
471 302 505 328 ".
526 311 535 328 ι
559 301 610 334 Qui
636 301 712 328 locus
738 299 919 328 conlerendus
943 303 986 326 est

198 359 260 378 cum
284 352 319 378 iis
343 358 403 385 quae
429 350 499 376 dicta
515 353 579 376 sunt
601 349 634 375 de
651 347 756 375 sanctis
775 346 984 374 dormientibus.

197 397 299 424 Praeter
312 397 413 423 exitum
431 402 464 422 es
481 395 533 422 hac
545 395 611 425 vita,
627 393 760 429 signiﬁcat
773 392 853 420 etiam
874 399 986 419 somnus

201 448 337 476 torporem
356 441 463 474 animm,
481 447 542 467 cum
566 439 683 466 attentio
707 438 846 473 vigilantia
868 438 984 465 dicatur.

201 486 302 514 Volens
329 486 401 512 enim
423 493 472 512 nos
495 485 604 512 divinus
615 491 705 511 sermo
725 491 740 510 a
754 488 985 517 torpore,arcere,

200 534 238 560 ait
251 533 274 549 "
290 541 297 560 ε
324 542 332 558 ι
351 532 391 560 Ne
404 532 453 558 des
466 530 555 558 oculis
576 530 631 557 tuis
655 536 792 561 somnum,
808 532 835 556 et
850 519 986 563 palpebris

199 579 255 605 tuis
266 577 498 608 dormitationem,
514 580 543 602 ut
563 580 691 608 tanquam
711 573 820 600 damula
837 574 956 601 serveris
970 581 984 600 a

197 623 315 658 laqueis,
340 628 368 650 et
389 627 521 656 tauquam
545 620 604 646 avis
619 627 634 646 ι
651 624 719 647 rete.
741 628 750 644 I
779 619 814 646 Et
841 619 986 646 ostendere

196 671 294 699 volens
308 669 445 704 Propheta
462 673 598 702 torporem
610 670 637 693 et
651 666 795 700 segnitiem
811 670 985 701 peccatorum

197 717 235 743 :iit
248 715 272 731 ⁸³
290 724 296 742 :
325 724 335 740 I
360 714 535 741 Donnicrunt
552 720 680 740 sornnnm
697 719 787 742 suum,
814 715 842 737 et
864 710 930 737 nihil
947 710 985 736 in-

195 765 340 788 venerunt.
365 769 375 785 ο
402 759 434 786 Et
459 759 524 786 illud
543 759 578 792 ⁸⁵,
603 768 613 785 ι
642 758 729 793 Surge
751 757 798 792 qui
823 756 938 787 dormis,
959 760 988 783 ct

195 814 311 841 exsurge
336 813 351 832 a
375 806 501 838 mortuis,
523 810 550 832 et
577 805 718 832 illucescet
735 803 785 830 tibi
812 801 947 829 Christus.
973 810 983 827 ι

195 851 266 879 Huic
287 858 383 879 somno
396 851 443 885 qui
462 850 528 878 nihil
544 850 617 877 aliud
638 854 680 876 est
701 856 782 884 quam
799 853 902 882 torpor,
920 855 986 874 ana-

195 897 266 932 logia
289 897 405 932 quadam
428 897 572 931 respondet
596 895 753 923 dormitatio
782 894 881 920 anima:
905 900 986 927 quant

197 943 322 978 prohibet
349 942 502 973 Salomon.
529 941 629 968 docens
651 948 705 968 non
737 947 864 968 somnum
898 939 985 966 solum

198 988 345 1015 arcendum
357 995 418 1015 esse
429 987 463 1014 ab
476 987 576 1019 oculis,
588 987 636 1014 sed
650 986 735 1013 etiam
755 985 986 1013 dormitationem.

197 1034 267 1068 Quin
281 1038 310 1061 et
320 1032 462 1060 Psalutista
490 1033 516 1060 in
539 1032 704 1066 vituperium
728 1032 869 1066 accipiens
885 1031 988 1058 dormi-

197 1080 307 1107 lalionis
331 1087 440 1110 nomen,
467 1079 506 1106 ait
523 1079 546 1095 "'
567 1087 574 1106 :
601 1087 611 1104 ι
633 1078 861 1105 Dorntitaverunt
889 1085 986 1105 omnes

194 1127 240 1160 qui
255 1125 440 1152 ascenderunt
456 1131 550 1160 equos.
567 1134 576 1151 ι
597 1124 718 1151 Dicimus
733 1130 799 1159 ergo
813 1123 983 1152 Salvatorem

195 1176 316 1199 rostrum
330 1170 422 1198 Jesnm
436 1170 584 1202 Christum,
598 1169 708 1205 quando
724 1176 897 1196 communem
912 1176 986 1196 mor-

194 1223 248 1245 tem
262 1225 313 1252 pro
330 1217 409 1244 nobis
423 1216 563 1248 sustinuit,
573 1221 637 1242 tunc
652 1216 808 1248 dormiisse,
823 1220 981 1250 soporatum

192 1270 258 1290 vero
273 1263 367 1292 fuisse.
382 1269 444 1288 rum
457 1262 546 1288 anima
565 1261 625 1296 ejus
639 1268 653 1287 a
666 1268 781 1295 corpore
794 1266 918 1294 separata
931 1265 984 1287 est.

195 1308 426 1344 Quemadmodum
451 1308 525 1334 enim
539 1307 585 1342 qni
600 1314 725 1334 sotnnum
739 1306 862 1340 capiunt,
877 1305 986 1339 iacente

195 1361 311 1389 corpore
328 1358 475 1388 operantur
495 1352 644 1380 secundum
667 1355 796 1385 mentem,
814 1351 986 1387 imaginatio-

196 1400 277 1427 nibus
295 1400 457 1435 quibusdam
479 1399 688 1426 occursantibus
703 1398 841 1431 obsecuti,
858 1403 885 1426 et
903 1403 986 1432 agunt

195 1445 296 1480 aliquid
313 1445 417 1479 absque
429 1445 485 1472 ullo
496 1445 619 1478 corporis
633 1445 793 1476 ministerio,
805 1452 859 1480 quo
876 1452 928 1472 non
943 1445 985 1471 in-

196 1492 304 1527 digent;
320 1491 399 1527 553
416 1491 464 1523 sic,
486 1491 548 1518 licet
573 1491 599 1518 in
615 1491 742 1518 omnibus
758 1498 810 1518 non
837 1491 935 1518 similis
947 1491 984 1519 sit
997 1499 1022 1531 ο

197 1537 286 1571 imago
302 1537 325 1563 ei
340 1536 418 1569 cujus
429 1540 470 1563 est
486 1535 586 1570 imago,
603 1540 789 1562 verumtamen
806 1539 834 1562 ut
851 1536 909 1562 sine
922 1543 984 1562 cor-

196 1589 261 1616 pore
277 1582 366 1608 auima
384 1588 442 1615 quae
462 1582 495 1608 ab
514 1581 573 1615 ipso
595 1586 721 1616 separata
736 1585 790 1612 est,
809 1585 836 1607 et
863 1588 987 1607 somnum

198 1629 280 1662 capit,
301 1628 461 1655 ostendatur
484 1627 603 1660 operari,
623 1633 765 1662 postquam
792 1627 895 1654 dictum
919 1632 960 1654 est
977 1635 985 1653 :

198 1683 209 1700 ι
235 1673 290 1708 Ego
308 1673 435 1704 dormivi,
453 1682 463 1699 ι
476 1673 594 1704 additur,
611 1680 620 1698 ι
638 1677 666 1699 et
680 1677 824 1706 soporatos
840 1680 908 1699 sum.
925 1681 934 1698 ι
956 1672 987 1699 Et

196 1719 260 1752 quid
278 1719 377 1745 ntirum
404 1718 425 1745 si
441 1717 572 1752 ejusmodi
595 1724 706 1744 somnus
726 1718 753 1744 in
771 1717 912 1744 Salvatore
933 1725 985 1744 non

198 1764 310 1791 omnino
327 1764 424 1790 animat
440 1764 524 1790 otium
543 1763 604 1794 fuit,
623 1763 670 1791 sed
683 1763 800 1790 cessatio
813 1764 934 1797 quaedam
953 1764 986 1791 ab

197 1817 246 1837 usu
269 1809 392 1844 θοι-μοι·θί
414 1809 676 1844 instrumentiﬂpsa
698 1809 799 1836 etenim
819 1816 867 1843 per
886 1816 915 1835 se
937 1816 985 1835 sua

196 1863 308 1883 tnunera
334 1855 403 1888 obit,
430 1855 648 1890 quandoquidem
677 1855 776 1883 idem:
800 1852 868 1882 Jobo
883 1854 985 1881 dictum

195 1902 358 1929 ostenditur.
370 1911 380 1926 ι
392 1901 480 1935 Quane
491 1910 500 1926 I
510 1901 593 1934 enim,
604 1900 732 1935 inquit“,
744 1908 754 1925 ι
764 1906 816 1927 nou
826 1908 859 1928 ex
868 1904 944 1926 utero
959 1899 984 1925 in

197 1953 401 1975 monumentum
419 1948 472 1974 abii
485 1947 582 1975 ?Nunc
597 1948 690 1981 utique
702 1947 840 1974 dormiens
858 1946 986 1980 quiesce-

197 2001 264 2025 rem,
282 2001 407 2020 somnum
420 1998 510 2020 autem
528 1993 639 2026 capiens
655 1992 853 2027 requiesceretn
868 1998 929 2018 cunt
943 1997 986 2017 re-

197 2040 274 2075 gibus
285 2059 291 2071 ,
310 2039 476 2067 consiliariis
494 2044 589 2072 terrae,
608 2039 654 2074 qui
676 2038 865 2073 gloriabantur
880 2037 906 2064 in
923 2036 984 2071 gla~

197 2086 260 2116 diis,
275 2089 322 2111 aut
342 2093 403 2112 cum
425 2085 593 2119 principibus
608 2084 707 2120 quibus
729 2084 842 2111 multutn
863 2083 913 2110 fuit
936 2090 985 2109 att-

199 2139 269 2157 I'lllll.
289 2140 298 2156 ι
314 2130 370 2158 Nisi
393 2131 466 2158 enitn
484 2131 601 2165 aliquam
620 2131 718 2157 anima:
743 2129 927 2163 operationem
945 2129 985 2156 in-

198 2176 332 2210 telligrret
353 2177 379 2202 in
403 2183 456 2210 qua
481 2176 614 2203 honorum
644 2175 822 2209 quorumdam
848 2174 984 2208 particeps
1001 2172 1024 2200 ι)

198 2221 295 2249 επει-ιε
312 2242 319 2255 ,
337 2229 399 2248 cum
418 2221 493 2249 hisce
515 2222 709 2255 requiesceret,
730 2228 782 2248 non
799 2220 892 2255 utique
911 2220 984 2247 dice-

201 2274 240 2296 ret
256 2277 262 2294 :
275 2277 284 2294 t
308 2268 439 2295 Somnum
452 2267 561 2302 capiens
575 2268 771 2301 requiescerent
787 2274 849 2294 cum
865 2265 997 2302 regibus..

199 2315 363 2342 consiliariis
380 2319 469 2346 terrae,
488 2313 533 2349 qui
557 2313 741 2349 gloriabantur
757 2313 782 2339 in
801 2312 906 2348 gladiis.
926 2321 935 2338 ι
953 2311 984 2338 Hi

200 2365 292 2388 autem
306 2361 390 2387 sancti
405 2359 505 2386 {uo-rint
520 2359 627 2393 pictatis
642 2359 740 2386 milites
755 2359 800 2393 qtti
818 2358 900 2385 verbo
911 2357 984 2384 omni

199 2408 290 2442 gladio
310 2407 420 2442 ancipiti
433 2407 556 2435 acutiore
579 2411 691 2434 utuntur
709 2411 803 2433 contra
819 2412 927 2432 omnem
944 2411 986 2431 ve-

200 2455 289 2481 ritatis
310 2454 507 2482 adversarium.
529 2453 670 2488 Principes
693 2453 790 2487 quibus
815 2453 930 2479 multum
944 2457 986 2479 est

199 2509 304 2534 nurum,
323 2501 340 2528 ii
353 2506 434 2528 erunt
445 2501 490 2536 qui
505 2500 597 2527 multis
610 2499 779 2534 praecellunt,
793 2502 822 2526 et
840 2498 898 2525 ideo
913 2499 986 2533 prin-

199 2548 273 2581 ripcs
292 2548 391 2580 vocali,
413 2547 438 2573 in
459 2545 736 2580 contemplationilms
756 2549 782 2570 et
801 2543 986 2576 speculationi—

201 2593 250 2618 l-us
267 2592 393 2620 veritatis
407 2592 506 2619 divites
523 2596 598 2619 sunt.
618 2590 691 2617 Nihil
704 2597 768 2624 ergo
784 2590 881 2616 mirunt
896 2588 987 2615 Salva-

201 2641 285 2662 turem
297 2637 387 2664 dicere
403 2646 410 2664 :
429 2645 439 2662 ι
456 2636 572 2664 Dormivi
584 2641 611 2663 et
627 2639 768 2670 soporatos
784 2641 853 2666 sum,
869 2642 877 2658 ι
889 2634 987 2668 quippe

202 2681 248 2711 qui
265 2682 297 2707 ad
322 2682 474 2709 animarum
494 2681 607 2709 salutem
624 2681 700 2716 plura
716 2679 802 2714 egerit
818 2686 850 2706 eo
867 2683 987 2713 tempore

200 2734 254 2759 quo
267 2733 282 2753 a
302 2735 415 2767 corpore
437 2732 578 2763 separatus
590 2733 641 2759 est,
657 2725 884 2761 quenmdmodum
902 2726 927 2752 in
945 2733 987 2752 ca-

237 2785 260 2801 ⁸ι
275 2785 342 2812 Dan.
359 2794 409 2819 xtt,
424 2786 452 2814 ‘2.
496 2787 518 2804 ⁸⁸
532 2786 611 2815 Prov.
628 2795 664 2819 vt,
681 2787 708 2814 4.

759 2785 782 2801 ⁸³
798 2785 869 2813 Psal.
886 2792 967 2819 ωηεν,
982 2785 1008 2813 6.

204 2819 247 2851 15,
273 2820 314 2852 Η,
332 2821 371 2848 15.

883 103 929 131 EX
949 101 1099 130 ORlGENE

1772 107 1835 133 11ἐῆ

1033 171 1102 190 νων·
1124 173 1132 189 ι
1152 165 1208 196 καὶ,
1232 174 1241 190 ι
1263 165 1364 196 Πάντες
1385 165 1627 200 κοιμηθησᾶμεθα·
1664 174 1673 189 ι
1696 164 1782 191 ἱπνον
1799 165 1835 195 δὲ.

1036 209 1128 245 ἐπειδὴ
1145 211 1242 237 ταυτόν
1259 212 1316 238 ἐστι
1333 212 1364 238 τὸ
1382 212 1523 238 καθεύδειν
1539 211 1580 246 τῷ
1599 210 1717 236 ὑπνοῦν·
1740 220 1749 235 ι
1772 211 1835 237 Πολ-

1035 255 1076 281 λοὶ
1088 255 1143 281 τῶν
1156 256 1340 283 καθευδόντων
1357 258 1386 283 ὲν
1399 256 1452 292 γῆς
1466 257 1575 292 χώματι
1591 257 1700 292 ἀναπή
1706 264 1808 282 σονται.
1824 266 1832 282 ι

1035 301 1199 337 Συγκριτέον
1211 302 1239 328 δὲ
1254 304 1311 334 τοῖς
1327 303 1483 338 λεγομένοις
1504 303 1724 338 κεκοιμημένων
1740 303 1834 336 ἁγίων.

1036 346 1168 382 Σημαίνει
1186 347 1311 383 μέντοιγε
1330 349 1376 376 καὶ
1394 349 1408 376 6
1422 349 1505 381 ὕπνος
1522 349 1609 384 χωρὶς
1628 348 1682 383 τῆς
1703 348 1777 375 κατὰ
1790 348 1836 383 τὴν

1036 392 1124 425 ἔξοδον
1136 393 1183 419 τοῦ
1196 393 1255 428 βίου
1267 393 1316 429 τὴν
1326 394 1491 428 ἀπροσεξίαν
1506 393 1557 429 τῆς
1565 389 1659 429 ψυχῆς
1667 402 1675 408 ⁸
1690 393 1741 428 τῆς
1754 401 1836 428 προσ-

1035 439 1102 474 οχῆς
1127 440 1337 475 ἔγρηγορήσεως
1363 440 1543 475 καλουμένης.
1567 439 1760 465 ουλάττεσθαι
1784 438 1836 474 γάρ

1034 485 1110 520 ἡμᾶς
1125 485 1174 520 τὴν
1189 485 1352 520 ἀπροσεξίαν
1368 485 1529 520 βουλόμενος
1541 485 1556 511 6
1570 484 1645 516 θεῖος
1661 484 1743 518 λόγος
1760 484 1834 519 φησι·

1039 540 1049 556 (
1071 532 1117 567 Μὴ
1131 531 1184 567 δῷς
1201 531 1285 558 ὕπνον
1302 533 1358 564 σοῖς
1372 531 1488 567 ὄμμασι,
1508 531 1576 567 μηδὲ
1597 530 1760 565 νυσταγμδν
1783 532 1835 560 σοῖς

1038 577 1191 613 βλεφάροις,
1206 577 1249 604 ἵνα
1274 576 1347 614 σώζῃ
1363 577 1458 613 ὥσπερ
1471 577 1572 612 δορκάς
1593 577 1626 603 ὲκ
1649 576 1758 612 βρόχων
1768 595 1775 607 ,
1791 575 1835 602 καὶ

1036 623 1131 660 ὥσπερ
1146 624 1238 659 ὄρνεον
1254 624 1286 650 ὲκ
1307 623 1429 658 παγίδος.
1455 633 1465 649 ι
1483 624 1540 650 Καὶ
1559 623 1729 658 βουλόμενος
1745 630 1834 657 παρα-

1037 670 1136 705 στῆσαι
1158 669 1189 696 τὺ
1207 669 1307 705 χαῦνον
1331 670 1379 696 καὶ
1395 669 1537 704 ἀνειμένον
1560 668 1617 695 τῶν
1632 667 1809 703 ἁμαρτωλῶν
1822 668 1837 693 ὁ

1037 716 1185 751 Προφήτης
1201 715 1293 750 φησίνί
1309 724 1318 740 ι
1335 706 1482 741 Ὕπνωσαν
1499 713 1582 740 ὕπνον
1594 712 1702 744 αὐτῶν,
1721 713 1768 738 καὶ
1789 712 1836 746 οὐχ

1037 758 1115 796 εὗρον
1137 761 1231 787 οὐδέν·
1258 771 1267 787 ι
1288 761 1333 788 καὶ
1355 760 1396 792 τὸ,
1423 770 1432 786 ι
1456 761 1568 794 Ἔγειρε
1584 760 1599 786 6
1614 758 1775 789 καθεύδων,
1791 758 1837 784 καὶ

1038 807 1141 834 ἀνάστα
1162 807 1194 833 ἐκ
1215 807 1269 833 τῶν
1294 806 1409 842 νεκρῶν,
1433 807 1480 833 καὶ
1501 805 1652 840 ἐπιφαύσει
1670 813 1712 831 σοι
1735 806 1750 831 6
1768 805 1837 839 X9:-

1039 853 1109 884 στός.
1136 861 1146 878 ι
1173 852 1316 886 ’Δνάλογον
1335 852 1364 879 δὲ
1376 851 1416 886 τῷ
1431 851 1508 886 ὕπνῳ
1522 850 1561 886 τῷ
1576 849 1650 877 κατά
1666 850 1719 884 ⁴τὴν
1736 850 1837 884 ἀπροσ-

1037 897 1110 929 εξίαν
1135 897 1193 924 ἐστὶ
1207 898 1362 934 νυσταγμδς
1379 897 1469 932 ψυχῆς
1487 896 1516 923 ὃν
1536 896 1706 931 ἀπαγορεύει
1723 895 1738 921 6
1755 894 1835 921 Σολο-

1039 944 1109 979 μῶν,
1123 944 1153 970 οὐ
1171 944 1250 979 μόνον
1266 944 1350 971 ὕπνον
1364 943 1497 970 διδάσκων
1513 943 1588 977 ἡμᾶς
1605 942 1645 977 μὴ
1659 941 1764 967 διδόναι
1781 942 1837 971 toi;

1036 989 1168 1024 ὖμμασιν,
1182 988 1250 1015 ἀλλά
1269 989 1316 1015 καὶ
1329 988 1493 1023 νυσταγμόν.
1509 987 1563 1013 Καὶ
1577 986 1716 1018 αὗτὸςδὶὸ
1731 988 1837 1020 Ὕμνῳ-

1037 1033 1091 1065 δὸς,
1101 1035 1147 1061 ἐπὶ
1157 1034 1242 1069 ψόγου
1250 1034 1357 1060 τάσσων
1363 1034 1393 1060 τὸ
1405 1033 1451 1060 τοῦ
1460 1031 1618 1068 νυσταγμοῦ
1625 1032 1724 1067 ὄνομα,
1739 1030 1834 1066 {matv-

1041 1089 1050 1105 ι
1076 1079 1240 1113 Ἐνύσταξαν
1256 1080 1355 1111 πάντες
1367 1081 1391 1106 οἱ
1405 1078 1601 1114 ὲπισεόηκότες
1614 1078 1679 1108 τοὺς
1692 1077 1806 1107 ἵππους.
1823 1086 1832 1101 ι

1036 1126 1127 1162 Φαμὲν
1142 1127 1231 1153 τοίνυν
1245 1126 1291 1153 τὸν
1317 1126 1405 1153 κοινδν
1422 1125 1536 1152 θάνατον
1552 1124 1582 1150 ὅν
1607 1123 1747 1150 ἀπέθανεν
1765 1123 1835 1157 ὑάρ

1037 1172 1115 1209 ἡμῶν
1131 1172 1295 1208 κοιμηθῆναι
1306 1171 1350 1198 τδν
1365 1171 1479 1207 Σωτῆρα
1489 1170 1567 1206 ἡμῶν
1584 1169 1690 1206 Ἰησοῦν
1707 1169 1755 1195 τὸν
1768 1169 1836 1204 Χρι-

1037 1219 1111 1252 στὸν,
1132 1217 1256 1245 ὑπνῶσαι
1271 1217 1310 1250 δὲ,
1328 1217 1510 1253 χωρισθείσης
1523 1217 1573 1251 τῆς
1594 1216 1686 1251 ψυχῆς
1710 1215 1767 1242 ἀπὸ
1788 1215 1835 1241 ea;

1037 1261 1172 1297 σώματος.
1191 1261 1325 1297 Καθάπερ
1344 1261 1398 1296 γὰρ
1416 1262 1440 1287 oi
1462 1260 1610 1292 ὑπνοῦντες
1630 1260 1762 1295 κειμένου
1787 1259 1835 1286 τοῦ

1037 1307 1163 1344 σώματος
1171 1307 1309 1344 ἐνεργοῦσι
1322 1307 1392 1334 κατὰ
1400 1307 1498 1342 ψυχὴν,
1512 1307 1674 1341 φαντασίαις
1683 1307 1740 1332 τισὶ
1749 1315 1835 1342 προσ-

1036 1354 1201 1386 πιπτούσαις
1221 1354 1364 1390 ἑπόμενοι,
1387 1353 1435 1380 καὶ
1458 1353 1609 1389 πράττουσί
1628 1361 1653 1378 τι
1677 1353 1739 1379 κατ’
1758 1352 1834 1379 οὐδὲν

1035 1402 1082 1429 τοῦ
1106 1402 1231 1438 σώματος
1258 1402 1395 1437 δεόμενοι·
1419 1401 1465 1427 τὸν
1487 1400 1569 1426 αὐτὸν
1592 1399 1693 1435 τρόπον
1718 1400 1772 1426 οὐκ
1794 1401 1834 1431 εἰς

1037 1449 1125 1476 πάντα
1138 1448 1187 1483 τῆς
1204 1448 1307 1479 εἰκόνος
1324 1446 1534 1482 ὲξομοιουμένης
1551 1445 1639 1480 τούτῳ
1655 1442 1687 1472 οὗ
1702 1446 1780 1471 ἐστιν
1797 1445 1834 1470 εξ-

1036 1494 1101 1526 κὼν,
1119 1493 1176 1520 ἀλλ’
1193 1493 1236 1520 ἵνα
1251 1492 1358 1528 δηλωθῇ
1381 1493 1398 1528 ἡ
1417 1491 1541 1528 ἐνέργεια
1558 1491 1575 1526 ἡ
1591 1490 1675 1526 χωρὶς
1693 1489 1830 1525 σώματος.

1037 1540 1086 1576 τῆς
1108 1540 1197 1576 ψυχῆς
1221 1539 1272 1574 τῆς
1301 1538 1508 1574 κεχωρισμένης
1538 1537 1632 1569 αὑτοῦ,
1665 1537 1714 1563 καὶ
1743 1535 1832 1571 τούτῳ

1038 1586 1205 1618 ὑπνωκυίας,
1237 1584 1345 1618 λέγεται
1375 1584 1445 1620 μετά
1466 1583 1507 1616 τὸ,
1532 1592 1542 1609 σ
1559 1582 1721 1618 ὲκοιμὴθην,
1751 1591 1761 1608 ι
1789 1582 1828 1611 το.

1040 1641 1050 1657 ι
1072 1631 1195 1658 ὖπνωσα.
1216 1640 1224 1656 ι
1239 1630 1295 1656 Καὶ
1305 1630 1331 1656 τί
1341 1629 1497 1665 θαυμαστὸν
1511 1630 1535 1655 εί
1550 1628 1597 1654 ἐπὶ
1610 1628 1657 1654 τοῦ
1675 1628 1806 1663 Σωτῆρος
1819 1629 1832 1654 6

1036 1678 1156 1708 τοιοῦτος
1167 1676 1250 1708 ὕπνος
1261 1676 1291 1703 οὐ
1306 1676 1394 1710 πάντη
1406 1674 1482 1701 ἐστὶν
1494 1674 1579 1710 ἀργία
1591 1675 1642 1710 τῆς
1654 1673 1757 1709 ψυχῆς,
1775 1674 1832 1700 ἀλλ’

1036 1724 1120 1760 ἀργία
1135 1723 1173 1755 ὡς
1187 1723 1256 1759 πρὸς
1271 1723 1301 1749 τὸ
1314 1722 1422 1758 ὀργάνῳ
1434 1721 1472 1756 τῷ
1488 1721 1595 1756 σώματι
1612 1720 1749 1756 χρῆσθαι;
1769 1721 1831 1747 Ὶδία

1037 1769 1162 1805 μέντοιγε
1180 1769 1227 1795 καὶ
1242 1767 1302 1795 καθ’
1318 1767 1417 1803 ἑαυτὴν
1430 1767 1547 1803 ἐνεργεῖ,
1561 1767 1631 1793 ὅπου
1652 1767 1700 1793 καὶ
1716 1766 1771 1792 ὑπὸ
1785 1765 1832 1793 τοῦ

1042 1815 1102 1842 Ἰὼϐ
1115 1815 1144 1842 τὸ
1157 1814 1223 1841 αὐτὸ
1234 1814 1379 1849 λεγόμενον
1389 1813 1526 1849 δηλοῦται.
1542 1823 1552 1839 ‹
1569 1813 1619 1840 Διά
1631 1813 1658 1840 τί
1674 1823 1683 1839 ι
1698 1813 1765 1849 γὰρ,
1779 1821 1831 1848 φη-

1037 1861 1089 1894 σὶν,
1113 1870 1123 1887 ι
1146 1862 1178 1887 ὲκ
1193 1860 1311 1896 γαστρὸς
1331 1861 1370 1891 είς
1385 1860 1480 1895 μνῆμα
1500 1859 1551 1885 οὐκ
1568 1859 1750 1895 ἀπηλλάγην;
1774 1858 1831 1886 Νῦν

1035 1907 1069 1934 ἂν
1092 1906 1234 1942 κοιμηθεὶς
1261 1905 1397 1941 ἡσύχασα,
1424 1904 1554 1938 ὑπνώσας
1575 1904 1606 1932 δὲ
1631 1905 1830 1940 ἀνεπαυσάμην

1038 1953 1107 1989 μετά
1129 1951 1261 1987 βασιλέων
1286 1950 1435 1986 βουλευτῶν
1457 1950 1520 1986 γῆς,
1543 1951 1568 1977 οἳ
1593 1950 1765 1986 ἐγαυριῶντο
1785 1950 1829 1976 ἐπὶ

1037 1997 1135 2032 ξίφεσι,
1148 1996 1196 2023 καὶ
1217 1995 1285 2031 μετά
1297 1995 1435 2031 ἀρχόντων
1449 1991 1486 2021 ὧν
1502 1995 1586 2027 πολὺς
1602 1996 1617 2021 6
1637 1995 1749 2030 χρυσός.
1773 2005 1782 2021 ι
1798 1995 1829 2022 El

1036 2043 1091 2079 γὰρ
1105 2043 1143 2079 μὴ
1157 2043 1227 2070 ὲνόει
1243 2042 1382 2078 ὲνέργειάν
1397 2050 1458 2068 τινα
1473 2039 1541 2068 εἶναι
1557 2041 1622 2077 περὶ
1636 2042 1685 2077 τὴν
1699 2042 1789 2077 ψυχὴν
1801 2043 1828 2069 ἐν

1036 2086 1053 2127 ᾖ
1069 2089 1207 2116 ἐπαύσατο
1218 2087 1388 2123 τυγχάνουσα
1401 2086 1511 2121 ἀγαθῶν
1525 2095 1609 2113 τινων
1624 2087 1695 2121 μετά
1708 2086 1827 2117 τοιῶνδε,

1036 2134 1086 2160 οὐκ
1102 2133 1135 2160 ἂν
1154 2133 1261 2167 ἔλεγεν·
1281 2141 1292 2158 ‹
1321 2130 1464 2162 ’Υπνώσας
1481 2131 1683 2166 ἀνεπαυσάμην
1698 2131 1770 2166 μετά
1784 2131 1830 2166 βα-

1038 2179 1132 2205 σιλέων
1153 2176 1301 2213 βουλευτῶν
1316 2176 1379 2210 γῆς,
1392 2175 1416 2202 οἶ
1432 2174 1600 2210 ὲγαυριῶντο
1617 2176 1664 2201 ἐπὶ
1679 2175 1796 2210 ξίφεσιν.
1818 2185 1827 2200 ι

1037 2223 1099 2253 Εἶεν
1118 2225 1140 2251 δ’
1156 2223 1189 2251 ἂν
1211 2220 1283 2250 οὗτοι
1306 2223 1376 2257 ᾰγιοι
1398 2221 1561 2258 στρατιῶται
1582 2222 1740 2254 θεοσεῦείας
1761 2223 1830 2258 λόγῳ

1038 2271 1077 2306 τῷ
1092 2269 1238 2306 τομωτέρῳ
1253 2268 1343 2303 πάσης
1358 2267 1409 2303 τῆς
1425 2267 1561 2303 μαχαίρας
1573 2267 1704 2303 διστὸμου
1721 2268 1828 2304 χρώμε-

1039 2325 1078 2344 νοι
1094 2315 1164 2343 κατὰ
1186 2314 1286 2345 παντὸς
1303 2313 1350 2339 τοῦ
1372 2312 1494 2339 ἐναντίου
1514 2311 1565 2346 τῆς
1587 2311 1720 2347 ἀληθείας
1739 2312 1828 2347 λόγον,

1041 2360 1187 2398 ’Ἄρχοντες
1205 2368 1235 2386 τε
1255 2355 1292 2385 ὧν
1315 2358 1399 2390 πολὺς
1412 2358 1426 2384 6
1448 2357 1560 2393 χρυσδς,
1580 2357 1779 2393 ἑρμηνεύοιντο
1799 2359 1831 2385 ἆν

1039 2409 1063 2434 οἱ
1073 2407 1127 2434 τῶν
1141 2405 1243 2432 πολλῶν
1255 2403 1440 2439 διαφέροντες,
1452 2402 1580 2430 καὶκατὰ
1594 2403 1677 2430 τοῦτο
1689 2404 1829 2439 ᾶρχονπς,

1040 2451 1264 2488 χρηματίζοντες,
1283 2448 1461 2480 πλουτοῦντες
1473 2449 1502 2474 ὲν
1518 2447 1685 2483 διανοήμασι
1709 2449 1756 2475 καὶ
1778 2451 1831 2481 τοῖς

1039 2498 1104 2533 περὶ
1118 2495 1245 2527 ἀληθείας
1259 2494 1427 2530 θεωρήμασι.
1446 2493 1529 2520 Οὐδὲν
1543 2490 1591 2520 οὖν
1611 2493 1772 2529 θαυμασιὸν
1786 2495 1829 2520 καὶ

1039 2544 1084 2570 τδν
1107 2542 1222 2577 Σωτῆρα
1238 2540 1344 2574 λέγειν·
1365 2549 1374 2565 ι
1402 2538 1580 2574 Ἐκοιμήθην,
1604 2540 1654 2566 καὶ
1671 2539 1795 2571 ὓπνωσα,
1816 2548 1826 2565 ι

1041 2588 1130 2624 πολλῷ
1146 2587 1226 2613 πλέον
1240 2586 1423 2622 ἐνεργήσαντα
1440 2585 1504 2620 περὶ
1521 2585 1662 2621 σωτηρίας
1677 2586 1772 2621 ψυχῶν
1785 2585 1828 2611 καὶ

1042 2635 1116 2671 παρὰ
1129 2633 1173 2660 τὸν
1185 2632 1279 2668 καιρὸν
1295 2631 1341 2658 τοῦ
1352 2630 1490 2666 χωρισμοῦ
1507 2630 1554 2657 τοῦ
1571 2631 1628 2657 ἀπὸ
1642 2631 1690 2657 τοῦ
1709 2630 1829 2666 σώματος

1041 2679 1111 2707 κατά
1126 2679 1160 2705 τὰ
1169 2677 1302 2713 λεγόμενα
1313 2677 1344 2713 ἐν
1357 2677 1389 2712 τῇ
1398 2675 1536 2711 Καθολικῇ
1551 2677 1698 2713 Ἐπιστολῇ
1712 2676 1828 2713 rapa-tr;

1042 2727 1137 2762 Πέτρῳ
1146 2734 1152 2740 ·
1172 2734 1181 2751 t
1205 2712 1248 2751 Ἑν
1259 2720 1281 2758 ᾧ
1293 2712 1340 2750 καὶ
1353 2724 1408 2754 τοῖς
1421 2723 1450 2749 ἐν
1463 2722 1571 2758 φυλακῇ
1587 2723 1728 2758 πνεύμασι
1739 2712 1829 2757 πορευ-

1046 2785 1069 2800 ⁸⁸
1084 2783 1180 2818 Ephes.
1193 2789 1220 2815 v,
1234 2781 1276 2809 Μ.
1314 2779 1419 2807 “Psal.
1440 2786 1503 2811 Lvn,
1521 2778 1548 2806 5.
1604 2779 1628 2795 ³⁸
1645 2778 1706 2807 Job.
1730 2785 1772 2811 tu,
1787 2777 1827 2808 ll,
