1882 3053
41 117 114 144 “33

39 172 175 207 λούμενον
206 171 259 198 ὑπὸ
292 171 341 207 τῆς
371 171 471 205 λέξεως
498 171 570 198 νοῠν.
602 173 701 199 ’ἰστέον
722 173 761 205 δὲ,
785 173 837 204 ὅτι,

39 219 139 253 ὥσπερ
154 218 247 254 πάσης
260 217 366 253 τέχνης·
378 218 426 244 καὶ¹
442 218 598 254 ἐπιστήμης
615 219 674 245 ἐστὶ
697 219 727 245 τὸ
750 218 836 251 τέλος,

38 264 84 298 ἐφ’
102 263 116 290 ὃ
135 263 247 290 σπεύδει
262 263 276 289 6
289 262 408 298 γνησίως
432 263 482 298 τὴν
503 263 602 299 τέχνην
622 264 639 299 ἢ
654 263 704 299 τὴν
725 264 838 299 ἐπιστή-

39 319 98 346 μην
111 309 221 345 μετιὼν,
237 308 309 336 οὕτω
326 309 374 335 καὶ
389 308 440 344 τῆς
455 309 568 344 λογικῆς
585 309 692 344 φύσεως
707 311 747 337 δεῖ
763 310 837 341 τέλος

37 355 190 390 τυγχάνειν
201 362 208 370 ·
225 355 305 381 τοῦτο
325 354 354 381 δέ
371 355 428 381 ἐστι
447 355 478 381 τὸ
492 355 520 382 ὲν
538 355 648 391 Χριστῷ
668 355 837 391 ζωοποιηῦῆ-

37 409 85 427 ναι
96 400 167 427 κατὰ
180 400 227 427 τὸν
245 400 417 427 Ἀπόστολον,
430 400 585 436 Νομίζομεν
595 401 684 427 τοίνυν
695 402 759 433 τοὺς
775 411 782 426 1
798 402 837 433 εἰς

36 447 69 474 τὸ
93 447 172 478 τέλος
194 456 203 472 1
229 447 488 482 ἐπιγεγραμμένους
513 446 638 482 ψαλμοὺς
665 446 713 473 τοῦ
744 447 837 478 τέλους

35 493 103 520 τινὰ
115 493 279 528 ἐπιγράφειν
293 492 364 526 νοῦν,
386 493 433 519 καὶ
455 492 498 519 ἐπ’
514 494 602 519 ἐκεῖνο
618 492 680 524 τοὺς
697 492 836 525 συνιέντας

36 538 72 565 τὰ
84 538 222 573 λεγόμενα
239 537 415 574 παρακαλεῖν.
432 538 517 565 Παντὶ⁸
529 538 557 564 δὲ
580 537 775 573 ἀγωνιζομένῳ
791 538 836 564 τέ-

35 583 85 616 λος
104 585 121 619 ὴ
136 584 198 619 νίκη
213 583 352 618 τυγχάνει.
371 583 448 610 Ἐπεὶ
464 582 522 617 οὖν,
536 583 574 615 ὡς
589 583 836 619 προαπεδείξαμεν,

35 629 124 656 Δαυῒδ
138 631 152 656 6
174 629 292 665 Χριστος
318 629 438 663 λέγεται,
456 629 480 655 οἱ
508 629 743 665 ἐπιγεγραμμένοι
768 638 777 655 1
797 631 837 661 είς

35 676 67 702 τὸ
86 675 165 707 τέλος
186 686 197 701 1
221 675 259 710 τῷ
276 674 355 702 Δαυῒδ
371 675 401 702 τὸ
420 675 497 707 τέλος
514 675 560 702 καὶ
576 675 626 711 τὴν
643 675 721 711 νίκην
742 677 835 710 ἀπαγ-

34 722 169 756 γέλλουσι
188 722 236 749 τοῦ
261 721 392 758 Χριστοῦ,
421 721 557 748 νικοποιοῦ
579 721 780 757 λεχθησομένου
803 722 836 749 ἂν

34 768 112 795 κατὰ
129 768 176 794 τὸν
193 767 319 799 Ἀκύλαν,
338 768 418 794 παντὶ
439 767 607 802 νενικημένῳ
624 767 703 803 νίκην
724 776 836 803 περιπε-

34 814 198 849 ποιηκότος,
213 814 274 840 ἐπεὶ
290 815 304 841 6
320 814 372 840 ὑπὸ
392 813 510 849 Χριστοῦ
528 812 677 848 νικώμενος
697 813 745 849 τὴν
766 822 835 849 συμ-

34 860 192 895 ϐεϐηκυῖαν
218 859 292 895 αὐτῷ
317 859 416 886 κακίαν
442 859 578 894 νενίκηκε,
602 859 650 885 καὶ
676 859 833 894 ἐξαφανίζει

34 906 137 941 αὐτὴν,
154 905 266 940 Χριστῷ
284 905 514 940 ὑποτεταγμένος.
541 904 642 931 Οὐδένα
660 905 712 941 γὰρ
733 906 834 932 ἄκοντα

33 952 102 986 νικᾷ
124 952 140 978 6
155 950 282 986 Χριστὸς,
300 950 369 977 ἀλλὰ
382 949 542 985 πείθων,τῴ
557 949 642 984 Λόγος
658 948 727 976 εἶναι
754 950 830 977 Θεοῦ.

33 999 85 1030 Εἰς
99 997 182 1024 τοῦτο
195 997 227 1033 δὴ
241 997 271 1023 τὸ
282 998 357 1028 νῖκος
374 996 575 1031 ἐπιγράφεσθαί
595 1004 661 1031 φησι
687 996 833 1023 Θεοδοτίων

33 1043 145 1079 ὕμνους
175 1043 192 1077 ἢ
222 1041 346 1078 ψαλμοὺς
370 1042 434 1073 τοὺς
458 1040 535 1077 παρὰ
557 1042 614 1073 τοῖς
634 1041 833 1077 Ἑϐδομήκοντα

37 1100 46 1115 1
67 1090 111 1121 εις
123 1089 157 1115 τὸ
169 1088 246 1120 τέλος
263 1098 271 1115 1
299 1087 574 1124 ἐπιγεγραμμένους·
597 1088 611 1114 ό
631 1087 660 1114 δὲ
685 1087 833 1123 Σύμμαχος

37 1145 46 1160 1
64 1135 221 1166 ἐπινικίους
238 1144 247 1160 1
263 1134 310 1161 τοῦ
334 1133 453 1170 Χριστοῦ
473 1133 547 1168 λέγοι
571 1133 604 1160 ἂν
628 1131 698 1160 εἶναι
719 1134 832 1166 τούτους

34 1182 101 1213 τοὺς
118 1181 246 1216 ψαλμοὺς
264 1181 281 1216 ἢ
298 1180 378 1216 ᾠδάς.
400 1180 463 1207 Ἐὰν
488 1179 516 1206 δὲ
536 1179 573 1214 μὴ
599 1179 679 1214 μόνον
697 1179 736 1215 τῷ
751 1180 833 1207 Δαυῖδ

33 1227 86 1254 καὶ
103 1236 113 1253 1
138 1228 179 1258 είς
206 1226 283 1258 τέλος
301 1236 310 1252 1
326 1226 470 1261 λέγωνται,
500 1225 569 1252 ἀλλὰ
594 1225 642 1252 καὶ
669 1225 708 1261 τῷ
734 1226 830 1261 Ἀσὰφ,

34 1273 98 1308 ἦτοι
111 1273 170 1304 τοῖς
183 1273 252 1304 υἱοῖς
274 1273 356 1308 Κορὲ,
373 1272 424 1298 οὐκ
449 1271 549 1298 ἄτοπον
570 1271 612 1302 τὺ,
639 1272 744 1303 πάντας
769 1273 831 1305 τοὺς

34 1319 136 1353 ἁγίους
157 1318 207 1354 τὴν
221 1319 268 1345 τοῦ
295 1318 414 1353 Χριστοῦ
435 1314 527 1345 εἰκόνα
551 1317 780 1353 ἀναδεδεγμένους
801 1320 832 1346 τὸ

32 1366 134 1393 ἐνθάδε
151 1366 295 1402 εἰρημένον
311 1366 358 1394 καὶ
378 1367 421 1392 ἐπ’
438 1367 549 1393 ἐκείνων
564 1368 633 1394 νοεῖν
650 1368 734 1404 ἡμᾶς.
750 1367 786 1393 Τὸ
801 1367 830 1393 δὲ

36 1423 45 1438 1
64 1414 95 1439 ἐν
108 1412 229 1448 ψαλμοῖς
252 1421 260 1438 1
279 1412 355 1448 παρὰ
372 1415 428 1445 τοῖς
446 1413 647 1450 Ἐὅδομήκοντα
664 1415 710 1440 καὶ
731 1413 831 1449 Ἀκύλᾳ

31 1459 188 1494 εἰρημένον
199 1456 276 1493 οἶμαι
289 1459 456 1495 σαφέστερον
473 1460 693 1494 ἀπαγγέλλεσθαι
717 1460 762 1486 διὰ
783 1460 830 1486 τοῦ

30 1505 191 1540 Συμμάχου
206 1513 215 1529 1
229 1504 272 1530 διὰ
282 1504 448 1540 ψαλτηρίων,
464 1516 472 1531 1
489 1505 667 1532 διδασκόντων
683 1507 757 1541 ἡμᾶς
774 1506 829 1533 τῶν

29 1550 121 1586 τριῶν
136 1550 205 1587 πρὸς
221 1550 254 1576 τὰ
270 1550 374 1585 ὄργανα
391 1551 544 1586 καλούμενα
556 1551 693 1586 ψαλτήρια
704 1551 829 1587 εἰρῆσθαι

28 1596 82 1631 τὴν
98 1595 174 1631 ᾠδὴν
186 1595 287 1632 ταύτην
304 1596 320 1631 ἢ
336 1596 367 1623 τὸ
386 1597 542 1633 μελῲδημα.
556 1597 670 1624 Πλείονα
682 1597 735 1632 γὰρ
749 1598 831 1632 ὄργα-

29 1651 65 1668 να
85 1641 222 1676 ζητητέον
237 1642 271 1669 δι’
286 1639 322 1668 ὧν
335 1642 427 1678 ᾄδεται
443 1643 474 1669 τὺ
488 1652 497 1668 ‹
515 1644 554 1675 εἰς
572 1643 602 1670 τὸ
618 1643 704 1675 τέλος,
726 1653 735 1669 1
753 1643 770 1678 ἢ
788 1653 796 1668 1
816 1644 830 1669 6

28 1688 183 1720 ὲπινέκιος,
203 1700 212 1716 1
222 1687 239 1722 ἢ
252 1697 261 1712 ε
280 1688 317 1723 τῷ
330 1689 468 1725 νικοποιῷ.
486 1699 495 1715 1
509 1690 624 1717 Δύναται
635 1690 663 1716 δὲ
679 1690 725 1716 καὶ
736 1689 765 1715 τὺ
778 1690 829 1715 ὑπὸ

30 1734 218 1764 Θεοδοτίωνος
239 1734 383 1770 εἰρημένον
395 1737 435 1767 είς
448 1736 479 1762 τὸ
495 1737 569 1766 νῖκος
583 1736 612 1763 ἐν
638 1736 733 1771 ὕμνοις
751 1735 830 1761 τοῦτο

29 1779 147 1816 δηλοῦν.
169 1779 243 1815 Αὕτη
259 1781 347 1807 τοίνυν
362 1781 378 1816 ἡ
394 1781 484 1817 ᾠδὴ,ἢ
499 1781 529 1808 τὸ
542 1781 721 1817 μελῲδημα,ἢ
736 1783 750 1808 ὁ
760 1782 828 1816 ψαλ-

29 1827 97 1862 ιιὸς,
125 1826 177 1861 τὴν
194 1826 341 1862 εἰρημένην
359 1827 486 1854 ὑπὸϐεσιν
515 1828 594 1863 ἔχων,
622 1829 656 1854 τὰ
681 1829 829 1864 προδιηγη-

29 1873 118 1898 Θέντα
133 1872 201 1906 ἡμῖν
226 1872 435 1906 ἐπαγγέλλεται,
455 1874 609 1908 κοινότερον
632 1874 682 1909 μὲν
705 1874 744 1909 τῷ
762 1883 828 1910 προ-

29 1919 109 1954 φήτῃ
124 1918 217 1950 Δαυῒδ,
238 1919 438 1954 μυστικώτερον
454 1919 482 1945 δὲ
504 1919 544 1954 τῷ
561 1920 671 1955 Χριστῷ
687 1921 717 1947 τὸ
740 1921 827 1955 πρόσ-

29 1973 111 1991 ωπον
137 1964 193 1990 τῶν
211 1964 294 1998 ἁγίων
320 1965 545 2000 ἀναλαμϐάνοντι,
575 1966 622 1992 καὶ
644 1966 688 1992 ὁτὲ
715 1967 763 2001 μὲν
779 1967 827 1998 τὰς

27 2009 144 2044 Ολίψεις
156 2008 246 2035 αὐτῶν
260 2009 299 2041 ὡς
317 2009 385 2040 ἰδίας
401 2010 554 2044 ἡγουμένῳ,
574 2010 621 2036 καὶ
639 2011 702 2042 τοὺς
718 2012 746 2037 ἐν
767 2011 828 2037 ταύ-

26 2064 94 2086 ταις
112 2054 205 2081 αὐτῶν
225 2054 492 2090 πλατυσμοὺς,(ὲπεὶ
508 2056 593 2089 ἁγίων
610 2056 668 2082 ἐστὶ
689 2057 764 2092 φωνὴ
788 2056 826 2088 τὸ,

29 2111 38 2127 1
63 2101 113 2127 Ἐν
128 2100 212 2127 παντὶ
229 2100 391 2135 ϐλιεῖὁμενοι,
409 2101 465 2126 ἀλλ’
482 2102 512 2127 οὐ
533 2102 796 2137 στενοχωρούμενοι,
816 2115 825 2130 1

26 2148 76 2175 ὁτὲ
93 2146 124 2172 δὲ
141 2146 329 2182 ἐπιστρέφοντι
355 2146 417 2177 τοὺς
435 2146 632 2182 βαρυκαρδὶους
653 2147 700 2173 καὶ
717 2148 778 2179 τοὺς
794 2148 827 2174 τὲι

28 2194 143 2220 μάταια
163 2192 334 2226 ἀγαπῶντας.
358 2193 395 2218 Οὐ
411 2193 481 2218 πάνυ
505 2192 532 2218 δὲ
550 2192 689 2227 ζητήσεως
703 2193 793 2228 ἔχεται
811 2195 826 2228 ἡ

25 2238 155 2273 οιαερορὰ
173 2237 226 2263 τῶν
237 2237 336 2269 λέξεων
346 2237 417 2273 ᾠδῆς
430 2238 477 2264 καὶ
496 2238 696 2272 μελῳδήμοτος.
713 2239 760 2265 Διὰ
779 2240 828 2274 μὲν

24 2285 88 2320 γὰρ
107 2284 160 2318 τῆς
175 2283 248 2318 ᾠδῆς
260 2283 380 2315 ἔκκλισις
396 2285 445 2318 τῆς
465 2284 557 2319 φωνῆς
571 2284 697 2319 δηλοῦται
724 2285 769 2311 τοῦ
787 2285 831 2311 λέ-

24 2329 197 2367 γοντος,διὰ
207 2330 236 2356 δὲ
250 2330 295 2357 τοῦ
312 2330 504 2366 μελῳὸἠματος
519 2331 589 2366 τάχα
603 2331 649 2358 καὶ
664 2331 693 2357 τὸ
707 2332 829 2366 τεχνικὲν

22 2378 77 2405 τοῦ
94 2376 231 2413 μυστικοῦ
248 2377 346 2412 μέλους
363 2377 497 2412 ᾀδομένου
518 2378 546 2402 ὲν
572 2377 677 2411 ῥυθμῷ.
703 2377 781 2403 Κατὰ
800 2377 829 2404 δὲ

22 2425 97 2455 τοὺς
111 2423 163 2456 τῆς
175 2423 320 2456 ἀναγωγῆς
333 2422 432 2457 νόμους
447 2423 463 2457 ἡ
481 2421 618 2458 εὔρυθμος
635 2422 679 2448 καὶ
696 2421 765 2448 κατὰ
785 2422 829 2448 λό-

23 2478 79 2503 γον
106 2466 270 2502 ὲξεταστικὴ
295 2466 416 2494 πολιτεία
443 2467 483 2497 εἰς
512 2466 591 2498 δόξαν
611 2466 678 2493 Θεοῦ
696 2467 826 2502 γινομένη

24 2513 105 2550 μετὰ
127 2513 272 2548 δογμάτων
290 2513 375 2547 ὑγιῶν
394 2513 441 2539 καὶ
467 2512 553 2547 λόγων
569 2513 617 2539 καὶ
631 2512 732 2548 ἑτέροις
757 2512 828 2546 the:—

23 2562 122 2596 λέμων
143 2560 185 2594 εἴη
202 2559 235 2586 ἂν
251 2560 282 2586 τὸ
302 2559 459 2595 μελῲδημα.

71 2607 124 2632 Ἐν
141 2606 181 2639 τῷ
196 2606 404 2634 ἐπικαλεῖσθαί
415 2615 463 2641 με,
475 2604 637 2638 εἰσήκουσέ
648 2613 707 2639 μου
720 2606 736 2631 ὁ
754 2604 825 2637 Θεεῖις

22 2653 86 2687 τῆς
106 2652 307 2686 δικαιοσύνης
321 2661 390 2686 μου.
405 2660 431 2677 κ.
447 2661 472 2678 τ.
492 2652 515 2679 ὲ,
531 2651 568 2677 Τὸ
580 2651 658 2685 λέγον
679 2650 823 2685 πρόσωπον

23 2699 87 2736 (9|)
109 2699 172 2734 ἦτοι
189 2699 202 2724 ὁ
217 2698 362 2733 Προφήτης
384 2698 469 2731 ἐστὶν,
485 2697 501 2732 ἢ
515 2698 530 2723 ὁ
546 2696 662 2732 Χριστὸς
685 2696 755 2724 κατὰ
773 2695 822 2731 τὴν

61 2749 87 2765 ³⁵
108 2746 132 2773 ll
159 2746 223 2773 Cor.
245 2753 282 2776 IV,
303 2745 330 2772 8.

532 117 686 145 SELECTA
705 116 738 144 IN
758 117 926 145 PSALalOS.
950 132 981 136 ——
1001 115 1100 144 PSAL.
1121 114 1164 142 IV.

1607 115 1676 144 11Βᾶ

854 176 874 204 Α
892 172 971 205 hujus
992 171 1118 199 dictionis
1133 177 1256 198 sensum.
1271 169 1420 198 Sciendum
1437 175 1491 204 est,
1504 176 1534 198 ut
1548 173 1615 198 artis
1631 179 1677 197 cu-

887 217 998 251 juslibet
1022 221 1103 250 atque
1128 215 1248 242 scientia:
1267 215 1377 249 quidam
1395 215 1456 243 linis
1471 221 1524 248 est,
1540 223 1620 251 quem
1636 217 1678 243 in-

889 262 976 290 tendit
1001 262 1023 290 is
1039 262 1083 296 qui
1099 265 1186 288 artem
1204 261 1243 287 vel
1258 261 1399 288 scientiam
1417 262 1489 289 serio
1508 267 1628 294 exercet.
1640 263 1680 290 sic

889 309 970 336 etiam
997 313 1102 335 natura:
1122 307 1261 333 rationalis
1285 309 1364 334 linem
1386 308 1504 342 aliquem
1522 315 1582 335 esse
1599 316 1679 343 opor-

889 361 956 382 tere.
980 353 1030 382 llic
1056 359 1146 380 autem
1175 358 1217 380 est
1243 351 1419 380 vivilieari'in
1443 354 1553 382 Christo
1579 363 1678 382 secun—

889 401 952 427 dum
976 399 1145 434 Apostolum.
1170 399 1364 426 Existimamus
1382 401 1472 435 itaque
1495 401 1615 436 psalmos
1630 401 1676 436 qui

891 456 901 472 1
919 447 944 473 in
963 447 1044 473 liuent
1063 455 1072 472 1
1095 446 1295 476 inscribuntur,
1316 454 1426 473 sensum
1451 447 1596 481 quemdam
1616 447 1678 474 linis

889 501 946 528 prze
960 501 989 520 sc
1005 493 1088 526 ferre,
1103 499 1131 521 et
1146 493 1178 520 ad
1194 493 1267 520 illum
1287 493 1368 519 linctn
1386 501 1432 543 of
1443 494 1488 528 qui
1506 501 1565 529 qua:
1581 495 1678 521 dieuu~

890 544 948 571 tur,
970 539 1140 574 intelligunt,
1160 537 1310 566 cohortari.
1333 537 1413 565 Omni
1441 544 1530 566 autem
1561 539 1678 566 certanti

890 584 951 612 linis
961 589 1004 612 est
1018 584 1145 612 victoria.
1161 586 1265 618 Quare,
1282 593 1354 616 Lirin,
1371 590 1398 610 nt
1417 590 1479 611 ante
1493 586 1676 617 ostendimus,

889 629 973 656 David
1000 629 1105 656 dicatur
1122 630 1259 664 Christus,
1284 631 1378 664 psalmi
1409 632 1455 665 qui
1482 640 1491 656 1
1517 631 1541 658 in
1565 631 1645 658 linem
1666 642 1676 658 1

892 675 975 702 David
991 675 1114 710 inscripti
1127 680 1199 708 sunt.
1217 675 1297 703 linem
1321 682 1345 704 et
1363 678 1501 705 tictoriaut
1516 678 1679 705 annuntiant

887 721 1001 753 Christi,
1013 721 1178 756 quemjuxta
1195 722 1318 757 Aquilam
1334 723 1424 750 dicere
1438 724 1519 751 Lceat
1535 726 1675 754 victorem.

887 766 965 794 Omni
989 766 1070 802 556
1089 767 1162 794 enim
1188 769 1258 796 victo
1276 770 1415 796 victoriam
1433 771 1540 804 tribuit,
1554 772 1678 805 quando—

887 813 996 848 quidem
1013 813 1137 848 quisquis
1152 823 1166 840 a
1178 814 1289 842 Christo
1304 816 1611 847 vincitur,aceideutem
1625 817 1678 844 sibi

886 860 1014 887 malitiam
1033 859 1118 887 vincit
1132 864 1161 886 et
1178 861 1212 887 de
1230 861 1318 888 tncdio
1337 861 1418 892 Iollit.
1450 866 1542 896 tttpole
1567 862 1678 889 Chriszo

885 905 1034 939 subjectus.
1055 904 1197 932 Neminem
1213 906 1286 932 enitn
1308 905 1423 932 invitum
1443 906 1526 933 vincit
1539 907 1676 939 Christus,

884 952 931 978 Sed
944 951 1081 982 suasione,
1098 958 1160 977 cum
1175 951 1210 978 sit
1226 952 1342 979 Verbum
1360 953 1415 979 Dei.
1426 952 1453 979 ltt
1472 953 1540 980 hanc
1555 960 1621 988 ergo
1638 953 1677 980 vi-

885 998 999 1024 ctoriam
1024 997 1138 1032 hymnos
1158 1005 1205 1024 sett
1231 989 1350 1032 psalmos
1373 998 1496 1030 inscribi,
1512 999 1610 1034 quibus
1626 999 1676 1027 Se-

885 1043 1026 1078 ptuaginta
1041 1053 1050 1069 1
1070 1043 1096 1070 in
1124 1045 1203 1071 linem
1221 1054 1230 1069 1
1248 1044 1354 1071 titulum
1377 1044 1510 1077 fecerunt,
1528 1045 1677 1072 Theodotin

883 1094 979 1115 auctor
990 1094 1046 1116 est:
1058 1089 1275 1125 atSymntachus
1286 1099 1295 1115 1
1310 1090 1487 1125 triumphales
1500 1100 1509 1116 ι
1521 1092 1621 1118 Christi
1636 1092 1660 1118 di
1669 1106 1677 1112 -

884 1133 954 1160 xerit
977 1132 1108 1167 ejusmodi
1133 1134 1251 1168 psalmos
1270 1142 1315 1161 seu
1339 1134 1455 1161 cantica.
1481 1134 1675 1161 Verumtamen

884 1187 945 1207 cum
962 1188 1014 1206 non
1039 1184 1143 1207 tantum
1168 1181 1217 1214 ipsi
1237 1180 1332 1214 David,
1344 1181 1390 1208 sed
1407 1181 1497 1215 Asaph
1518 1189 1627 1216 quoque
1648 1187 1676 1209 et.

883 1225 946 1252 ﬁliis
960 1225 1028 1253 Core
1045 1235 1055 1251 1
1072 1226 1097 1252 in
1112 1227 1191 1253 linem
1211 1236 1219 1252 1
1237 1227 1373 1259 dicantur,
1387 1234 1439 1253 non
1455 1227 1602 1254 absurdum
1617 1228 1676 1254 l'ue-

884 1272 920 1298 rit
939 1279 987 1299 nos
1011 1272 1045 1298 de
1069 1273 1197 1299 omnibus
1221 1273 1325 1299 sanctis
1345 1273 1392 1306 qui
1407 1272 1507 1299 Christi
1527 1273 1673 1309 imaginem

883 1325 1036 1352 suscepere,
1057 1318 1129 1352 quod
1160 1318 1203 1344 hic
1228 1318 1330 1344 dictum
1352 1323 1394 1344 cst
1419 1317 1578 1353 intelligere.
1596 1318 1673 1351 Quod

883 1374 947 1393 vero
966 1368 1036 1401 apttd
1051 1365 1227 1400 Septuaginta
1245 1371 1271 1392 et
1287 1365 1410 1400 Aquilam
1437 1365 1540 1392 dictum
1559 1370 1600 1392 cst
1618 1374 1628 1391 1
1645 1365 1672 1392 in

882 1412 1002 1446 psalmis,
1026 1422 1034 1438 1
1059 1413 1083 1438 id
1106 1413 1226 1447 apertius
1247 1418 1311 1446 puto
1330 1411 1446 1438 edidisse
1464 1411 1672 1448 Symmachum,

884 1469 894 1485 1
911 1461 936 1486 in
954 1460 1098 1495 psalteriis,
1121 1469 1130 1485 1
1144 1466 1204 1486 curn
1232 1463 1287 1485 tres
1311 1466 1359 1485 nos
1384 1459 1498 1485 doceant
1514 1458 1539 1484 in
1560 1459 1673 1493 organis

843 1518 865 1547 ο
881 1513 942 1541 qua:
965 1505 1091 1539 psalteria
1120 1505 1257 1536 diettutttr,
1283 1504 1438 1538 hujusmodi
1459 1504 1597 1532 canticum
1622 1511 1673 1531 sett

883 1549 1093 1576 modulationem
1132 1549 1215 1576 fuisse
1245 1548 1422 1583 persolutum.
1453 1548 1520 1576 Nam
1552 1549 1670 1584 plurima

881 1595 1024 1630 quairenda
1042 1600 1104 1623 sunt
1130 1603 1242 1630 organa,
1268 1595 1365 1629 quilus
1392 1595 1456 1623 illud
1476 1605 1485 1621 1
1509 1597 1534 1622 itt
1558 1596 1638 1623 linem
1658 1606 1668 1622 ι

881 1642 1001 1675 canitur,
1016 1643 1056 1669 vel
1068 1652 1077 1667 1
1092 1651 1138 1677 pro
1153 1648 1228 1677 parta
1246 1642 1371 1673 victoria,
1383 1652 1391 1667 1
1407 1642 1447 1669 vel
1463 1652 1472 1668 1
1485 1643 1608 1670 victoria
1620 1642 1672 1669 Po-

882 1693 933 1716 test
949 1694 1077 1715 autemet
1090 1689 1160 1724 quod
1175 1689 1325 1715 Theodotio
1345 1689 1442 1720 edidit,
1456 1698 1465 1714 1
1486 1689 1510 1715 in
1530 1689 1670 1716 \ictoriam

881 1735 907 1761 iu
918 1735 1054 1769 hymnis,1
1073 1735 1123 1760 hoc
1135 1736 1221 1768 ipsum
1235 1735 1399 1769 signiﬁcare.
1413 1735 1469 1762 [loc
1487 1735 1568 1769 igitur
1581 1736 1670 1762 canti-

879 1788 952 1812 cum,
967 1779 1009 1806 vel
1022 1779 1144 1810 tuelodia,
1161 1779 1219 1806 sive
1235 1780 1354 1812 psalmus
1371 1786 1549 1807 memoratuut
1566 1781 1670 1808 habens

880 1829 1079 1859 argumentum,
1106 1832 1165 1858 qum
1190 1830 1270 1852 antea
1295 1833 1309 1851 a
1336 1825 1415 1852 nobis
1440 1825 1573 1860 explicata
1593 1832 1668 1858 sunt,

879 1872 1030 1905 pollicetur,
1046 1880 1078 1898 ev
1093 1872 1246 1906 vulgariore
1259 1872 1393 1899 sententia
1409 1872 1547 1906 propheta:
1563 1871 1668 1904 Davidi,

880 1915 1028 1942 secundum
1060 1925 1187 1944 arcanam
1217 1924 1280 1943 vero
1310 1916 1536 1950 significationem
1559 1917 1669 1945 Christo

879 1967 1034 1988 S:tll(:l0l'llll|
1049 1971 1191 1997 νει-δοῖιοηι
1204 1963 1364 1995 assumcnti,
1384 1963 1556 1997 ipsorumque
1569 1971 1670 1991 terunt-

881 2016 928 2035 nas
942 2009 1019 2042 quasi
1037 2008 1172 2042 proprias,
1190 2013 1218 2035 et
1232 2008 1404 2036 dilatationes
1417 2009 1495 2035 modo
1510 2009 1561 2036 sibi
1583 2010 1670 2036 ascri-

879 2054 952 2080 beuti
967 2055 1133 2088 (sanctorum
1146 2055 1217 2081 enim
1235 2055 1279 2081 illa
1294 2062 1346 2080 vox
1358 2060 1400 2082 est
1413 2054 1453 2078 9“:
1472 2064 1481 2080 1
1499 2053 1527 2081 In
1542 2055 1670 2083 omnibus

880 2099 1079 2126 tribulationem
1092 2101 1237 2134 patientes,
1248 2100 1293 2127 sed
1308 2108 1360 2126 non
1375 2100 1521 2134 angustiati
1534 2101 1574 2136 1),
1589 2101 1669 2128 modo

879 2149 968 2171 autem
981 2152 1028 2171 eos
1043 2147 1212 2172 converteuti
1226 2146 1270 2180 qui
1284 2147 1359 2179 gravi
1372 2147 1452 2173 corde
1468 2153 1542 2178 sunt,
1556 2153 1582 2174 et
1592 2148 1668 2174 vani-

847 2195 866 2221 ι)
882 2195 964 2217 tatem
975 2191 1097 2225 diligunt.
1108 2192 1240 2218 (ἱωυϊυιιι
1254 2199 1306 2219 non
1320 2192 1398 2226 longa
1412 2193 1587 2227 inquisitione
1598 2194 1669 2221 indi-

880 2241 925 2270 get
940 2237 1087 2263 discrimen
1103 2245 1195 2263 vocum
1210 2239 1310 2265 cantici
1322 2243 1349 2265 et
1366 2239 1495 2266 tuelodite.
1512 2239 1564 2266 Per
1581 2241 1670 2267 canti-

880 2289 941 2308 cum
956 2290 1003 2308 vox
1019 2283 1134 2310 dicentis
1150 2283 1291 2317 inclinata,
1302 2292 1350 2318 per
1367 2285 1508 2312 tnelodiam
1521 2286 1668 2313 artilicium

881 2329 1008 2355 carminis
1022 2329 1177 2363 rhythmice
1199 2331 1300 2356 cantati
1321 2331 1488 2365 designatur.
1511 2332 1666 2359 Secundum

880 2379 969 2400 autem
988 2382 1084 2402 sensus
1105 2376 1244 2410 anagogici
1263 2376 1344 2411 leges,
1360 2377 1430 2404 bene
1449 2379 1629 2412 compositum
1642 2382 1670 2404 ‹·ι

880 2421 912 2447 ad
938 2421 1052 2448 rationis
1079 2430 1200 2449 normam
1229 2428 1353 2449 exactum
1380 2423 1442 2448 vita:
1464 2423 1617 2449 institutum
1634 2424 1667 2449 ad

882 2467 925 2494 Dei
943 2467 1069 2501 gloriam,
1083 2476 1145 2496 cum
1161 2469 1284 2496 doctrina
1302 2476 1367 2496 sana
1391 2470 1535 2503 verbisque
1550 2469 1582 2495 ad
1597 2469 1666 2495 alio-
1683 2492 1688 2502 ,

879 2521 938 2540 rum
953 2512 1094 2541 utilitatem
1111 2515 1290 2547 concinnatis,
1306 2514 1361 2542 erit
1373 2515 1497 2542 tnelodia.

850 847 871 875 Β

914 2604 995 2631 Ytzns.
1010 2605 1038 2632 2.
1058 2604 1124 2632 Cum
1135 2605 1296 2637 invocarem,
1313 2605 1446 2632 exaudivit
1465 2613 1505 2632 me
1526 2604 1597 2632 Deus
1616 2605 1665 2640 ju-

877 2651 955 2678 s‘iliw
969 2659 1042 2681 mew.
1061 2658 1114 2679 etc.
1128 2652 1193 2685 Quae
1206 2652 1249 2679 hie
1264 2652 1383 2686 loquitur
1396 2658 1525 2685 persona,
1539 2650 1581 2678 vel
1596 2651 1664 2685 Pro-

878 2695 969 2729 pheta,
986 2697 1026 2723 vel
1042 2696 1167 2724 Christus
1181 2701 1222 2724 est
1247 2697 1395 2724 secundent
1418 2697 1563 2724 humanam
1582 2701 1663 2724 tratu-

60 2811 121 2843 (εΗ)
139 2808 172 2836 Τὸ
189 2807 287 2843 λέγοιῆ
298 2806 470 2839 πρόσωπον,
488 2809 539 2832 ιιιιι.
571 2804 660 2831 Codex
689 2802 825 2830 Barocciat

915 2801 1060 2828 Barbarus.
1093 2798 1187 2826 Exstat
1214 2799 1342 2826 etiamin
1369 2799 1462 2827 codice
1487 2800 1543 2827 Rue
1563 2800 1589 2834 ι,
1616 2800 1664 2829 sed

20 2853 156 2872 ltt'lllt‘lllll
177 2850 204 2871 et
221 2842 358 2870 mutilum.
