1882 3053
63 133 126 160 tl-ll

557 131 710 160 SELECTA
731 133 763 160 IN
783 133 952 162 I‘SALMOS.
972 149 1004 154 ι-
1022 135 1118 162 PSAL.
1141 135 1173 162 lV

1618 136 1685 162 litt»!

62 194 86 220 οἱ
97 192 125 219 δὲ
137 192 322 224 διδάσκοντες,
338 192 415 219 αὐτοὶ
427 193 486 219 κατ’
500 193 590 219 είκόνα
603 194 649 221 καὶ
662 194 787 230 ὁμοίωσιν
801 203 832 221 το

903 195 1054 232 5601esu
1066 196 1165 223 Christi
1176 195 1271 230 jngum
1286 195 1404 222 subiere.
1420 193 1501 222 Forte
1517 195 1608 226 etiam,
1620 195 1681 228 quia

62 239 138 270 Θεοῦ,
156 239 181 265 οἱ
200 238 416 274 μαθητευθέντες
435 238 495 274 μὲν,
513 238 563 266 οὐκ
584 239 654 271 ἄξιοι
667 240 694 266 δὲ
707 241 761 267 τῶν
776 241 849 268 διδα-

63 286 163 318 ξάντων
180 286 371 320 γεγενημένοι,
385 284 556 316 ὀνειδίζοιντο
569 285 602 312 ἂν
621 286 659 318 ὡς
681 283 734 313 utut
748 287 849 323 ἀνθρώ-

63 341 111 358 που
127 331 316 367 βαρυκάρδιοι,
328 332 389 362 ταῖς
402 330 536 362 δοθείσαις
551 331 689 367 ἀφορμαῖς
701 333 741 364 εἰς
757 333 787 359 τὸ
800 341 844 359 κα-

62 378 144 413 Θιρὰν
166 377 294 411 γενέσθαι
315 377 364 412 τὴν
382 377 494 413 καρδίαν
516 378 546 404 οὐ
572 379 846 413 κατηκολουθηκότες.

63 424 114 450 Καὶ
129 423 184 458 γὰρ
204 423 266 455 ἔθος
285 423 349 455 τοὺς
368 423 588 458 διδασκομένους.
606 424 653 450 ml.
674 424 711 460 μὴ
729 433 849 460 παρακο-

61 468 219 501 λουθοῦντας
233 470 288 500 τοῖς
301 468 456 504 λεγομένοις
465 489 472 500 ,
495 469 691 505 βαρυκαρδίους
709 469 847 496 καλεῖσθαι

61 515 112 540 ὑπὸ
125 515 180 540 τῶν
195 514 375 541 διδασκόντων
395 515 439 541 διὰ
461 515 491 541 τὸ
505 516 578 550 παχὺ
593 516 643 551 τῆς
659 515 781 552 καρδίας.
799 517 848 543 Διὰ

61 560 136 587 τοῦτο
149 560 178 587 δὲ
203 561 251 588 καὶ
272 560 382 596 ζητοῦσι
398 561 429 588 ’ὼ
449 561 546 596 ψεῦδος
565 562 602 594 ὡς
623 561 660 597 μὴ
686 562 801 597 ὁρῶντες
817 562 848 589 τὸ

61 607 166 642 ἀληθές.
179 607 210 633 Et
224 607 253 634 δὲ
265 607 425 643 βαθύτερον,
438 607 498 633 ἐπεὶ
508 607 623 643 ἀλήθειά.
633 608 706 634 ἐστιν
715 608 729 634 ό
742 607 846 643 Σωτὴρ,

61 653 146 687 δῆλον,
158 653 200 679 ὅτι
215 653 313 688 ἐχθρὸς
326 653 359 680 ἂν
374 653 417 687 εἴη
430 653 517 688 τούτῳ
529 653 607 687 λόγος
619 653 719 688 ψευδὴς
734 653 766 679 τὸ
782 654 847 689 ἁλη-

61 699 104 730 οὲς
120 699 364 734 ἐπαγγελλόμενος,
381 699 411 726 ὃν
425 699 595 735 ἀντίχριστον
609 700 624 725 ὁ
643 699 766 734 Ἰωάννης
783 699 847 726 πολ-

61 745 134 776 λάκις
149 745 242 780 φησίν.
271 746 334 772 Ἐὰν
346 745 375 772 δὲ
391 745 462 772 κατὰ
479 745 643 781 περίφρασιν
662 745 786 781 λαμϐάνῃ
805 754 846 777 τις

61 793 100 821 τὸ,
118 801 127 817 ι
139 791 190 818 υἱοὶ
204 791 364 826 ἀνθρώπων,
378 801 387 816 ι
407 791 466 818 ἀντὶ
478 790 536 822 τοῦ,
556 801 565 815 ι
579 791 726 826 ἂνθρωποι,
740 801 749 817 ι
764 791 794 818 τὸ
809 791 846 823 ὡς

60 836 104 862 ἐπὶ
118 836 148 862 τὸ
167 836 292 862 πλεῖστον
305 837 333 863 ἐν
349 836 502 872 ἀνθρώποις
515 836 544 862 ὃν
561 836 591 862 τὸ
605 836 784 871 βαρυκάρδιον
802 837 845 863 αί-

900 242 1023 276 disctpuli
1041 241 1086 268 lilii
1102 247 1165 268 sunt
1178 242 1364 276 prteceptoris,
1378 246 1405 268 et
1417 246 1597 276 prmceptores
1615 240 1684 266 ima-

899 288 990 322 ginem
1005 293 1032 314 et
1048 288 1255 314 similitudinem
1272 287 1318 314 Dei
1335 292 1442 321 gerunt,
1460 286 1561 314 idcirco
1575 285 1621 320 qui
1635 284 1684 312 do-

898 337 997 360 centur
1012 333 1132 367 quidem,
1153 332 1198 360 sed
1218 332 1434 366 praeceptoribus
1455 331 1527 365 digni
1543 337 1594 357 non
1607 334 1682 360 sunt,

900 379 916 405 ii
935 383 1062 412 tanquam
1083 379 1129 406 lilii
1147 378 1284 406 hominum
1301 383 1328 405 et
1343 377 1418 413 gravi
1441 378 1524 404 corde
1542 377 1682 411 objut’gart

899 425 1097 459 possuttt,quod
1113 424 1219 452 oblatas
1234 424 1285 450 sibi
1301 423 1334 450 ad
1350 431 1397 450 cor
1415 422 1616 450 entundandntn
1637 430 1684 448 oe-

899 471 1024 498 casiones
1040 470 1150 498 minime
1171 470 1254 497 secuti
1272 470 1336 496 sint.
1353 469 1408 497 Mos
1421 470 1493 496 enim
1511 468 1632 500 inolevit,
1653 473 1683 494 ut

898 517 943 551 qui
962 516 1141 543 instituuntur
1166 521 1194 543 et
1217 519 1351 550 praecepta
1376 515 1427 542 sibi
1444 515 1541 542 tradita
1567 522 1620 541 non
1637 521 1681 541 se-

897 565 1027 596 quuntur,
1041 561 1076 588 ob
1091 561 1184 588 cordis
1196 560 1348 588 crassitiem
1367 568 1382 586 ιι
1399 560 1610 595 przeccptoribtts
1621 566 1682 593 ετα-

899 607 924 634 vi
950 607 1033 634 corde
1056 607 1181 642 discipuli
1209 612 1410 639 nuncupentur.
1432 607 1534 634 Idcirco
1557 607 1683 639 quarunt

897 654 979 681 etiam
1001 654 1183 684 mendacium,
1199 654 1297 689 quippe
1317 654 1363 688 qni
1387 661 1439 680 ιιοιι
1459 652 1567 679 videant
1581 651 1682 677 verita-

899 705 963 727 tem.
982 699 1059 732 Quod
1084 700 1106 727 si
1132 700 1298 727 rccontlitior
1319 707 1416 728 sensus
1438 697 1616 726 adducendus
1628 701 1681 728 cst,

897 746 1024 781 quoniattt
1043 747 1144 774 veritas
1163 751 1204 774 est
1226 747 1364 779 Salvator,
1387 746 1471 780 liquet
1492 745 1516 771 ei
1538 743 1679 770 inimicum

896 798 957 818 esse
968 799 1121 818 sermonem
1135 792 1293 819 mendacem
1307 792 1351 827 qui
1364 791 1507 818 veritatem
1519 787 1678 822 pollicetur.

897 845 976 872 qnettt
998 845 1069 872 saepe
1098 837 1217 865 Joannes
1241 838 1362 865 ttotttittat
1386 836 1577 863 anticltristum
1600 834 1632 860 ¹⁹.
1650 832 1680 859 Si

61 886 159 919 τιᾶται,
172 884 215 911 ἴνα
229 885 259 911 τὸ
272 884 358 916 οὓτως
375 884 443 910 εῐπω
467 884 619 919 βαρυήκοον
637 884 719 910 αὐτοῦ
737 883 834 911 ἀποϐα-

896 891 960 911 vero
979 884 1040 918 quis
1063 891 1095 911 cx
1122 884 1272 918 periphrasi
1293 883 1393 910 dictum
1413 889 1473 910 esse
1495 880 1574 912 velit,
1594 888 1603 904 ι
1631 878 1680 905 ﬁlii

60 928 146 961 λόντες
165 930 408 956 κατασκευάσωσιν
430 929 582 963 ἀγχίνοιαν,
596 929 643 955 καὶ
657 927 841 964 ἴνατὴν...τοῦ

60 975 147 1010 ζητεῖν
160 975 210 1010 τὴν
228 975 343 1010 δύναμιν
360 976 388 1001 ὲν
400 976 433 1010 τῇ
448 975 521 1009 ψυχῇ
539 975 740 1009 ἀποστήσαντες
760 970 797 999 ὧν
811 974 840 1000 οὐ

60 1022 119 1057 χρὴ,
129 1021 207 1048 ἅτινα
221 1022 306 1057 ψευδῆ
324 1022 411 1048 πάντα
426 1022 513 1052 ἐστὶν,
527 1022 569 1056 ἐφ’
586 1022 604 1048 ὰ
625 1021 665 1048 δεῖ
680 1020 841 1056 μεταγάγω-

61 1078 84 1096 ot.
96 1089 102 1100 ,
122 1069 167 1094 καὶ
183 1068 321 1104 ζητήσωσι
334 1068 383 1103 τὴν
399 1068 537 1103 ἀλήθειαν.

61 1114 166 1141 minime
191 1114 355 1142 necessariis
374 1121 489 1148 qumque
513 1120 608 1141 omnes
634 1112 745 1141 fallaces
762 1117 837 1145 sunt,

60 1161 194 1187 veritatem
216 1161 363 1195 inquirant.

92 1207 194 1241 Κύριος
206 1208 420 1234 εὶσακούσετίιί
436 1216 495 1242 μου
510 1207 546 1234 ἐν
562 1206 602 1240 τῷ
617 1208 791 1243 κεκραγέναι
801 1216 838 1242 με

62 1252 129 1286 πρὸς
142 1253 245 1285 αὑτὸν,
261 1262 287 1279 κ.
303 1262 328 1279 τ.
346 1253 369 1281 ἐ.
383 1253 496 1288 Μεγάλη
512 1252 586 1288 φωνὴ
598 1253 653 1288 (9.3)
667 1254 684 1288 ὴ
701 1252 839 1287 φθάνουσα

61 1298 122 1332 πρὶς
134 1298 209 1330 Θεὸν,
221 1299 272 1334 οὐχ
284 1298 301 1334 ἢ
315 1298 388 1333 παρὰ
401 1300 457 1330 τοῖς
469 1298 622 1334 ἀνθρώποις
636 1298 694 1324 ἐστὶ
705 1299 841 1332 γεγωνυῖα

62 1344 103 1370 καὶ
129 1344 312 1380 ὲπιτεταμένη
342 1345 412 1372 κατὰ
437 1344 486 1379 τὴν
521 1344 632 1379 μείζονα
661 1344 767 1379 πληγὴν
792 1343 840 1370 τοῦ

61 1389 143 1424 ἀέρος,
165 1390 222 1416 ἀλλ’
240 1391 314 1425 ὴτοῦ
332 1389 496 1426 ἡγεμονικοῦ
512 1389 620 1424 καθαρὰ
638 1390 686 1416 καὶ
707 1389 841 1421 ἀθόλωτος

61 1433 165 1467 διέξοδος
175 1436 229 1462 τῶν
239 1437 308 1471 πρὸς
321 1436 386 1463 Θεὸν
394 1437 480 1462 ἀναπε
485 1435 630 1470 μπομένων
638 1435 733 1469 λόγων.
743 1435 839 1462 ’ἰστέον

896 930 1046 962 hominum,
1058 939 1067 955 ι
1086 937 1137 964 pro
1153 940 1162 956 ι
1177 930 1312 961 homines,
1327 938 1336 954 ο
1354 929 1381 956 id
1397 928 1468 963 quod
1484 927 1643 962 plerumque
1653 925 1680 952 itt

895 975 1052 1004 hominibus
1065 978 1107 1004 est
1121 983 1171 1004 cor
1183 983 1266 1011 grave
1282 974 1504 1010 reprehenditur,
1518 978 1548 1000 ut
1562 972 1679 1006 abiecta,

894 1021 935 1048 sic
947 1021 1047 1054 dieattt,
1065 1021 1122 1055 ejus
1143 1021 1276 1049 surditate
1294 1020 1505 1054 intelligentiam
1531 1025 1678 1052 assequun-

896 1072 953 1100 tur,
966 1073 993 1095 et
1020 1075 1096 1096 suam
1119 1069 1259 1096 solertiam
1278 1075 1326 1096 seu
1342 1066 1480 1102 qumrettdi
1497 1066 1550 1093 vim
1568 1073 1582 1092 ιι
1599 1064 1681 1092 rebus

856 1117 1020 1148 avertentes,
1046 1114 1079 1142 ad
1095 1121 1128 1142 ea
1145 1121 1208 1149 qua:
1223 1113 1378 1141 necessaria
1399 1118 1463 1141 sunt
1488 1111 1636 1140 adhibeant
1652 1115 1681 1139 et

931 1203 1014 1231 Vens.
1029 1203 1055 1230 4.
1074 1202 1201 1230 Domiqu
1219 1203 1342 1230 exaudiet
1359 1210 1398 1229 me
1413 1209 1472 1228 cum
1484 1202 1630 1228 clamner
1643 1201 1678 1226 ad

891 1259 962 1282 eum,
974 1254 1028 1278 etc.
1048 1249 1143 1284 Magna
1159 1255 1209 1276 vox
1224 1256 1285 1283 quae
1308 1248 1433 1283 pervenit
1457 1247 1491 1274 ad
1507 1247 1608 1279 Deum;
1623 1254 1677 1272 tton

892 1303 933 1326 est
949 1298 994 1325 illa
1013 1305 1072 1332 quae
1089 1297 1160 1324 inter
1179 1296 1305 1324 homines
1327 1295 1440 1322 ttntltttttt
1458 1299 1548 1326 sonat.
1569 1298 1597 1321 et
1619 1301 1676 1320 nta—

887 1344 940 1379 jori
963 1343 1033 1370 aeris
1054 1342 1131 1377 pulsu
1156 1341 1320 1373 intenditur.
1333 1342 1382 1368 sed
1398 1345 1439 1367 est
1460 1347 1543 1373 purus
1555 1344 1581 1366 et
1597 1347 1675 1366 mun-

891 1390 941 1417 tlus
955 1390 1123 1417 internarum
1140 1388 1241 1415 mentis
1253 1388 1398 1415 verborum
1415 1393 1559 1415 cite-ursus,
1571 1393 1630 1418 qua:
1642 1385 1677 1411 ad

893 1437 975 1463 Deum
1001 1442 1086 1470 usque
1106 1434 1272 1470 pertinguttt.
1296 1433 1442 1460 Sciendum
1467 1432 1537 1459 enim
1559 1435 1601 1458 cst
1615 1438 1676 1458 esse

61 1479 120 1514 γὰρ,
139 1481 178 1507 ὅτι
199 1481 258 1508 ἔστι
273 1490 315 1514 τις
331 1482 377 1509 καὶ
391 1481 437 1508 τοῦ
457 1480 578 1516 κρυπτοῦ
593 1481 642 1516 τῆς
662 1480 775 1516 καρδίας
791 1481 834 1507 ἁν-

893 1481 1033 1516 qnatndam
1047 1481 1074 1508 ln
1087 1480 1188 1508 intitnis
1201 1479 1358 1514 pra'cordiis
1368 1477 1484 1505 hominis
1498 1483 1602 1509 vocem,
1617 1483 1678 1509 quat

61 1525 162 1560 θρώπου
183 1528 260 1564 φωνὴ
284 1527 321 1563 μὴ
343 1528 523 1563 συγχρωμένη
541 1527 579 1562 τῷ
593 1526 710 1562 σώματι,
727 1527 760 1562 ἢν
781 1526 837 1553 ἔσθ’

61 1572 99 1597 ("ne
113 1574 149 1604 είς
160 1574 240 1600 αὐτὸν
253 1574 403 1609 συναχθεὶς,
416 1574 463 1600 καὶ
479 1573 605 1600 εἰσελθὼν
619 1574 658 1605 είς
670 1573 700 1604 τὸ
715 1572 838 1608 ταμιεῖόν

63 1625 114 1648 σου,
136 1619 181 1645 καὶ
201 1619 252 1655 τὴν
273 1619 358 1655 θύραν
377 1620 432 1646 τῶν
454 1620 638 1655 αἰσθητηρίων
660 1618 836 1650 ἀποκλείσας,

61 1664 101 1689 καὶ
114 1665 165 1697 πᾶς
180 1666 324 1701 γενόμενος
340 1667 391 1699 ἔξω
407 1667 529 1702 σώματος
544 1666 702 1702 ἀναπέμπει
712 1665 780 1701 πρὸς
792 1664 837 1691 τὸν

61 1709 133 1742 μόνον
148 1712 279 1739 ἀκούοντα
303 1714 431 1749 τοιαύτης
448 1714 548 1749 φωνῆς.
566 1712 615 1739 Διὰ
631 1712 711 1738 τοῦτό
730 1720 771 1738 τοι
785 1719 837 1747 μη-

59 1753 147 1789 δεμιᾶς
167 1758 300 1793 αίσθητῆς
321 1758 413 1794 φωνῆς
436 1759 489 1785 ὑπὸ
512 1758 558 1785 τοῦ
582 1757 722 1789 Μωῦσέως
739 1757 836 1790 ἀναγε-

59 1802 209 1838 γραμμένης
227 1804 370 1838 γεγονέναι
389 1804 455 1840 φησὶ
473 1805 540 1841 πρὸς
561 1804 653 1836 αὑτὸν,
667 1803 705 1834 ὡς
716 1802 770 1829 ἀπὸ
787 1802 836 1837 τῆς

65 1845 174 1877 Ἐξόδου
191 1849 407 1885 μεμαθήκαμεν·
423 1860 431 1876 ι
448 1851 480 1876 Τί
501 1850 565 1886 βοᾷς
586 1849 654 1886 πρός
670 1857 722 1885 με;
741 1858 750 1874 ι
766 1849 835 1884 Βρα-

63 1894 116 1925 χεῑα
128 1894 155 1920 δὲ
168 1896 242 1922 πᾶσα
255 1897 330 1932 φωνὴ
343 1897 358 1932 ή
373 1897 436 1932 περὶ
446 1897 500 1923 τῶν
511 1896 640 1931 ἐπιγείων
654 1895 700 1922 καὶ
717 1893 834 1930 μικρῶν,

60 1938 100 1964 καὶ
116 1941 248 1968 ταπεινῶν
272 1941 396 1975 διέξοδος,
422 1942 469 1969 καὶ
491 1942 599 1978 αἴτησις
622 1941 676 1968 ἀπὸ
696 1939 778 1967 Θεοῦ·
799 1940 834 1975 ἢν

58 1982 225 2020 ἀπαγορεύων
243 1987 257 2013 ὁ
277 1987 371 2023 Σωτὴρ
387 1988 550 2023 προσφέρειν
573 1986 612 2022 τῷ
631 1986 717 2022 Πατρί
740 1994 832 2021 φησιν·

61 2037 69 2052 ι
87 2030 183 2057 Αἰτεῖτε
198 2031 231 2058 τὰ
251 2033 364 2067 μεγάλα,
385 2033 479 2060 καὶτὰ
497 2032 583 2069 μικρὰ
600 2034 664 2068 ὑμῖν
682 2031 833 2068 προστεθή-

61 2082 139 2101 σεται’
151 2078 251 2104 αἰτεῖτε
263 2078 296 2104 τὰ
314 2079 472 2114 ἐπουράνια,
488 2079 536 2106 καὶ
551 2078 586 2105 τὰ
600 2078 708 2113 ἐπίγεια
719 2085 836 2113 προστε-

59 2119 158 2154 θήσεται
170 2123 245 2158 ὑμῖν,
268 2133 278 2150 ι

891 1526 1015 1560 corporis
1032 1533 1134 1561 organo
1153 1533 1209 1553 non
1230 1524 1377 1559 profertur,
1393 1523 1440 1551 sed
1456 1530 1537 1558 quam
1551 1522 1633 1548 homo
1647 1522 1679 1548 in

892 1579 921 1600 se
934 1572 1063 1600 collectus
1077 1575 1104 1599 et
1120 1571 1146 1599 itt
1161 1571 1316 1598 cubiculum
1342 1570 1492 1605 ingressus,
1505 1567 1673 1602 occlusaqut:

890 1626 1018 1646 sensuum
1034 1623 1124 1653 porta,
1139 1622 1265 1651 totusque
1280 1622 1357 1645 extra
1369 1624 1469 1650 corpus
1481 1615 1586 1651 positus
1593 1614 1670 1641 cmit~

891 1666 923 1692 tit
939 1666 974 1693 ad
985 1672 1046 1692 eum
1062 1665 1107 1699 qui
1123 1663 1197 1691 soltts
1209 1663 1339 1697 ejusmodi
1355 1671 1447 1690 vocem
1462 1661 1557 1689 audire
1574 1664 1673 1695 potest.

889 1711 1073 1745 Quamobrem
1098 1710 1149 1738 etsi
1172 1718 1225 1737 non
1242 1710 1363 1744 legamus
1379 1708 1461 1736 ullam
1478 1707 1589 1742 Moysen
1613 1712 1674 1733 sen~

889 1758 966 1785 silent
991 1764 1084 1784 vocem
1107 1757 1242 1788 emisisse,
1257 1756 1282 1783 ei
1305 1760 1392 1782 tamen
1419 1754 1518 1781 dicitur
1533 1760 1547 1779 a
1571 1752 1624 1778 Deo
1647 1751 1673 1777 in

891 1803 1018 1830 Exodo"
1031 1811 1037 1830 :
1049 1812 1058 1828 ι
1071 1802 1140 1836 Quid
1157 1802 1258 1829 clamas
1272 1801 1306 1828 ad
1323 1800 1383 1826 me?
1395 1810 1404 1826 ι
1422 1799 1509 1826 Exilis
1521 1798 1608 1824 otttnis
1621 1804 1673 1823 vox

887 1854 930 1877 est
953 1857 1013 1884 qua
1035 1849 1068 1876 de
1089 1847 1205 1875 terrenis
1227 1851 1256 1874 et
1281 1846 1360 1873 ﬂuxis
1374 1845 1455 1872 rebus
1471 1843 1626 1871 obtinendis
1639 1843 1673 1868 ad

889 1894 972 1921 Deum
990 1893 1134 1921 emittitttr.
1153 1893 1228 1920 llane
1247 1891 1371 1919 Salvator
1393 1891 1426 1917 ad
1455 1890 1561 1917 Patrem
1580 1888 1670 1923 profe—

889 1939 999 1967 rendam
1015 1943 1106 1975 npgat,
1122 1946 1182 1966 cum
1195 1938 1231 1965 ait
1249 1937 1316 1974 (94‘)
1330 1945 1337 1964 :
1355 1946 1365 1962 ι
1379 1936 1499 1970 Quaerite
1514 1942 1623 1969 magna.
1642 1938 1670 1960 et

887 1992 969 2020 parva
986 1984 1062 2012 vobis
1079 1983 1241 2018 adjicietttur
1255 1989 1263 2008 :
1275 1983 1389 2018 quaerite
1416 1981 1546 2012 caalestia,
1566 1984 1592 2008 et
1613 1984 1670 2007 terr

889 2038 951 2058 rena
968 2030 1130 2065 adjiciantur
1146 2030 1232 2057 vobis.
1256 2038 1268 2054 ι

95 2160 262 2200 Ὀρτίζὲσθε,
275 2169 323 2195 καὶ
332 2169 375 2203 μὴ
387 2169 579 2204 ἁμαρτάνετε,
593 2178 620 2196 κ.
634 2178 659 2196 τ.
674 2169 697 2196 ὲ.
715 2168 773 2202 Ἥμ
787 2169 833 2204 ὀρ-

921 2177 1003 2204 \'t-:tts.
1012 2176 1037 2204 5.
1049 2176 1210 2208 lmsrimim‘,
1223 2182 1245 2203 et
1259 2176 1339 2203 nolite
1346 2184 1464 2208 peccare,
1473 2175 1587 2203 etc.Vott
1599 2175 1668 2208 hsce,

60 2210 164 2244 γξζετιοε,
185 2223 193 2238 ι
209 2215 286 2250 φωνὴ
303 2215 359 2250 (95)
375 2216 502 2250 σημαίνει
523 2215 554 2242 τὸ
569 2214 764 2251 προστακτικὸν
780 2223 831 2240 κα-

57 2258 205 2294 τηγόρημω
231 2262 358 2296 σημαίνει
372 2261 400 2287 δὲ
415 2262 462 2288 καὶ
474 2262 504 2288 τὸ
522 2261 659 2297 ὀριστικὺν
677 2260 729 2287 ὑπό
751 2268 831 2287 τινων

58 2303 210 2340 καλούμενον
226 2307 459 2340 διαϐεϐαιωτικὸν,
479 2305 549 2334 οἷον·
564 2307 739 2343 ὀργιζόμεθα,
752 2305 830 2342 ὀργί-

58 2347 137 2382 ζεσθε,
155 2352 317 2388 ὀργίζονται.
338 2354 421 2381 Πάλιν
437 2354 507 2381 κατὰ
522 2354 600 2381 ἄλλον
615 2354 714 2389 τρόπον
727 2354 743 2388 ἡ
761 2353 829 2388 ὀργὴ

57 2400 222 2434 προσηγορία,
243 2400 289 2434 ἀφ’
305 2398 339 2436 ἦς
353 2401 551 2437 ἐσχημάτισται
563 2401 604 2432 τὸ,
622 2409 631 2425 ι
648 2399 799 2436 ὀργίζεσθε,
816 2408 825 2424 ι

58 2443 172 2474 σημαίνει
189 2453 214 2471 τι
232 2446 432 2481 προαιρετικὸν,
455 2446 488 2481 ἥν
501 2445 635 2481 ὡρίσαντό
654 2453 725 2476 τινες
740 2443 829 2480 ὄρεξιν

56 2484 310 2525 ἁντιτιμωρήσασθαι
333 2491 396 2522 τοὺς
407 2490 565 2526 ἠδικηκέναι
581 2490 734 2522 δοκοῦντας.
749 2489 830 2525 Δηλοῖ

57 2529 81 2555 δὲ
95 2533 136 2559 καὶ
155 2534 341 2571 ἀπροαίρετον,
359 2537 373 2563 ὃ
388 2536 498 2563 καλοῦσί
515 2544 587 2567 τινες
601 2535 770 2571 προτιάθειαν
785 2544 828 2569 γι-

57 2577 170 2614 νῡμένην,
197 2581 242 2607 ἐπί
265 2590 319 2609 τισι
343 2582 371 2609 δὲ
395 2582 549 2618 ἐρεθισμοῖς
574 2582 703 2609 ἕλκουσαν
730 2583 771 2617 ἐφ’
795 2583 828 2618 ἣν

56 2626 254 2661 προωρισάμεθα
268 2627 363 2663 ὀργήν.
378 2628 415 2654 Τδ
429 2627 523 2663 ἕτερον
543 2627 633 2654 τοίνυν
653 2629 697 2659 τὸ,
721 2637 730 2653 ι
753 2628 828 2663 ὀργί-

58 2663 136 2699 ζεσθε,
152 2678 161 2693 ι
177 2671 222 2697 ἐὰν
232 2671 423 2708 λαμϐάνωμεν,
439 2672 511 2706 λέγω
522 2672 550 2698 δὲ
564 2672 594 2699 τὸ
607 2672 786 2708 ἀπροαίρετον
797 2673 827 2700 τὸ

87 2721 106 2737 ¹’
122 2723 128 2749 l
144 2724 218 2755 Joan.
231 2735 261 2754 tt.
297 2728 320 2744 “
332 2728 416 2757 Exod.
428 2738 484 2763 xtv,
503 2730 545 2758 l5.

886 2223 1076 2254 «irascimini,»
1087 2223 1208 2257 designat
1217 2223 1405 2258 imperativum
1417 2222 1537 2251 modum,
1547 2221 1670 2256 designat

882 2270 963 2296 etiam
977 2269 1159 2300 delittitivutn,
1173 2269 1218 2302 qui
1233 2276 1247 2294 a
1261 2268 1420 2302 quihusdam
1435 2274 1540 2301 quoqtte
1557 2271 1669 2293 vocatur

883 2312 1068 2342 allirmativus,
1084 2317 1113 2339 υι
1132 2320 1193 2339 cum
1210 2313 1325 2339 dicimus
1339 2321 1345 2338 :
1363 2312 1517 2342 irascimur,
1534 2311 1666 2338 irascimi—

882 2359 921 2390 ni,
934 2358 1097 2385 irascuntur.
1110 2358 1214 2384 Rursus
1223 2357 1276 2385 alio
1287 2359 1366 2384 tttndo
1377 2357 1424 2384 ine
1436 2357 1581 2392 appellatio
1590 2365 1604 2382 ιι
1615 2365 1666 2390 qua

881 2405 1026 2431 deductum
1043 2409 1086 2431 est
1109 2405 1184 2438 illud,
1201 2404 1378 2435 «irascimini,
1395 2414 1403 2431 t
1420 2404 1557 2438 signiﬁcat
1573 2404 1667 2430 volun-

882 2450 979 2476 tarium
991 2450 1142 2485 quidpiam,
1154 2451 1225 2484 quod
1239 2450 1360 2477 nonnulli
1375 2450 1604 2481 tlelittieruttl,eos
1620 2449 1664 2481 qtti

882 2495 959 2530 561
980 2495 1081 2523 ltesisse
1097 2496 1232 2528 videntur,
1248 2495 1392 2523 ulciscendi
1409 2494 1601 2529 appetentiam.
1621 2494 1659 2521 Si.

882 2540 992 2574 gniﬁcat
1005 2541 1087 2568 etiam
1103 2541 1327 2573 involuntariutn,
1344 2540 1415 2575 quod
1430 2548 1444 2566 ιι
1461 2539 1597 2566 nonnullis
1613 2548 1662 2566 vo-

881 2590 959 2613 ealur
972 2587 1057 2621 prima
1072 2587 1216 2614 commotio
1228 2607 1234 2617 .
1251 2595 1311 2622 qua:
1325 2587 1408 2614 certis
1423 2586 1582 2620 quibusdam
1600 2586 1663 2612 irri-

883 2631 1030 2658 tationibus
1047 2632 1132 2658 trahit
1156 2632 1188 2658 ad
1212 2639 1271 2659 eam
1289 2639 1370 2665 quant
1394 2631 1470 2665 prius
1493 2630 1663 2658 dellnivitnus

881 2674 960 2702 iratn.
977 2675 1053 2709 Quod
1068 2677 1091 2704 si
1107 2677 1133 2704 itt
1149 2677 1221 2704 huttc
1238 2677 1417 2712 posteriorem
1432 2684 1541 2704 sensum
1558 2676 1662 2710 accipi-

87 2769 273 2814 ςῖἷῇΜξιγίζῃ
286 2777 385 2814 φῳγνή,
403 2782 455 2814 etc.
475 2779 588 2806 Scltedae
610 2778 765 2807 Comhcl‘tsii
777 2799 785 2811 .
802 2785 828 2808 ct
847 2779 953 2814 Grabii,
971 2779 1056 2808 codex
1071 2778 1266 2811 Coislinianus,
1284 2779 1377 2807 Daniel
1392 2779 1539 2807 Barbarus.

161 2806 229 2844 _\'ide
244 2806 315 2837 tl'illii
335 2806 400 2840 Nov.
419 2813 540 2840 Testatn.
558 2814 652 2840 Matth.
673 2823 709 2844 vt.
726 2815 771 2842 25.

88 2840 140 2876 (95)
159 2842 196 2878 Ἡ,
216 2855 224 2870 ι
248 2846 406 2882 (wits-cog,
428 2858 437 2874 ι
455 2848 549 2884 φωνή,
572 2854 624 2878 etc.
747 2840 832 2879 littroc

895 2854 950 2886 loc,
968 2849 1074 2880 εςίιοιίιυ
1089 2848 1258 2882 Combclisii,
1272 2853 1298 2875 et
1312 2848 1405 2877 Daniel
1420 2849 1565 2876 Barbatus.
