1882 3053
187 109 258 138 11Ξ7

187 215 295 249 quidem
324 214 394 240 idem
425 217 467 240 est
496 213 627 244 dormire,
655 218 687 238 ac
713 218 838 238 somnum
863 216 972 244 capere.

189 271 198 286 ι
217 259 294 287 Multi
315 260 349 287 de
363 259 406 286 his
426 259 471 292 qui
494 265 620 286 somnum
636 257 748 291 capiunt
769 257 795 284 in
820 261 899 282 terra:
914 255 975 290 pul-

185 311 261 336 vere,
279 303 495 338 evigilabunt“.
516 311 525 328 ι
549 302 600 335 Qui
625 302 701 329 locus
728 299 909 329 conlerendus
933 304 975 328 est

187 359 249 379 cum
273 352 308 379 iis
333 359 393 386 qum
418 350 489 377 dicta
505 353 569 377 sunt
591 349 623 376 de
641 348 745 376 sanctis
764 347 973 375 dormientibus.

186 397 288 424 Prmter
301 397 402 423 exitum
421 403 453 422 ex
470 396 523 423 hac
534 395 600 427 vita,
616 394 750 430 signiﬁcat
762 393 843 421 etiam
863 400 975 420 somnus

190 448 326 477 torporem
346 442 452 474 animo),
471 449 532 468 cum
555 440 672 467 attentio
697 439 835 474 vigilantia
857 439 974 466 dicatur.

190 487 291 514 Voleus
318 487 391 513 enim
413 494 461 513 nos
485 485 593 512 divinus
605 492 694 512 sermo
714 492 729 511 a
743 489 974 518 torporeﬁarcerc,

189 534 227 561 ait
240 534 263 549 "
279 542 286 560 :
313 543 322 559 ε
340 532 380 560 Ne
393 533 442 559 des
455 531 544 558 oculis
565 531 620 558 tuis
644 537 781 562 somnum,
797 534 824 557 et
839 519 975 564 palpebris

188 579 244 606 tuis
255 577 487 608 dormitationem,
503 581 532 603 ut
552 580 680 610 tanquam
699 574 809 601 damula
825 575 945 602 serveris
959 582 973 602 ε

186 624 304 659 laqueis.
329 629 357 650 et
378 627 510 657 tanquam
533 621 592 647 avis
608 627 623 647 a
641 625 707 648 rete.
730 629 740 646 ι
769 620 803 647 Ει
830 620 976 648 ostendere

185 671 283 699 volens
297 670 434 704 Propheta
452 673 588 702 torporem
599 671 627 694 et
640 667 785 701 segnitiem
800 671 974 702 peccatorum

186 718 225 744 ait
237 716 260 732 ⁸³
279 725 285 742 :
314 725 323 741 ι
349 715 524 741 Dormieruut
541 721 668 741 somnum
686 720 776 744 suum,
803 716 830 738 et
853 712 919 738 nihil
936 711 974 738 in-

184 765 328 789 venerunt.
355 770 364 786 ι
390 759 423 786 Et
448 760 513 787 illud
532 759 567 792 “,
591 769 602 786 ι
631 759 718 794 Surge
740 758 787 793 qui
812 757 927 788 dormis,
948 761 976 784 et

184 814 300 842 exsurge
325 814 339 833 ο
364 806 490 839 mortuis,
512 810 539 833 et
566 806 706 833 illucescet
725 804 774 831 tibi
801 803 936 830 Christus.
962 811 972 828 ι

185 851 254 880 lluic
275 859 371 880 somno
385 851 432 886 qui
451 851 517 878 nihil
532 851 606 878 aliud
627 855 668 878 est
690 857 771 884 quam
787 854 890 884 torpor,
909 856 975 875 ana-

184 897 255 932 logia
278 897 393 932 quadarn
417 897 561 932 respondet
585 896 741 924 dormitatio
771 896 870 922 anima:
893 901 974 928 quam

185 943 310 979 prohibet
337 942 490 974 Salomon.
517 942 618 969 docens
640 949 694 969 non
726 949 852 969 somnum
886 940 974 968 solum

186 989 333 1016 arcendum
345 996 406 1015 esse
417 988 451 1015 ab
465 988 564 1020 oculis,
577 988 625 1015 sed
639 987 723 1014 etiam
744 987 974 1014 dormitationem.

185 1035 255 1069 Quin
268 1040 299 1062 et
308 1033 451 1061 Psalmista
478 1034 504 1060 in
528 1033 693 1066 vituperium
717 1033 857 1067 accipiens
874 1033 976 1060 dormi-

186 1081 296 1108 tationis
320 1087 428 1112 nomen.
456 1080 494 1106 ait
511 1080 535 1096 "‘
555 1087 563 1106 :
589 1088 599 1105 ι
622 1079 849 1106 Dortuitaverunt
877 1086 974 1106 omnes

182 1127 229 1160 qui
243 1126 429 1153 ascenderunt
444 1132 539 1161 equos.
555 1135 564 1152 ι
586 1125 707 1152 Dicimus
722 1131 788 1160 ergo
801 1124 971 1153 Salvatorem

183 1177 304 1199 rostrum
318 1171 410 1199 Jesum
424 1171 572 1203 Christum,
587 1170 697 1206 quando
712 1177 885 1198 communem
901 1177 974 1197 mor-

183 1223 237 1246 tem
251 1225 302 1253 pro
319 1218 398 1245 nobis
411 1217 551 1249 sustinuit,
562 1222 626 1244 tunc
640 1217 796 1248 dormiisse,
812 1221 969 1251 soporatum

180 1270 247 1291 vero
262 1263 355 1293 fuisse,
370 1270 432 1289 cum
445 1263 534 1289 anima
553 1262 613 1296 cjus
627 1270 640 1288 a
655 1269 769 1296 corpore
782 1267 906 1295 separata
920 1266 972 1289 cst.

184 1309 414 1344 Quemadmodum
440 1309 513 1335 enim
527 1308 573 1342 qui
588 1315 713 1335 somnum
727 1307 849 1341 capiunt,
865 1307 974 1341 jacente

183 1362 299 1390 corpore
315 1359 463 1389 operantur
483 1353 632 1380 semiudum
655 1356 783 1386 meutem,
802 1352 974 1388 imaginatio-

184 1401 265 1428 nibus
284 1401 445 1436 quibusdam
467 1400 676 1427 occursantibus
691 1400 829 1432 obsecuti,
846 1405 874 1427 et
891 1404 974 1433 agunt

183 1446 284 1481 aliquid
301 1446 404 1480 absque
417 1445 472 1473 ullo
483 1445 606 1480 corporis
620 1446 781 1478 ministerio,
793 1453 846 1480 quo
863 1453 916 1473 non
931 1447 973 1472 in-

873 104 919 132 EX
939 103 1089 132 0RlGF.NE

188 169 364 196 dormiemus.
386 178 395 194 ι
421 167 539 194 Somnus
561 166 643 193 etiam
662 165 830 200 appellatur,
849 172 929 199 quam

914 165 971 191 ido-
987 165 1009 192 A
1023 172 1092 190 νων·
1114 175 1122 190 ι
1142 166 1198 197 καὶ,
1222 176 1231 192 ‹
1253 166 1354 198 Πάντες
1375 166 1613 202 κοιμηθησόμεθα·
1648 177 1655 192 ι

1752 109 1815 136 “ﬂ

1678 167 1763 194 ὕπνον
1779 168 1816 199 δὲ,

1025 210 1118 246 ἐπειδὴ
1135 212 1231 238 ταυτόν
1248 213 1306 239 ἐστι
1323 213 1354 239 τὸ
1372 213 1513 239 καθεύδειν
1529 213 1568 248 τῷ
1586 213 1699 239 ὑπνοῦν·
1722 222 1732 238 ι
1753 214 1816 240 Πολ-

1025 256 1065 282 λοὶ
1078 256 1133 283 τῶν
1146 257 1330 285 καθευδόντων
1347 259 1376 285 ὲν
1389 257 1442 294 γῆς
1456 259 1564 294 χώματι
1579 259 1789 294 ἀναστήσονται.
1806 269 1814 284 ι

1025 302 1188 338 Συγκριτέον
1201 303 1228 330 δὲ
1244 305 1301 336 τοῖς
1317 304 1473 340 λεγομένοις
1494 305 1706 340 κεκοιμημένων
1723 305 1816 339 ἀγίων.

1026 348 1157 383 Σημαίνει
1176 349 1301 384 μέντοιγε
1319 350 1366 377 καὶ
1383 351 1398 377 ό
1412 350 1495 383 ὕπνος
1511 351 1596 386 χωρὶς
1615 351 1665 386 τῆς
1686 351 1758 378 κατά
1770 351 1818 386 τήν

1025 394 1113 426 ἔξοδον
1126 394 1173 421 τοῦ
1186 394 1245 430 βίου
1257 395 1305 431 τὴν
1316 395 1481 430 ἀπροσεξίαν
1495 395 1546 431 τῆς
1554 391 1658 431 ψυχῆς·
1673 396 1723 431 τῆς
1736 404 1818 431 προσ-

1025 440 1092 476 οχῆς
1116 441 1327 477 ὲγρηγορήσεως
1353 442 1532 478 καλουμένης.
1557 441 1742 468 Φυλάττεσθαι
1765 441 1818 477 γὰρ

1024 487 1099 522 ἡμᾶς
1114 486 1164 522 τὴν
1178 486 1342 521 ἀπροσεξίαν
1358 487 1519 522 βουλόμενος
1531 488 1546 513 ὁ
1560 487 1630 518 θεῖος
1645 486 1725 520 λόγος
1741 487 1816 522 φησι·

1028 542 1038 558 ί
1060 533 1106 568 Μὴ
1121 532 1173 568 δῷς
1190 532 1274 560 ὕπνον
1292 534 1348 565 σοῖς
1361 533 1478 569 ὄμμασι,
1498 533 1565 569 μηδὲ
1585 533 1741 568 νυσταγμὸν
1763 534 1817 563 σοῖς

1027 578 1180 614 βλεφάροις,
1195 578 1238 605 ίνσ.
1263 578 1337 616 σώζῃ
1353 579 1447 615 ὥσπερ
1460 580 1560 615 δορκάς
1580 579 1613 605 ὲκ
1633 578 1756 614 βρόχων,
1771 578 1817 604 καὶ

1026 624 1120 661 ὥσπερ
1135 625 1227 660 ὄρνεον
1243 626 1275 651 ἐκ
1296 625 1419 660 παγίδος.
1445 634 1454 651 ι
1473 626 1529 652 Καὶ
1548 625 1710 660 βουλόμενος
1728 633 1816 660 παρα-

1026 671 1125 706 στῆσαι
1147 671 1178 698 τὸ
1197 670 1296 706 χαῦνον
1321 672 1369 698 καὶ
1385 671 1527 707 ἀνειμένον
1549 671 1604 697 τῶν
1618 669 1792 706 ἁμαρτωλῶν
1805 671 1819 696 ὁ

1026 717 1174 753 Προφήτης
1190 716 1282 752 φησίν*
1298 725 1307 742 ι
1324 716 1472 743 Ὕπνωσαν
1489 715 1571 742 ὕπνον
1582 715 1684 746 αὐτῶν,
1703 715 1750 741 καὶ
1770 715 1819 749 οὐχ

1026 760 1104 798 εὖρον
1126 762 1220 789 οὐδέν·
1247 773 1256 789 ι
1277 763 1323 789 καὶ
1344 761 1385 793 se,
1413 771 1421 787 ι
1445 762 1556 797 Ἔγειρε
1572 763 1586 788 ὁ
1601 761 1756 791 καθεύδων.
1771 760 1819 787 καὶ

1026 809 1130 835 ἀνάστα
1151 809 1183 835 ἐκ
1204 808 1258 835 τῶν
1283 808 1398 844 νεκρῶν,
1422 809 1469 835 καὶ
1491 807 1636 842 ἐπιφαύσει
1654 816 1695 833 σοι
1719 808 1733 833 ό
1750 807 1820 842 Χρι-

1028 854 1098 885 στός.
1125 863 1134 880 ι
1162 853 1305 888 Ἀνάλογον
1324 853 1353 880 δὲ
1365 853 1405 888 τῷ
1421 853 1497 888 ὕπνῳ
1511 852 1550 888 τῷ
1564 851 1635 879 κατά
1651 852 1702 887 τὴν
1719 852 1819 886 ἀπροσ-

1026 898 1099 931 εξίαν
1124 899 1182 926 ἐστὶ
1196 899 1351 935 νυσταγμὸς
1369 899 1458 934 ψυχῆς
1476 898 1505 925 ὃν
1525 898 1690 934 ἀπαγορεύει
1707 898 1722 924 ὁ
1738 896 1818 923 Σολο-

1027 945 1097 981 μῶν,
1112 945 1142 972 οὺ
1159 945 1238 981 μόνον
1255 945 1338 972 ὕπνον
1353 945 1486 972 διδάσκων
1502 945 1576 979 ἡμᾶς
1593 943 1631 979 μὴ
1644 943 1746 970 διδόναι
1762 944 1819 974 τοῖς

1024 990 1157 1026 ὖμμασιν,
1171 990 1239 1017 άλλά
1258 991 1305 1017 καὶ
1318 990 1483 1025 νυσταγμόν.
1498 989 1552 1016 Καὶ
1565 988 1701 1020 αὑτὸςδὲό
1715 990 1820 1022 Ὕμνῳ-

1026 1035 1080 1067 δὸς,
1089 1036 1135 1062 ἐπὶ
1145 1035 1230 1071 ψόγου
1239 1035 1346 1062 τάσσων
1352 1035 1382 1062 th
1395 1035 1440 1062 τοῦ
1450 1033 1604 1070 νυσταγμοῦ
1612 1034 1709 1069 δνομα,
1724 1033 1817 1068 φησίν·

1029 1090 1038 1107 ιι
1065 1080 1228 1115 Ἐνὺσταξαν
1245 1082 1344 1113 πάντες
1356 1083 1380 1108 οἰ
1395 1080 1588 1116 ὲπιϐεὗηκὸτες
1601 1080 1665 1110 τοὺς
1678 1080 1789 1110 ῖππους.
1807 1088 1816 1103 ι

1024 1128 1115 1163 Φαμὲν
1131 1127 1220 1154 τοίνυν
1234 1128 1280 1154 τὸν
1305 1128 1394 1155 κοινὸν
1411 1127 1525 1154 θάνατον
1540 1126 1570 1153 ὃν
1594 1125 1730 1152 ἀπέθανεν
1747 1125 1819 1160 ὑπὲρ

1025 1173 1103 1210 ἡμῶν
1119 1173 1284 1209 κοιμηθῆναι
1294 1173 1339 1200 τὸν
1354 1173 1468 1209 Σωτῆρα
1478 1172 1555 1209 ημῶν
1571 1172 1676 1208 Ἰησοῦν
1692 1172 1737 1198 τὸν
1750 1172 1820 1207 Χρι-

1026 1219 1099 1254 στὸν,
1120 1219 1243 1246 ὑπνῶσαι
1260 1219 1299 1251 δὲ,
1317 1219 1498 1255 χωρισθείσης
1511 1219 1561 1254 τῆς
1581 1218 1672 1254 ψυχῆς
1695 1218 1748 1244 ἀπὺ
1769 1217 1818 1243 τοῦ

1025 1263 1161 1299 σώματος.
1179 1263 1314 1299 Καθάπερ
1332 1263 1387 1298 γὰρ
1405 1264 1429 1290 ol.
1451 1262 1597 1295 ὑπνοῦντες
1617 1262 1744 1297 κειμένου
1769 1262 1818 1288 τοῦ

1026 1309 1151 1345 σώματος
1159 1309 1298 1346 ἐνεργοῦσι
1311 1309 1381 1336 κατὰ
1389 1309 1487 1344 ψυχὴν,
1500 1309 1661 1343 φαντασίαις
1670 1309 1726 1335 τισὶ
1733 1317 1819 1344 πωσ-

1024 1356 1189 1388 πιπτούσαις
1209 1356 1352 1392 ἑπόμενοι,
1376 1356 1424 1382 καὶ
1447 1355 1595 1391 πράττουσί
1614 1363 1640 1381 τι
1664 1355 1724 1381 κατ’
1741 1355 1819 1381 οὐδὲν

1023 1403 1070 1431 τοῦ
1094 1404 1220 1440 σώματος
1247 1403 1383 1439 δεόμενοι·
1408 1403 1454 1430 τὸν
1476 1402 1556 1429 αὑτὸν
1579 1401 1680 1437 τρόπον
1703 1401 1753 1428 οὑκ
1777 1403 1818 1433 εἰς

1024 1450 1113 1477 πάντα
1126 1450 1175 1485 τῆς
1193 1449 1295 1481 εἰκόνος
1312 1448 1522 1484 ὲξομοιουμένης
1538 1447 1625 1483 τούτῳ
1642 1444 1673 1474 οὗ
1688 1448 1762 1474 ἐστιν
1781 1448 1818 1473 εἱ-

183 1493 292 1528 uigent;
307 1492 386 1528 553
404 1492 452 1524 sic,
474 1492 536 1520 licet
561 1493 586 1519 in
603 1492 730 1520 omnibus
746 1500 798 1519 non
825 1493 923 1519 similis

1072 1505 1089 1527 ι,
1107 1495 1164 1522 ἀλλ’
1181 1495 1224 1521 ἶνα
1240 1494 1346 1530 δηλωθῇ
1369 1495 1386 1530 ή
1406 1493 1528 1530 ἐνέργεια
1546 1493 1561 1528 ἡ
1577 1493 1662 1528 χωρὶς
1678 1491 1815 1528 σώματος,

185 1538 274 1572 imago
289 1538 312 1565 ei
328 1537 406 1571 cujus
416 1541 458 1564 est
474 1537 573 1572 imago,
590 1541 777 1563 verumtamen
794 1541 822 1563 ut
839 1538 897 1564 sine
910 1544 972 1563 cor-

184 1590 249 1617 pore
264 1583 353 1609 auima
371 1590 430 1616 qua!
449 1583 482 1610 ab
502 1582 560 1616 ipso
582 1587 709 1617 separata
724 1587 778 1614 est,
797 1586 824 1608 et
851 1589 974 1609 somnum

185 1630 267 1664 capit.
289 1629 448 1656 ostendatur
471 1629 590 1662 operari,
611 1634 752 1663 postquam
779 1629 882 1656 dictum
907 1633 973 1655 est:

186 1684 196 1701 ι
222 1675 277 1710 Ego
295 1674 422 1706 dormivi,
441 1683 451 1700 ι
463 1675 582 1705 additur,
598 1682 607 1699 ι
625 1678 652 1700 et
667 1678 810 1708 soporatus
827 1681 896 1700 sum.
913 1682 922 1699 ι
943 1673 975 1700 Et

184 1720 248 1753 quid
266 1720 365 1746 mirum
391 1719 412 1746 si
428 1718 559 1753 ejusmodi
581 1725 693 1746 somnus
714 1720 740 1745 in
758 1718 900 1746 Salvatore
920 1727 972 1746 non

185 1765 297 1792 omnino
314 1766 411 1792 animat
427 1765 511 1791 otium
530 1765 592 1796 fuit,
611 1764 657 1792 scd
671 1764 787 1792 cessatio
800 1765 922 1799 quaedam
940 1765 974 1793 ab

184 1818 234 1838 usu
256 1811 380 1845 corporei
401 1810 663 1845 instruutcnti'llpsa
685 1810 786 1837 etenim
806 1818 854 1844 per
873 1817 903 1837 se
924 1817 972 1837 sua

183 1863 296 1884 munera
322 1857 391 1889 obit,
417 1856 636 1891 quandoquidem
664 1856 763 1884 ideml
787 1854 855 1883 Jobo
870 1855 972 1882 dictum

182 1903 345 1930 ostenditur.
358 1911 367 1928 ‹
379 1902 467 1936 Quave
478 1911 488 1928 ι
497 1902 580 1935 enim,
592 1901 719 1936 inquit",
732 1909 741 1926 ι
751 1907 804 1928 non
813 1909 846 1928 ex
855 1905 932 1928 utero
946 1901 972 1927 iu

184 1954 388 1976 monumentum
406 1949 459 1976 abii
473 1948 569 1976 iNunc
584 1949 677 1982 utique
689 1948 827 1975 dormiens
846 1947 973 1982 quiesce-

185 2002 251 2026 rem,
270 2002 394 2021 somnqu
408 1999 497 2021 autcut
515 1994 626 2027 capiens
642 1993 841 2028 requiesceretn
855 1999 917 2019 cum
930 1998 973 2018 re-

184 2041 279 2076 gibus.
297 2040 463 2068 consiliariis
481 2045 576 2073 torrat,
595 2039 641 2074 qui
664 2039 852 2074 gloriabantur
866 2038 893 2065 in
911 2037 972 2073 gla-

184 2087 247 2118 diis,
262 2090 309 2113 aut
330 2094 390 2113 cum
413 2086 580 2121 principibus
594 2085 694 2121 quibus
716 2085 829 2112 multum
850 2083 900 2111 l'uit
923 2091 972 2110 att-

186 2140 256 2159 rum.
276 2142 285 2158 ι
301 2131 357 2159 Nisi
380 2132 453 2159 cnim
471 2132 588 2167 aliquant
607 2132 704 2159 anima:
730 2130 914 2165 operatiOnem
931 2130 973 2157 iu-

186 2177 319 2212 telligrrct
340 2178 366 2204 in
390 2184 442 2212 qua
467 2177 600 2204 bonorum
630 2176 810 2210 quorumdam
835 2175 971 2210 particeps
988 2173 1011 2202 D

186 2223 282 2250 dict-ta
298 2243 306 2256 ,
323 2231 386 2250 eum
405 2223 479 2250 hisce
501 2223 695 2257 requiesceret,
717 2229 769 2250 non
786 2221 879 2256 utique
898 2221 971 2248 dice-

188 2275 227 2297 ret
243 2278 249 2296 :
262 2279 271 2295 ι
295 2269 425 2297 Somnum
439 2269 548 2304 capiens
561 2269 757 2302 requiesceretn
774 2275 835 2296 cum
851 2267 984 2303 regibus.-

187 2316 350 2343 consiliariis
367 2321 455 2348 terra,
475 2315 519 2350 qui
544 2314 728 2350 gloriabantur
744 2314 769 2341 in
787 2314 893 2349 gladiis.
913 2322 922 2339 ι
940 2312 971 2340 Hi

187 2367 278 2389 autent
293 2362 377 2388 sancti
392 2361 493 2388 fuerint
507 2360 614 2395 pictatis
629 2360 727 2387 milites
742 2360 787 2395 qui
804 2360 886 2386 verbo
898 2359 970 2386 omni

186 2410 277 2444 gladio
297 2409 406 2444 ancipiti
421 2409 543 2436 acutiore
566 2413 678 2435 utuntur
696 2412 790 2434 contra
806 2413 914 2434 omnem
931 2413 973 2432 ve-

188 2456 276 2482 ritatis
297 2455 494 2482 advcrsarium.
516 2454 656 2489 Principes
679 2455 776 2488 quibus
801 2455 916 2480 multtuu
930 2458 972 2481 est

187 2510 292 2535 aurum,
310 2502 327 2529 ii
339 2507 420 2529 erunt
431 2502 477 2537 qui
492 2501 584 2529 multis
597 2501 765 2535 praecellunt,
780 2504 808 2528 et
826 2499 884 2527 ideo
899 2500 973 2535 priu-

187 2549 260 2582 ripcs
279 2550 378 2581 vocati,
400 2548 425 2574 iu
446 2546 722 2582 coutcmplatiouilnts
742 2550 768 2572 et
787 2545 972 2578 speculatiOui-

188 2594 236 2620 Lus
254 2593 379 2621 veritatis
394 2594 493 2620 divites
510 2597 584 2621 sunt.
605 2591 677 2619 Nihil
690 2599 754 2626 ergo
770 2591 866 2618 mirum
882 2591 973 2617 Salva-

187 2642 271 2664 Inrem
283 2638 373 2665 dicere
389 2647 396 2665 :
416 2647 425 2663 ι
443 2637 558 2665 Dormivi
570 2642 597 2664 et
613 2641 754 2671 soporatus
770 2643 838 2668 sum,
855 2645 863 2661 I
875 2637 973 2671 quippe

188 2683 234 2713 qui
250 2684 283 2709 ad
309 2683 461 2710 animarum
480 2683 593 2710 salutem
611 2682 686 2718 plura
703 2681 787 2716 egerit
804 2688 836 2709 eo
852 2686 973 2716 tempore

186 2736 239 2761 quo
253 2735 267 2755 a
287 2736 401 2769 corpore
423 2733 564 2764 separatus
577 2734 628 2761 est,
644 2727 869 2763 quemadmodum
887 2728 913 2755 in
931 2736 973 2754 ca-

223 2787 245 2803 ⁶¹
261 2787 327 2814 Dan.
344 2796 396 2821 xu,
410 2788 437 2816 ‘2.
482 2789 505 2805 "
518 2788 597 2817 Prov.
614 2796 651 2822 \‘I,
668 2788 694 2816 ι.

190 2821 232 2853 15,
259 2822 300 2853 Η,
317 2823 356 2850 15.

745 2787 769 2803 ⁸³
783 2787 854 2815 Psal.
871 2795 952 2821 Lxxv,
968 2787 994 2815 6.

1025 1541 1074 1578 τῆς
1096 1541 1185 1577 ψυχῆς
1209 1541 1260 1576 τῆς
1289 1540 1496 1576 κεχωρισμένης
1526 1539 1618 1571 αὐτοῦ,
1651 1539 1699 1566 καὶ
1728 1537 1818 1574 τούτῳ

1026 1587 1193 1619 ὑπνωκυίας,
1225 1586 1334 1620 λέγεται
1362 1586 1434 1622 μετά
1455 1585 1494 1618 τὸ,
1520 1594 1530 1611 ι
1546 1585 1706 1621 ὲκοιμήθην,
1734 1593 1743 1610 ι
1772 1584 1814 1615 τὸ,

1028 1642 1038 1659 ι
1060 1633 1183 1660 ὖπνωσα.
1203 1642 1212 1658 ι
1227 1632 1282 1658 Καὶ
1293 1632 1318 1658 τί
1329 1630 1485 1667 θαυμαστὸν
1499 1632 1523 1657 εί
1537 1630 1583 1657 ἐπὶ
1596 1630 1643 1657 τοῦ
1661 1630 1791 1665 Σωτῆρος
1805 1631 1818 1656 ό

1023 1680 1144 1710 τοιοῦτος
1155 1678 1238 1710 ὕπνος
1249 1677 1279 1705 οὐ
1293 1677 1382 1712 πάντ-η
1395 1677 1469 1703 ἐστὶν
1482 1676 1566 1712 ἀργία
1577 1677 1627 1711 τῆς
1639 1675 1739 1711 ψυχῆς,
1757 1676 1817 1703 ἀλλ’

1024 1725 1108 1761 ἀργία
1122 1725 1160 1756 ὡς
1175 1725 1244 1760 πρὸς
1259 1724 1289 1751 τὸ
1302 1724 1410 1760 ὀργάνῳ
1421 1723 1461 1759 τῷ
1476 1723 1581 1758 σώματι
1597 1722 1732 1758 χρῆσθαι;
1751 1723 1817 1749 ’ἰδία

1025 1771 1149 1806 μέντοιγε
1168 1771 1215 1797 καὶ
1230 1769 1289 1797 καθ’
1306 1769 1405 1805 ἑαυτὴν
1419 1770 1534 1805 ἐνεργεῖ,
1548 1769 1616 1796 ὅπου
1637 1769 1684 1795 καὶ
1700 1768 1753 1794 ὑπὸ
1768 1767 1818 1796 τοῦ

1029 1817 1089 1844 Ἰὼϐ
1103 1817 1132 1844 τὸ
1145 1816 1210 1843 αὐτὸ
1222 1816 1367 1852 λεγόμενον
1377 1815 1514 1852 δηλοῦται.
1529 1825 1539 1842 ι
1556 1815 1605 1842 Διά
1616 1815 1642 1842 τί
1659 1825 1668 1841 ι
1682 1815 1746 1851 γὰρ,
1762 1824 1816 1850 φη-

1024 1863 1077 1896 σὶν,
1101 1872 1110 1889 ι
1133 1864 1166 1890 ὲκ
1181 1862 1299 1898 γαστρὸς
1318 1863 1357 1894 είς
1373 1862 1468 1897 μνῆμα
1488 1862 1538 1888 οὐκ
1555 1861 1732 1897 ἁπηλλὰγην;
1757 1861 1817 1888 Νῦν

1023 1909 1056 1936 ἂν
1079 1908 1222 1944 κοιμηθεὶς
1249 1907 1385 1943 ἡσύχασα,
1412 1907 1541 1943 ὑπνώσας
1561 1906 1591 1933 δὲ
1615 1907 1817 1942 ἀνεπαυσάμην

1025 1955 1094 1990 μετά
1117 1953 1248 1989 βασιλέων
1274 1952 1423 1988 βουλευτῶν
1444 1952 1507 1988 γῆς,
1530 1953 1554 1980 οἳ
1579 1952 1747 1988 ὲγαυριῶντο
1769 1953 1816 1979 ἐπὶ

1024 1999 1122 2033 ξίφεσι,
1135 1998 1183 2025 καὶ
1205 1997 1272 2033 μετὰ
1284 1997 1422 2033 ἀρχόντων
1436 1994 1473 2024 ὧν
1490 1997 1572 2029 πολὺς
1587 1998 1601 2024 ὁ
1621 1998 1731 2032 χρυσός.
1756 2007 1766 2023 ι
1784 1998 1815 2025 ει

1023 2045 1078 2081 γὰρ
1093 2045 1130 2081 μὴ
1144 2045 1214 2072 ὲνόει
1231 2044 1370 2080 ὲνέργειάν
1385 2052 1445 2071 τινα
1460 2041 1528 2070 εἶναι
1544 2044 1607 2080 περὶ
1621 2044 1669 2080 τὴν
1682 2044 1773 2079 ψυχὴν
1786 2046 1814 2072 ὲν

1024 2088 1040 2128 ᾖ
1056 2090 1194 2118 ἐπαύσατο
1205 2089 1375 2125 τυγχάνουσα
1389 2089 1499 2123 ἀγαθῶν
1512 2097 1593 2115 τινων
1608 2089 1678 2124 μετά
1691 2089 1814 2120 τοιῶνδε,

1023 2135 1073 2162 οὐκ
1089 2135 1122 2163 ἂν
1141 2135 1248 2169 ἔλεγεν·
1268 2143 1279 2160 ‹
1307 2133 1451 2165 ’Υπνώσας
1468 2133 1667 2168 ἀνεπαυσάμην
1681 2133 1753 2168 μετὰ
1768 2133 1816 2168 βα-

1025 2180 1119 2207 σιλέων
1139 2178 1288 2215 βουλευτῶν
1303 2178 1366 2213 γῆς,
1379 2177 1404 2204 οἳ
1419 2177 1585 2212 ἑγαυριῶντο
1601 2178 1648 2203 ἐπὶ
1663 2177 1780 2212 ξίφεσιν.
1804 2188 1813 2204 ι

1024 2225 1085 2255 Εἶεν
1105 2227 1127 2253 δ’
1143 2226 1176 2253 ἂν
1198 2223 1270 2253 οὗτοι
1293 2225 1363 2259 ἀγιοι
1386 2224 1547 2260 στρατιῶται
1567 2224 1723 2257 θεοσεϐείας
1742 2225 1816 2261 λόγῳ

1025 2273 1064 2309 τῷ
1078 2271 1226 2308 τομωτέρῳ
1240 2271 1330 2306 πάσης
1346 2270 1396 2305 τῆς
1412 2270 1546 2305 μαχαίρας
1558 2269 1687 2305 διστόμου
1704 2271 1814 2306 χρώμε-

1026 2327 1066 2346 νοι
1080 2317 1151 2345 κατά
1172 2316 1272 2348 παντὸς
1290 2315 1337 2342 τοῦ
1359 2315 1481 2342 ἐναντίου
1500 2314 1551 2349 τῆς
1572 2314 1703 2349 ἀληθείας
1723 2315 1814 2350 λόγου.

1027 2362 1174 2400 ’Δρχοντές
1192 2370 1222 2389 τε
1242 2358 1279 2388 ὧν
1302 2360 1386 2392 πολὺς
1399 2361 1414 2386 ὀ
1435 2359 1546 2396 χρυσὸς.
1565 2360 1763 2395 ὲρμηνεύοιντο
1784 2361 1816 2388 ἂν

1026 2411 1050 2437 οἱ
1060 2409 1113 2436 τῶν
1128 2407 1230 2435 πολλῶν
1242 2406 1426 2442 διαφέροντες,
1439 2405 1565 2433 καὶκατὰ
1579 2405 1660 2432 τοῦτο
1671 2406 1815 2441 ἄρχοντες,

1026 2453 1251 2490 χρηματίζοντες.
1269 2451 1448 2483 πλουτοῦντες
1460 2451 1490 2477 ὲν
1505 2450 1667 2485 διανοήμασι
1692 2451 1739 2477 καὶ
1762 2453 1816 2484 τοῖς

1026 2500 1091 2535 περὶ
1105 2497 1231 2529 ἀληθείας
1246 2497 1414 2532 θεωρήμασι.
1433 2496 1515 2523 Οὐδὲν
1529 2493 1575 2522 οὖν
1595 2495 1755 2531 θαυμαστὸν
1770 2497 1815 2523 καὶ

1026 2546 1071 2572 τὸν
1094 2545 1208 2579 Σωτῆρα
1226 2543 1330 2577 λέγειν·
1351 2551 1361 2568 ι
1389 2541 1565 2577 Ἑκοιμήθην,
1588 2543 1636 2568 καὶ
1653 2541 1780 2573 ὖπνωσα,
1802 2550 1812 2567 ι

1027 2590 1117 2626 πολλῷ
1132 2589 1214 2616 πλέον
1226 2589 1410 2625 ἐνεργήσαντα
1427 2588 1490 2624 περὶ
1508 2588 1644 2623 σωτηρίας
1658 2587 1755 2623 ψυχῶν
1770 2588 1815 2614 καὶ

1028 2637 1102 2673 παρά
1116 2635 1160 2662 τὸν
1171 2635 1265 2670 καιρὸν
1281 2633 1327 2660 τοῦ
1338 2633 1477 2670 χωρισμοῦ
1494 2633 1540 2660 τοῦ
1556 2633 1611 2660 ἀπὸ
1623 2633 1671 2660 τοῦ
1690 2633 1815 2668 σώματος

1027 2682 1098 2709 κατά
1112 2681 1146 2708 τὰ
1156 2680 1288 2716 λεγόμενα
1299 2679 1330 2716 ὲν
1343 2680 1376 2715 τῇ
1386 2679 1522 2714 Καθολικῇ
1536 2679 1681 2715 Ἐπιστολῇ
1693 2679 1770 2716 παρὰ
1778 2678 1815 2714 τῷ

1028 2729 1123 2764 Πέτρῳ
1133 2736 1139 2743 ·
1159 2737 1168 2754 ι
1191 2715 1234 2754 Ἐν
1246 2723 1268 2761 ᾦ
1280 2715 1327 2753 κᾶι
1339 2727 1395 2757 τοῖς
1408 2726 1437 2752 ὲν
1449 2725 1555 2761 φυλακῇ
1571 2725 1710 2760 πνεύμασι
1722 2733 1816 2760 πορευ-

1032 2787 1055 2803 εδ
1070 2786 1166 2821 Ephes.
1180 2791 1207 2818 ν,
1220 2784 1263 2812 M.
1301 2782 1406 2810 “Psal.
1427 2789 1489 2815 uti,
1507 2781 1533 2809 5.
1586 2781 1610 2797 ⁸⁸
1626 2780 1687 2808 Job.
1712 2787 1754 2813 ut,
1771 2779 1813 2810 ιι,
