1882 3053
207 140 276 169 H39

897 141 941 168 EX
963 138 1115 168 ORIGENE

1776 135 1832 162 illo

205 199 320 226 cadetis.
333 208 344 225 ι
359 199 392 226 Et.
417 198 510 226 illud“
525 209 531 226 :
549 208 559 224 ‹
571 199 638 226 Cum
653 199 727 227 enirn
741 199 775 226 sit
792 199 863 226 inter
879 207 926 226 vos

1088 197 1182 233 (όντων
1196 197 1310 224 πίπτετε
1321 203 1328 211 ·
1345 205 1355 222 ι
1376 195 1433 222 καί’
1446 203 1454 219 ι
1469 195 1556 221 ’Ὁτιοο
1568 193 1624 229 γὰρ
1641 193 1673 219 ὲν
1690 192 1758 227 ὑμῖν
1768 191 1831 227 ﬁla;

208 245 262 278 lus,
278 251 305 273 et
323 245 474 278 contentio,
496 252 586 271 nonne
608 245 734 272 carnales
761 245 838 278 estis,
853 250 879 272 et
896 252 993 272 secun-

206 292 270 318 dam
288 292 424 318 hominem
439 291 601 318 ambulatis'.’
613 300 623 316 ι
639 291 801 318 Posterioris
817 299 897 318 vero:
912 291 995 326 559

209 346 217 361 ι
233 336 362 364 Homines
375 341 400 364 et
416 343 510 371 pecora
524 336 652 366 salvabis.
667 337 780 364 Domine
793 337 841 363 η.)
857 337 992 365 Caeterum

206 382 287 409 ﬁlium
315 381 444 413 hominis,
469 382 609 408 deﬁnitam
640 383 665 409 in
694 383 833 418 Scriptura
850 391 992 417 personam

206 435 265 461 quze
275 433 388 454 vocatur
405 427 477 454 Deus
493 426 638 463 (quatenus
651 429 731 456 modo
746 429 877 456 memoria
891 430 991 465 teneo),

205 472 344 500 Daniclem
359 473 476 508 primum
488 477 515 499 et
531 477 623 507 postea
637 473 808 501 Ezeclticlem
821 475 992 509 prophetam,

205 526 266 546 cum
291 523 384 546 essent
402 519 428 546 in
450 519 622 554 captivitate,
638 525 809 555 nuncupatos
825 521 991 554 invenimus,

203 565 339 592 neminem
357 572 422 592 vero
443 569 505 592 ante
521 565 705 599 captivitatem
725 566 871 601 (quatenus
887 574 992 594 memo-

203 610 252 637 ria:
270 610 448 645 prodiderunt
463 610 523 637 libri
541 610 586 644 qui
598 610 658 638 sine
673 612 864 638 controversia
877 616 906 638 ut
922 612 992 639 divi-

203 656 279 683 nitus
305 656 430 690 inspirati
461 656 703 691 circumferuntur)
742 658 793 684 hac
814 657 994 692 appellatione

204 706 401 735 nuncnpattnn.
421 701 453 728 Et
470 701 532 735 quid
546 708 612 735 opus
626 706 666 728 est
683 701 775 729 dicere
790 703 823 729 de
836 703 992 735 Salvatorc,

204 755 266 774 cum
282 747 426 782 Evangelia
447 747 578 781 ejusmodi
593 756 659 776 voce
677 748 756 782 plena
770 748 844 776 sint?
856 749 992 781 Quoniam

204 793 248 825 qui
269 798 349 820 erant
366 794 392 819 iu
414 794 581 828 captivitate,
602 800 760 828 peccatores
783 799 871 828 erant,
896 795 993 823 existi—

205 846 311 866 mamus
330 838 467 866 Danielern
481 840 579 872 solttm,
595 841 666 874 quod
690 845 812 868 servaret
831 840 990 874 dignitatem

204 883 323 911 hominis
332 884 376 919 qui
390 885 423 911 ad
441 885 585 919 imaginem
603 890 629 912 et
645 885 849 913 similitudinem
866 887 911 914 Dei
929 895 993 914 ροη-

205 931 279 957 ditus
306 935 364 963 est,
393 931 426 957 ad
453 938 548 958 eorum
583 932 759 966 opprobrium
784 933 878 959 audire
901 933 991 960 istud:

208 985 217 1000 ι
230 975 280 1002 Fili
294 975 422 1003 hominis.
438 985 447 1002 ι
465 975 523 1003 Hoc
539 977 625 1010 ipsum
641 977 674 1004 de
692 977 832 1005 Ezechiele
849 978 992 1005 dicendum

205 1027 257 1048 cst.
275 1021 360 1048 llomo
375 1022 446 1049 enim
460 1023 505 1056 qni
523 1023 556 1049 ad
582 1022 728 1057 imaginem
741 1029 768 1050 et
788 1024 992 1052 similitudinem

206 1068 252 1094 Dei
268 1067 356 1095 factus
373 1073 424 1099 est,
445 1069 548 1103 primus
576 1068 625 1095 hac
643 1069 826 1103 appellatione
840 1071 993 1099 nominatus

204 1114 258 1142 est,
274 1115 301 1138 et
313 1111 357 1138 hic
375 1113 483 1146 proprie
506 1113 586 1139 homo
604 1120 667 1142 esse.
678 1114 787 1148 poterit.
806 1115 834 1142 In
853 1115 994 1144 Salvatore

203 1163 314 1190 quoque
346 1157 572 1184 considerandum
598 1162 656 1190 est,
683 1165 718 1184 an
753 1159 909 1188 humanitas
936 1161 994 1195 ejus

206 1202 291 1230 Filius
304 1202 424 1230 hominis
437 1204 553 1236 dicatur,
570 1208 596 1231 et
611 1209 715 1238 patrem
733 1205 868 1233 hominem
896 1207 994 1234 habeat

204 1249 502 1284 hnmanitasimaginis
519 1250 564 1277 Dei
579 1250 735 1278 invisibilis.
750 1251 827 1284 Quod
842 1258 931 1280 autem
952 1254 994 1280 di-

204 1301 277 1322 ctum
293 1300 336 1323 est
348 1295 370 1312 ¹⁶
386 1303 393 1322 :
413 1304 422 1321 ι
435 1295 540 1330 Quique
555 1296 697 1331 terrigenae
712 1302 738 1324 et
754 1297 800 1324 ﬁlii
818 1299 971 1332 hominum,
982 1308 992 1325 ι

204 1341 396 1368 excellentiam
410 1341 531 1368 ostendit
555 1341 671 1368 ﬁliorum
688 1342 827 1370 hominum
845 1351 899 1378 prae
915 1345 995 1371 terri-

204 1386 291 1420 genis.
305 1385 358 1414 Sed
370 1386 441 1420 quod
453 1386 485 1412 ad
504 1386 623 1414 litteram
636 1387 745 1419 attinet,
761 1389 890 1422 quoniam
907 1390 994 1417 corri-

204 1431 317 1466 piuntur
334 1432 377 1459 hie
399 1431 436 1459 illi
459 1432 559 1466 quibus
584 1433 685 1460 dicitur
699 1441 704 1459 :
720 1442 729 1458 ι
746 1433 893 1468 Usquequo
919 1436 993 1470 gravi

203 1477 299 1510 corde,
314 1486 323 1502 ι
341 1482 407 1509 etc.,
424 1485 478 1504 non
497 1478 564 1505 bene
586 1478 749 1506 videbuntur
768 1479 827 1507 haec.
849 1487 909 1515 quae
925 1481 995 1508 invi-

1045 245 1093 272 καὶ
1114 245 1182 281 ἔρις,
1203 243 1264 278 οὐχὶ
1287 241 1414 278 σαρκικοί
1438 241 1511 273 ἐστε,
1532 240 1581 267 καὶ
1599 239 1676 266 κατά
1704 238 1834 274 ἄνθρωπον

1044 291 1240 327 «spirantes;
1260 298 1270 315 ν
1287 288 1334 315 τοῦ
1360 287 1389 314 δὲ
1410 286 1555 321 δευτέρου·
1577 294 1586 310 ι
1599 284 1783 320 Ἀνῦρώπους
1796 285 1834 310 καὶ

1044 337 1129 372 κτήνη
1151 335 1258 367 σώσεις,
1282 333 1380 369 Κύριε.
1407 342 1416 358 r
1438 331 1550 367 Πρῶτον
1572 330 1629 365 γὰρ
1650 331 1714 356 υἱὸν
1741 330 1834 364 ἀνθρώ-

1045 388 1110 414 που,
1139 381 1283 417 πρόσωπον
1306 379 1458 414 ὡρισμένον
1492 378 1521 404 ὲν
1551 377 1650 412 Γραφῇ
1677 376 1835 411 ὀνομαζόμε-

1044 437 1088 456 νον
1109 428 1187 460 Θεὸν,
1210 427 1256 454 ἐπὶ
1275 428 1308 461 τῇ
1336 426 1461 461 παρούσῃ
1481 425 1579 461 μνήμῃ
1597 424 1646 451 τὸν
1673 423 1778 458 Δανιὴλ
1803 424 1837 449 εὐ-

1046 476 1176 512 ρίσκομεν
1195 474 1242 501 καὶ
1262 473 1330 509 μετά
1351 472 1445 499 τοῦτον
1466 471 1514 498 τὸν
1545 470 1682 506 Ἰεζεκιὴλ
1705 471 1838 505 προφήτας

1045 523 1074 548 ὲν
1097 523 1131 557 τῇ
1155 519 1329 556 αἰχμαλωσίᾳ.
1350 518 1533 554 γενομένους’
1554 516 1655 543 οὐδένα
1677 516 1710 542 δὲ
1732 515 1786 551 πρὸ
1799 516 1838 549 τῆς

1044 567 1244 603 αἰχμαλωσίας.
1261 567 1323 593 ὅσον
1333 565 1375 599 ἐφ’
1387 562 1428 596 οἷς
1442 562 1604 599 ἱστοροῦμεν
1621 562 1700 588 κατὰ
1719 561 1756 587 τὰ
1769 561 1837 587 ἀναν-

1043 614 1162 649 τίῤῥητα
1186 613 1240 639 τῶν
1265 611 1476 647 ἀναφερομένων
1506 609 1617 644 βιὸλίων
1641 607 1836 637 Θεοπνεύπων,

1044 659 1129 695 ταύτῃ
1149 660 1182 694 τῇ
1205 657 1377 694 προσηγορίᾳ
1396 655 1573 691 καλούμενον.
1596 654 1631 680 Τί
1646 654 1679 680 δὲ
1701 654 1745 680 δεῖ
1760 653 1838 686 λέγειν

1045 705 1109 741 περὶ
1128 704 1175 732 τοῦ
1193 705 1329 740 Σωτῆρος,
1352 703 1406 729 τῶν
1420 702 1597 737 Εὑαγγελίων
1612 701 1838 737 πεπληρωμένων

1043 752 1146 787 ταύτης
1158 752 1207 786 τῆς
1225 751 1317 785 φωνῆς
1329 758 1335 783 ;
1350 750 1404 776 Καὶ
1420 749 1545 785 οἰόμεθα,
1559 749 1603 776 διὰ
1616 748 1649 775 τὸ
1661 747 1839 784 ἁμαρτωλοὺς

1043 797 1185 832 γεγονέναι
1209 797 1272 828 τοὺς
1294 796 1322 822 ὲν
1345 797 1377 831 τῇ
1407 795 1592 830 αἰχμαλωσίᾳ,
1618 795 1661 826 εἰς
1691 793 1840 828 ὀνειδισμὸν

1044 844 1156 871 ἐκείνων
1171 844 1217 870 τὸν
1237 842 1336 878 Δανιὴλ
1361 842 1441 877 μόνον
1465 841 1592 868 σώσαντα
1614 840 1647 867 τὸ
1665 840 1783 875 ἀξίωμα
1797 839 1839 873 τῆς

1044 890 1090 917 τοῦ
1108 888 1252 925 ἀνθρώπου
1269 888 1317 914 καὶ
1337 887 1397 914 κατ’
1412 887 1505 914 εἰκόνα
1519 887 1566 913 καὶ
1579 887 1721 922 ὁμοίωσιν
1734 885 1839 919 γενομέ-

1044 945 1092 971 νης
1113 935 1230 970 φύσεως.
1247 934 1356 962 ἀκούειν
1375 935 1417 963 τὸ.
1441 942 1451 958 ι
1477 933 1524 959 Υἱὲ
1544 932 1708 967 ἀνθρώπου.
1731 941 1741 957 ι
1772 931 1807 957 Τὸ
1820 931 1838 957 δ

1044 981 1109 1009 αὐτὸ
1120 981 1228 1008 λεκτέον
1247 979 1369 1015 καὶπερὶ
1384 978 1432 1005 τοῦ
1450 978 1590 1014 Ἰεζεκιήλ..
1607 977 1777 1012 Ἀνθρωπος
1792 976 1839 1012 γὰρ

1045 1028 1152 1064 πρῶτος
1171 1026 1316 1062 ὠνομάσθη
1338 1027 1352 1052 6
1374 1027 1433 1052 κατ’
1451 1024 1543 1052 εἰκόνα
1568 1024 1617 1051 καὶ
1638 1024 1776 1059 ὁμοίωσιν
1796 1031 1838 1048 πε-

1044 1073 1190 1109 ποιημένος
1210 1072 1262 1099 ὑπὸ
1282 1071 1329 1098 τοῦ
1352 1071 1430 1104 Θεοῦ,
1451 1070 1498 1097 καὶ
1517 1069 1604 1101 οὕτως
1625 1069 1660 1096 ἂν
1677 1069 1722 1104 εἴη
1743 1069 1838 1104 κυρίως

1044 1119 1199 1154 ἄνθρωπος.
1221 1116 1416 1144 Ἐπισκεπτὲον
1429 1116 1457 1142 δὲ
1473 1115 1521 1142 καὶ
1538 1115 1584 1141 ἐπὶ
1597 1114 1647 1141 τοῦ
1662 1114 1801 1149 Σωτῆρος,
1818 1113 1837 1139 εἰ

1044 1165 1075 1192 τὸ
1089 1163 1259 1200 ἀνθρώπινον
1275 1162 1358 1190 αὐτοῦ
1374 1162 1437 1194 Υἱὸς
1450 1161 1604 1197 ἀνθρώπου,
1622 1160 1774 1196 ἀνθρώπου
1791 1168 1837 1186 πα-

1043 1211 1108 1246 τρὸς
1121 1210 1197 1241 liv-ro;
1210 1209 1249 1244 τῷ
1264 1208 1426 1244 ἀνθρωπίνῳ
1443 1208 1493 1242 τῆς
1509 1207 1614 1238 εἰκόνος
1636 1206 1686 1232 τοῦ
1705 1206 1776 1233 Θεοῦ
1794 1205 1836 1231 τοῦ

1045 1256 1171 1291 ἀοράτου.
1187 1255 1242 1282 Καὶ
1257 1255 1288 1281 τὸ
1305 1254 1448 1290 εἰρημένον
1464 1254 1504 1285 δὲ,
1528 1262 1538 1279 ‹
1554 1253 1588 1280 0'!
1603 1261 1635 1278 τε
1651 1253 1783 1288 maps-aet;
1796 1252 1836 1278 xz!

1045 1302 1099 1328 υἱοὶ
1114 1301 1168 1327 τῶν
1178 1300 1340 1334 ἀνθρώπων,
1359 1310 1368 1326 r
1379 1298 1515 1335 ὑπεροχὴν
1535 1298 1610 1334 δηλοῖ
1627 1298 1685 1324 τῶν
1701 1298 1768 1324 υἱῶν
1784 1296 1833 1323 τῶν

1045 1347 1092 1374 ἀνθ
1098 1347 1195 1383 ρώπων
1206 1347 1281 1382 παρά
1291 1347 1354 1378 τοὺς
1367 1347 1502 1382 γηγενεῖς.
1522 1344 1603 1371 Ἀλλὰ
1612 1344 1685 1380 πρὸς
1697 1344 1749 1379 τὴν
1759 1343 1835 1375 λέξιν,

1048 1394 1111 1420 ἐπεὶ
1134 1393 1346 1428 ἐπιπλήττονται
1371 1391 1464 1419 ἐνθάδε
1488 1390 1636 1422 ἀκούοντες
1659 1390 1705 1422 τὸ,
1732 1399 1742 1414 ι
1771 1389 1835 1419 Ἕως

1045 1439 1112 1466 πότε
1129 1438 1315 1474 βαρυκάρδιοι,
1333 1447 1342 1463 ι
1360 1438 1408 1464 καὶ
1421 1437 1457 1464 τά
1466 1435 1542 1471 ἑξῆς,
1559 1435 1591 1462 οὐ
1609 1434 1705 1466 καλῶς
1721 1434 1835 1466 δόξουσιν

1044 1485 1219 1520 ἀντιρρήσεις
1239 1484 1303 1520 περὶ
1318 1483 1383 1510 υἱῶν
1398 1481 1551 1518 ἀνθρώπων
1570 1479 1800 1516 παρατεθεῖσῧαι,
1815 1479 1836 1504 εἰ

203 1531 265 1552 cem
290 1524 341 1551 sibi
368 1530 552 1558 opponuntur,
579 1526 611 1553 de
633 1525 695 1552 ﬁliis
720 1525 860 1553 hominum
890 1526 946 1555 affet

1106 1531 1160 1567 ἄρα
1182 1530 1269 1557 διττὸν
1290 1529 1336 1556 τὸν
1359 1529 1501 1564 ἄνθρωπον
1524 1527 1564 1553 δεῖ
1581 1525 1750 1561 λαμϐάνειν,
1773 1524 1834 1551 κειθᾶ

205 1569 258 1597 nisi
278 1569 348 1596 forte
361 1570 460 1605 duplex
489 1571 568 1599 homo
582 1571 619 1598 sit
641 1571 843 1607 intelligendus,
859 1573 991 1607 quemad-

206 1615 316 1642 modum
334 1615 440 1650 acccpit
462 1616 609 1652 Apostolus
632 1617 725 1645 dicens
737 1618 757 1634 ¹⁷
774 1627 780 1645 :
799 1628 808 1644 ι
824 1618 930 1646 Primus
943 1619 993 1646 lto-

205 1669 251 1689 mo
264 1661 297 1688 de
315 1666 386 1690 terra
403 1668 537 1697 terrenus,
552 1665 688 1692 secundus
708 1665 799 1697 honto,
817 1665 947 1694 Dominus
959 1667 994 1694 de

204 1704 285 1732 coelo.
301 1704 396 1739 Qualis
423 1711 556 1739 terrenus,
580 1707 647 1736 tales
673 1713 701 1736 et
724 1711 836 1743 terreni,
860 1715 888 1737 et
906 1711 994 1746 qualis

206 1750 340 1782 caelestis,
362 1751 429 1780 tales
449 1757 477 1779 et
497 1752 634 1781 cmlesles.
650 1764 660 1780 r
682 1754 801 1782 Rursum
825 1763 891 1783 vero
907 1761 934 1784 et
954 1758 994 1784 sic

203 1797 333 1829 quoniam
359 1797 422 1824 ﬁliis
447 1798 586 1826 hominum
603 1800 760 1834 pnecipitur
779 1805 808 1828 nl
826 1808 993 1836 cognoscant

206 1849 216 1866 ι
229 1841 294 1876 quia
312 1842 466 1870 mit-ilicavit
477 1844 606 1872 Dominus
616 1850 742 1873 sanctum
758 1854 836 1873 suum
846 1847 896 1880 ",r
917 1855 991 1883 qua:—

206 1891 282 1915 retur
295 1890 430 1924 quomodo
441 1890 487 1925 qui
502 1891 653 1918 secundum
672 1892 835 1920 deteriorem
856 1895 994 1929 acceptio-

203 1941 267 1961 nem
291 1939 356 1962 sunt
371 1936 417 1963 ﬁlii
436 1935 586 1971 hominum,
598 1937 748 1972 jubeantur
760 1945 828 1973 opus
851 1940 993 1967 sanctissi-

205 1989 311 2008 ntorum
340 1982 460 2009 virorum
485 1991 624 2018 peragere.
646 1984 816 2019 Cognoscere
840 1986 912 2014 enim
930 1988 992 2021 quia

203 2025 359 2053 rniriﬁcavit
381 2027 513 2055 Dominus
534 2034 658 2056 sanctum
682 2039 779 2063 suum,
805 2033 993 2059 sanctissimo-

204 2078 264 2097 rum
281 2072 400 2099 virorum
420 2080 488 2106 opus
509 2079 560 2101 est.
579 2075 615 2102 At
637 2075 688 2103 hoc
710 2077 818 2104 solvere
840 2077 919 2105 facile
939 2084 991 2106 est.

206 2115 272 2142 Nam
289 2117 335 2151 qui
364 2118 390 2144 in
412 2118 597 2147 deterioribus
614 2125 667 2153 est,
694 2122 765 2150 ﬁlius
788 2123 908 2152 hominis
932 2130 993 2152 esse

205 2167 297 2196 potest.
326 2164 474 2190 secundum
506 2169 642 2192 terrenum
673 2167 829 2201 hominem;
847 2170 870 2196 si
901 2174 990 2198 autem

1045 1577 1179 1604 ὑπέλαϐεν
1209 1577 1224 1603 6
1256 1575 1415 1606 Ἀπόστολος
1445 1574 1548 1608 λέγων’
1579 1582 1588 1598 ι
1609 1572 1640 1598 'U
1663 1572 1778 1607 πρῶτος
1798 1571 1836 1597 ειν-

1045 1624 1154 1658 ορωπος
1185 1623 1217 1649 ἐκ
1246 1622 1298 1657 γῆς
1325 1621 1437 1657 χοϊκός·
1464 1621 1478 1647 6
1501 1619 1627 1654 δεύτερος
1655 1617 1804 1653 ἄνθρωπος
1826 1617 1836 1642 ό

1045 1669 1146 1705 Κύριος
1172 1669 1201 1702 ἐξ
1226 1668 1352 1704 οὐρανοῦ.
1387 1664 1449 1699 Οἷος
1474 1667 1488 1693 6
1515 1665 1618 1701 χοῖκδς,
1649 1664 1772 1691 τοιοῦτοι
1798 1664 1837 1690 καὶ

1044 1717 1069 1743 οἱ
1090 1715 1192 1751 χοϊκοί·
1216 1715 1263 1742 καὶ¹
1289 1711 1345 1746 οἷος
1367 1715 1382 1740 6
1406 1712 1578 1748 ἐπουράνιος,
1599 1710 1722 1738 τοιοῦτοι
1747 1710 1795 1737 καὶ
1817 1710 1837 1735 οἱ

1044 1760 1210 1796 ὲπουράνιοι.
1236 1769 1245 1786 r
1263 1760 1348 1787 Πάλιν
1363 1759 1392 1786 δὲ
1410 1758 1457 1786 καὶ
1470 1757 1568 1789 οὕτως.
1585 1756 1631 1783 διὰ
1645 1756 1678 1783 τὸ
1702 1755 1838 1791 προστάς-

1045 1807 1140 1834 essent
1153 1806 1266 1841 γνῶναι,
1282 1806 1322 1832 ὅτι
1333 1805 1435 1840 Κύριος
1446 1814 1455 1830 ι
1471 1803 1672 1838 ὲθαυμάστωσε
1705 1801 1754 1828 τὸν
1771 1802 1838 1828 ὅσιον

1045 1853 1140 1885 αὑτοῦ,
1173 1863 1182 1879 r
1204 1853 1266 1884 τοὺς
1290 1852 1364 1884 υἱοὺς
1388 1851 1442 1877 τῶν
1466 1849 1631 1885 ἀνθρώπων.
1655 1847 1838 1884 ζητηθήτετειι

1044 1900 1102 1931 πῶς
1123 1900 1148 1925 οἱ
1162 1898 1233 1925 κατά
1246 1898 1276 1925 τὸ
1289 1899 1378 1933 χεῖρον
1392 1897 1445 1923 υἱοὶ
1458 1895 1512 1922 τῶν
1532 1894 1689 1930 ἀνθρώπων
1703 1893 1837 1929 προστάτ-

1043 1953 1132 1972 τονται
1149 1944 1227 1980 ἔργον
1241 1943 1294 1970 τῶν
1307 1942 1466 1977 ἁγιωτάτων
1480 1941 1600 1976 ποιῆσαι.
1613 1940 1652 1966 Τὸ
1666 1939 1725 1976 γὰρ
1741 1939 1837 1974 γνῶναι

1043 1990 1084 2017 ὅτι
1099 1989 1310 2024 ἐθαυμάστωσεν
1324 1990 1338 2016 ὁ
1357 1988 1459 2024 Κύριος
1477 1987 1523 2014 τὸν
1544 1987 1617 2014 ὅσιον
1639 1985 1741 2018 αὑτοῦ,
1759 1986 1837 2020 ἁγιω-

1043 2037 1131 2064 τάτων
1155 2036 1213 2063 ἐστὶ
1239 2035 1416 2070 κατόρθωμα,
1444 2033 1564 2068 Εὑχερὲς
1588 2032 1617 2059 δὲ
1640 2032 1725 2059 λῦςαι
1751 2031 1836 2060 τοῦτο,

1043 2083 1105 2109 ἐπὶ
1124 2082 1236 2109 δύναται
1251 2083 1266 2108 6
1279 2081 1362 2112 αὐτὸς
1385 2080 1434 2115 μὲν
1452 2080 1481 2105 ὲν
1504 2079 1625 2114 χείροσιν
1647 2078 1688 2104 ὣν
1710 2078 1777 2109 Υἱὸς
1797 2078 1837 2103 ἁν-

1043 2128 1152 2165 θρώπου
1171 2125 1240 2154 εἶναι
1255 2127 1326 2154 κατά
1344 2127 1390 2154 τὸν
1409 2125 1552 2161 ἄνθρωπον
1566 2124 1613 2151 τὸν
1635 2124 1742 2160 χοῖκόν·
1763 2132 1837 2159 μετα-

1044 2174 1134 2202 ὃαλὼν
1152 2174 1192 2206 δὲ,
1214 2173 1282 2208 ὅπερ
1303 2173 1354 2199 οὐκ
1376 2171 1448 2198 ἐστιν
1468 2171 1610 2201 ἀδύνατον,
1627 2169 1763 2204 γενέσθαι
1780 2170 1838 2199 Υἱὸς

204 2217 353 2237 (νημαι-ενδ
365 2210 458 2243 fuerit,
471 2212 604 2246 quodnon
618 2218 659 2240 est
675 2213 851 2249 impossibile,
870 2217 926 2244 ﬁeri
943 2226 947 2252 ι

1096 2218 1187 2256 ρώπου
1202 2219 1273 2246 κατά
1288 2219 1333 2245 τὸν
1349 2219 1491 2253 ἄνθρωπον
1505 2217 1552 2244 τὸν
1566 2215 1746 2251 ἐπουράνιον.
1765 2214 1836 2242 Οὗτοι

204 2261 258 2284 test.
281 2257 350 2284 ﬁlius
378 2257 496 2286 hominis
513 2260 661 2286 secundum
678 2260 814 2289 hominem
840 2263 991 2292 caelestem.

204 2302 364 2337 llujusmodi
381 2303 426 2330 ﬁlii
442 2304 582 2331 hominum
592 2306 742 2340 posteriore
758 2308 917 2342 acceptione
929 2318 990 2338 cum

205 2349 253 2376 lilii
269 2349 323 2376 siut
337 2349 396 2383 ejus
408 2350 453 2384 qui
468 2351 501 2377 de
514 2355 586 2378 terra
606 2356 731 2379 terrenus
750 2358 802 2386 est,
820 2355 901 2382 etiam
915 2357 990 2391 gravi

205 2395 287 2422 corde
312 2403 372 2423 8:80
395 2396 446 2423 dici
467 2402 591 2431 possunt,
615 2397 779 2433 diligereque
796 2401 942 2429 vanitatem
960 2410 992 2430 ac

203 2449 327 2475 qna-rere
342 2442 522 2469 mendacium.
546 2442 701 2470 Intellectus
715 2444 788 2472 enim
804 2447 895 2473 carnis
909 2447 934 2474 itt
953 2448 990 2482 ip-

205 2490 243 2516 sis
254 2494 308 2519 est.
326 2493 354 2515 et
365 2496 513 2523 corporeus
528 2496 615 2519 atttor,
630 2493 658 2516 et
670 2491 814 2523 mendacii,
830 2492 901 2526 quod
919 2492 992 2519 veri-

205 2535 253 2562 tati
277 2536 445 2562 contratium
463 2541 515 2568 est,
527 2535 680 2570 inquisitio.
696 2536 778 2564 Gravi
795 2537 895 2572 quippe
910 2538 993 2566 corde

202 2584 264 2607 sunt
290 2581 334 2615 qui
360 2582 498 2608 sedentem
515 2582 540 2608 in
558 2581 684 2616 plumbeo
704 2581 807 2609 talento
821 2582 990 2617 iniquitatem

202 2626 229 2653 in
256 2628 338 2654 corde
366 2627 476 2660 habent,
495 2635 554 2661 qua!
581 2628 614 2655 ad
641 2629 735 2655 inﬁma
761 2635 875 2663 quaeque
900 2629 989 2656 delata

202 2680 263 2699 cum
277 2672 412 2708 Egyptiis
436 2673 462 2700 in
482 2675 561 2708 aquis
575 2675 782 2702 vehementibus
798 2674 926 2702 ﬂuctuum
943 2675 991 2702 bu-

199 2715 244 2749 jns
261 2717 322 2744 vita:
338 2723 467 2752 tanquam
483 2719 619 2753 plumbum
631 2719 816 2755 demergetur.
832 2720 880 2748 llis
898 2726 989 2748 atttem

201 2767 246 2794 qui
261 2763 338 2795 gravi
359 2765 441 2790 corde
460 2769 533 2797 sunt,
550 2766 681 2792 contrarii
701 2771 763 2793 sunt
789 2766 807 2792 ii
833 2766 879 2800 qui
904 2774 989 2792 suave

240 2853 260 2868 “
275 2852 285 2879 ι
301 2854 363 2882 Cor.
380 2863 421 2888 tu,
437 2855 464 2884 5.
504 2856 524 2872 ¹³
540 2856 610 2884 Paul.
631 2865 711 2890 xxxv,
729 2857 753 2884 7.

793 2859 814 2874 ’°
832 2858 903 2886 l‘sal.
922 2866 1014 2893 ιιι-ιιι,
1026 2860 1052 2887 ‘2.

1043 2267 1071 2293 δὲ
1089 2268 1113 2293 οἱ
1129 2266 1184 2292 υἱοὶ
1202 2266 1256 2292 τῶν
1272 2264 1422 2301 ἀνθρώπων
1444 2264 1469 2291 οἱ
1489 2263 1562 2290 κατά
1577 2263 1609 2290 τὸ
1631 2262 1775 2298 δεύτερον,
1794 2263 1836 2288 ita

1043 2313 1095 2339 υἱοὶ
1104 2312 1282 2346 τυγχάνοντες
1294 2311 1340 2338 τοῦ
1356 2312 1388 2337 ὲκ
1401 2310 1454 2345 γῆς
1468 2309 1573 2345 χοϊκοῦ,
1589 2308 1638 2335 καὶ
1660 2308 1835 2345 βαρυκάρδιοι

1042 2359 1159 2393 εὐλόγως
1190 2359 1319 2392 λέγοιντο,
1342 2358 1389 2384 καὶ
1410 2357 1519 2392 ἀγαπᾷν
1541 2355 1727 2391 ματαιότητα,
1751 2354 1835 2390 ζητεῖν

1041 2413 1071 2431 τε
1093 2404 1200 2439 ψεῦδος.
1225 2403 1296 2435 Νοῦς
1315 2403 1368 2438 γὰρ
1388 2402 1490 2437 σαρκὸς
1508 2401 1537 2428 ὲν
1558 2401 1653 2432 αὐτοῖς
1674 2402 1723 2427 καὶ
1746 2400 1834 2434 ἀγάπη

1044 2448 1198 2483 σωματικὴ,
1222 2448 1269 2474 καὶ
1292 2447 1405 2483 ζήτησις
1425 2446 1472 2473 τοῦ
1495 2445 1545 2481 τῆς
1565 2445 1702 2481 ἀληθείας
1730 2443 1833 2480 ἐχθροῦ,

1042 2494 1164 2521 τουτέστι
1181 2493 1228 2520 τοῦ
1250 2493 1375 2528 ψεύδους.
1401 2491 1585 2528 Βαρυκάρδιοι
1601 2491 1657 2527 γὰρ
1678 2492 1704 2518 οἰ
1723 2491 1774 2526 τὴν
1795 2498 1834 2515 κα-

1043 2539 1192 2574 θεζομένην
1217 2539 1263 2565 ἐπὶ
1284 2537 1414 2565 τάλαντον
1437 2537 1562 2572 μολίϐδου
1588 2536 1710 2572 ἀνομίαν
1734 2537 1832 2571 ἔχοντες

1043 2587 1072 2612 ὲν
1089 2587 1122 2621 τῇ
1145 2585 1255 2621 καρδίᾳ,
1279 2585 1339 2619 ἥτις
1363 2584 1400 2616 ὡς
1418 2583 1583 2620 κατωψερὴς
1599 2584 1714 2610 δύσεται
1733 2583 1780 2609 σὺν
1793 2582 1832 2608 Αξ-
1856 2607 1860 2618 ,

1043 2632 1168 2667 γυπτίοις
1186 2631 1252 2658 ὡσεὶ
1269 2631 1391 2666 μόλιϐδος
1409 2631 1438 2656 ὲν
1454 2629 1530 2656 ὕδατι
1547 2629 1658 2665 σφοδρῷ
1679 2629 1736 2656 τῶν
1753 2627 1832 2663 κυμᾶη

1043 2686 1097 2704 των
1117 2677 1162 2703 τοῦ
1180 2677 1248 2711 βίου.
1267 2675 1398 2703 Ἐναντίοι
1413 2675 1441 2702 δὲ
1455 2677 1512 2705 τοῖς
1532 2675 1734 2711 βαρυκαρδίοις
1749 2676 1772 2701 οι
1787 2673 1832 2700 imi

1042 2722 1087 2748 τὸν
1099 2721 1180 2756 ζυγὸν
1199 2722 1287 2758 Ἰησοῦ
1299 2722 1414 2757 ἐλαφρὸν
1428 2721 1622 2757 τυγχάνοντες.
1635 2722 1718 2757 Τάχα
1728 2721 1767 2753 δὲ,
1778 2719 1831 2746 ἐπεὶ

1043 2768 1090 2794 καὶ
1103 2769 1129 2794 οί
1145 2768 1383 2804 μεμαθητευμένοι
1399 2768 1450 2794 υἱοί
1468 2768 1522 2794 εἰσι
1535 2767 1582 2794 τοῦ
1601 2768 1828 2804 μαθητεύσαντες.

1101 2857 1142 2885 ¹⁷Ι
1158 2858 1219 2886 Cor.
1235 2866 1279 2891 xv,
1294 2856 1336 2885 57.
1379 2857 1399 2873 ¹³
1415 2856 1486 2885 Psul.
1505 2865 1542 2891 IV,
1557 2857 1586 2885 4.
