1882 3053
64 138 127 166 ll“

561 138 712 166 SELECTA
734 139 765 167 IN
786 140 954 170 I'S.\LMOS.
975 157 1006 162 —-
1024 142 1120 170 PSAL.
1143 143 1175 170 IV

1621 144 1628 170 l
1640 144 1687 170 14³2

63 199 87 226 οἰ
99 198 126 225 δὲ
139 198 324 230 διδάσκοντες,
341 198 417 226 αὐτοὶ
429 199 488 225 κατ’
503 199 593 226 εἰκόνα
605 201 652 227 καὶ
664 201 790 236 ὁμοίωσιν
804 210 833 228 το

905 202 1056 238 5601esu
1069 204 1167 231 Christi
1179 202 1273 238 jugqu
1289 203 1406 230 subiere.
1423 202 1504 230 Forte
1518 203 1610 235 etiam,
1622 204 1683 236 quia

62 244 140 276 Θεοῦ,
157 245 183 271 oi
202 244 419 280 μαθητευθέντες
438 244 497 280 μὲν,
515 245 565 272 οὑκ
587 245 656 278 ἄξιοι
670 247 697 273 δὲ
710 248 763 274 τῶν
778 248 851 275 διδα-

63 291 165 324 ξάντων
182 291 373 326 γεγενημένοι,
388 290 559 322 ὀνειδίζοιντο
572 291 605 318 ἂν
623 293 661 324 ὡς
684 290 736 320 υἱοὶ
750 293 852 330 ἀνθρὼ-

63 346 112 364 που
128 337 318 373 βαρυκάρδιοι,
330 338 392 368 ταῖς
405 337 538 369 δοθείσαις
554 338 691 374 ἀφορμαῖς
704 340 744 371 εἰς
759 340 790 366 τὸ
803 349 846 366 κα-

62 384 145 419 θαρὰν
169 383 296 417 γενέσθαι
317 383 366 419 τὴν
384 383 497 419 καρδίαν
519 385 549 411 σὺ
575 385 848 420 κατηκολουθηκότες.

62 430 115 456 Καὶ
131 429 187 464 γὰρ
206 429 268 460 ἔθος
288 430 351 461 τοὺς
371 429 590 465 διδασκομένους,
609 430 656 457 καὶ⁴
676 431 712 466 μὴ
731 440 851 467 παρεικο-

61 474 222 507 λουθοῦντας
236 475 291 506 τοῖς
303 474 474 510 λεγομένοις,
497 475 694 511 βαρυκαρδίους
711 476 849 503 καλεῖσθαι

61 520 113 546 ὑπὸ
127 520 182 546 τῶν
198 520 378 547 διδασκόντων
398 521 441 547 διὰ
463 521 494 548 τὺ
507 523 579 557 παχὺ
596 522 645 557 τῆς
662 522 784 558 καρδίας,
801 523 850 549 Διὰ

43 566 138 595 ,τοῦτο
151 566 180 592 δὲ
205 567 253 593 καὶ
274 566 385 602 ζητοῦσι
401 567 432 593 ἰιὺ
451 567 548 602 ψεῦδος
567 568 604 600 ὡς
625 567 662 604 μὴ
688 568 803 604 ὁρῶντες
820 569 850 595 τὸ

61 612 168 648 ἀληθές.
181 613 213 639 El.
226 613 255 639 δὲ
268 613 427 649 βαθύτερον,
439 613 500 639 ἐπεὶ
511 613 625 648 ἀλήθειά
635 615 707 640 ἐστιν
717 615 731 640 ὁ
744 613 848 650 Σωτὴρ,

60 659 148 693 δῆλον,
160 659 202 685 ὄττι
218 658 315 694 ἐχθρὸς
329 659 362 685 ἂν
376 659 419 693 εἴη
432 659 520 694 τούτῳ
531 659 609 693 λόγος
622 659 721 694 ψευδὴς
736 660 768 686 τὸ
784 660 849 695 ἁλη-

61 705 104 736 θὲς
121 705 366 740 ἐπαγγελλόμενος,
383 705 413 732 ὃν
427 705 598 741 ἁντίχριστον
612 706 626 731 ὁ
645 705 768 741 Ἰωάννης
785 706 849 732 πολ-

60 751 135 782 λάκις
151 751 244 786 φησίν.
274 751 337 778 Ἐὰν
349 752 377 778 δὲ
393 751 464 778 κατὰ
481 751 645 787 περίφρασιν
664 751 787 788 λαμϐάνῃ
807 760 848 783 τις

60 798 101 827 τὸ,
118 807 127 822 ι
140 798 191 823 υἱοὶ
206 797 366 832 ἀνθρώπων,
379 807 388 823 ι
409 797 468 824 ἀντὶ
479 797 538 828 τοῦ,
558 807 567 822 ι
581 797 728 832 ἄνθρωποι,
742 807 751 824 ι
766 798 796 824 τὸ
810 798 848 830 ὡς

59 842 104 868 ἐπὶ
119 842 149 868 τὸ
168 842 294 868 πλεῖστον
307 843 335 869 ἐν
351 842 503 878 ἀνθρώποις
517 842 546 869 ὂν
563 842 593 868 τὺ
607 842 786 878 βαρυκάρδιον
803 843 846 870 al-

901 250 1026 284 disctpuli
1043 249 1089 276 lilii
1104 255 1167 276 sunt
1180 249 1365 284 prmeeptoris,
1381 254 1407 276 et
1420 254 1599 284 praeceptores
1617 248 1687 275 iuta-

901 295 992 329 ginem
1007 300 1034 322 et
1050 295 1257 322 similitudinem
1275 295 1320 322 Dei
1337 299 1444 328 gerunt,
1462 295 1563 322 idcirco
1577 294 1623 328 qui
1637 292 1686 320 do-

901 345 999 367 ceutur
1014 341 1133 375 quideml
1154 339 1200 367 scd
1221 339 1436 374 prmoeptoribus
1457 339 1530 374 digiti
1545 346 1596 365 non
1609 342 1684 369 sunt,

903 386 918 412 ii
937 391 1064 420 tanquam
1084 387 1131 414 lilii
1148 386 1286 414 hominum
1303 390 1330 413 et
1345 385 1420 420 gravi
1443 386 1527 413 corde
1544 385 1683 419 objurgart

901 433 1098 466 possunt,quod
1114 432 1222 460 oblatas
1237 432 1287 458 sibi
1303 431 1336 458 ad
1353 439 1399 458 cor
1417 430 1618 458 cmundandum
1639 438 1686 456 oc-

901 478 1026 505 casiones
1042 477 1152 505 minime
1173 478 1256 508 secuti
1274 478 1338 504 sint.
1355 477 1410 505 Mos
1423 478 1495 504 enim
1513 476 1634 508 inolevit,
1655 481 1685 502 ut.

900 524 945 558 qui
964 523 1143 551 instituuntur
1168 528 1196 550 et
1218 527 1353 558 pra-cepta
1378 523 1429 550 sibi
1446 523 1543 550 tradita
1569 530 1622 549 non
1638 530 1683 549 sc-

900 571 1029 602 quuntur,
1043 568 1078 596 ob
1093 568 1185 596 cordis
1198 568 1350 596 crassiticm
1369 575 1384 594 a
1401 568 1612 603 praeceptoribus
1623 575 1684 602 gra-

901 614 926 640 vi
952 614 1034 641 corde
1058 614 1183 648 discipuli
1212 620 1412 647 nuncupentur.
1434 614 1536 642 Idcirco
1559 616 1684 647 quairuut

899 661 981 688 etiam
1002 660 1184 691 mendacium,
1200 662 1299 696 quippe
1318 661 1364 696 qui
1388 669 1440 688 non
1461 660 1569 687 videant
1583 659 1684 686 verita-

900 712 965 734 tem.
984 706 1061 739 Quod
1086 707 1108 734 si
1134 707 1299 735 reconditinr
1320 714 1417 735 sensus
1440 705 1618 733 adducendus
1630 709 1682 736 est,

898 753 1026 787 quoniam
1045 754 1146 780 veritas
1165 759 1206 781 est
1228 754 1366 787 Salvator,
1388 754 1472 787 liquet
1493 752 1518 779 ei
1540 751 1680 778 inimicum

897 805 959 825 esse
969 805 1123 825 sermonem
1136 799 1294 827 mendacem
1308 799 1352 834 qui
1366 798 1509 826 veritatem
1521 795 1680 831 pollicetur.

898 852 978 879 quem
1000 852 1071 878 Sthc
1100 844 1219 872 Joannes
1242 845 1363 872 nominat
1388 843 1578 871 antichristqu
1602 842 1633 868 ν’.
1652 840 1682 868 Si

59 892 160 925 τιᾶται,
173 890 217 917 ἵνα
231 891 261 917 τὸ
273 890 360 922 οὕτως
377 891 445 917 εἴπω
468 890 621 926 βαρυήκοον
639 890 721 917 αὑτοῦ
739 891 833 917 ἀποϐα-

897 897 961 917 vero
981 891 1041 924 quis
1065 898 1097 918 ex
1123 891 1274 925 periphrasi
1294 891 1394 918 dictum
1414 896 1474 917 esse
1497 888 1575 920 velit,
1595 895 1604 912 ι
1633 886 1682 913 lilii

59 934 148 967 λόντες
166 935 410 962 κατασκευάσωσιν
432 935 583 970 ἀγχίνοιαν,
598 935 644 961 καὶ
659 934 833 970 ῖνατὴν...τοὶ

898 936 1048 969 hominum,
1060 946 1068 962 ι
1088 944 1138 971 pro
1155 947 1164 962 ‹
1179 937 1314 968 homines,
1329 945 1338 962 ι
1356 936 1382 963 id
1398 936 1468 970 quod
1486 935 1644 970 plerumque
1654 933 1681 959 in

59 981 148 1016 ζητεῖν
161 981 211 1016 τὴν
230 981 345 1016 δύναμιν
362 982 390 1007 ὲν
402 982 435 1016 τῇ
450 980 522 1016 ψυχῇ
540 981 742 1016 ἀποστήσαντες
761 976 798 1006 ὧν
812 981 833 1006 o'.‘

896 982 1053 1010 hominibus
1067 986 1108 1011 est
1122 990 1173 1010 cor
1185 990 1268 1018 grave
1283 981 1505 1017 reprehenditur,
1519 985 1549 1008 ut
1564 980 1680 1014 abiecta.

60 1028 119 1063 χρὴ,
130 1027 209 1054 ἆτινα
223 1027 307 1063 ψευδῆ
325 1028 413 1055 πάντα
427 1028 515 1059 ἐστὶν,
528 1028 570 1062 ὲφ¹
587 1027 605 1054 ἃ
626 1027 666 1054 δεῖ
682 1027 833 1062 μεταγάγω-

895 1028 936 1055 sic
949 1028 1049 1061 dicam,
1067 1028 1124 1062 ejus
1144 1029 1278 1056 surditate
1295 1027 1506 1062 intelligentiam
1532 1033 1679 1060 assequan-

60 1084 84 1102 οι
95 1095 102 1106 ,
122 1075 169 1100 καὶ
185 1074 323 1110 ζητήσωσι
335 1074 384 1109 τὴν
401 1073 538 1109 ἀλήθειαν.

898 1078 954 1106 tur,
968 1080 995 1102 et
1022 1083 1098 1103 suam
1121 1075 1260 1103 mlertiam
1279 1082 1327 1102 seu
1343 1073 1481 1109 quarrendi
1498 1073 1552 1100 vim
1569 1081 1584 1100 a
1600 1072 1682 1100 rebus

60 1120 167 1147 minime
192 1120 356 1148 necessariis
376 1127 490 1155 quasque
514 1126 609 1147 omnes
635 1119 746 1148 fallaces
763 1123 838 1152 sunt,
857 1124 1021 1155 avertentes,
1047 1121 1080 1148 ad
1097 1128 1129 1149 ea
1147 1128 1210 1156 qua:
1224 1121 1379 1148 necessaria
1401 1125 1464 1148 sunt
1489 1119 1637 1147 adhibeant
1653 1123 1682 1147 et

59 1167 196 1194 veritatem
217 1167 364 1201 inquirant.

91 1213 196 1247 Κύριος
208 1214 421 1240 εισίικούσεται
437 1222 496 1248 μου
512 1214 547 1241 ὲν
563 1213 603 1246 τῷ
618 1215 792 1250 κεκραγέναι
802 1223 839 1249 με

61 1258 129 1292 πρὸς
143 1259 246 1291 αὐτὸν,
262 1268 288 1285 κ.
304 1268 329 1285 τ.
347 1260 370 1286 ἑ.
385 1259 497 1294 Μεγάλη
513 1259 588 1294 φωνὴ
600 1259 654 1295 (94)
669 1261 685 1294 ἡ
702 1259 840 1293 φθάνουσα

60 1304 122 1338 πρὸς
135 1304 210 1336 Θεὸν,
223 1305 274 1340 οὐχ
286 1304 303 1340 ἢ
316 1305 389 1339 παρὰ
402 1306 458 1336 τοῖς
470 1304 624 1340 ἀνθρώποις
637 1305 695 1331 ἐστὶ
706 1306 842 1338 γεγωνυῖα

61 1350 103 1376 καὶ
129 1350 313 1386 ἐπιτεταμένη
343 1351 413 1378 κατὰ
437 1350 487 1385 τὴν
522 1350 633 1385 μείζονα
662 1350 768 1386 πληγὴν
793 1350 840 1376 τοῦ

59 1395 144 1430 ἀέρος,
165 1396 223 1422 ἀλλ’
242 1396 316 1432 ἢτοῦ
333 1396 496 1432 ἡγεμονικοῦ
513 1396 621 1431 καθαρὰ
639 1396 686 1423 καὶ
708 1395 842 1428 ἀθόλωτος

59 1439 166 1473 διέξοδος
176 1442 230 1468 τῶν
241 1442 309 1477 πρὸς
322 1442 386 1469 Θεδν
395 1442 631 1476 ἀνα-πεμπομένων
639 1441 734 1475 λόγων.
744 1441 840 1468 ’ἰστέον

932 1210 1015 1238 Vens.
1030 1210 1056 1237 4.
1075 1209 1203 1237 Dominus
1220 1210 1342 1237 exaudiet
1360 1217 1399 1236 me
1414 1217 1473 1236 cum
1485 1209 1631 1235 clamavero
1645 1209 1679 1234 ad

892 1266 963 1289 cum,
975 1261 1030 1284 etc.
1049 1256 1144 1290 Magna
1160 1263 1210 1283 vox
1225 1263 1286 1290 qua:
1309 1256 1434 1290 pervenit
1458 1255 1493 1281 ad
1509 1255 1609 1286 Deum;
1624 1261 1678 1280 non

893 1311 934 1333 cst
949 1305 995 1332 illa
1014 1312 1074 1339 quae
1091 1304 1160 1331 inter
1180 1303 1305 1331 homines
1328 1303 1441 1330 multmu
1460 1306 1550 1334 sonat,
1570 1306 1598 1328 ct
1620 1309 1677 1328 ma-

888 1351 941 1386 jori
964 1351 1035 1377 aeris
1055 1349 1132 1384 pulsu
1157 1349 1320 1380 intenditur.
1334 1349 1383 1376 sed
1399 1353 1440 1375 est
1461 1355 1544 1381 purus
1556 1352 1582 1374 et
1599 1355 1676 1373 mun-

892 1397 942 1424 dus
956 1397 1124 1424 internorum
1141 1396 1241 1423 mentis
1255 1395 1399 1422 verbortuu
1416 1401 1560 1422 excursus,
1572 1401 1631 1426 qua:
1643 1392 1678 1419 ad

893 1444 975 1470 Deum
1002 1449 1088 1477 usque
1107 1442 1273 1477 pertingant.
1297 1440 1443 1467 Sciendum
1467 1440 1538 1467 enim
1560 1443 1677 1466 estesse

60 1485 120 1520 γὰρ,
139 1487 179 1513 ὃτι
200 1487 259 1514 ἔστι
274 1496 316 1520 τις
332 1488 377 1515 καί
392 1487 438 1515 τοῦ
458 1486 579 1523 κρυπτοῦ
594 1487 642 1522 τῆς
663 1487 776 1522 καρδίας
792 1487 833 1514 ἀν-

894 1488 1034 1522 quamdam
1048 1488 1074 1515 In
1087 1487 1189 1515 intimis
1201 1486 1359 1522 prtecordiis
1368 1485 1484 1512 hominis
1499 1491 1603 1517 vocem,
1617 1491 1678 1517 qua:

60 1531 163 1566 θρώπου
184 1534 261 1569 φωνὴ
285 1533 322 1569 μὴ
344 1534 524 1570 συγχρωμένη
541 1533 580 1569 τῷ
595 1533 711 1568 σώματι,
728 1534 762 1568 ἢν
782 1533 838 1560 ἐσθ’

59 1578 99 1604 ὅτε
112 1580 148 1610 εἰς
161 1580 241 1606 αὑτὸν
253 1579 404 1615 συναχθεὶς,
417 1581 463 1606 καὶ
480 1579 606 1606 εἰσελθὼν
619 1581 659 1611 εἰς
671 1580 701 1610 τὸ
716 1579 839 1614 ταμιεῖόν

62 1631 113 1654 σου,
136 1625 181 1651 καὶ
202 1625 253 1660 τὴν
274 1625 358 1661 θύραν
378 1626 433 1653 τῶν
455 1626 638 1661 αἰσθητηρίων
661 1625 837 1657 ἀποκλείσας,

60 1669 100 1695 καὶ
113 1671 165 1703 πᾶς
180 1672 324 1707 γενόμενος
340 1673 392 1705 ἔξω
407 1673 530 1709 σώματος
544 1673 703 1708 ἀναπέμπει
713 1671 780 1708 πρὸς
793 1671 837 1698 τὸν

60 1715 133 1748 μόνον
148 1717 280 1745 ἀκούοντα
304 1719 431 1755 τοιαύτης
448 1719 549 1755 φωνῆς.
566 1719 616 1745 Διὰ
632 1718 711 1745 τοῦτό
731 1727 771 1744 τοι
786 1726 837 1753 μη-

57 1760 146 1795 δεμιᾶς
167 1764 300 1799 αἰσθητῆς
321 1765 414 1800 φωνῆς
436 1765 489 1792 ὑπὸ
512 1765 558 1791 τοῦ
582 1764 722 1796 Μωῡσέως
739 1763 837 1797 ἀναγε-

57 1808 209 1844 γραμμένης
229 1810 370 1844 γεγονέναι
389 1811 456 1846 φησὶ
474 1812 540 1847 πρὸς
562 1810 654 1842 αὐτὸν,
667 1810 704 1841 ὡς
716 1809 770 1836 ἀπὸ
787 1809 836 1844 τῆς

63 1851 174 1883 Ἐξόδου
191 1855 407 1891 μεμαθήκαμενς
423 1866 432 1882 ι
448 1857 480 1882 Τί
502 1857 565 1892 βοᾷς
586 1856 654 1892 πρός
670 1864 721 1891 με;
741 1864 750 1880 ι
766 1855 835 1891 Βρα-

61 1900 115 1932 χεῖα
127 1900 155 1926 δὲ
168 1902 243 1928 πᾶσα
255 1902 330 1938 φωνὴ
343 1904 358 1938 ἡ
373 1903 436 1938 περὶ
447 1903 501 1930 τῶν
512 1903 640 1937 ἐπιγείων
654 1902 701 1929 καὶ
717 1901 833 1937 μικρῶν,

56 1944 98 1970 καὶ
115 1947 248 1974 ταπεινῶν
272 1947 396 1981 διέξοδος,
422 1949 469 1975 καὶ
491 1948 599 1984 αἴτησις
622 1947 676 1975 ἀπὸ
696 1947 778 1974 Θεοῦ·
799 1947 835 1982 ἣν

56 1989 226 2026 ἀπαγορεύων
243 1993 257 2019 ὀ
277 1993 371 2029 Σωτὴρ
387 1994 550 2030 προσφέρειν
573 1993 612 2029 τῷ
631 1994 717 2029 Πατρί
740 2000 832 2028 φησιν*

58 2044 67 2059 ι
85 2036 184 2064 Αἰτεῖτε
199 2037 233 2064 τὰ
251 2039 364 2073 μεγάλα,
385 2040 479 2066 καὶτὰ
497 2039 583 2075 μικρὰ
600 2040 664 2074 ὑμῖν
682 2038 833 2074 προστεθή-

58 2088 138 2107 σεται·
150 2084 251 2110 αἰτεῖτε
263 2084 297 2110 τὰ
314 2085 473 2120 ἐπουράνια,
488 2085 536 2112 καὶ
551 2085 586 2112 τὰ
599 2085 708 2119 ἐπίγεια
718 2093 836 2120 προσ-τερ

55 2126 157 2161 θήσεται
170 2129 245 2164 ὑμῖν.
268 2139 278 2155 ι

892 1533 1016 1566 corporis
1033 1540 1135 1568 organo
1154 1541 1209 1560 non
1231 1532 1378 1567 profertur,
1394 1531 1441 1559 sed
1457 1538 1538 1565 quam
1551 1530 1633 1556 homo
1648 1530 1680 1556 in

893 1586 922 1606 se
935 1579 1064 1607 collectus
1077 1583 1105 1606 et
1121 1579 1146 1606 in
1161 1578 1317 1606 cubiculum
1342 1577 1493 1613 ingressus,
1506 1575 1674 1610 occlusaque

891 1633 1018 1653 sensuum
1035 1630 1124 1660 porta,
1140 1629 1265 1658 IOIUSQHG
1280 1630 1357 1652 extra
1369 1632 1469 1658 corpus
1482 1621 1671 1658 posituscunib

891 1673 923 1699 tit
939 1673 974 1700 ad
985 1679 1047 1700 eum
1063 1671 1108 1706 qui
1124 1671 1197 1699 solus
1209 1670 1339 1704 ejusmodi
1355 1678 1448 1698 vocem
1462 1669 1557 1696 audire
1575 1672 1673 1703 potest.

890 1718 1073 1752 Quamobrem
1099 1717 1150 1745 etsi
1172 1725 1225 1745 non
1243 1717 1363 1751 legamus
1379 1715 1461 1743 ullam
1479 1715 1590 1750 Moysen
1613 1720 1675 1740 sen-

889 1765 967 1792 silem
991 1771 1085 1791 vocent
1108 1764 1242 1796 emisisse,
1257 1763 1282 1790 ei
1305 1768 1392 1789 tamen
1419 1761 1518 1788 dicitur
1534 1768 1547 1787 a
1571 1760 1624 1786 Deo
1647 1759 1681 1785 iu-

891 1810 1018 1837 Exodo"
1031 1819 1038 1837 :
1049 1819 1058 1835 ι
1072 1809 1141 1843 Quid
1157 1809 1259 1836 clamas
1272 1808 1305 1835 ad
1323 1808 1383 1834 me?
1395 1817 1404 1833 ι
1423 1807 1509 1834 Exilis
1521 1806 1609 1832 omnis
1620 1812 1673 1831 vox

888 1861 930 1884 est
953 1864 1013 1891 quae
1035 1856 1068 1883 de
1089 1855 1205 1882 terrenis
1228 1859 1256 1882 et
1281 1853 1361 1880 ﬂuxis
1374 1853 1456 1880 rebus
1471 1851 1626 1878 obtinendis
1639 1851 1679 1876 att

890 1901 972 1928 Deum
990 1901 1134 1928 emittitur.
1153 1900 1228 1927 lianc
1247 1899 1371 1926 Salvator
1393 1899 1426 1925 ad
1455 1898 1561 1925 Patrem
1580 1897 1670 1931 prole—

889 1947 999 1974 rcudam
1016 1950 1106 1982 negat,
1122 1954 1182 1973 cum
1194 1945 1231 1973 ait
1249 1945 1316 1982 (94‘)
1330 1953 1337 1971 :
1356 1953 1365 1970 ι
1379 1944 1498 1978 Qumrite
1514 1950 1623 1977 magna,
1642 1946 1671 1968 et

886 1999 969 2027 parva
986 1991 1062 2019 vobis
1080 1990 1389 2026 adjicientur:quterite
1416 1989 1546 2020 ewlcstin,
1566 1992 1592 2016 ct
1613 1993 1670 2015 tot:~

888 2045 951 2066 reua
968 2037 1130 2072 adjiciantur
1146 2037 1231 2065 vobis.
1256 2045 1269 2062 λ

93 2166 262 2206 Ὀργίζεσθε,
275 2175 323 2201 καὶ
332 2175 376 2210 μὴ
387 2175 579 2210 ἁμαρτάνετε,
593 2185 620 2202 κ.
633 2184 659 2203 τ.
673 2176 697 2202 ἑ.
715 2175 773 2209 Ἦμ
787 2175 833 2211 ὁρ-

921 2184 1003 2211 ῖέιιε.
1012 2184 1037 2211 5.
1049 2183 1209 2216 lrasrimim’,
1222 2190 1245 2211 et
1258 2184 1338 2211 nolite
1346 2191 1463 2215 peccare.
1473 2187 1525 2211 etc.
1533 2183 1587 2210 Vox
1599 2183 1667 2216 lucc,

56 2216 164 2251 γίζεσθε,
184 2229 193 2245 ι
209 2221 285 2256 φωνὴ
303 2221 359 2256 (95)
376 2222 502 2256 σημαίνει
523 2222 553 2248 τὸ
568 2221 764 2257 προστακτικὸν
780 2229 831 2248 κα-

53 2265 188 2301 τηγόρημα
199 2276 205 2281 ·
232 2267 358 2302 σημαίνει
371 2267 399 2293 δὲ
415 2268 462 2294 καὶ
474 2267 504 2295 τὸ
522 2268 659 2303 όριστικὸν
676 2267 729 2293 ὑπό
750 2275 831 2294 τινων

55 2309 210 2346 καλούμενον
226 2313 459 2346 διαϐεϐαιωτικὸν,
479 2311 549 2340 οἷον
563 2313 739 2349 ὀργιζόμεθα,
752 2312 830 2349 ὀργί-

54 2354 135 2389 ζεσθε,
153 2359 317 2394 ὀργίζονται.
337 2360 421 2387 Πάλιν
436 2360 507 2387 κατὰ
521 2360 600 2387 ἄλλον
615 2360 714 2395 τρόπον
727 2360 743 2394 ἡ
761 2359 829 2394 ὀργὴ

53 2406 222 2440 προσηγορία,
243 2406 288 2440 ἀφ’
304 2404 338 2442 ἦς
352 2406 551 2443 ἐσχημάτισται
563 2407 604 2438 τὺ,
622 2415 631 2432 ι
647 2405 799 2442 ὀργίζεσθε,
815 2415 825 2431 ι

54 2450 171 2482 σημαίνει
188 2459 213 2477 τι
232 2452 432 2487 προαιρετικὸν,
454 2452 488 2487 ἢν
501 2451 634 2487 ὡρίσαντο
654 2459 725 2482 τινες
740 2450 829 2486 ὄρεξιν

52 2491 309 2531 ἀντιτιμωρήσασθαι
333 2497 395 2528 τοὺς
407 2496 564 2532 ἠδικηκέναι
580 2496 734 2528 δοκοῦντας.
749 2496 830 2532 Δηλοτ

53 2535 77 2562 δὲ
92 2540 134 2565 καὶ
153 2541 340 2577 ἀπροαίρετον,
358 2543 372 2569 ὃ
387 2542 497 2569 καλοῦσί
515 2550 586 2573 τινες
599 2542 769 2577 προπαθειαν
785 2551 828 2576 γι-

53 2584 167 2621 νομένην,
195 2587 241 2613 ἐπί
264 2597 318 2615 τισι
342 2588 370 2615 δὲ
395 2588 548 2624 ἐρεθισμοῖς
573 2588 703 2616 ἕλκουσαν
729 2590 771 2623 ἐφ’
794 2589 827 2624 ἢν

53 2632 253 2667 προωρισάμεθα
267 2634 362 2669 ὀργήν.
377 2634 414 2660 Τὸ
429 2634 522 2669 ἕτερον
543 2633 632 2660 τοίνυν
653 2636 696 2665 τὸ,
720 2643 730 2660 ι
753 2634 828 2669 ὀργί-

54 2670 134 2706 ζεσθε,
150 2685 158 2700 ι
174 2677 221 2703 ἐὰν
231 2677 422 2713 λαμϐάνωμεν,
438 2678 510 2712 λέγω
521 2678 550 2705 δὲ
563 2678 594 2705 τὸ
606 2679 785 2714 ἀπροαίρετον
797 2680 827 2706 τὺ

85 2728 102 2744 ¹’
119 2729 126 2756 l
141 2731 216 2761 Joan.
229 2741 259 2761 ιι.
296 2735 318 2750 ¹⁶
330 2734 415 2763 Exod.
427 2744 482 2769 xw,
502 2736 544 2764 l5.

885 2231 1075 2261 «irascimiuin
1087 2231 1207 2265 designat
1217 2231 1405 2265 imperativum
1416 2230 1536 2259 modum.
1547 2229 1670 2264 designat

882 2277 963 2303 etiam
976 2276 1158 2308 delinitivum,
1173 2277 1217 2310 qui
1233 2284 1246 2302 a
1260 2276 1419 2310 quibusdam
1434 2282 1540 2313 quoque
1557 2279 1669 2301 vocatur

882 2320 1068 2349 allirulalivus.
1084 2325 1113 2347 ut
1132 2328 1193 2346 cum
1210 2320 1324 2347 dicimus
1338 2329 1344 2346 :
1363 2320 1517 2350 iraseimur.
1533 2319 1666 2346 irascimi-

882 2366 920 2396 ni,
934 2366 1097 2393 irascuntur.
1110 2365 1213 2392 Rursus
1223 2365 1276 2392 alio
1286 2366 1365 2392 modo
1376 2365 1423 2392 ira:
1436 2366 1580 2400 appellatio
1590 2373 1603 2391 a
1614 2373 1666 2399 qua

881 2412 1026 2439 deductqu
1043 2417 1086 2439 est
1109 2413 1183 2445 illud,
1200 2412 1377 2443 (irascimini,
1394 2422 1403 2438 ι
1419 2413 1556 2446 siguilieat
1572 2412 1666 2438 volun—

882 2457 978 2483 tarium
991 2457 1141 2492 quidpiam,
1154 2459 1225 2492 quod
1238 2458 1359 2485 nonnulli
1375 2458 1604 2489 deliuieruut,eos
1619 2458 1663 2490 qui

882 2501 959 2537 561
980 2503 1080 2530 hesisse
1096 2503 1231 2536 videnlur,
1247 2503 1391 2531 ulciscendi
1408 2503 1601 2537 appetentiam.
1620 2502 1659 2528 Si.

881 2547 992 2581 gniﬁcat
1005 2548 1087 2574 etiam
1103 2548 1325 2581 im'oluntarium,
1343 2549 1414 2583 quod
1429 2557 1443 2574 a
1460 2547 1596 2574 nonnullis
1613 2555 1662 2574 vo-

881 2597 959 2620 (‘alur
971 2594 1056 2627 prima
1072 2595 1216 2622 commotio
1227 2615 1233 2624 .
1250 2602 1310 2629 qua:
1324 2594 1406 2621 certis
1422 2593 1581 2628 quibusdam
1599 2593 1662 2619 irri-

882 2637 1029 2664 tationibus
1047 2639 1131 2666 trahit
1156 2640 1188 2665 ad
1212 2647 1270 2666 eam
1288 2647 1369 2673 quam
1393 2639 1468 2673 prius
1491 2637 1662 2665 delinivimus

880 2681 959 2709 iram.
977 2682 1052 2716 Quod
1067 2684 1090 2710 si
1106 2683 1132 2711 in
1148 2684 1220 2712 hunc
1237 2685 1415 2720 posteriorem
1431 2692 1540 2712 sensum
1557 2683 1660 2718 accipi-

84 2776 384 2821 lﬂﬁﬁftyﬂqytuyﬁ,
401 2788 454 2821 cur.
474 2785 588 2812 Sehedze
609 2785 764 2813 Combclisii
776 2806 783 2818 ,
801 2791 828 2815 et
846 2786 953 2821 Grabii,
970 2786 1055 2815 cotlcx
1070 2785 1265 2818 Coisliuiauns,
1283 2786 1376 2814 Daniel
1392 2786 1538 2814 Barbarus.

159 2813 227 2850 “de
242 2813 314 2843 M'illii
334 2813 399 2845 Nov.
418 2819 538 2846 Testalu.
558 2821 652 2847 Matth.
672 2829 709 2850 \‘I.
725 2822 770 2849 2⁸5.

85 2848 137 2884 (95)
157 2849 194 2884 Ἡ,
213 2861 221 2876 t
246 2853 405 2888 ἐγιγίιζὲσθε,
427 2864 436 2879 ι
453 2855 548 2889 φωνή,
571 2861 623 2884 etc.
647 2848 732 2886 Codd.
746 2848 832 2886 Βιιιοε

894 2860 950 2892 loc,
968 2857 1073 2886 scbedm
1088 2855 1257 2889 Gotubelibii,
1272 2860 1297 2882 rt
1311 2856 1404 2884 Daniel
1419 2856 1564 2884 Barbarus.
