1882 3053
87 126 158 154 Ilii)

595 128 746 157 SELECTA
767 129 799 156 IN
820 128 987 157 PSALMOS.
1002 144 1038 150 —
1054 128 1150 158 PSAL.
1172 128 1216 156 ιν.

1657 133 1726 161 1150

84 195 128 223 πῃ
149 189 359 224 κεκοσμημένου
378 189 457 226 ἔργον
481 189 513 217 ἂν
531 190 615 224 ὑγιῶς
638 190 758 224 λέγοιτο·
779 191 826 222 ὡς,

920 217 922 221 ,
939 190 1111 218 manilestum
1138 196 1179 218 est
1192 211 1199 224 ,
1217 190 1306 217 omnia
1335 197 1465 225 sperare.
1486 191 1606 226 nihilque
1632 201 1726 220 eorum

82 236 376 270 κατακερματίζοντες
385 238 415 264 τὸ
428 237 516 263 πάντα
525 237 654 269 ἐλπίζειν,
669 237 820 273 βουλόμεθα
830 237 888 273 διη-

80 281 238 314 γήσασθαι,
258 282 386 317 ἐροῦμεν,
407 283 446 309 ὅτι
461 283 663 319 κληρονομῆσαι
684 283 821 318 βασιλείαν
840 284 886 310 οὺ-

81 326 180 360 ρανῶν
196 327 244 354 καὶ
268 328 490 364 παρακληθῆναι,
508 330 555 356 καὶ
576 320 633 356 Δυἱοὶ
647 329 714 356 Θεοῦ
741 329 886 364 κληθῆναι,

78 373 134 399 καὶ
159 373 225 400 Θεὸν
242 374 366 408 ὄψεσθαι,
383 375 430 402 καὶ
445 375 680 411 χορτασθήσεσθαι
694 372 727 410 ἦς
746 376 825 410 πεινᾷ
840 375 885 402 καὶ

77 417 154 454 διψᾷ
175 418 359 455 δικαιοσύνης,
381 421 428 447 καὶ
442 421 488 447 τοῦ
506 421 609 447 τελείου
633 421 708 447 ἐλέου
730 421 885 456 μεταλήψε-

78 463 163 496 σθαι,
180 465 227 492 καὶ
241 466 409 499 ἁπαξαπλῶς
425 468 454 494 ὲν
470 469 552 494 πᾶσιν
567 467 674 494 ἔσεσθαι
691 464 730 499 οἷς
750 466 881 501 ἐπηγγεί-

73 509 151 537 λατο
164 512 179 537 ὁ
194 511 312 546 ἀψευδὴς
325 513 400 545 Θεὸς,
419 514 465 540 καὶ
481 514 576 549 Σωτὴρ
590 514 603 539 ὀ
619 508 719 548 Κύριος
733 512 810 548 ἡμῶν
829 513 881 547 Ἰη-

74 556 150 588 σοῦς
162 557 289 593 Χριστός.
304 568 313 584 ‹
339 559 492 594 Ὀφθαλμὸς
504 560 559 595 γὰρ
580 559 630 586 οὐκ
646 556 697 585 εἶδε
711 559 758 585 καὶ
771 556 816 589 οὖς
829 558 879 584 οὐκ

71 601 197 636 ἤκουσε,
210 603 255 630 καὶ
272 604 318 630 ἐπὶ
333 605 448 640 καρδίαν
460 605 603 640 ἀνθρώπου
614 605 664 631 οὐκ
677 604 760 638 ἀνέϐη
772 603 789 630 ἂ
806 602 879 638 ἡτοί-

73 656 172 682 μασεν
186 649 200 676 ό
209 649 274 681 Θεὸς
287 651 343 682 τοῖς
354 651 497 685 ἀγαπῶσιν
510 652 602 678 αὐτόν.
617 660 626 676 ι

936 245 996 272 qua:
1021 238 1124 264 sanctis
1140 236 1274 264 reservari
1293 241 1405 271 possunt
1419 258 1426 269 ,
1443 237 1590 271 desperare
1603 258 1611 270 ,
1629 238 1726 265 nullius

935 283 1046 310 alterius
1057 290 1124 317 opus
1137 290 1203 309 sane
1217 282 1268 308 dici
1282 289 1371 316 posse,
1384 289 1465 316 quam
1478 283 1536 317 ejus
1547 283 1592 316 qui
1606 283 1724 317 perfecta

934 329 1067 355 charitate
1082 329 1212 362 praeditus
1226 332 1285 355 est:
1302 329 1338 354 ita
1355 333 1394 359 ut,
1406 328 1427 355 si
1440 328 1563 355 minutim
1579 329 1725 356 enucleare

935 374 1059 400 volumus
1073 374 1136 408 quid
1150 374 1186 401 sit
1199 376 1291 401 omnia
1308 381 1428 408 sperare,
1442 374 1539 401 dicturi
1556 375 1642 401 sinitis
1657 375 1723 401 nihil

933 420 1005 446 aliud
1017 427 1077 447 esse
1091 428 1171 454 quam
1184 421 1259 454 regni
1272 421 1402 447 (mlorum
1423 421 1608 448 hmreditatetn
1635 421 1720 453 adire,

932 466 1146 494 consolationem
1164 467 1306 500 accipere,
1324 466 1372 493 [ilii
1390 466 1436 493 Dei
1454 466 1559 498 vocari,
1576 465 1659 493 Deum
1680 467 1720 493 vi-

932 512 1006 544 dere,
1020 511 1126 547 jnstitia
1142 520 1223 547 quam
1238 512 1322 539 esurit
1333 517 1360 539 et
1371 512 1437 543 sitit,
1449 512 1586 544 exsatiari,
1601 512 1719 547 perfecta

931 556 983 584 frui
1011 558 1216 590 misericordia,
1244 563 1290 590 et.
1320 563 1348 584 ut
1372 557 1451 585 simul
1478 558 1570 584 omnia
1602 558 1721 584 hrevitcr

929 604 1068 631 absolvam
1083 624 1090 636 ,
1118 605 1144 631 iu
1163 605 1291 632 omnibus
1317 612 1378 632 esse
1396 612 1455 639 qua:
1473 611 1553 631 verax
1580 604 1668 636 Deus,
1692 610 1720 630 et.

932 649 1058 677 Salvator
1085 651 1216 678 Dominus
1234 656 1327 678 uoster
1340 650 1418 678 Iesus
1442 650 1569 678 Christus
1583 651 1716 685 promisit.

73 703 87 721 ε
102 695 211 723 Oculus
229 698 301 723 enim
319 705 371 724 nou
387 699 465 731 vidit,
482 706 532 726 nec
550 699 747 732 nuris'audivit,
766 705 815 725 nec
832 696 858 724 in
873 703 919 723 cor
937 697 1056 725 hominis
1072 699 1264 730 ascenderunt,
1281 706 1340 733 qua:
1355 699 1520 734 praeparavit
1540 699 1616 726 Deus
1627 699 1658 726 iis
1672 699 1716 733 qui

69 741 199 775 diligunt
214 743 288 770 illum
305 744 339 771 ³⁵.
356 754 367 771 ›

115 788 231 815 Πολλοὶ
253 789 394 830 λέγουσι]
421 791 469 824 Τίς
490 791 582 824 δείξει
609 791 681 826 ἡμῖν
702 791 737 819 τὰ
759 792 830 826 tirno

964 787 1043 815 \‘ens.
1059 788 1086 816 6.
1104 788 1183 815 Multi
1198 789 1308 816 dicunt:
1326 788 1519 821 Quisoslendet
1538 790 1610 816 nobis
1629 790 1718 817 bona?

69 841 106 859 κ.
124 841 150 859 τ.
168 833 191 860 ἑ.
210 835 239 861 Οἱ
254 835 302 870 μὲν
326 836 504 873 ἀπλούστεροι
521 837 576 873 (98)
593 837 775 873 ὑπολήψονται
793 837 873 871 λέγε-

69 877 142 904 σθαι
159 878 286 910 ἐνταῦθα,
311 879 362 912 ὃτι,
383 880 436 907 τῶν
460 882 651 917 ἀποκειμένων
668 883 697 909 ἐν
721 882 873 917 ἐπαγγελίᾳ

68 924 305 958 κηρυσσομένων,
324 926 348 951 oi
369 925 460 952 πολλοὶ
481 926 617 961 λέγουσιν,
644 927 696 960 ὅτι,
722 928 769 959 Τίς
785 927 873 954 ταῦτα

67 969 145 1003 ἡμῖν
168 969 260 1003 δείξει,
276 971 324 998 καὶ
347 973 376 999 ἐν
397 973 490 1005 αὐτοῖς
510 973 637 1008 γενέσθαι
654 975 778 1009 ποιήσει;
792 974 872 1008 δῆλον

67 1015 119 1041 ὅτι
132 1015 299 1052 πληχθέντες
320 1018 369 1053 μὲν
384 1019 422 1050 ὡς
439 1019 503 1055 περὶ
518 1020 636 1055 ἀληθῶν,
652 1021 698 1047 καὶ
712 1020 870 1056 ὀρεχθέντες

65 1060 178 1093 αὐτῶν,
197 1061 241 1088 διὰ
259 1062 287 1089 δὲ
307 1063 356 1098 τὴν
371 1063 514 1091 ἀσθένειαν
538 1065 587 1100 τὴν
612 1066 784 1101 ἀνθρωπίνην
799 1065 870 1092 κατὰ

67 1107 165 1134 πολλά
180 1108 235 1134 τῶν
250 1110 483 1145 ἁμαρτανομένων
502 1111 532 1138 οὐ
549 1112 619 1138 πάνυ
638 1121 662 1139 τι
682 1113 773 1144 αὐτοῖς
787 1111 867 1139 δεδω-

66 1152 156 1184 κότες
171 1153 201 1180 τὸ
215 1154 326 1189 ὄψεσθαι
341 1155 410 1182 αὐτά
427 1157 474 1182 καὶ
488 1157 516 1183 ὲν
530 1158 620 1189 αὐτοῖς
633 1158 772 1194 ζήσεσθαι.
793 1159 869 1185 ’Έτε-

68 1206 118 1232 ροι
139 1198 169 1224 δὲ
195 1199 266 1227 οὕτω
285 1200 461 1236 διηγήσονται
485 1203 515 1229 τὸ
532 1203 688 1239 λεγόμενον,
715 1205 756 1231 ὅτι
779 1204 813 1231 τὰ
839 1205 868 1232 ἐν

66 1245 227 1282 ἐπαγγελίᾳ
240 1247 473 1285 ἀναγεγραμμένα
485 1251 540 1282 tot;
556 1251 692 1283 ἐκλεκτοῖς
706 1251 867 1287 δοθήσεσθαι

65 1291 102 1317 οὺ
116 1291 190 1318 πάνυ
207 1293 233 1319 τί
249 1294 307 1320 ἐστι
326 1295 418 1329 σαφῶς
431 1295 479 1322 καὶ
498 1296 605 1331 τρανῶς
620 1297 739 1324 συνιέναι
756 1298 793 1333 μὴ
807 1298 866 1333 οὐχὶ

65 1337 174 1372 σοφοὺς
194 1340 411 1373 γεγενημένους·
432 1338 487 1368 οἷον
500 1342 542 1373 τίς
557 1343 573 1377 ὴ
594 1342 630 1377 γῆ
646 1343 678 1378 ἣν
694 1342 865 1380 κληρονομή-

66 1392 167 1411 σουσιν
182 1385 206 1411 οἱ
222 1389 320 1421 πραεῖς
330 1394 337 1401 '
353 1387 399 1413 καὶ
411 1387 436 1413 τί
449 1388 479 1414 τὸ
492 1388 693 1425 κληρονομῆσαι
707 1389 791 1425 αὐτὴν
808 1398 866 1426 νοη-

61 1428 143 1461 τέον,
164 1429 179 1464 ῆ
196 1429 222 1456 τί
242 1430 272 1456 τὺ
291 1430 336 1457 διὰ
351 1431 399 1467 τὴν
414 1432 587 1468 καθαρότητα
604 1434 652 1469 τῆς
669 1433 782 1469 καρδίας
802 1434 864 1469 ὅψε-

63 1475 132 1501 σΘαι
147 1475 213 1502 θεῦν
227 1476 343 1513 ἀόρατον
352 1465 530 1514 τῦγχάνοντα,
542 1465 571 1506 δν
586 1465 673 1512 οὐδεὶς
685 1465 790 1516 ἑῶρακε
877 1465 898 1493 c

61 1529 136 1547 ποτε
148 1529 156 1537 ο
173 1522 245 1554 τίνος
259 1523 287 1550 δὲ
300 1525 442 1560 γινομένου
454 1525 499 1553 καὶ
516 1526 645 1553 ποταπῶν
660 1535 691 1553 συ
696 1527 863 1562 μϐαινόντων

62 1566 92 1592 οἱ
119 1567 168 1592 ὲπὶ
193 1567 238 1594 τοῦ
259 1569 390 1605 παρόντος
409 1570 569 1603 πενθοῦντες
593 1571 705 1608 ὕστερον
720 1572 862 1609 παρακλη-

63 1611 216 1647 θήσονται·
242 1614 283 1646 τίς
299 1615 327 1641 δὲ
342 1616 388 1642 καὶ
405 1616 513 1652 ποταπὴ
538 1618 555 1653 ἡ
573 1617 694 1652 βασιλεία
710 1618 764 1645 τῶν
778 1619 863 1655 οὐρα-

60 1657 131 1685 νῶν.
156 1660 251 1687 ῐιολλοὶ
267 1659 313 1688 οὖν
330 1662 474 1695 ἀκούοντες
498 1664 531 1690 τὰ
546 1665 778 1701 ἀναγεγραμμένα
791 1666 860 1700 ἀγα-

61 1702 100 1730 θὰ
117 1703 274 1740 βουλόμενοι
289 1707 360 1734 αὐτὰ
370 1709 403 1743 τῇ
421 1708 524 1745 διανοίᾳ
544 1709 692 1736 θεάσασθαι
706 1711 752 1737 καὶ
769 1711 858 1738 συνιέ-

59 1758 120 1776 ναι.
137 1749 245 1784 λέγουσι
259 1751 300 1784 τὸ,
320 1762 329 1778 ‹
349 1753 396 1785 Τίς
411 1753 486 1781 ἔσται
503 1756 517 1781 ὁ
535 1755 629 1788 δείξων
645 1757 709 1791 ἡμῖν
726 1757 831 1791 ἀγαθάς
844 1767 854 1783 ι

60 1795 188 1828 Σπάνιος
201 1797 256 1833 γὰρ
270 1798 377 1835 ἀληθῶς
391 1801 405 1826 ὁ
420 1800 568 1836 δυνάμενος
583 1801 728 1834 δεικνύναι,
749 1803 787 1834 ὡς
799 1803 858 1838 διη-

60 1842 222 1877 γησάμεθα,
240 1844 274 1871 τὰ
286 1845 388 1879 ἀγαθὰ,
405 1846 495 1877 ὁποῖος
512 1846 526 1872 ὁ
543 1845 646 1878 Παῦλος
663 1844 697 1880 ἦν
711 1846 857 1881 δυνάμενος

59 1888 137 1915 αὐτὰ
152 1889 223 1925 λόγῳ
240 1891 425 1927 παραστῆσαι,
442 1891 479 1924 ὥς
494 1892 559 1927 φησί
572 1900 624 1918 που
640 1892 682 1918 et?
698 1901 707 1918 ι
718 1893 812 1928 Ἡμεῖς
828 1893 856 1920 δὲ

59 1933 127 1960 νοῦν
151 1935 270 1970 Χριστοῦ
297 1936 405 1972 ἔχομεν,
428 1937 470 1964 ἵνα
487 1938 583 1973 ἴδωμεν
593 1938 627 1965 τὰ
645 1939 699 1966 ἀπὸ
719 1939 764 1966 τοῦ
787 1939 854 1966 Θεοῦ

58 1979 231 2015 χαρισθέντα
256 1981 331 2016 ἡμῖν,
353 1982 372 2009 ἀ
395 1983 441 2009 καὶ
454 1983 586 2019 λαλοῦμεν
609 1985 659 2011 οὐκ
678 1986 707 2011 ἐν
721 1985 855 2018 διδακτοῖς

57 2025 237 2061 ἀνθρωπίνης
252 2027 347 2061 σοφίας
361 2028 459 2063 λόγοις,
474 2029 530 2056 ἀλλ’
543 2031 572 2056 ὲν
585 2030 717 2062 διδακτοῖς
733 2032 855 2066 πνεύμα-

55 2078 116 2102 τος,
136 2072 307 2107 πνευματικά
323 2077 518 2110 πνευματικοῖς
533 2077 748 2112 συγκρίνοντες.ι
768 2078 854 2113 Terr,-

58 2116 187 2169 ρήκαμεν
203 2118 333 2151 πολλάκις
353 2120 394 2151 τὸ,
415 2129 424 2146 ι
435 2121 488 2154 τίς,
501 2131 510 2148 ι
531 2123 560 2149 ἐν
576 2124 608 2158 τῇ
628 2123 722 2158 Γραφῇ
739 2124 786 2150 ἐπὶ
804 2123 851 2150 τοῦ
869 2141 891 2169 D

57 2162 176 2188 σπανίου
193 2164 368 2200 τεταγμένον,
385 2165 479 2202 ὥσπερ
493 2168 522 2194 ὲν
538 2168 591 2203 τῷ·
610 2178 619 2194 ι
630 2169 678 2201 Τίς
695 2171 788 2202 πιστὸς
805 2171 853 2197 καὶ

57 2208 193 2244 φρόνιμος
208 2211 365 2246 οἰκονόμος;
379 2220 389 2237 ι
412 2212 471 2239 καί¹
491 2222 500 2238 ι
512 2213 559 2245 Τίς
576 2214 656 2248 σοφὸς
674 2216 721 2242 καὶ
743 2217 853 2251 συνήσει

56 2254 186 2286 ταῦταςι
214 2255 272 2281 καί*
296 2256 416 2292 «Κύριε,
441 2257 484 2289 τις
510 2260 716 2295 κατασκηνώσει
742 2262 772 2288 ὲν
794 2262 852 2298 ὄρει

55 2297 129 2331 ἁγίῳ
145 2306 207 2330 σου;
219 2307 229 2323 ι
248 2298 340 2332 Οὕτως
360 2301 407 2327 καὶ
422 2302 516 2329 ἐνθάδε
531 2303 640 2338 λέγεται
653 2307 696 2340 τὺ,
716 2315 725 2332 ι
736 2307 783 2340 Τίς
798 2307 853 2334 δεί-

56 2343 95 2376 ξει
110 2344 176 2378 ἡμῖν
192 2345 227 2371 τὰ
243 2345 351 2379 ἀγαθάς
365 2356 374 2372 ι

61 2389 114 2416 Ἐκ
124 2390 202 2431 ’.τοῦ
215 2391 306 2431 ιςόέιρυ
331 2392 390 2419 τῶν·
405 2395 524 2431 είς-τὸν
546 2396 569 2422 δ’
591 2397 714 2431 eam»
737 2399 781 2430 εἱς
804 2399 849 2426 τό·

92 2433 101 2449 ι
119 2425 363 2461 Πολλοὶλέγουσι
374 2425 444 2462 ’,Τίςῖ
452 2429 541 2462 δείξει
550 2425 622 2465 ἡμῖν
630 2425 665 2458 ui
675 2425 790 2466 dread;
801 2444 812 2460 ι

90 2470 196 2506 Πολλῆς
211 2472 288 2507 παρά
301 2474 357 2505 τοῖς
371 2474 525 2510 ἀνθρώποις
546 2476 684 2512 ζητήσεως
701 2479 848 2513 τυγχανού-

53 2525 106 2551 σης
122 2518 185 2552 περὶ
201 2517 259 2550 τοῦ,
273 2519 333 2546 τίνα
344 2520 378 2546 τὰ
393 2521 494 2555 ἀγαθὰ,
515 2523 562 2549 καὶ
575 2523 635 2550 τίνα
651 2524 685 2550 τὰ
701 2525 784 2557 κακὰ,
799 2527 847 2554 καὶ

53 2561 135 2588 τινῶν
149 2563 200 2598 μὲν
215 2564 385 2601 ἀπροαίρετα
399 2564 468 2594 εἶναι
484 2568 617 2602 λεγόντων
631 2569 668 2596 τὰ
681 2570 781 2604 ἀγαθὰ,
797 2574 845 2599 καὶ

54 2608 89 2634 τὰ
111 2609 203 2651 κακάξ
226 2610 347 2646 ὡσπερεὶ
363 2612 412 2648 τὴν
426 2613 523 2649 ἡδονὴν
539 2614 640 2648 ἀγαθὸν
663 2616 848 2652 ἀποφαινομέ-

53 2660 116 2686 νων,
134 2649 220 2681 κακὸν
235 2655 263 2682 δὲ
279 2657 309 2683 τὸ
325 2659 458 2694 πονηρόν·
473 2660 574 2696 ἐτέρων
588 2661 616 2686 δὲ
631 2662 660 2687 ἐν
673 2649 765 2696 μόνοις
780 2649 846 2698 προ-

53 2702 200 2735 αιρετικοῖς
215 2703 428 2732 κατακλειόντων
444 2705 479 2732 τὰ
494 2706 583 2740 ἀγαθά
593 2707 683 2734 καὶτὰ
695 2709 768 2735 κακά
777 2718 783 2724 ·
799 2711 845 2737 καὶ

51 2745 98 2777 τὰς
116 2746 166 2780 μὲν
182 2747 292 2782 ἀρετὰς,
308 2748 416 2781 καὶτὰς
438 2750 498 2776 κατ’
519 2751 604 2783 αὑτὰς
629 2752 741 2785 πράξεις
760 2754 844 2789 μόνας

87 2802 108 2817 ³⁵
123 2802 131 2828 Ι
144 2802 207 2830 Cor.
226 2811 255 2834 ll,
272 2804 298 2831 9.
337 2805 360 2820 ⁸³
378 2805 387 2831 l
404 2806 466 2833 Cor.
494 2815 524 2840 tt,
553 2807 586 2835 Hi
607 2814 634 2835 et
660 2809 704 2836 12.
742 2811 764 2826 ³⁷
779 2810 873 2838 Matth.

924 839 978 861 (τις.
1003 835 1189 869 Simpliciores
1212 835 1406 862 existimabunt
1434 836 1513 870 hujus
1537 836 1586 863 loci
1605 845 1714 864 sensum

922 887 983 907 esse
998 900 1005 912 ,
1029 881 1128 908 mullos
1140 902 1148 914 ,
1166 889 1228 908 cum
1249 882 1382 915 promissa
1400 883 1603 909 anuunciantur
1622 883 1690 910 bona
1705 904 1712 914 ,

923 926 1023 958 dicere,
1036 926 1103 960 Quis
1116 927 1174 954 hmc
1189 928 1267 954 nobis
1282 930 1416 960 ostendet,
1432 932 1458 955 et
1476 937 1525 956 nos
1538 930 1564 956 in
1582 929 1633 956 illis
1648 938 1715 957 con-

921 973 1033 999 stituet?
1049 980 1143 999 eorum
1160 974 1287 1001 videlicet
1304 980 1432 1008 tanquam
1449 982 1574 1002 verortnn
1593 976 1714 1003 admira-

922 1018 995 1044 tione
1011 1018 1160 1052 perculsos,
1174 1023 1200 1044 et
1216 1025 1246 1045 ea
1260 1024 1448 1053 peroptantes,
1466 1019 1514 1046 sed
1531 1024 1641 1054 propter
1659 1020 1712 1046 lul-

919 1071 1028 1090 manam
1043 1064 1266 1096 imbecillitatem,
1278 1072 1338 1098 qua:
1348 1073 1383 1092 ex
1397 1070 1571 1099 peccatorum
1588 1066 1710 1092 multitu-

919 1111 981 1138 dine
995 1111 1094 1144 oritur,
1110 1110 1161 1138 sibi
1183 1118 1236 1138 non
1254 1110 1444 1144 ﬁdentesJ‘ore
1466 1116 1495 1138 ιιι
1510 1119 1540 1138 ea
1554 1111 1664 1138 videant
1681 1117 1711 1139 et

919 1155 945 1182 in
962 1155 1013 1182 illis
1027 1156 1129 1182 vivant.
1155 1155 1208 1183 Alii
1224 1163 1288 1182 vero
1305 1157 1376 1190 quod
1391 1156 1491 1182 dicitur
1504 1176 1512 1188 ,
1528 1156 1567 1184 sic
1587 1157 1710 1191 explica-

918 1199 994 1231 bunt,
1010 1208 1062 1227 non
1078 1200 1188 1227 omnino
1204 1199 1352 1234 posse,nisi
1368 1208 1382 1227 a
1399 1200 1579 1234 sapientibus,
1590 1200 1664 1228 clare
1680 1206 1709 1229 et

917 1249 1010 1278 aperte
1033 1245 1149 1280 intelligi
1167 1245 1231 1279 quid
1248 1244 1302 1272 sint
1321 1244 1366 1271 illa
1382 1244 1451 1271 bona
1468 1253 1527 1279 qua:
1550 1253 1598 1278 per
1614 1253 1708 1280 repro-

917 1291 1071 1318 tuissionem
1099 1293 1231 1326 scriptum
1256 1295 1298 1318 est
1321 1291 1416 1318 electis
1438 1291 1529 1318 datutn
1552 1291 1605 1319 iri:
1632 1293 1706 1319 verbi

914 1338 1012 1372 gratia,
1029 1345 1152 1372 quamam
1168 1338 1203 1365 sit
1218 1343 1288 1365 terra
1303 1345 1384 1372 quam
1398 1338 1599 1366 haereditabunl
1615 1339 1707 1371 mites,

915 1384 980 1416 quid
997 1384 1166 1411 hatreditatis
1181 1384 1292 1411 nomine
1307 1383 1512 1418 intelligendum
1530 1384 1575 1416 sit,
1590 1384 1653 1418 quid
1670 1385 1706 1411 sit

916 1435 1025 1464 propter
1039 1430 1128 1457 cordis
1151 1430 1294 1464 puritatem
1315 1429 1409 1456 videre
1426 1429 1509 1456 Deum
1528 1429 1707 1462 invisibilem,

915 1483 993 1510 quem
1012 1484 1091 1503 nemo
1106 1476 1172 1502 vidit
1185 1483 1303 1509 unquam
1317 1484 1323 1502 :
1336 1476 1414 1509 cujus
1430 1475 1466 1502 rei
1482 1483 1572 1508 causa,
1589 1476 1703 1510 quibus-

914 1529 946 1549 ve
963 1522 1042 1549 factis
1056 1543 1064 1555 ,
1091 1523 1137 1557 qui
1154 1530 1226 1550 nunc
1241 1522 1342 1557 lugent,
1360 1528 1453 1556 postea
1470 1522 1525 1549 sint
1538 1523 1704 1550 consolatio-

913 1575 974 1594 nem
989 1569 1142 1602 accepturi:
1159 1570 1230 1603 quod
1245 1570 1320 1602 item,
1333 1573 1360 1595 et
1372 1568 1451 1603 quale
1466 1568 1502 1595 sit
1518 1576 1631 1603 regnum
1645 1576 1703 1595 co:—

911 1613 1010 1640 lorum.
1030 1613 1103 1640 Multi
1117 1621 1181 1648 ergo
1198 1614 1340 1641 audientes
1355 1621 1415 1648 qua:
1433 1614 1458 1640 in
1476 1614 1626 1648 Scripturis
1641 1622 1702 1648 prc-

911 1659 992 1685 missa
1013 1663 1076 1685 sunt
1101 1659 1191 1692 bona,
1213 1664 1242 1686 et
1268 1664 1395 1694 optantes
1421 1666 1451 1686 ea
1479 1660 1657 1695 intelligentia
1673 1663 1701 1685 et

910 1709 1001 1730 mente
1028 1704 1177 1738 percipere,
1203 1705 1297 1732 dicunt
1319 1714 1326 1732 :
1355 1714 1365 1731 ε
1388 1705 1453 1738 Quis
1473 1707 1598 1733 ostendet
1623 1707 1702 1733 nobis

909 1747 989 1784 565
999 1748 1086 1775 bona?
1100 1758 1111 1774 ι
1125 1749 1206 1775 Pauci
1221 1750 1291 1776 enim
1306 1755 1368 1776 sunt
1382 1751 1438 1784 qui,
1452 1755 1479 1778 ut
1495 1751 1622 1784 diximus,
1639 1759 1703 1786 pos-

907 1794 962 1821 sint
976 1793 1118 1821 ostendere
1133 1793 1213 1828 bona,
1228 1794 1261 1821 ad
1275 1795 1358 1821 instar
1368 1795 1453 1828 Pauli,
1463 1796 1508 1830 qui
1520 1804 1551 1823 ea
1564 1798 1646 1823 verbo
1660 1805 1703 1824 rc-

907 1844 1071 1873 prtesentare
1087 1844 1205 1874 poterat,
1234 1845 1262 1867 ut
1283 1840 1382 1868 alicubi
1404 1840 1470 1869 dicit
1487 1841 1509 1858 ³³
1526 1848 1533 1869 :
1553 1851 1565 1869 ι
1582 1842 1636 1871 Nos
1648 1851 1698 1870 au-

908 1889 960 1911 tem
977 1893 1086 1912 sensum
1098 1886 1198 1913 Christi
1213 1886 1359 1920 habemus,
1373 1892 1400 1914 ιιι
1414 1889 1535 1915 sciamus
1546 1896 1629 1923 qutea
1643 1890 1701 1917 Deo

906 1930 1005 1956 donata
1028 1936 1091 1957 sunt
1108 1932 1198 1963 nobis,
1213 1939 1273 1966 quae
1293 1937 1320 1959 et
1337 1932 1475 1967 loquimur
1492 1941 1544 1961 nou
1564 1935 1592 1961 in
1610 1935 1700 1963 doctis

906 1975 1029 2002 humana:
1045 1976 1185 2011 sapientia:
1202 1977 1303 2009 verbis,
1318 1978 1365 2005 sed
1383 1979 1409 2005 in
1425 1979 1548 2006 doctrina
1565 1980 1695 2015 spiritus,

904 2021 1090 2055 spiritualibus
1104 2023 1256 2054 spiritualia
1272 2030 1488 2058 comparantes.»
1507 2025 1584 2060 Saepe
1606 2031 1694 2054 autem

904 2067 1107 2095 observavimus
1120 2069 1183 2096 illud
1193 2088 1202 2101 ,
1215 2080 1224 2094 I
1239 2070 1312 2104 quis,
1325 2079 1335 2096 ι
1354 2071 1379 2096 in
1392 2078 1480 2097 rerttm
1498 2071 1608 2099 raritate
1617 2080 1698 2100 usur-

904 2112 982 2145 pari,
1000 2118 1028 2140 ttt
1045 2122 1107 2140 cum
1128 2114 1228 2141 dicitur
1244 2115 1266 2130 ³⁷
1285 2122 1293 2142 :
1313 2125 1322 2141 (
1348 2115 1412 2148 Quis
1430 2116 1517 2144 ﬁdelis
1531 2122 1558 2144 ot
1577 2118 1697 2151 prudens

903 2158 1089 2192 dispensator?
1101 2168 1111 2184 ι
1122 2165 1148 2187 et
1161 2159 1195 2192 ³⁸,
1203 2167 1215 2184 θ
1225 2160 1290 2194 Quis
1305 2161 1412 2196 sapiens
1420 2166 1447 2188 et
1458 2163 1588 2198 intelliget
1597 2164 1695 2191 lucc?»

903 2210 931 2230 et
942 2203 975 2237 ³³,
987 2213 996 2230 ι
1010 2204 1129 2237 Domine.
1139 2206 1200 2240 quis
1210 2206 1359 2240 requiescet
1371 2207 1397 2234 in
1408 2213 1499 2235 monte
1508 2215 1604 2235 sancto
1614 2210 1671 2236 tuo?
1680 2219 1691 2236 ι

904 2250 950 2277 Sic
967 2255 995 2278 et
1009 2251 1054 2278 hic
1069 2251 1168 2278 dicitur
1185 2259 1193 2278 :
1210 2261 1219 2277 ι
1232 2251 1297 2285 Quis
1305 2253 1429 2281 ostendet
1443 2254 1521 2282 nobis
1539 2254 1626 2282 bona?
1644 2264 1654 2280 ι

904 2397 1022 2426 Επιοηιο
1035 2400 1061 2426 in
1075 2405 1195 2436 quartum
1211 2401 1352 2436 psalmum,
1368 2404 1402 2430 ad
1419 2404 1466 2431 illa
1481 2405 1556 2431 verba
1566 2412 1576 2431 :
1587 2414 1596 2430 ι
1609 2405 1689 2432 Mulli

1032 2436 1134 2467 dicunt,
1153 2437 1218 2468 Quis
1231 2439 1346 2464 ostendet
1360 2439 1433 2465 nobis
1450 2440 1539 2466 bona?
1553 2449 1563 2466 ι

936 2479 1004 2507 Cum
1023 2481 1048 2508 in
1066 2489 1163 2517 magna
1184 2484 1369 2510 controversia
1390 2489 1417 2511 et
1436 2485 1608 2513 contentione
1628 2494 1690 2513 ver-

900 2533 986 2559 setur,
1004 2536 1126 2563 quanam
1145 2530 1214 2557 bona
1229 2535 1256 2558 et
1270 2537 1393 2564 quamam
1409 2531 1477 2558 mala
1492 2532 1563 2564 sint;
1576 2538 1603 2559 ct
1617 2541 1687 2560 non-

900 2565 966 2600 nulli
980 2574 1124 2607 allir-utenl,
1141 2583 1191 2603 nec
1205 2576 1288 2609 bona,
1303 2584 1352 2604 nec
1370 2577 1439 2603 mala
1452 2577 1593 2604 arbitraria
1609 2586 1689 2612 esse;

900 2623 993 2652 utpote
1011 2620 1056 2654 qui
1073 2621 1236 2655 voluptatem
1255 2622 1365 2654 bonum,
1384 2623 1482 2650 malum
1498 2631 1561 2651 vero
1575 2624 1599 2650 id
1614 2626 1691 2659 quod

899 2663 1040 2691 molestum
1065 2671 1125 2697 est,
1151 2667 1341 2700 pronuntient;
1363 2668 1408 2695 alii
1429 2676 1494 2696 vero
1516 2669 1542 2696 iu
1564 2669 1596 2696 iis
1620 2671 1688 2698 solis

896 2718 956 2745 qua:
971 2710 1056 2738 libere
1074 2712 1262 2747 suscipiuntur
1278 2713 1348 2740 bona
1361 2719 1389 2742 et
1404 2715 1474 2742 mala
1488 2715 1640 2749 includam;
1657 2723 1687 2746 et

898 2756 1013 2783 virtutes
1028 2757 1134 2790 quidem
1156 2766 1305 2793 earumque
1324 2761 1445 2789 actiones
1461 2761 1532 2790 solas
1546 2762 1615 2791 bona
1634 2771 1681 2792 vo-

897 2820 970 2844 xxtv,
987 2813 1032 2840 45.
1071 2813 1092 2828 ³⁸⁸
1109 2813 1154 2841 Ps.
1169 2823 1222 2846 (λιιι,
1236 2816 1280 2843 45.
1318 2817 1340 2834 ³³
1354 2818 1397 2845 Ps.
1417 2827 1472 2852 xtv,
1487 2821 1511 2848 ι.

88 2848 144 2886 (88)
156 2851 189 2877 0i
199 2849 259 2884 μὲν
272 2851 483 2889 (iniecere/'01,
499 2861 551 2883 ctc.
567 2855 654 2883 Codd.
671 2857 739 2892 Hoc,
753 2857 877 2892 Barocc.,
891 2860 996 2888 scheda:
1011 2861 1178 2895 Cotnhtﬁsii,
1194 2864 1285 2892 Daniel
1300 2864 1446 2894 Barbarus.
