1882 3053
51 87 125 115 “57

538 85 698 113 ‘SELECTA
716 87 748 114 IN
766 85 935 115 PSALMOS.
952 103 988 109 —
1005 87 1105 117 PSAL.
1126 89 1170 117 IV.

1620 94 1688 122 1158

49 146 132 172 κύσον
159 145 334 181 σωματικὴν,
358 145 403 171 καὶ
426 144 458 172 τὰ
483 147 560 178 ὲκτδς
585 146 751 182 νομιζόμενα
774 156 791 174 κ

944 150 1036 175 ίιίνιιιιι
1053 150 1134 177 fuerit
1157 157 1189 176 ea
1213 157 1273 184 qua:
1289 149 1339 178 Job
1355 151 1522 185 acridcrnnt,
1545 153 1570 180 in
1594 161 1687 182 eorum

48 194 108 224 τοῖς
127 192 302 228 ὴσεϐηγὸσιν,
321 192 338 228 ἢ
357 192 572 226 ἐπαγγέλλεσθαι
594 192 747 227 ὑγιαίνοντα
777 192 846 221 εἶναι

48 239 85 264 τὰ
98 238 224 273 σώματα,
239 239 286 265 καὶ
297 239 455 274 περιουσίαν
471 238 579 265 ἔσεσθαι
591 240 646 270 τοῖς
657 239 696 274 τῷ
709 238 768 273 Θεῷ
782 248 847 267 κατ-

47 284 259 319 ηκολουθηκόσι.
289 285 351 316 Πῶς
370 284 398 311 δὲ
414 285 464 311 οὐκ
481 284 584 320 ἡλίοιον
600 286 646 311 ἐπὶ
672 287 728 318 τοῖς
751 288 847 318 κακοῖς

49 329 126 364 μέγα
149 331 258 365 φρονεῖν
280 331 326 357 καὶ
345 331 438 366 αὐχεῖν
462 331 524 363 τοὺς
550 331 630 363 ὅντας
646 332 674 357 ἑν
692 331 797 365 αὐτοῖ;;
814 332 846 359 Εἰ

46 376 107 410 γὰρ
120 376 205 402 κακαὶ
225 377 253 403 ai
265 376 388 411 θλίψεις,
413 377 480 412 φησὶ
502 377 530 404 δὲ
553 378 567 404 ὖ
596 378 756 409 Ἀτῡόστολος
777 387 845 405 καυ-

45 423 151 457 χᾶσθαι
168 423 196 449 ἐν
210 424 305 455 κακοῖς
315 432 321 438 ·
334 423 414 450 τοῦτο
426 425 454 450 δὲ
465 423 578 458 ἠλίθιον,
589 425 636 451 καὶ
651 426 666 451 ὁ
686 425 846 457 Ἀπόστολος

45 468 101 495 οὐκ
120 468 240 503 ἠλίθιος·
261 469 312 496 οὐκ
327 469 381 504 ἄρα
401 469 474 496 κακά
494 469 529 496 τὰ
554 470 643 496 τοιάδε
660 471 845 505 γυμνάσματα

43 513 97 539 τοῦ
118 514 214 548 ἁγίου·
231 515 316 546 ὅστις,
331 514 360 540 ὲν
376 515 458 541 παντὶ
469 514 641 551 θλιϐόμενος,
658 516 687 542 οὺ
710 524 844 551 στενοχω-

46 562 158 594 ρεῖται·
179 560 382 595 ἀπορούμενος,
409 560 459 587 οὐκ
477 561 724 595 ἐγκαταλείπων
749 571 845 597 πειρα-

44 605 182 640 ζόμενος,
208 605 239 632 οὐ
260 605 437 633 θανατοῦται·
468 605 645 642 νομιζόμενος
672 605 741 633 εἶναι
769 615 843 633 πτω-

44 650 107 684 χὸς,
125 651 240 683 πολλοὺς
262 651 417 682 πλουτίζειο
441 652 488 678 καὶ
510 651 770 687 ὑπολαμϐανόμενος
790 661 844 687 μη-

43 697 94 724 δὲν
129 697 289 733 κεκτῆσθαι,
314 697 403 724 παντὰ
433 698 560 732 κατέχει·
586 698 633 724 τοῦ
662 698 716 733 γὰρ
746 698 843 725 πιστοῦ

42 743 108 775 ὅλος
140 745 154 770 ὁ
186 744 288 779 κόσμος
319 743 374 770 τῶν
400 744 566 779 χρημάτων·
597 743 644 770 τοῦ
675 744 703 770 δὲ
729 744 842 771 ἀπίστου

42 789 109 816 οὐδὲ
134 789 237 821 ὀϐολός.
272 790 333 815 Ἔτι
357 789 384 815 δὲ
408 790 503 816 ἕπεται
533 791 589 822 τοῖς
619 790 841 825 ὑπολαμϐάνουσι

43 834 120 861 κατὰ
147 834 197 869 τὴν
226 834 337 870 Γραφὴν
360 834 424 870 τρία
454 835 519 870 γένη
549 835 602 861 τῶν
623 835 732 869 ἀγαθῶν
760 834 839 868 εἶναι,

40 881 126 916 δῆλον
136 880 164 907 δὲ
176 881 271 907 ὄτικαὶ
283 880 336 907 τῶν
349 880 451 912 κακῶν,
464 881 527 912 τοὺς
542 881 662 914 δικαίους
678 882 721 908 ἀεὶ
732 882 761 908 ὲν
777 882 840 909 πολ-

41 928 102 959 λοῖς
118 929 213 960 κακοῖς
228 926 306 955 εἶναι·
323 928 509 964 ἀληθευούσης
522 928 572 963 τῆς
587 928 721 964 λεγούσης
734 937 840 964 προφη-

41 974 132 1006 τείας·
156 983 164 999 ι
181 973 280 1000 Πολλαὶ
300 974 327 1000 αἱ
348 974 452 1009 Θλίψεις
471 974 525 1000 τῶν
545 974 668 1001 δικαίων.
691 984 699 1000 ι
717 974 772 1000 Οὐκ
786 974 840 1009 ἄρα

41 1019 72 1045 δὲ
85 1019 143 1054 (12)
152 1020 197 1046 καὶ
207 1019 260 1046 τῶν
268 1019 306 1054 τῷ
323 1019 383 1046 ’1ὼὸ
393 1019 604 1056 συμϐεϐηκότων
613 1020 770 1055 ὑπομνῆσαι
778 1021 840 1052 τοὺς

42 1064 187 1099 οἰομένους
207 1064 270 1090 τάδε
293 1064 353 1091 τινὰ
372 1064 445 1091 κακὰ
469 1062 550 1091 εἶναι’
564 1065 601 1097 ὡς
617 1065 631 1091 ὁ
649 1065 840 1101 χρηματισμὸς

43 1109 117 1144 μετὰ
132 1110 162 1136 τὸ
173 1110 292 1144 ἐνεγκεῖν
308 1110 486 1144 γενναιότατα
496 1111 558 1142 τοὺς
575 1111 755 1146 περιστάντας
768 1111 840 1145 ἀγῶ-

42 1164 105 1188 νας,
122 1156 215 1191 φησίν·
240 1165 248 1180 ι
265 1157 326 1184 Οἴει
342 1156 370 1183 δέ
387 1164 421 1191 με
436 1156 522 1188 ἄλλως
537 1165 577 1183 σοι
591 1157 837 1192 κεχρηματικέναι,

43 1202 60 1236 ἢ
74 1202 119 1228 ἵνα
136 1202 275 1236 ἀναφανῇς
288 1201 404 1233 δίκαιος;
425 1212 434 1227 ι
446 1202 476 1228 Εἰ
491 1201 545 1237 γὰρ
559 1202 609 1228 οὐκ
623 1202 710 1233 ἄλλως
724 1203 840 1237 ἀναφαί-

43 1257 122 1275 νεται
133 1248 147 1273 ὀ
166 1247 225 1274 Ἰὼϐ
239 1248 342 1279 δίκαιος
358 1247 374 1283 ἦ
387 1249 419 1275 ἐκ
427 1248 473 1275 τοῦ
488 1248 552 1275 τάδε
573 1249 645 1280 τινὰ,
660 1249 761 1276 καὶτοῦ
775 1250 838 1276 τάδε

43 1294 122 1329 αὐτῴ
151 1293 223 1321 κακὰ
247 1293 374 1329 λέγοιμεν
396 1294 530 1330 ὑπάρχειν
553 1295 620 1329 (15),
645 1294 678 1322 τὰ
697 1296 771 1322 αῖτια
790 1295 838 1323 τοῦ

42 1340 185 1375 ἀναφῆναι
208 1339 291 1367 αὐτοῦ
319 1340 368 1376 τὴν
392 1340 580 1376 δικαιοσύνην;
611 1341 747 1376 Ἐπόμενα
763 1341 786 1368 δ’
805 1342 839 1368 ἂν

42 1387 153 1418 τούτοις
171 1386 212 1422 εἴη
226 1386 293 1422 μηδὲ
306 1385 351 1412 τὸν
366 1385 487 1413 διάϐολον
499 1385 538 1421 τῷ
552 1386 621 1422 ἁγίῳ
635 1387 719 1413 κακὸν
738 1387 839 1422 τυγχά-

42 1441 111 1458 νειν·
128 1433 168 1468 τῷ
182 1432 204 1458 δ’
217 1430 263 1459 οὖν
282 1432 341 1458 Ἰὼὸ
352 1432 494 1463 ὁδιάὄολος
511 1432 595 1458 κακὸν
606 1433 656 1459 οὐκ
666 1431 709 1468 ἦν·
730 1442 739 1458 ι
762 1434 838 1461 Ἐπεὶ

42 1479 101 1510 τοῖς
115 1477 242 1512 ἀγαπῶσι
257 1478 302 1504 τὸν
316 1477 382 1504 Θεὸν
400 1477 488 1504 πάντα
506 1479 631 1514 συνεργεῖ
647 1479 686 1510 είς
701 1478 803 1513 ἀγαθὸν
823 1481 838 1506 ὁ

40 1525 122 1555 Θεὸς,
137 1525 192 1555 τοῖς
203 1523 273 1550 κατὰ
285 1523 412 1558 πρόθεσιν
424 1523 531 1559 κλητοῖς
539 1513 623 1551 οὖσιν.
642 1534 651 1549 ι
665 1525 724 1551 Ἔτι
733 1525 760 1551 δὲ
771 1525 839 1561 πρὸς
853 1513 874 1542 c

41 1570 152 1601 τούτοις
168 1569 244 1605 παρὰ
264 1569 294 1596 τὸ
308 1569 422 1604 ἐναργὲς
436 1567 506 1596 εἶναί
522 1578 613 1605 φαμεν
628 1570 658 1596 τὸ
677 1570 722 1596 τὸν
736 1571 839 1597 δίκαιον

41 1616 73 1641 ἐν
99 1616 160 1646 ταῖς
176 1615 245 1641 κατὰ
259 1615 289 1641 τὸ
302 1615 383 1650 ῥητὸν
398 1614 534 1649 εὐλογίαις
550 1614 659 1641 ἔσεσθαι
669 1615 721 1642 τῶν
734 1617 763 1642 ὲν
779 1618 838 1649 ταῖς

42 1661 168 1696 Γραφαῖς
180 1661 345 1695 ἐγκειμένων
357 1660 542 1696 νομιζομένων
552 1660 672 1695 ἀγαθῶν·
685 1661 770 1697 πολλὴ
785 1662 838 1698 γὰρ

43 1707 154 1742 ἱστορία
209 1706 273 1742 περὶ
299 1707 346 1733 τοῦ
369 1706 448 1740 ἁγίου
465 1706 646 1742 ἐξεταζομένη
671 1707 838 1734 ἐναντιοῦται

43 1754 106 1784 ταῖς
123 1752 261 1784 τοιαύταις
275 1752 408 1787 ὲκδοχαῖς·
420 1752 467 1779 καὶ
482 1752 595 1788 ἀνόητόν
608 1753 666 1779 ἐστι
676 1753 706 1779 τὸ
721 1754 839 1789 ὑπολαμ-

43 1798 139 1824 ϐάνειν
150 1797 289 1832 δανειστὴν
296 1798 340 1824 τὸν
352 1798 427 1831 ἅγιον
439 1797 548 1824 ἔσεσθαι
562 1797 668 1824 πολλῶν
684 1798 767 1825 ἐθνῶν
776 1808 839 1834 τρα-

45 1844 134 1875 πέζας
150 1843 221 1870 κατὰ
238 1844 314 1870 πόλιν
325 1844 477 1878 ἀνοίγοντα,
494 1843 541 1870 καὶ
558 1843 766 1879 περισπώμενον
775 1844 839 1879 περὶ

43 1890 93 1921 τὰς
109 1889 198 1921 δόσεις
211 1890 258 1916 καὶ
274 1889 378 1925 λήψεις,
395 1889 441 1916 καὶ
456 1889 584 1916 ποιοῦντα
599 1890 748 1926 πράγματα
764 1891 837 1925 ἀπη-

42 1935 210 1970 γορευμένα·
229 1944 238 1959 ι
253 1934 289 1960 Τὸ
301 1934 431 1970 ἀργύριον
445 1934 499 1970 γὰρ
515 1934 595 1961 αὐτοῦ
612 1935 662 1961 οὑκ
680 1935 778 1961 ἔδωκεν
792 1935 838 1961 ἐπὶ

43 1981 130 2016 τόκῳ,
145 1981 191 2007 καὶ
210 1980 348 2015 δῶρα-ηὲπῖ
358 1979 456 2011 ἀθώοις
477 1980 527 2006 οὐκ
551 1980 641 2006 ἔλαϐε·
663 1981 710 2007 καὶ
723 1981 737 2006 ὁ
755 1980 838 2007 ποιῶν

42 2026 133 2053 ταῦτα.
149 2026 180 2052 οὐ
205 2026 400 2061 σαλευθήσεται
421 2026 460 2057 εἰς
480 2026 524 2052 τὸν
541 2026 637 2053 αἰῶνα.
662 2036 671 2052 ι
691 2026 746 2053 Καὶ
768 2026 838 2053 κατὰ

41 2073 90 2099 τὸν
109 2072 253 2107 Ἰεζεκιὴλ·
275 2081 284 2097 ι
310 2072 338 2099 '0
359 2071 434 2106 ἅγιος
455 2071 502 2098 ἐπὶ
523 2071 595 2106 τόκῳ
613 2072 660 2098 καὶ
676 2071 838 2106 πλεονασμῷ

41 2120 94 2145 οὑκ
109 2119 192 2145 ἔδωκε
209 2118 239 2144 τὸ
251 2118 392 2153 ἀργύριον.
415 2128 423 2144 t
437 2118 473 2144 Τὸ
489 2117 517 2144 δὲ
532 2117 578 2144 καὶ
589 2118 704 2153 πυρετὸν
717 2117 838 2152 νομίζειν

41 2165 88 2191 διὰ
101 2163 152 2196 τὰς
165 2163 302 2199 ἁμαρτίας
311 2164 432 2198 γίνεσθαι
445 2163 617 2190 ἀπαιδεύτων
629 2164 670 2194 εἰς
684 2162 836 2198 ὑπερϐολήν

42 2211 104 2235 ἐστι
120 2209 218 2244 δόγμα,
237 2208 366 2240 πολλάκις
381 2209 436 2235 τῶν
456 2209 550 2236 αἰτίων
569 2209 618 2244 τῆς
631 2209 736 2235 τοιᾶσδε
759 2209 836 2235 νόσου

43 2253 187 2289 προδήλων
198 2253 293 2280 ὅντων·
312 2253 328 2288 ἢ
340 2253 394 2289 γὰρ
406 2253 450 2280 διὰ
464 2252 494 2279 τὺ
511 2253 647 2288 περιέχον,
662 2252 678 2288 ἢ
690 2253 733 2279 διὰ
750 2252 838 2279 τοιάδε

43 2300 142 2331 ὕδατα,
154 2299 171 2334 ἦ
184 2298 227 2325 διὰ
240 2298 345 2325 τοιάσδε
357 2298 470 2334 τροφάς·
483 2298 530 2324 καὶ
538 2298 562 2323 εἰ
576 2295 643 2324 ἆθλα
656 2299 712 2329 τοῖς
724 2297 838 2329 δικαίοις

43 2345 127 2378 ὑγεία
143 2344 191 2370 καὶ
202 2343 327 2375 πλοῦτος,
344 2343 427 2378 ἐχρῆν
441 2342 542 2377 μηδένα
560 2343 614 2368 τῶν
627 2342 732 2369 ἀσεϐῶν
750 2342 839 2377 ὑγιαί-

45 2399 112 2421 νειν,
130 2390 196 2425 μηδὲ
208 2390 342 2416 πλουτεῖν.
367 2389 476 2422 Ὑγείαν
489 2389 516 2415 δὲ
529 2389 578 2424 τὴν
589 2389 693 2416 τοιάνδε
701 2389 838 2416 κατάστα-

45 2446 89 2463 σιν
100 2436 151 2471 τῆς
167 2436 257 2471 ψυχῆς
274 2435 414 2471 ζητητέον,
432 2435 481 2462 καὶ
502 2435 615 2461 πλοῦτον
637 2435 682 2461 τὸν
697 2435 767 2462 κατά
792 2435 838 2461 τὸν

45 2481 209 2517 Σολομῶντα
225 2481 322 2516 λύτρον
334 2481 501 2516 τυγχάνοντα
519 2480 568 2515 τῆς
584 2480 684 2515 ψυχῆς,
712 2480 836 2514 λέγοντα·

46 2538 57 2555 ι
79 2528 185 2564 Λύτρον
200 2527 296 2563 ἀνδρὸς
315 2527 404 2563 ψυχῆς
424 2529 438 2554 ὁ
454 2527 517 2558 ἴδιος
537 2526 660 2558 πλοῦτος.
681 2536 690 2552 ι
707 2526 838 2552 Φευκτέον

43 2574 73 2601 δὲ
88 2575 194 2606 πενίαν,
213 2574 274 2600 καθ’
290 2574 323 2608 ὴν
340 2573 558 2608 ἀναγέγραπταισ
583 2582 592 2598 ι
611 2572 720 2607 Πτωχὸς
740 2571 769 2598 δὲ
791 2572 839 2606 οὺχ

45 2621 193 2656 ὑφίσταται
215 2620 340 2653 ἀπειλήν.
358 2629 367 2645 ι
385 2619 445 2646 Ἔτι
461 2619 489 2646 δὲ
511 2618 667 2654 τραύματα,
684 2618 730 2645 καὶ
745 2617 840 2650 μώλω-

587 2697 610 2714 ⁸²
620 2697 664 2724 Ps.
682 2696 774 2728 xxv,5.

80 2702 103 2717 ⁸ο
114 2700 177 2728 Job.
189 2707 234 2730 χι..
246 2699 274 2726 5.
312 2699 333 2716 "
347 2698 425 2726 Rom.
436 2706 495 2732 vttt,
504 2698 548 2726 ‘28.

79 2773 136 2807 (Ιὲ)
151 2771 223 2804 Ἄρα
237 2768 357 2807 5é1Lt‘g.
369 2770 485 2807 ἀκαιρον
499 2769 537 2807 ᾷέ.

813 2696 834 2711 ⁵³
845 2696 905 2723 Ezet
914 2694 942 2721 Ιι.
954 2702 1028 2727 ςγιιι,
1040 2695 1066 2721 8.

899 202 1029 222 revocare
1048 196 1219 228 memoriam,
1242 198 1288 232 qui
1305 205 1335 224 ea
1352 197 1421 223 mala
1446 205 1507 224 esse
1523 203 1638 231 putant:
1659 205 1689 226 ut

897 245 1039 275 postquam
1054 241 1201 269 fortissimo
1216 243 1375 277 perfunctus
1392 250 1434 270 est
1450 244 1483 271 iis
1499 252 1557 278 qme
1572 244 1688 271 circum-

897 287 1010 314 SIabant
1024 289 1231 320 certaminibus,
1247 289 1279 316 de
1296 290 1353 324 ipso
1366 289 1434 316 liber
1447 290 1483 316 ait
1498 290 1540 316 5°:
1562 300 1570 315 ι
1587 291 1627 317 An
1640 298 1688 325 pu-

899 338 939 359 tas
964 333 1044 359 aliam
1063 333 1098 360 ob
1115 342 1224 361 causam
1248 342 1292 362 me
1314 341 1403 362 tecum
1424 344 1485 363 esse
1502 337 1686 367 collocutum,

897 378 949 404 nisi
968 384 996 405 ut
1012 378 1104 412 justus
1121 381 1290 414 appareres‘.’
1306 390 1315 406 ι
1335 381 1362 407 Si
1386 382 1458 408 enim
1476 390 1529 408 non
1544 383 1624 409 aliter
1636 382 1688 409 Joh

895 430 1010 457 apparet
1022 423 1123 458 justus,
1142 433 1222 459 quant
1238 426 1308 460 quod
1321 427 1397 455 hieet
1409 427 1453 454 ille
1462 435 1523 454 eum
1538 435 1618 454 casus
1631 428 1686 454 cir-

901 470 1106 502 cumvcurriut,
1134 471 1271 504 quomodo
1302 480 1372 499 nunc
1407 474 1596 500 vocaverimus
1628 481 1688 507 quau

899 520 989 540 causa!
1007 513 1127 546 fuerunt,
1145 522 1196 542 cur
1213 515 1319 550 justitia
1332 517 1416 550 ipsius
1431 518 1571 544 clueeret?
1584 519 1621 544 lix
1643 519 1688 545 his

897 560 980 586 etiam
1001 560 1131 595 colligere
1148 561 1221 593 licet,
1244 569 1332 595 neque
1358 563 1493 590 diabolum
1513 564 1571 591 viro
1591 570 1687 591 sancto

896 606 996 633 malum
1008 613 1079 633 esse.
1092 606 1142 634 Job
1158 607 1240 641 igitur
1258 608 1381 636 diabolus
1394 609 1494 635 malum
1511 617 1563 636 non
1575 611 1685 638 erat“:

897 661 906 678 ι
926 652 994 685 Quia
1017 652 1192 687 diligentibus
1212 654 1294 680 Deum
1332 655 1425 681 omnia
1450 655 1475 682 in
1499 656 1598 682 bonum
1617 656 1688 683 Deus

895 698 1082 730 administrat,
1096 699 1131 726 iis
1150 699 1194 733 qui
1208 699 1285 733 juxta
1306 701 1474 735 propositum
1489 701 1578 728 vocali
1592 706 1683 729 sunt.»

896 743 1028 771 Praeterea
1044 744 1166 772 dicemus
1180 753 1232 772 non
1242 746 1310 773 satis
1324 746 1577 780 apparere,justmn
1591 755 1685 775 earnm

895 788 953 816 fore
969 790 1188 818 hencdictionum
1217 791 1377 826 participem
1400 799 1459 826 qua:
1477 793 1504 819 in
1532 792 1685 827 Scripluris

859 831 879 858 Β
894 835 988 868 posita:
1006 835 1077 862 bona
1104 836 1296 864 exiSIimautur
1311 845 1318 863 :
1337 837 1429 864 multa:
1452 838 1553 872 quippe
1576 839 1608 865 de
1626 838 1686 865 viro

894 881 939 908 illo
954 882 1172 909 sanctohiszorize
1184 882 1207 909 si
1221 883 1417 918 expenduntur,
1429 883 1507 910 istam
1525 884 1686 918 interpreta-

895 929 993 955 tionem
1015 929 1153 956 refellunt.
1171 930 1237 963 Quis
1254 930 1326 956 enim
1348 929 1541 956 fumeraturem
1559 935 1684 957 sanctum

894 980 954 1000 esse
970 980 1053 1000 sanus
1066 974 1214 1006 existimet,
1228 974 1272 1009 qui
1287 975 1379 1002 multis
1394 975 1520 1010 gentibus
1538 983 1646 1002 mensas
1658 975 1685 1002 in

894 1019 1003 1046 civitate
1017 1019 1135 1054 aperiat,
1151 1025 1176 1046 et
1194 1021 1220 1047 in
1236 1021 1327 1048 dando
1341 1026 1369 1048 et
1392 1021 1552 1056 aceipiemlo
1568 1029 1685 1056 occupe-

895 1069 948 1096 tur,
964 1070 991 1091 et
1008 1072 1050 1092 res
1077 1065 1175 1092 vetitas
1195 1065 1296 1093 faciat?
1317 1076 1325 1092 ι
1344 1067 1490 1094 Pecuniam
1507 1070 1579 1094 enim
1605 1076 1684 1095 suam

893 1118 946 1137 non
965 1111 1039 1138 dedit
1053 1111 1164 1142 faenori,
1181 1117 1208 1138 et
1222 1120 1334 1139 munera
1353 1121 1435 1148 super
1455 1114 1616 1141 innocentes
1630 1122 1684 1141 non

894 1157 1000 1191 accepit
1020 1165 1026 1182 :
1045 1162 1072 1184 et
1091 1157 1136 1192 qui
1164 1157 1229 1184 favit
1244 1158 1312 1191 hmo,
1331 1166 1382 1184 non
1411 1158 1628 1185 commovebitur
1654 1159 1681 1186 in

892 1207 1022 1228 :cternnm
1036 1201 1070 1228 υ.
1085 1211 1093 1226 ι
1108 1201 1140 1228 Ει
1152 1201 1178 1228 in
1192 1201 1363 1229 Ezechiele“
1375 1211 1381 1229 :
1394 1212 1403 1228 ι
1415 1203 1530 1230 Sanctus
1550 1204 1634 1231 fenori
1654 1209 1682 1231 et

893 1245 970 1272 lucro
998 1247 1138 1279 pecuniam
1167 1255 1219 1273 non
1244 1249 1399 1282 occupavit.
1421 1258 1430 1274 ι
1453 1249 1505 1276 Sed
1531 1253 1558 1276 et
1583 1249 1681 1276 febrim

892 1296 1004 1326 propter
1018 1299 1129 1325 peccata
1143 1293 1280 1326 accidere,
1308 1301 1387 1321 nemo
1403 1294 1455 1321 nisi
1471 1294 1616 1321 admodum
1637 1303 1682 1321 rn-

892 1339 934 1366 tlis
942 1343 969 1366 et
983 1340 1093 1374 ignarus
1105 1340 1314 1373 existimaverit,
1327 1348 1387 1367 cum
1399 1340 1478 1374 hujus
1492 1341 1576 1368 morbi
1592 1349 1682 1369 causa)

892 1392 963 1420 szrpe
987 1386 1139 1413 manifesta:
1155 1386 1209 1413 sint
1227 1395 1234 1413 :
1250 1391 1297 1413 aut
1321 1387 1393 1414 enim
1414 1393 1523 1421 propter
1542 1387 1682 1414 continen-

893 1435 946 1457 tem
972 1438 1074 1464 acreni,
1097 1432 1138 1458 vel
1164 1437 1277 1466 propter
1302 1433 1371 1460 tales
1393 1440 1497 1466 aquas,
1514 1432 1554 1459 \‘el
1573 1439 1682 1467 propter

894 1476 957 1504 talia
976 1477 1128 1505 alimenta:
1145 1481 1182 1509 ει,
1202 1478 1224 1505 si
1240 1478 1322 1512 justis
1337 1479 1442 1506 sanitas
1460 1484 1487 1505 et
1501 1478 1602 1505 divitiae
1612 1486 1682 1512 pra:-

892 1523 946 1550 mia
962 1529 1162 1558 proponuntur,
1188 1525 1326 1552 nemiuem
1347 1525 1499 1558 improbum
1514 1532 1612 1552 samtm
1633 1529 1682 1551 aut

891 1571 1001 1598 divitem
1030 1579 1091 1599 esse
1119 1574 1272 1607 oportebat.
1290 1571 1343 1600 Sed
1373 1572 1476 1599 sanitas
1496 1577 1570 1599 recta
1595 1571 1679 1598 animi

891 1617 1050 1644 constitutio
1063 1619 1213 1651 qua-renda
1228 1622 1270 1645 est
1284 1625 1290 1643 :
1308 1617 1411 1644 divitia:
1426 1624 1501 1649 vero,
1518 1624 1577 1651 qum
1602 1616 1681 1644 Solo-

891 1663 980 1690 monis
994 1664 1142 1696 sententia,
1157 1664 1276 1698 pretium
1302 1664 1400 1690 animae
1414 1664 1464 1690 viri
1483 1668 1547 1690 sunt
1562 1670 1570 1689 :
1587 1672 1595 1689 ι
1613 1663 1680 1690 Pre-

891 1708 967 1741 tium,
987 1709 1074 1743 inquit
1088 1709 1120 1739 5‘.
1138 1710 1237 1736 anima:
1255 1710 1306 1736 viri
1337 1710 1439 1736 divitia:
1467 1709 1562 1744 ipsius.
1582 1718 1591 1734 ι
1610 1708 1681 1735 Pan-

890 1757 981 1786 pertas
1007 1760 1071 1779 vero
1087 1753 1213 1788 fugienda
1235 1758 1288 1785 est,
1310 1755 1343 1781 de
1360 1761 1412 1788 qua
1428 1754 1559 1788 scriptum
1579 1759 1622 1781 est
1632 1753 1656 1770 "
1670 1761 1679 1780 ι

892 1804 901 1820 ι
915 1795 1020 1830 Pauper
1039 1802 1128 1823 alitem
1147 1806 1198 1824 non
1218 1798 1291 1825 subit
1308 1798 1417 1825 minas:
1436 1807 1444 1823 ι
1463 1798 1573 1824 vulnera
1587 1803 1678 1825 autent

890 1842 1030 1868 etvihires
1048 1847 1073 1868 et
1092 1843 1178 1870 morbi
1206 1843 1357 1877 accipiendi
1383 1847 1456 1873 sunt,
1483 1850 1544 1877 qme
1567 1848 1680 1877 propter

892 1888 988 1914 vitium
1008 1888 1146 1915 dissolutis
1164 1888 1300 1915 mentibus
1314 1889 1463 1914 eveniunt:
1481 1888 1551 1914 unde
1565 1892 1593 1914 et
1615 1895 1678 1922 pro-

890 1934 970 1968 pheta
984 1941 1031 1960 eos
1047 1933 1093 1968 qui
1109 1934 1134 1960 in
1153 1933 1184 1960 iis
1201 1941 1273 1966 sunt,
1290 1933 1464 1967 reprehendit
1479 1933 1502 1948 ³⁸
1518 1942 1525 1960 z
1542 1942 1551 1958 ι
1568 1933 1587 1959 Λ
1604 1933 1680 1967 pedi-

890 1979 954 2011 bus,
971 1979 1068 2014 inquit,
1087 1987 1173 2012 nSqne
1187 1979 1218 2005 ad
1233 1984 1324 2013 caput,
1345 1986 1435 2013 neque
1460 1979 1568 2011 vulnus,
1591 1986 1679 2013 neque

890 2025 980 2057 vibex,
997 2032 1084 2059 neque
1098 2025 1175 2059 plaga
1198 2025 1366 2052 inﬂammata
1384 2034 1392 2053 :
1420 2033 1472 2052 non
1491 2030 1534 2053 cst
1558 2026 1677 2052 medica-

895 2075 1014 2097 mentum
1028 2078 1077 2097 cur
1095 2071 1264 2104 imponatur,
1280 2079 1368 2105 neque
1383 2071 1483 2103 oleum,
1508 2079 1596 2105 neque
1617 2072 1677 2098 alli-

889 2121 993 2149 gatura.
1017 2125 1026 2140 ι
1047 2115 1110 2143 Ilaec
1131 2116 1221 2150 ilaque
1237 2116 1278 2143 vel
1299 2116 1331 2143 iis
1357 2117 1403 2151 qui
1421 2116 1501 2150 plane
1518 2123 1572 2143 non
1594 2116 1680 2151 negli-

890 2165 963 2194 gant,
975 2160 1121 2193 sulﬁciunt,
1141 2161 1212 2187 unde
1231 2161 1352 2189 collectis
1366 2161 1415 2188 sibi
1433 2161 1581 2196 Scripturze
1599 2162 1680 2189 dictis

890 2212 950 2240 qua:
978 2213 1130 2240 repugnare
1156 2207 1291 2238 videntur,
1310 2206 1417 2233 actione
1441 2207 1528 2233 sancti
1560 2205 1679 2240 Spiritus

890 2251 998 2286 dignam
1025 2251 1231 2286 intelligentiam
1246 2252 1354 2286 assequi
1381 2252 1519 2278 studeant.
1543 2251 1677 2278 Prattcrt-a

890 2303 920 2323 ιιι
947 2296 980 2323 iis
1007 2304 1038 2323 os
1055 2297 1224 2329 oceludatur.
1252 2297 1298 2332 qui
1319 2297 1388 2324 bona
1411 2305 1484 2330 esse,
1500 2305 1560 2332 qua:
1575 2298 1679 2324 sanctis

889 2341 977 2368 danda
994 2347 1057 2369 sunt
1074 2343 1262 2375 arbitrantur;
1289 2343 1370 2378 570
1388 2342 1468 2376 mala,
1496 2351 1556 2377 qua:
1579 2343 1677 2376 malis;

890 2388 948 2415 haec
967 2388 1092 2416 videntttr
1116 2389 1266 2422 adjicienda
1282 2396 1288 2413 :
1307 2396 1389 2416 utnne
1408 2389 1480 2423 quod
1504 2394 1543 2416 est
1565 2393 1677 2422 propter

892 2432 1004 2467 aliquid,
1033 2434 1122 2461 minus
1143 2438 1184 2461 cst
1209 2441 1242 2461 eo
1261 2438 1372 2468 propter
1387 2433 1459 2468 quod
1475 2438 1516 2460 est
1529 2441 1536 2458 :
1550 2432 1678 2466 quemad-

892 2480 1000 2505 modum
1015 2480 1159 2513 sectiones,
1178 2480 1301 2507 ustiones
1317 2484 1345 2506 et
1358 2479 1516 2514 emplastra,
1530 2484 1589 2512 qua:
1615 2484 1678 2510 pro-

891 2529 951 2558 pter
969 2525 1115 2551 sanitatem
1142 2530 1301 2557 sumuutur,
1327 2525 1433 2551 minora
1462 2529 1525 2550 sunt
1549 2522 1676 2549 sanitate.

891 2569 949 2597 Etsi
971 2571 1038 2604 hzec,
1058 2576 1087 2598 ut
1103 2571 1128 2597 in
1145 2571 1287 2598 medicinae
1302 2570 1422 2602 auxiliis,
1438 2569 1508 2596 bona
1533 2568 1658 2594 dit-antur
1669 2586 1676 2600 ,

892 2615 928 2642 ita
954 2621 996 2643 est
1017 2617 1216 2651 accipiendum,
1237 2622 1266 2643 ut
1289 2624 1340 2643 non
1362 2616 1417 2643 sint
1442 2615 1512 2642 bona
1531 2613 1603 2647 linis,
1620 2614 1678 2641 sive

1105 2695 1127 2710 "‘
1141 2694 1220 2723 Prov.
1230 2703 1290 2727 xui,
1303 2695 1330 2723 8.
1369 2695 1390 2710 ⁵⁵
1408 2694 1471 2723 ibid.
1510 2694 1533 2710 '"‘
1547 2692 1606 2721 lsai.
1618 2691 1674 2725 1,6.

155 2798 221 2841 Lég.
236 2805 300 2832 τάδε
321 2798 381 2831 τινὰ
400 2798 591 2839 συμπτώματα
606 2802 756 2837 γεγονέναι,
773 2801 829 2833 πῶς
839 2801 872 2828 ἂν
886 2799 959 2834 αὐτῷ
969 2798 1040 2826 xxxi
1054 2798 1181 2833 λέγοιμεν
1197 2798 1338 2833 ὑπάρχειν.
