1882 3053
71 141 139 168 ΙΗΙ

572 141 725 170 SELECTA
746 142 778 170 IN
798 143 966 172 I‘SALMOS.
987 159 1018 164 ο-
1036 145 1132 173 PSAL.
1155 145 1188 172 IV

1633 147 1700 173 lli-‘3

69 203 97 228 ot
111 201 140 228 δὲ
153 201 336 233 διδάσκοντες,
352 201 430 229 αὐτοὶ
441 202 500 228 κατ’
514 203 605 230 εἰκόνα
617 203 663 230 καὶ
676 204 802 239 ὁμοίωσιν
816 205 852 231 τοὲ

917 205 1068 241 δεοιυευ
1081 206 1180 233 Christi
1191 205 1286 240 jugum
1301 206 1418 232 subiere.
1435 204 1516 232 Forte
1531 205 1622 237 etiam,
1634 206 1696 238 quia

69 247 154 279 Θεοῦ,
171 248 196 274 οἱ
215 247 431 283 μαθητευθέντες
449 247 509 283 μὲν,
527 248 577 275 οὐκ
599 249 668 280 ἄξιοι
682 250 709 276 δὲ
722 250 775 277 τῶν
790 251 863 278 διδα-

69 294 180 327 ξάντων
196 294 385 329 γεγενημένοι,
400 293 570 325 όνειδίξοιντο
584 295 616 322 ἃν
635 295 674 327 ὡς
696 293 748 322 υἱοὶ
763 296 863 333 ἀνθρώ-

69 349 126 367 που
142 340 330 376 βαρυκάρδιοι,
342 341 404 372 ταῖς
417 339 550 372 δοθείσαις
566 341 703 377 ἀφορμαῖς
715 343 756 374 εἰς
771 343 802 369 τὸ
814 351 859 369 κα-

68 387 160 422 θαρὰν
183 386 308 421 γενέσθαι
329 386 378 422 τὴν
397 387 509 422 καρδίαν
530 388 561 414 οὐ
586 389 860 423 κατηκολουθηκότες.

68 433 128 459 Καὶ
145 432 201 468 γὰρ
219 432 280 464 ἔθος
299 433 363 464 τοὺς
383 432 602 468 διδασκομένους,
621 433 668 460 καὶ
688 434 725 469 μὴ
743 442 863 470 παρακο-

66 477 234 510 λουθοῦντας
247 479 302 509 τοῖς
315 477 486 513 λεγομένοις,
509 478 706 514 βαρυκαρδῑους
723 479 861 506 καλεῖσθαι

66 524 126 550 ὑπὸ
140 523 196 550 τῶν
212 524 389 550 διδασκόντων
409 524 453 550 διὰ
476 525 506 551 τὸ
519 526 592 560 παχὺ
608 525 657 560 τῆς
674 525 796 562 καρδίας.
813 526 862 552 Διὰ

38 566 44 606 ξ
65 569 152 596 τοῦτο
165 569 195 596 δὲ
218 570 265 597 καὶ
286 569 397 605 ζητοῦσι
413 570 444 597 τὸ
463 570 560 605 ψεῦδος
579 571 616 603 ὼς
638 571 674 606 μὴ
700 571 815 606 ὁρῶντες
832 572 862 598 τὸ

64 615 182 651 ἀληθές.
196 616 226 642 El
238 616 267 642 δὲ
280 615 439 652 βαθύτερον,
452 617 512 642 ἐπεὶ
522 616 638 652 ἀλήθειά
647 617 720 643 ἐστιν
730 618 743 643 ό
756 617 860 652 Σωτὴρ,

64 662 163 696 δῆλον,
175 662 216 688 ὄτι
230 662 327 697 ἐχθρὸς
341 662 374 689 ἂν
388 662 431 696 εἴη
444 662 531 697 τούτῳ
543 662 621 696 λόγος
634 662 733 697 ψευδὴς
749 663 781 689 τὸ
796 663 862 698 ἁλη-

65 708 117 739 et;
134 708 378 744 ἐπαγγελλόμενος,
395 708 425 735 δν
439 709 610 744 άντίχριστον
624 709 638 734 ό
657 708 781 743 Ἰωάννης
798 709 861 735 πολ-

63 754 150 786 λάκις
165 755 256 789 φησίν.
286 755 348 781 Ἐὰν
361 755 389 780 δὲ
405 754 476 781 κατὰ
493 755 658 790 περίφρασιν
676 754 800 791 λαμϐάνῃ
819 763 861 786 τις

63 801 113 830 τὸ,
132 810 142 826 ι
155 800 206 826 υἱοὶ
219 799 378 836 ἀνθρώπων,
392 810 401 826 ν
421 800 481 827 ἀντὶ
492 800 550 831 τοῦ,
571 810 579 825 ι
593 800 741 836 ἂνθρωποι,
754 810 763 826 ι
778 801 808 827 τὸ
822 801 860 832 ὡς

63 845 117 871 ἐπὶ
133 845 164 871 τὸ
183 845 307 871 πλεῖστον
320 846 348 872 ἐν
363 845 515 881 ἀνθρώποις
529 845 559 872 ὃν
575 845 605 871 τὸ
619 845 798 881 βαρυκάρδιον
816 846 859 873 al-

914 252 1038 286 disctpuli
1055 251 1101 278 ﬁlii
1117 257 1179 279 sunt
1192 252 1378 286 pneceploris,
1393 257 1419 278 et
1432 256 1611 286 pratceptores
1629 250 1698 277 inta-

913 298 1004 332 ginem
1019 303 1046 324 et
1063 298 1270 325 similitmlinem
1287 297 1333 324 Dei
1349 302 1456 331 gerunt,
1475 297 1575 324 idcirco
1589 295 1635 330 qui
1649 294 1699 322 do-

913 347 1011 370 centur
1026 343 1145 377 quidetn,
1167 342 1213 369 sed
1233 342 1448 376 praeceptoribus
1469 341 1542 376 digni
1557 348 1608 368 nou
1621 344 1697 371 sunt,

914 389 930 414 ii
949 393 1076 422 tanquam
1097 389 1144 416 ﬁlii
1161 389 1298 416 hominum
1315 393 1342 415 et
1357 388 1432 423 gravi
1456 388 1539 415 corde
1556 387 1696 421 objurgart

913 435 1111 469 possunt,quod
1127 434 1234 462 oblatas
1249 434 1299 460 sibi
1315 433 1348 460 ad
1364 441 1411 460 cor
1430 432 1630 460 emundandum
1652 440 1699 458 oe-

913 481 1038 508 casiones
1054 480 1164 508 minime
1186 480 1268 507 secuti
1286 481 1350 506 sint.
1367 479 1422 507 Mos
1435 480 1508 507 enim
1525 478 1646 511 inolevit,
1667 483 1698 504 ut

911 527 957 561 qui
976 526 1156 553 instituuntur
1180 531 1208 552 et
1231 529 1365 560 przrcepta
1390 525 1441 552 sibi
1458 525 1556 552 tradita
1581 533 1634 552 non
1651 532 1695 551 se-

911 575 1041 605 quuntur,
1055 571 1090 598 ob
1106 571 1198 598 cordis
1211 570 1362 598 crassitiem
1381 578 1396 596 a
1414 570 1625 605 praeceptoribus
1636 577 1696 604 gra-

912 617 938 644 vi
964 617 1046 644 eorde
1071 617 1195 651 discipuli
1224 621 1424 649 nuncupentur.
1446 617 1548 644 Idcirco
1572 617 1697 649 qualrunt

911 664 993 691 etiam
1014 664 1197 694 mendacium.
1213 664 1311 698 quippe
1330 664 1376 698 qui
1400 671 1452 690 non
1473 662 1581 689 videant
1595 661 1696 688 verita-

912 715 977 736 tem.
996 709 1073 742 Quod
1098 709 1120 736 si
1146 710 1312 737 reconditior
1333 717 1429 738 sensus
1452 707 1630 736 adducendus
1643 711 1695 738 est,

911 756 1038 790 quoniam
1057 756 1157 783 veritas
1176 761 1218 784 est
1240 757 1378 789 Salvator,
1400 756 1484 790 liquet
1506 754 1530 782 ei
1553 753 1692 780 inimicum

910 808 971 828 esse
982 808 1135 828 sermonem
1149 802 1306 829 mendacem
1320 802 1364 836 qui
1378 801 1521 828 veritatem
1534 798 1692 833 pollicetur,

911 855 990 882 quem
1012 855 1083 881 sa'pe
1112 847 1231 875 Joannes
1255 848 1376 874 nominat
1400 846 1591 873 antichristum
1614 845 1646 870 ¹’.
1664 842 1694 869 Si

62 894 175 928 τιᾶται,
188 893 231 919 ἵνα
244 894 273 920 τὸ
286 893 372 925 οὕτως
389 893 457 920 εἴπω
481 893 634 928 βαρυὴκοον
652 893 733 920 αὑτοῦ
751 893 852 920 ἀποϐα-

910 900 973 920 vero
993 893 1054 927 quis
1077 901 1109 920 ex
1135 893 1286 928 periphrasi
1307 893 1407 920 dictum
1426 899 1487 920 esse
1509 890 1587 922 velit,
1608 898 1616 914 ι
1645 888 1694 915 ﬁlii

62 938 162 970 λὸντες
181 939 422 965 κατασκευάσωσιν
444 938 595 972 ἀγχίνοιαν,
611 938 657 964 καὶ
671 936 855 973 batillum?)

61 984 162 1019 ζητεῖν
176 983 225 1019 τὴν
243 984 357 1019 δύναμιν
374 985 402 1010 ὲν
414 985 447 1018 τῇ
462 984 535 1018 ψυχῇ
553 984 754 1018 ἀποστήσαντες
773 979 811 1008 ὧν
825 983 854 1009 οὐ

62 1031 132 1066 χρὴ,
144 1030 223 1057 ἅτινα
237 1030 320 1065 ψευδῆ
338 1031 426 1058 πάντα
439 1031 527 1061 ἐστὶν,
541 1031 582 1065 ἐφ’
599 1030 617 1057 ὰ
639 1030 679 1057 δεῖ
694 1029 855 1065 μεταγάγω-

62 1087 92 1106 οι
106 1098 113 1109 ,
135 1077 183 1104 καὶ
199 1077 336 1113 ζητήσωσι
348 1077 397 1112 τὴν
413 1077 550 1112 ἀλήθειαν.

62 1123 181 1150 minime
206 1123 369 1150 necessariis
388 1130 503 1158 qumque
527 1129 622 1150 omnes
648 1121 759 1150 fallaces
775 1125 851 1155 sunt,

60 1170 209 1197 veritatem
231 1170 377 1204 inquirant.

100 1217 209 1250 Κύριος
221 1217 433 1243 εισακούσεταί
450 1225 509 1251 μου
524 1217 560 1243 ὲν
575 1215 615 1249 τῷ
630 1218 805 1252 κεκραγέναι
814 1225 852 1252 με

62 1262 142 1295 πρὸς
157 1262 259 1294 αὐτῦν,
275 1271 301 1288 κ.
317 1271 341 1288 τ.
359 1262 383 1289 ἐ.
398 1262 510 1297 Μεγάλη
525 1261 600 1296 φωνὴ
612 1262 666 1297 (9.1)
681 1263 698 1297 ἡ
715 1262 852 1296 φθάνουσα

61 1307 134 1342 πρὸς
148 1307 224 1339 Θεὸν,
237 1308 286 1343 οὐχ
299 1307 315 1342 ἥ
329 1307 402 1342 παρὰ
415 1309 471 1339 τοῖς
483 1307 636 1343 ἀνθρώποις
649 1308 707 1334 ἐστὶ
719 1308 854 1341 γεγωνυϊα

61 1354 112 1380 καὶ
142 1354 326 1389 ὲπιτεταμένη
355 1354 426 1381 κατὰ
450 1353 499 1388 τὴν
534 1353 646 1388 μείζονα
674 1353 781 1388 πληγὴν
805 1353 853 1379 τοῦ

60 1399 157 1434 ἀέρος,
179 1399 236 1425 ἀλλ’
255 1399 329 1434 ἡτοῦ
346 1398 509 1434 ἡγεμονικοῦ
526 1399 634 1434 καθαρὰ
651 1399 699 1425 καὶ
720 1399 854 1431 ἀθόλωτος

60 1443 180 1476 διέξοδος
190 1444 244 1470 τῶν
254 1445 322 1480 πρὸς
334 1445 399 1472 Θεὸν
408 1444 643 1480 ἀναπεμπομένων
652 1444 746 1478 λόγων.
756 1444 852 1471 ’ἰστέον

60 1489 131 1524 γὰρ,
152 1490 193 1516 ὅτι
214 1490 271 1517 ἐστι
287 1500 329 1523 τις
345 1491 390 1517 καὶ
404 1491 451 1518 τοῦ
470 1489 592 1526 κρυπτοῦ
607 1490 655 1525 τῆς
675 1490 788 1525 καρδίας
804 1490 852 1517 ἀν-

61 1535 177 1571 θρώπου
199 1536 274 1572 φωνὴ
297 1536 335 1572 μὴ
357 1537 537 1572 συγχρωμένη
554 1536 592 1572 τῷ
607 1536 724 1571 σώματι,
741 1536 774 1571 ῆν
795 1535 850 1562 ἔσθ’

59 1582 107 1608 ὅτε
123 1583 162 1614 είς
175 1582 255 1609 αὐτὸν
266 1582 416 1618 συναχθεὶς,
429 1583 477 1609 καὶ
493 1582 619 1609 εἰσελθὼν
632 1584 672 1614 είς
683 1583 714 1613 τὸ
729 1581 851 1617 ταμιεῖόν

63 1635 124 1657 σου,
149 1627 196 1654 καὶ
216 1627 266 1663 τὴν
286 1628 371 1664 θύραν
391 1629 446 1655 τῶν
468 1629 651 1664 αἰσθητηρίων
674 1627 849 1660 ἀποκλείσας,

60 1674 110 1700 καὶ
125 1674 179 1706 πᾶς
195 1675 337 1710 γενόμενος
353 1675 405 1708 ἔξω
420 1676 543 1711 σώματος
558 1675 715 1711 ἀναπέμπει
726 1675 793 1710 πρὸς
805 1674 850 1701 τὸν

61 1720 146 1754 μόνον
162 1720 293 1748 ἀκούοντα
317 1722 444 1757 τοιαύτης
462 1722 562 1757 φωνῆς.
579 1721 629 1748 Διὰ
645 1721 724 1748 τοῦτό
743 1730 784 1747 τοι
798 1729 850 1756 μη-

57 1765 160 1799 δεμιᾶς
181 1767 313 1802 αἰσθητῆς
334 1768 427 1802 φωνῆς
449 1767 502 1794 ὑπὸ
525 1767 571 1793 τοῦ
596 1766 735 1798 Μωῡσέως
752 1766 849 1800 ἀναγε-

58 1811 224 1847 γραμμένης
242 1813 383 1847 γεγονέναι
403 1814 469 1849 φησὶ
487 1813 554 1850 πρὸς
575 1813 667 1845 αὑτὸν,
680 1812 717 1844 ὡς
729 1811 783 1838 ἀπὸ
799 1812 849 1846 τῆς

65 1856 188 1888 Ἐξόδου
206 1857 420 1894 μεμαθήκαμεν,-
436 1869 445 1885 ι
461 1860 494 1886 Τί
515 1860 578 1895 βοᾷς
600 1859 667 1894 πρός
684 1867 735 1894 μεί
755 1867 763 1883 ³
780 1858 848 1894 Βρα-

63 1905 127 1937 χεῖα
140 1903 168 1929 δὲ
182 1905 256 1931 πᾶσα
268 1905 343 1941 φωνὴ
356 1907 371 1940 ἡ
386 1906 514 1941 περὶτῶν
525 1905 654 1939 ἐπιγείων
667 1905 713 1932 καὶ
730 1903 846 1940 μικρῶν,

58 1949 107 1974 καὶ
127 1949 261 1976 ταπεινῶν
285 1950 409 1984 διέξοδος,
435 1952 482 1978 καὶ
504 1951 612 1986 αἴτησις
635 1950 690 1977 ἀπὸ
710 1949 791 1976 Θεοῦ·
812 1950 847 1985 ἣν

57 1994 239 2030 ἀπαγορεύων
256 1996 270 2022 ὁ
290 1996 384 2032 Σωτὴρ
400 1997 564 2033 προσφέρειν
585 1996 625 2032 τῷ
644 1996 730 2032 Πατρί
753 2003 844 2030 φησιν·

60 2050 70 2065 ι
92 2041 198 2066 Αἰτεῖτε
213 2040 246 2067 τὰ
264 2042 377 2076 μεγάλα,
397 2043 444 2069 καὶ
459 2043 492 2069 τὰ
510 2042 596 2078 μικρὰ
613 2043 677 2077 ὑμῖν
695 2041 846 2077 προστεθή-

59 2092 151 2111 σεται·
163 2087 263 2112 αἰτεῖτε
277 2087 309 2113 τὰ
327 2088 485 2123 ἐπουράνια,
501 2088 549 2115 καὶ
564 2088 599 2114 τὰ
613 2087 721 2122 ἐπίγεια
732 2095 848 2122 προστε-

56 2132 171 2167 θήσεται
184 2132 258 2166 ὑμῖν.
281 2142 290 2158 ι

910 939 1060 971 hominum,
1071 948 1080 964 ι
1100 947 1150 974 pro
1167 949 1176 965 ι
1191 939 1326 971 homines,
1341 948 1349 964 ι
1368 939 1394 966 id
1410 938 1481 973 quod
1498 937 1656 972 plerumque
1667 935 1693 962 iu

909 985 1065 1013 hominibus
1079 989 1120 1013 est
1135 993 1185 1013 cor
1197 993 1280 1020 gravo
1296 984 1517 1019 reprehenditur,
1531 988 1561 1010 ut
1576 982 1693 1016 abiecta.

908 1030 949 1057 sic
961 1030 1061 1064 dicam,
1079 1031 1136 1065 ejus
1157 1031 1290 1058 surditate
1308 1029 1518 1064 intelligentiam
1545 1035 1692 1062 assequar:-

910 1081 966 1109 tur,
980 1082 1007 1104 et
1033 1085 1110 1105 suam
1133 1078 1273 1105 solertiam
1292 1085 1339 1105 seu
1356 1077 1494 1112 qumrendi
1511 1076 1564 1103 vim
1581 1083 1596 1102 a
1613 1075 1695 1102 rebus

870 1127 1034 1157 avertentes,
1060 1123 1092 1151 ad
1109 1131 1141 1152 ea
1159 1131 1222 1158 quas
1237 1123 1392 1151 necessaria
1413 1127 1476 1150 sunt
1502 1121 1650 1150 adhibeant
1666 1125 1694 1149 et

944 1213 1028 1241 Vsus.
1043 1212 1069 1240 ι.
1088 1212 1215 1239 Dominus
1233 1213 1355 1239 exaudiet
1373 1220 1412 1239 me
1427 1219 1486 1238 cum
1498 1212 1643 1238 clamarem
1657 1211 1692 1237 ad

905 1268 975 1292 cum,
988 1264 1042 1287 etc.
1061 1258 1157 1294 Magna
1173 1265 1223 1286 vox
1238 1266 1299 1292 quae
1322 1259 1447 1293 pervenit
1470 1257 1505 1284 ad
1521 1257 1621 1289 Deum;
1637 1264 1690 1282 non

905 1313 947 1336 est
962 1308 1008 1335 illa
1026 1315 1086 1341 qua).
1103 1307 1173 1333 inter
1193 1306 1318 1333 homines
1341 1305 1454 1332 qultmn
1472 1309 1562 1336 sonat,
1582 1308 1610 1331 et
1632 1311 1689 1330 tua-

901 1353 954 1389 jori
977 1353 1047 1380 aeris
1068 1352 1145 1386 pulsu
1170 1352 1333 1383 intenditur.
1346 1352 1396 1379 sed
1412 1356 1453 1377 est
1474 1358 1556 1384 purus
1568 1355 1595 1376 et
1611 1358 1689 1376 mttu-

904 1400 955 1427 dus
969 1400 1136 1427 internorum
1153 1398 1254 1426 mentis
1267 1398 1412 1425 verborum
1428 1404 1572 1426 excursus,
1584 1403 1643 1429 qum
1655 1395 1691 1421 ad

906 1447 988 1473 Deum
1015 1452 1100 1480 usque
1120 1445 1286 1480 pertinguut.
1310 1443 1456 1470 Sciendum
1480 1442 1550 1470 enim
1572 1445 1614 1468 est
1628 1449 1690 1468 esse

865 1501 887 1531 ο
903 1490 1046 1525 quamdam
1060 1491 1087 1518 ln
1101 1490 1202 1518 intituis
1213 1489 1372 1524 pra'cordiis
1382 1488 1497 1516 hominis
1511 1495 1615 1519 vocem,
1630 1494 1691 1520 quae

904 1536 1028 1569 corporis
1046 1543 1148 1570 organo
1167 1543 1222 1562 non
1243 1535 1391 1570 profertur,
1407 1534 1454 1562 sed
1470 1540 1550 1568 quam
1564 1533 1646 1559 homo
1660 1532 1692 1558 in.

905 1589 935 1609 se
947 1581 1077 1610 collectus
1089 1585 1118 1609 et
1133 1581 1159 1609 in
1174 1581 1330 1608 cubiculum
1355 1581 1506 1616 ingressus,
1519 1578 1686 1612 ocelusaque

903 1635 1031 1656 serisuum
1048 1633 1137 1663 porta,
1153 1631 1278 1662 totusque
1293 1633 1370 1655 extra
1382 1635 1483 1661 corpus
1495 1624 1684 1661 posituscmib

904 1675 936 1702 tit
953 1675 986 1702 ad
998 1682 1060 1702 eum
1075 1674 1120 1709 qui
1137 1674 1210 1701 solus
1222 1673 1352 1707 ejusmodi
1368 1681 1461 1700 vocem
1475 1672 1570 1699 audire
1587 1675 1686 1706 potesl.

903 1721 1086 1754 Quamobrem
1111 1720 1162 1748 etsi
1185 1728 1238 1747 non
1255 1719 1376 1754 legamus
1392 1718 1474 1746 ullam
1491 1717 1602 1752 Moysen
1625 1723 1687 1743 sen-

902 1768 979 1794 silem
1003 1774 1098 1794 vocem
1120 1766 1255 1798 emisisse,
1270 1766 1294 1793 ei
1318 1770 1405 1792 tamen
1432 1764 1531 1791 dicitur
1546 1771 1560 1789 a
1584 1763 1637 1788 Deo
1660 1762 1686 1788 in

904 1813 1031 1840 Exodo"
1044 1822 1050 1840 :
1062 1822 1071 1838 ι
1084 1812 1154 1846 Quid
1170 1812 1271 1839 clamas
1285 1811 1318 1838 ad
1336 1810 1416 1837 meh
1435 1809 1522 1837 Exilis
1533 1808 1621 1834 omnis
1633 1815 1686 1834 vos

901 1864 944 1886 est
966 1867 1026 1893 qua:
1048 1858 1081 1886 de
1103 1857 1218 1885 terrenis
1240 1862 1269 1884 et
1294 1855 1373 1883 ﬂuxis
1387 1856 1468 1882 rebus
1484 1854 1640 1881 obtinendis
1652 1854 1686 1879 ad

902 1904 985 1930 Deum
1003 1903 1147 1931 emittitur.
1165 1902 1241 1930 llauc
1260 1902 1384 1929 Salvator
1406 1901 1439 1927 ad
1468 1900 1574 1927 Patrem
1593 1899 1683 1933 proru-

903 1949 1012 1976 remlam
1029 1953 1119 1984 negat,
1135 1956 1195 1976 cum
1208 1948 1244 1975 ait
1261 1947 1329 1984 (94‘)
1343 1955 1350 1974 :
1368 1956 1378 1973 ι
1392 1946 1511 1981 ριιωτίιο
1527 1952 1636 1979 magna,
1655 1949 1684 1970 ct

900 2002 982 2030 parva
999 1994 1075 2021 vobis
1092 1993 1254 2028 adjicientur
1268 1993 1402 2029 :qumrite
1429 1991 1559 2023 cmlestia,
1579 1995 1605 2018 et
1626 1995 1683 2017 ωιτη

901 2048 964 2068 rena
981 2039 1143 2074 adjiciantur
1159 2039 1244 2067 vobis.
1269 2048 1281 2065 ι

101 2172 275 2210 Ὀργίζεσθε,
288 2178 335 2204 καὶ
345 2178 388 2212 μὴ
400 2178 592 2213 ἁμαρτάνετε,
605 2187 633 2205 κ.
647 2187 672 2206 τ.
687 2179 711 2204 ἐ.
728 2177 786 2211 Ἣμ
800 2178 846 2213 ὀρ-

934 2186 1016 2214 \'Ens.
1025 2186 1050 2213 5.
1062 2186 1223 2218 Irasrimim‘,
1235 2192 1259 2213 et
1271 2187 1351 2213 nolite
1359 2194 1476 2218 peccare.
1486 2189 1538 2213 etc.
1546 2185 1600 2212 Vox
1612 2186 1680 2219 hate,

57 2222 177 2255 γίζεσθε,
198 2232 207 2248 ι
224 2223 299 2259 φωνὴ
317 2224 372 2259 (92S)
389 2225 515 2259 σημαίνει
536 2225 566 2251 τὸ
582 2224 777 2260 προστακτικὸν
793 2232 844 2250 κα-

54 2269 202 2304 τηγόρημα
213 2278 219 2284 ·
245 2270 372 2305 σημαίνει
385 2270 413 2296 δὲ
428 2271 474 2297 καὶ
487 2271 517 2297 τὸ
535 2271 672 2306 ὀριστικὸν
689 2270 742 2296 ὑπό
763 2278 844 2296 τινων

55 2315 224 2351 καλούμενον
240 2315 472 2349 διαϐεϐαιωτικὺν,
493 2313 562 2344 οἷον·
576 2316 751 2352 ὀργιζόμεθα,
765 2315 843 2351 ὀργί-

55 2362 146 2394 ζεσθε,
165 2362 330 2398 ὀργίζονται.
351 2363 434 2390 Πάλιν
449 2363 520 2390 κατὰ
535 2363 613 2389 ἄλλον
628 2363 727 2398 τρόπον
740 2363 756 2397 ή
773 2362 842 2397 ὀργὴ

55 2409 236 2444 προσηγορία,
256 2409 302 2443 ἀφ’
318 2407 352 2445 ἦς
366 2409 564 2446 ἐσχημάτισται
576 2410 617 2441 τὸ,
634 2418 644 2435 ι
661 2408 812 2445 ὀργίζεσθε,
828 2417 837 2434 ι

55 2454 183 2488 σημαίνει
201 2462 226 2480 τι
245 2455 445 2490 προαιρετικὸν,
468 2455 501 2490 ἢν
515 2454 648 2489 ὡρίσαντό
667 2462 738 2485 τινες
753 2453 842 2488 ὄρεξιν

53 2499 323 2535 ἀντιτιμωρήσασθαι
346 2500 409 2531 τοὺς
420 2499 578 2535 ἠδικηκέναι
593 2499 747 2530 δοκοῦντας.
762 2498 842 2535 Δηλοῖ

54 2544 83 2570 Et
99 2545 144 2570 καὶ
165 2545 354 2580 ἀπροαίρετον,
371 2546 385 2572 ὂ
401 2545 510 2572 καλοῦσί
528 2553 600 2576 τινες
613 2545 782 2580 προπάθειαν
798 2553 840 2578 γι-

54 2590 179 2626 νομένην,
207 2591 254 2616 ὲπί
277 2600 332 2618 τισι
355 2591 383 2618 δὲ
408 2591 562 2627 ἐρεθισμοῖς
586 2591 716 2618 ἕλκουσαν
742 2593 784 2626 ἐφ’
807 2593 840 2627 ἣν

54 2636 266 2672 προωρισάμεθα
280 2637 374 2672 ὀργήν.
390 2637 427 2664 Τὸ
442 2637 536 2672 ἕτερον
556 2636 646 2663 τοίνυν
666 2639 709 2668 τὸ,
733 2646 742 2662 ι
766 2637 840 2672 όργί-

55 2679 142 2711 ξεσθε,
160 2689 169 2705 ι
185 2681 234 2707 ἐὰν
243 2681 435 2717 λαμϐάνωμεν,
451 2681 523 2715 λέγω
535 2681 563 2708 δὲ
577 2681 607 2708 τὺ
619 2681 798 2717 ἀπροαίρετον
809 2682 840 2709 τὸ

89 2736 108 2751 ³⁵
125 2736 133 2762 Ι
149 2736 228 2765 .loan.
242 2744 272 2764 tt.
309 2738 332 2754 ¹⁶
343 2737 428 2767 Exod.
440 2747 496 2772 xw,
515 2739 558 2767 l5.

898 2243 907 2259 ι
915 2233 1088 2264 irascimini,»
1100 2233 1221 2267 designat
1230 2233 1418 2268 imperativum
1429 2233 1549 2262 modum.
1560 2231 1682 2266 designat

895 2280 976 2305 etiam
989 2278 1172 2311 deﬁnitivum,
1186 2279 1230 2312 qui
1246 2286 1260 2304 a
1274 2278 1432 2312 quibusdam
1447 2285 1553 2311 quoque
1570 2282 1682 2303 rocatur

895 2322 1080 2351 aliirmativus.
1097 2327 1126 2349 ut
1145 2330 1206 2349 eum
1223 2323 1337 2349 dicimus
1351 2332 1357 2348 :
1376 2322 1530 2353 irascimur,
1546 2322 1679 2348 irasrimi-

894 2368 933 2399 ni,
947 2367 1110 2395 irascuntur.
1123 2368 1226 2394 Rursus
1236 2368 1289 2395 alio
1300 2369 1378 2395 tundo
1389 2368 1436 2395 ine
1448 2368 1593 2402 appellatio
1602 2375 1616 2393 a
1627 2375 1679 2401 qua

894 2414 1038 2441 deductum
1056 2419 1099 2441 est
1123 2415 1196 2447 illml,
1213 2415 1390 2445 «irascimini,
1407 2425 1416 2441 ι
1432 2415 1569 2448 signiﬁcat
1585 2414 1679 2441 volun-

895 2459 991 2486 tariutn
1004 2460 1154 2494 quidpiam,
1167 2461 1238 2494 quod
1251 2460 1372 2487 nonnulli
1388 2460 1617 2492 deﬁnierunt,eos
1632 2460 1677 2492 qui

894 2504 972 2540 561
993 2505 1093 2532 laesisse
1109 2506 1244 2538 videntur,
1260 2506 1404 2533 ulciscendi
1422 2505 1614 2540 appelentiam.
1633 2504 1672 2532 Si-

894 2549 1004 2584 gniﬁcat
1017 2551 1100 2577 etiam
1116 2550 1339 2582 involunlarimu,
1356 2551 1427 2586 quod
1443 2559 1456 2576 a
1473 2550 1609 2577 nonnullis
1626 2559 1674 2576 vo-

894 2599 972 2622 catur
984 2596 1069 2630 prima
1085 2597 1229 2624 commotio
1241 2617 1247 2626 ,
1264 2605 1323 2631 qua:
1337 2597 1420 2624 certis
1436 2596 1594 2630 quibusdatu
1612 2597 1675 2623 irri-

895 2640 1043 2667 tationibus
1059 2641 1144 2668 trahit
1169 2642 1201 2667 ad
1225 2649 1284 2668 eam
1302 2649 1383 2675 quant
1407 2641 1482 2676 prius
1505 2641 1676 2669 deﬁnivimus

893 2683 972 2712 iram.
989 2685 1065 2718 Quod
1080 2687 1103 2713 si
1119 2686 1145 2714 in
1161 2686 1234 2714 hunc
1251 2687 1429 2722 posteriorem
1445 2694 1553 2715 sensum
1570 2687 1674 2722 accipi-

86 2784 397 2824 l94)_1’1€}_‘(ufl_luyfd’lfﬂ,
415 2791 467 2824 etc.
487 2789 601 2815 Schedze
623 2788 777 2816 Combeﬁsii
789 2809 796 2821 .
814 2794 840 2818 ct
859 2790 965 2824 Grabii,
983 2789 1067 2818 codex
1083 2787 1278 2821 Cuislinianus,
1296 2789 1390 2817 Daniel
1405 2789 1552 2817 Barbatus.

85 2820 153 2853 (94⁸)
173 2819 240 2846 \‘ide
255 2819 327 2846 Millii
347 2821 412 2849 Nov.
431 2822 552 2850 'l‘estam.
571 2824 665 2850 Matth.
686 2832 722 2853 vi.
738 2825 783 2852 25.

86 2856 142 2891 (9:3)
164 2855 204 2889 Ἡ,
225 2865 233 2880 α
259 2855 418 2892 ιῂνγίιίὲσθε,
440 2867 449 2883 ι
467 2858 562 2893 φωνή,
584 2864 637 2887 etc.
660 2860 746 2889 Codd.
759 2860 852 2889 Barocr

910 2863 962 2896 ioc,
981 2860 1086 2890 scheibe
1101 2858 1270 2892 Combeﬁaii,
1284 2863 1310 2885 vt
1324 2859 1417 2887 Daniel
1433 2859 1578 2887 Barbatus.
