1882 3053
216 136 284 164 11ίὸ

905 136 950 163 EX
969 133 1118 163 ORIGENE

1765 139 1818 167 llil

215 206 276 224 mus
293 195 357 224 illud
377 196 557 227 «irascimini,
574 205 583 222 ι
601 204 652 223 non
671 201 710 223 ρει
728 201 869 232 peccatum
888 204 969 232 posse
985 204 1000 224 a

1058 195 1124 222 κατὰ
1137 195 1185 232 τὴν
1198 196 1366 232 προπάΘειαν
1378 196 1528 232 γινόμενον,
1542 196 1591 223 οὐκ
1601 196 1675 223 ἔστιν
1689 196 1820 233 ἁμάρτημα

217 244 319 271 virtute
334 244 373 270 de:
384 243 470 274 idere.
485 251 516 270 ae
530 243 604 276 juxta
624 242 697 270 ltune
713 250 822 270 sensum
839 243 865 270 iu
884 243 1001 278 impera-

221 290 276 316 tivo
297 290 378 316 modo
403 297 456 316 non
480 289 534 316 erit
558 288 762 323 intelligendum
786 289 849 315 illttd
877 297 886 315 ι
905 289 998 316 irasci-

216 334 296 366 mini,
311 342 321 359 ι
337 335 402 367 (quo
413 337 492 367 pacto
507 334 578 360 enim
598 334 724 368 imperari
741 338 829 368 potest
851 334 923 369 qttod
946 341 998 361 non

214 384 256 406 est
277 379 422 411 liberum?)
445 379 491 405 sed
519 379 544 406 in
566 379 713 407 indicativo
731 379 832 411 modo,
857 386 885 406 ut
904 387 1001 408 sensus

214 425 267 451 sit:
283 425 349 451 Cum
375 424 524 451 irascimini
548 429 574 451 et
590 425 615 452 id
631 425 707 452 vobis
728 425 938 460 incogitantibus
955 433 1001 453 ac-

213 469 289 499 cidit.
307 469 373 496 nihil
388 477 402 496 a
421 470 498 497 vobis
521 470 628 497 addatis
640 491 648 504 ,
672 470 792 505 nihilque
813 471 946 506 vituperio
962 471 1001 498 tli-

214 522 296 548 gnum
312 521 444 550 sequatur
460 516 486 543 id
509 516 579 550 quod
601 516 735 550 vituperio
752 516 860 551 dignum
875 524 927 543 non
947 520 998 544 est.

214 559 290 593 Quod
305 560 393 587 innuit
410 560 452 587 his
467 560 576 587 verbis:
592 569 601 586 ι
611 560 642 587 Et
656 561 738 587 nolite
753 567 877 595 peccare.
892 570 901 586 ι
919 560 999 588 Docet

214 605 299 639 igitur
309 605 360 632 hoc
373 605 431 632 loro
443 604 582 640 Scriptura
595 613 657 632 esse
668 606 735 632 iram
749 605 864 640 aliquam
876 613 935 640 qua:
947 613 999 632 non

215 651 250 677 sit
272 655 413 684 peccatum
429 671 437 684 ,
453 658 568 686 quaeque
591 651 709 678 nondum
727 659 741 677 ιι
762 651 845 678 libera
862 651 1001 678 voluntate

214 701 274 723 orta
292 704 343 724 nos
362 701 466 731 urgeat,
482 701 509 724 et
528 697 591 724 aliis
608 703 713 724 noceat.
732 697 800 725 Huic
817 698 999 732 explauationi

214 742 290 769 vocis
303 751 312 767 ι
325 741 486 774 irascimini,
499 752 508 768 ι
523 742 688 778 sull'ragatur
702 743 810 778 Aquila,
824 744 868 778 qui
886 743 1000 770 Hebrai-

215 795 278 814 cum
308 795 418 823 proprie
448 788 622 823 interpretari
659 789 753 816 voluit.
787 789 1000 816 lnvoluntarium

215 833 287 861 enim
305 835 376 872 quod
401 839 482 862 antea
504 835 622 862 diximus
638 843 652 861 ιι
678 835 815 862 nonnullis
832 835 922 862 vocari
945 835 1002 870 pri-

1053 241 1244 268 άποπτωτικὸν
1258 239 1327 269 εῖναι
1345 242 1391 268 τοῦ
1408 241 1502 268 καλοῦ·
1522 243 1568 269 καὶ
1584 242 1654 268 κατὰ
1669 242 1746 269 τοῦτό
1760 251 1787 276 γε
1797 245 1820 270 οὐ

1053 287 1084 313 τὸ
1095 287 1293 323 προστακτικὸν
1306 288 1446 323 νοήσωμεν
1458 287 1583 323 είρῆσοαι
1591 288 1622 314 τὸ
1640 298 1650 313 ι
1660 288 1801 323 ὀργίζεσθε,
1812 299 1819 314 ι

1054 331 1128 366 (πῶς
1140 331 1193 368 γὰρ
1209 331 1242 359 ἂν
1255 332 1405 368 δυναίμεθα
1416 332 1631 368 προστάττεσθαι
1645 333 1676 358 τὸ
1693 333 1822 368 ἀπροαίρε-

1053 377 1136 410 τονς)
1157 377 1226 405 ἀλλὰ
1245 377 1275 404 τὺ
1291 377 1439 413 ὸριστικὸν,
1462 377 1495 403 ἶν’
1558 378 1619 404 ὅλον
1640 377 1672 404 τὸ
1695 377 1822 412 λεγόμενον

1053 421 1185 449 τοιοῦτον·
1203 422 1283 449 Ὅσον
1299 421 1439 458 ὀργίζεσθε
1455 423 1502 450 καὶ
1524 423 1667 458 συμϐαίνει
1683 423 1758 450 τοῦτο
1772 425 1822 458 ὑμῖν

1053 467 1103 494 οὐκ
1120 467 1211 503 ἔχουσι
1225 468 1294 503 πρὸς
1307 468 1386 494 τοῦτο
1400 467 1556 503 λογισμοὺς,
1573 467 1642 494 ἀλλὰ
1660 468 1692 495 τὸ
1707 468 1768 503 παρ’
1783 469 1825 494 αὑ-

1053 513 1107 540 τῶν
1126 513 1162 549 μὴ
1181 513 1332 550 προσθῆτε·
1356 513 1423 540 ἁλλὰ
1439 513 1477 550 τῷ
1501 514 1679 549 συμὸαίνοντι
1699 515 1729 541 οὺ
1748 515 1823 550 ψεχτῷ

1052 559 1152 593 ψεκτόν
1175 568 1201 586 τι
1230 559 1266 595 μὴ
1289 559 1512 595 ἁκολουθησάτω’
1538 560 1606 595 ὅπερ
1633 560 1710 595 δηλοῖ
1733 561 1761 586 ὲν
1779 561 1821 596 τῷ·

1057 614 1066 630 ι
1080 605 1134 631 Καὶ
1150 604 1186 640 μὴ
1201 605 1381 641 ἁμαρτάνετε.
1399 614 1408 630 ι
1421 603 1497 632 οἶδεν
1510 603 1557 632 οὖν
1569 606 1616 633 καὶ
1629 606 1723 633 ἐνθάδε
1734 607 1747 633 ὀ
1761 606 1824 641 λόγος

1054 649 1114 676 τινὰ
1135 650 1219 686 ὀργὴν
1239 650 1290 677 οὐκ
1312 648 1394 677 οὖσαν
1413 651 1560 686 ἁμαρτίαν,
1582 651 1629 678 καὶ
1651 652 1763 679 osum
1783 653 1824 678 ἀπὸ

1054 695 1101 722 τοῦ
1125 696 1167 731 ἐφ’
1185 696 1250 731 ἡμῖν
1264 696 1415 732 ἐρχομένην
1435 697 1588 733 παθητικὴν
1603 698 1651 723 καὶ
1665 706 1823 732 κακοποιητι-

1054 740 1115 776 κήν.
1133 741 1275 776 Μαρτυρεῖ
1293 741 1322 767 δὲ
1341 742 1373 776 τῇ
1389 740 1486 776 ὲκδοχῇ
1502 741 1535 776 τῇ
1551 740 1686 777 εἰρημένῃ
1703 742 1763 776 περὶ
1778 741 1824 771 τοῦ,

1057 795 1067 812 ι
1086 785 1238 822 ὀργίζεσθε,
1256 795 1265 812 ι
1287 787 1302 812 ό
1321 786 1434 818 Ἀκύλας
1445 786 1476 812 τὸ
1487 785 1579 822 κύριον
1597 785 1764 822 ἑρμηνεῦσαι
1777 786 1825 821 βον-

1054 831 1146 868 ληοεὶς
1161 831 1208 859 τοῦ
1230 831 1384 867 Ἐ6ραῖκοῦο
1402 831 1432 858 τὸ
1449 831 1504 867 γὰρ
1519 832 1711 868 ἀπροαίρετον,
1726 832 1740 859 ὃ
1752 841 1827 868 προει-

216 887 287 906 mam
305 880 526 910 commotionem.
541 881 723 907 turbationem
743 885 770 907 et
792 880 1000 908 commotionem

1058 878 1177 914 ρήκαμεν
1198 877 1376 913 ὀνομάζεσθαι
1398 877 1568 914 προπὰθειαν
1589 879 1667 914 παρά
1687 887 1765 909 τισιν,
1779 878 1826 904 κλό-

218 925 302 951 animi
324 932 387 952 esse
403 926 568 956 arbitratus.
592 926 648 953 ait:
676 935 686 952 ι
701 925 859 952 Turbamiui
877 931 904 953 et
920 926 1004 953 nolite

217 977 345 1005 peccare.
363 979 372 996 ι
393 969 591 1005 Quodquidem,
615 981 624 997 ι
640 971 800 1004 tttrbamini,
816 981 825 998 ι
845 980 897 998 non
915 975 956 999 est
977 972 1002 998 in

217 1015 380 1051 imperativo
402 1018 481 1045 modo
506 1017 665 1053 (absurdum
687 1019 760 1046 enim
782 1024 824 1046 est
843 1018 1003 1053 prophetam

216 1063 366 1098 praecipere
383 1063 585 1100 turbationem),
600 1065 646 1093 sed
662 1066 688 1092 in
711 1065 856 1093 indicativo
875 1065 965 1098 modo,
976 1071 1005 1092 ut

216 1110 337 1137 diximus
345 1110 451 1138 tlevoee
466 1120 475 1136 ι
491 1111 638 1138 irascimini
648 1119 656 1144 ;
668 1121 676 1137 ι
689 1111 801 1146 perinde
810 1119 842 1139 ac
855 1113 876 1139 si
885 1111 1002 1139 diceret:

217 1156 246 1184 Si
269 1157 346 1184 vobis
371 1157 513 1193 contingat
542 1162 571 1184 ut
596 1158 753 1190 turbemini.
778 1157 862 1186 nolite
881 1165 1003 1193 peccare.

253 1201 320 1235 Qua:
332 1202 421 1230 dicitis
434 1202 462 1229 in
475 1203 598 1230 cordibus
612 1204 714 1235 vostris,
726 1203 755 1231 in
771 1204 898 1231 cubilibus
913 1204 1005 1231 castris

217 1249 423 1284 compungimini
437 1269 445 1282 ,
461 1253 515 1276 etc.
541 1249 588 1276 llis
605 1250 713 1277 videtur
736 1250 834 1277 docere
857 1250 1007 1285 quemlibet

217 1294 340 1321 cubitum
355 1298 464 1321 euntem
479 1294 580 1321 debere
595 1301 610 1321 a
627 1295 717 1329 seipso
738 1302 832 1323 eorum
846 1303 906 1330 quae
920 1296 1005 1324 inter—

217 1339 264 1367 diu
281 1339 378 1374 egerit,
395 1339 528 1367 rationem
547 1344 682 1375 repetere,
692 1345 718 1367 et
734 1341 770 1368 ob
783 1348 814 1368 ea
833 1349 894 1376 qua:
909 1347 1004 1368 contra

220 1390 324 1413 rectatn
345 1385 478 1412 rationem
504 1385 618 1418 fecerit,
634 1385 754 1420 seipsum
773 1387 937 1421 improbare,
959 1395 1004 1414 ar-

219 1438 304 1466 guere
320 1435 347 1458 et
361 1431 451 1458 verbis
466 1438 661 1467 compungere.
679 1431 745 1458 Nam
764 1432 786 1460 si
802 1434 852 1460 hoc
877 1438 1006 1460 accurate

218 1483 251 1503 ac
264 1476 357 1503 sedulo
375 1476 420 1503 ﬁat
430 1496 438 1508 ,
453 1476 488 1503 ab
502 1469 626 1504 honestis
641 1485 691 1505 nec
705 1478 879 1508 abtlucemur.
894 1486 944 1506 nec
959 1479 1006 1506 de-

219 1521 353 1548 labemur.
376 1521 440 1555 Quae
454 1521 558 1555 dicitis,
574 1522 679 1558 inquit.
696 1531 727 1551 ea
749 1531 798 1551 vos
812 1528 1004 1560 compungam,

220 1575 275 1602 quo
301 1572 423 1603 tempore
449 1568 482 1595 ad
513 1568 702 1596 dormiendum
730 1569 901 1597 deetuubitis.
925 1570 1005 1598 Parte

219 1615 308 1642 utitur
326 1619 357 1641 ut
370 1614 460 1641 omnia
481 1618 591 1648 peccata
610 1615 722 1643 indicet.
739 1614 806 1642 Pars
820 1620 1004 1650 peccatorum,

219 1669 252 1688 ea
263 1666 326 1688 sunt
338 1668 399 1696 quae
412 1661 503 1688 verbis
518 1661 735 1689 committuntur.
753 1662 788 1689 Ea
804 1662 873 1690 forte
884 1663 934 1690 hoc
948 1663 1006 1690 loco

218 1707 420 1740 pnemittuutur
445 1706 506 1734 aliis
530 1707 651 1742 peccatis
677 1714 736 1741 quae
766 1709 905 1742 operando
927 1707 1005 1736 ﬁunt.

218 1753 353 1780 Cancrum
370 1753 422 1780 hoc
439 1751 568 1780 verbum:
584 1753 767 1790 κατανύγητε,
784 1763 793 1779 ι
806 1755 1005 1789 compungimi-

220 1799 246 1825 ni
261 1820 269 1832 ,
288 1808 298 1825 ι
326 1799 397 1833 quod
421 1798 492 1826 forte
514 1806 601 1833 neque
624 1799 694 1834 apud
713 1800 833 1827 eruditos
859 1800 1007 1835 scriptores

219 1844 329 1872 Gtwcos
355 1845 491 1872 invenitur
505 1865 512 1877 ,
530 1851 617 1879 neque
642 1845 667 1871 iu
685 1852 734 1872 usu
755 1850 797 1872 est
812 1846 882 1880 apud
898 1854 946 1874 eos
960 1847 1005 1882 qui

219 1890 315 1918 Grarea
330 1890 419 1926 lingua
437 1890 670 1925 utuutur,sa'pius
688 1895 776 1918 tamen
792 1891 902 1926 proprie
917 1892 951 1919 ab
968 1893 1006 1920 in‘

221 1935 385 1970 terpretibus
408 1939 573 1969 usurpatur,
599 1942 658 1961 cum
686 1942 779 1962 sermo
792 1940 835 1962 est
856 1934 889 1962 de
913 1935 946 1962 iis
961 1937 1006 1970 qui

221 1982 382 2008 delictorum
397 1981 437 2008 vel
452 1981 489 2008 rci
507 1980 649 2015 cujuslibet
664 1980 776 2008 alterius
790 1989 872 2008 causa
885 1982 1008 2009 morden-

222 2028 275 2051 tur.
295 2023 340 2051 Sic
354 2023 380 2050 in
397 2023 477 2051 tertio
498 2023 567 2050 libro
587 2022 688 2057 [legunt
706 2030 821 2050 narrans
844 2023 984 2058 Scriptura
999 2045 1006 2057 ,

220 2069 356 2103 quomodo
379 2069 474 2096 Achab
490 2076 536 2096 rex
553 2068 645 2101 lsrael,
659 2068 694 2096 ob
715 2069 886 2104 concupitum
901 2068 1006 2097 Nabotb

220 2114 392 2143 Jn-zrahelita:
403 2122 496 2148 agrum
510 2115 699 2149 reprehensus,
710 2115 894 2150 paenitentiam
909 2116 1006 2151 egerit,

223 2162 262 2188 ait
274 2160 314 2188 “z
334 2169 343 2186 ι
357 2159 551 2188 Verumtamen
567 2160 667 2187 frustra
682 2160 789 2193 Achab,
804 2162 848 2196 qui
866 2164 1009 2190 ventunda-

223 2212 266 2234 tus
282 2211 323 2234 est
344 2206 435 2234 facere
459 2206 558 2232 malum
575 2206 600 2232 in
617 2211 763 2240 conspectu
789 2207 913 2236 Domini:
939 2209 1009 2236 sicut

221 2254 321 2280 evertit
336 2261 397 2280 eum
412 2251 522 2279 Jelabel
539 2260 608 2279 uxor
624 2252 704 2287 562
721 2253 788 2288 ejus.
811 2253 844 2281 Et
858 2254 947 2282 factus
967 2261 1010 2283 est

223 2299 415 2327 abominabilis
437 2298 526 2329 valde,
544 2299 632 2325 eundo
647 2303 708 2332 post
727 2299 944 2328 abominationes
966 2309 1010 2329 se-

223 2346 343 2374 cundum
356 2345 446 2372 omnia
464 2352 524 2379 qua:
539 2344 639 2371 fecerat
655 2344 830 2372 Amorrlneus
841 2366 848 2377 ,
865 2354 944 2381 quem
961 2355 1010 2374 ex-

225 2392 383 2420 terminavit
403 2391 532 2418 Dominus
547 2398 561 2417 a
578 2390 648 2417 facie
663 2390 778 2418 filiorum
803 2390 896 2418 Israel.
914 2392 946 2419 Et
961 2401 1009 2427 pro

223 2438 321 2472 verbo,
335 2437 471 2472 quomodo
484 2441 664 2472 compunctus
675 2440 717 2463 est
733 2436 826 2464 Achab
843 2446 857 2465 a
872 2438 942 2465 facie
958 2439 1009 2466 Do—

224 2485 288 2512 ntini
299 2504 307 2515 ,
332 2488 359 2511 et
375 2483 430 2510 ibat
454 2482 574 2518 plorans.
590 2486 618 2510 et
634 2483 767 2510 conscidit
785 2484 903 2511 tunicam
919 2491 1008 2518 suam,

223 2535 250 2558 et
263 2529 381 2558 accinxit
395 2536 505 2556 saccum
518 2536 597 2563 super
609 2536 708 2563 corpus
723 2536 811 2560 suum,
827 2533 855 2556 et
865 2529 1009 2564 jejuuavit,

223 2582 252 2604 et
271 2577 381 2604 indutus
396 2580 438 2603 est
453 2582 562 2602 saccum
579 2575 604 2601 in
621 2574 664 2601 die
676 2594 683 2606 ,
699 2583 752 2609 qua
769 2575 905 2609 percussit
921 2574 1010 2602 Nabu-

225 2623 280 2650 tbai
295 2622 479 2653 Jezraelitcm.
495 2627 521 2649 et
534 2621 592 2648 ivit.
608 2621 640 2648 Et
654 2620 755 2647 factum
770 2625 814 2648 est
829 2621 939 2648 verbum
955 2621 1007 2649 Do-

219 2666 290 2707 )niui
305 2668 331 2695 iu
346 2675 426 2694 manu
441 2667 511 2693 set-ri
527 2667 568 2693 sui
583 2666 640 2693 Elin
656 2666 688 2692 de
701 2666 813 2694 Achab:
833 2671 860 2694 et
873 2667 941 2694 dixit
957 2667 1009 2695 Do.

225 2714 333 2740 minus:
361 2712 480 2743 Vidisti,
511 2712 739 2747 quemadmodum
765 2717 943 2747 compunctus
967 2719 1009 2741 est

261 2786 282 2801 "
295 2785 325 2812 111
339 2786 404 2821 Reg.
424 2795 479 2819 tu,
492 2786 527 2812 9.5
540 2790 566 2812 et
578 2792 654 2820 seqq.

1054 931 1098 949 vov
1124 923 1172 949 καὶ
1200 923 1312 958 σεισμὸν
1339 923 1389 958 τῆς
1412 923 1501 958 ψυχῆς
1528 923 1641 960 νομίσας
1664 921 1733 950 εἶναί
1759 931 1825 958 grav

1057 977 1066 994 ο
1079 968 1223 994 Κλονεϊσοε
1235 969 1281 995 καὶ
1297 969 1334 1004 μὴ
1348 968 1529 1004 ἁμαρτάνετε·
1551 978 1560 995 ι
1575 969 1644 1005 ὅπερ
1663 978 1672 994 ι
1686 968 1824 995 κλονεῖσθει

1053 1014 1103 1040 οὐκ
1125 1013 1182 1041 ἔστι
1201 1015 1410 1050 προστακτικὸν,
1429 1015 1545 1050 (ἄτοπον
1564 1015 1619 1050 γὰρ
1635 1015 1683 1041 τὸν
1705 1015 1827 1051 προφήτην

1055 1060 1237 1096 προστάσσειν
1257 1060 1434 1096 κλονεῖσθαι·)
1451 1061 1508 1087 ἁλλ’
1523 1061 1561 1092 ὡς
1577 1061 1623 1087 ἐπὶ
1639 1061 1689 1088 τοῦ
1714 1071 1723 1087 ι
1737 1060 1826 1096 ὀργίζε-

1056 1107 1103 1134 σθε
1122 1117 1132 1133 ι
1148 1107 1311 1143 εἰρήκαμεν,
1333 1107 1479 1143 ὀριπικὸν,
1493 1105 1558 1134 οἷον·
1578 1107 1609 1134 Εἰ
1623 1107 1765 1143 συμϐαίνει
1776 1106 1826 1141 ὑμῖν

1056 1152 1217 1186 κλονεῖσθαι,
1234 1153 1270 1188 μὴ
1285 1152 1466 1189 ἁμαρτάνετε.

1095 1198 1128 1224 "A
1144 1197 1248 1232 λέγετε
1261 1198 1296 1224 ἐν
1310 1197 1374 1230 ταῖς
1390 1196 1526 1231 καρδίαις
1536 1196 1629 1232 ὑμῶν.
1647 1197 1696 1224 ἐπὶ
1713 1195 1772 1229 ταῖς
1781 1196 1828 1222 κοί-

1054 1251 1120 1276 ταις
1143 1242 1226 1278 ὐμῶν
1239 1243 1439 1277 uarat-emta,
1456 1251 1482 1269 κ.
1498 1251 1523 1269 τ.
1549 1243 1573 1269 ἐ.
1588 1242 1638 1269 Διὰ
1657 1242 1756 1269 τούτων
1770 1242 1826 1268 ἔοικε

1054 1289 1190 1316 διδάσκειν
1204 1288 1258 1324 (96)
1271 1289 1325 1315 δεῖν
1336 1289 1450 1315 ἕκαστον
1462 1288 1509 1315 ἐπὶ
1520 1288 1568 1324 τὴν
1580 1288 1676 1324 κοίτην
1690 1288 1759 1314 ἰόντα
1773 1288 1826 1313 ἀτο-

1055 1335 1183 1370 λογισμὸν
1203 1335 1298 1362 ἑαυτὸν
1319 1335 1444 1362 ἀπαιτεῖν
1459 1334 1514 1360 τῶν
1540 1334 1598 1370 μεθ’
1615 1334 1725 1370 ἡμέραν
1741 1341 1828 1368 πεπρα-

1056 1381 1175 1417 γμένων,
1186 1382 1232 1408 καὶ
1244 1381 1290 1408 ἐπὶ
1304 1382 1359 1413 τοῖς
1369 1381 1445 1417 παρὰ
1456 1381 1501 1408 τὸν
1512 1380 1591 1416 ὀρθὸν
1605 1380 1685 1414 λόγον
1699 1378 1828 1414 γεγενημέ-

1056 1438 1111 1461 νοις
1126 1429 1208 1456 αὑτὸν
1223 1428 1347 1460 κακίζειν
1365 1428 1541 1464 μεμφόμενον
1562 1428 1609 1454 καὶ
1632 1426 1674 1462 τῷ
1694 1427 1763 1462 λόγῳ
1781 1433 1827 1451 κεν-

1054 1475 1162 1502 τοῦντα.
1177 1474 1262 1502 Τοῦτο
1274 1475 1328 1510 γὰρ
1344 1474 1534 1510 συνεχέστερον
1556 1473 1682 1500 ἐπιτελοὺ
1688 1481 1762 1508 μενον
1776 1472 1826 1498 ἁπο-

1057 1521 1150 1555 στήσει
1162 1521 1235 1556 ἡμᾶς
1247 1520 1293 1547 τοῦ
1306 1519 1469 1547 ἀποπίπτειν
1482 1518 1535 1545 τῶν
1545 1518 1674 1545 δεόντων.
1698 1518 1730 1544 "A
1742 1516 1826 1551 λέγετε,

1059 1567 1151 1602 φησὶν,
1172 1565 1259 1592 ταῦτα
1281 1566 1353 1600 ὑμᾶς
1372 1563 1551 1598 κατανυξάτω
1573 1564 1602 1590 ἐν
1623 1563 1665 1598 τῷ
1687 1561 1771 1598 καιρῷ
1791 1560 1826 1587 τοῦ

1058 1613 1119 1644 ταῖς
1134 1612 1237 1644 κοίταις
1255 1611 1352 1644 αὐτοὺς
1370 1611 1528 1638 ἐπιδιδόναι.
1555 1609 1620 1636 Ἀπὸ
1634 1609 1736 1645 μέρους
1750 1608 1774 1634 δὲ
1787 1606 1827 1632 τῶν

1058 1658 1290 1694 ἁμαρτανομένων
1321 1658 1410 1685 πάντα
1443 1657 1476 1684 τὰ
1507 1655 1736 1692 ἁμαρτανόμενα*
1765 1654 1828 1689 pit»;

1059 1705 1291 1741 ἁμαρτανομένων
1307 1704 1337 1731 τὸ
1349 1704 1394 1731 διὰ
1403 1704 1499 1738 λόγων·
1517 1703 1564 1730 καὶ
1582 1702 1653 1737 τάχα
1669 1702 1716 1728 καὶ
1733 1701 1778 1735 τῆς
1790 1699 1826 1725 ἅλ’

1059 1751 1108 1786 λης
1122 1750 1277 1787 πρακτικῆς
1297 1751 1433 1786 ἁμαρτίας
1449 1749 1564 1785 προάγει
1582 1748 1673 1782 λόγος.
1692 1747 1736 1782 Τῷ
1756 1746 1828 1780 μέντοι

1062 1806 1072 1823 t
1097 1799 1269 1833 κατανύγητε
1295 1806 1304 1822 ι
1332 1796 1404 1828 ἰδίως
1431 1795 1559 1827 πολλάκις
1588 1795 1752 1830 ἐχρήσαντο·
1773 1791 1826 1825 τάχι

1060 1844 1121 1872 οὔτε
1136 1843 1211 1880 παρὰ
1233 1844 1290 1875 τοῖς
1309 1842 1462 1878 φιλοκάλοις
1481 1841 1534 1868 τῶν
1560 1841 1696 1876 Ἑλλήνων
1718 1838 1826 1873 κειμένῳ.

1060 1890 1122 1918 οὔτε
1135 1891 1164 1918 ὲν
1175 1891 1208 1925 τῇ
1224 1888 1352 1925 συνηθείᾳ
1364 1888 1418 1914 τῶν
1429 1889 1462 1923 τῇ
1481 1887 1586 1914 Ἐλλάδι
1599 1888 1678 1922 φωνῇ
1690 1884 1826 1921 χρωμένων·

1060 1936 1108 1965 καὶ
1122 1934 1309 1972 ἁναγράφουσί
1321 1943 1352 1969 γε
1362 1934 1411 1970 τὴν
1423 1934 1496 1967 λέξιν
1507 1932 1609 1968 ταύτην
1623 1933 1672 1959 ἐπὶ
1685 1932 1736 1958 τῶν
1751 1931 1827 1957 6mm-

1063 1982 1151 2018 μένων
1165 1981 1218 2008 τῶν
1237 1980 1440 2016 ἡμαρτημένων
1462 1979 1566 2010 ἕνεκεν,
1583 1978 1599 2004 ἢ
1616 1975 1656 2004 ὢν
1678 1977 1769 2012 δήποτε
1783 1974 1827 2022 hi:

1063 2037 1126 2065 ρων·
1151 2028 1189 2060 ὡς
1219 2027 1248 2054 ὲν
1272 2028 1304 2062 τῇ
1329 2026 1408 2062 τρίτῃ
1435 2025 1488 2052 τῶν
1515 2022 1685 2051 Βασιλειῶν
1716 2021 1775 2057 περὶ
1794 2021 1827 2045 τοὺ

1067 2073 1168 2109 Ἀχαὰϐ
1189 2072 1319 2108 βασιλέως
1336 2071 1443 2107 Ἰσραὴλ
1454 2069 1618 2106 διηγουμένη
1635 2070 1654 2104 ἡ
1671 2067 1771 2104 Γραφὴ,
1783 2066 1828 2091 τίνι

1061 2121 1160 2156 τρόπον
1177 2119 1314 2155 ἐλεγχθεὶς
1330 2118 1382 2145 ὑπὸ
1398 2117 1444 2144 τοῦ
1462 2117 1601 2152 προφήτου
1628 2115 1724 2142 Ἠλίου
1744 2113 1784 2140 ἐπὶ
1800 2110 1827 2145 τῷ

1061 2166 1291 2202 ὲπιτεθυμηκὲναι
1309 2164 1355 2192 τοῦ
1376 2163 1461 2200 ἀγροῦ
1478 2162 1617 2190 Ναϐουθαὶ
1633 2162 1683 2189 τοῦ
1706 2158 1827 2196 Ίεζραηλε-

1061 2221 1108 2240 του
1125 2201 1258 2248 μετανοεῖ,
1276 2211 1343 2246 φησὶ
1360 2209 1462 2236 ταῦτα·
1483 2218 1491 2234 t
1510 2208 1582 2243 Πλὴν
1605 2207 1729 2243 ματαίως
1747 2201 1826 2240 Ἀχιιὶθ

1062 2258 1091 2290 ὃς
1106 2257 1212 2294 ἐπράθη
1230 2258 1342 2293 ποιῆσαι
1355 2256 1386 2283 τὸ
1408 2254 1526 2291 πονηρὸν
1547 2253 1662 2280 ἐνώπιον
1683 2252 1786 2289 Κυρίου,
1800 2249 1826 2278 ὡς

1064 2303 1211 2339 μετέθηκεν
1227 2303 1308 2330 αὐτὸν
1329 2302 1447 2335 Ἰεζάϐελ
1469 2301 1485 2336 ἡ
1511 2299 1579 2335 γυνὴ
1594 2299 1690 2326 αὑτοῦ.
1708 2297 1758 2324 Καὶ

1062 2349 1146 2384 λύχθη
1168 2348 1270 2383 σιρόδρα
1286 2347 1449 2383 πορεύεσθαι
1467 2347 1555 2373 ὀπίσω
1578 2345 1632 2373 ὠν
1659 2341 1825 2381 βδελυγμέτων

1063 2395 1134 2422 κατὰ
1148 2395 1235 2422 πάντα
1244 2394 1262 2422 ἃ.
1278 2393 1425 2429 ὲποίησενὸ
1442 2394 1614 2429 Ἀμορραῖος,
1627 2393 1658 2419 ὃν
1672 2388 1825 2425 ἐξιαὶῂιῖρειεε

1060 2440 1160 2476 Κύριος
1178 2441 1231 2468 ἀπὸ
1248 2439 1392 2476 προσώπου
1414 2439 1467 2466 τῶν
1482 2439 1546 2465 υἱῶν
1571 2439 1692 2474 Ἰσραήλ.
1711 2438 1760 2464 Καὶ
1774 2435 1825 2467 ὑπὲρ

1059 2487 1106 2514 τοῦ
1122 2487 1200 2521 λόγου
1221 2487 1258 2518 ὡς
1279 2485 1412 2521 κατενύγη
1434 2484 1535 2520 Ἀχαὰὸ
1558 2485 1612 2511 ἀπὸ
1635 2483 1773 2521 προσώπου
1791 2478 1825 2506 τι)

1060 2533 1174 2568 Κυρίου,
1191 2533 1238 2560 καὶ
1251 2532 1396 2567 ἐπορεύετο
1411 2531 1523 2563 κλαίων,
1545 2530 1593 2556 καὶ
1606 2529 1732 2565 διέρρηξε
1745 2528 1783 2554 τὸν
1797 2534 1824 2559 21‘

1060 2579 1132 2606 τῶνα
1147 2579 1239 2611 αὑτοῦ,
1252 2579 1299 2606 καὶ
1314 2577 1434 2610 ἐζώσατο
1448 2577 1548 2604 σάκκον
1561 2577 1608 2604 ἐπὶ
1618 2577 1650 2602 τὸ
1665 2576 1742 2610 σῶμα
1754 2570 1824 2600 αὑτοῖν

1062 2626 1109 2652 καὶ
1123 2626 1278 2661 ὲνήστευσε,
1296 2625 1342 2652 καὶ
1358 2624 1534 2659 περιεϐάλετο
1550 2623 1654 2650 σάκκον
1670 2623 1699 2648 ὲν
1712 2622 1741 2656 τῇ
1755 2618 1823 2654 ἡμέρὲ

1061 2668 1078 2707 ᾖ
1093 2671 1210 2704 ἐπάταξε
1222 2670 1360 2698 Ναϐουθαὶ
1374 2671 1420 2697 τὸν
1438 2670 1634 2706 ἰεζραηλίτην,
1647 2669 1694 2696 καὶ
1704 2663 1822 2711 irrepsi“;

1062 2716 1117 2742 Καὶ
1141 2716 1250 2751 ἐγένετο
1274 2716 1349 2752 ῥῆμα
1371 2715 1474 2751 Κυρίου
1497 2716 1527 2742 ἐν
1551 2715 1624 2751 χειρὶ
1647 2714 1738 2741 δούλου
1762 2710 1822 2738 nimi

263 2855 318 2888 (θῦ)
331 2855 379 2882 Διὰ
392 2855 504 2882 τούτων
517 2856 595 2883 ἔοικε
611 2855 775 2889 διδάσκειν,
785 2855 930 2885 ctc.Codd.
941 2856 997 2885 lioc

1058 2862 1141 2888 τοτε..
1155 2853 1261 2882 schedia
1270 2852 1436 2886 Combeﬁsii,
1449 2857 1476 2881 et
1487 2851 1636 2880 Barbarus.
