1882 3053
65 139 145 168 ιιιδ

585 139 738 168 SELECTA
760 141 791 168 IN
809 141 979 169 PSALMOS,
996 158 1029 162 —
1052 141 1149 169 PSAL.
1170 140 1213 168 IV.

1637 143 1704 171 ili‘ii

70 197 171 223 Ὶίλίευ
185 197 246 232 περὶ
265 197 377 232 Ἀχαά6’
398 197 445 224 καὶ
458 196 517 224 εἶπε
537 197 651 234 Κύριος
674 197 813 234 Ἑώρακας
825 198 862 230 ὡς

955 199 1008 226 hab
1025 207 1038 226 a
1055 199 1123 226 facie
1139 198 1218 225 mea?
1229 197 1284 225 Non
1299 198 1427 225 inducam
1452 198 1552 226 malum
1571 199 1596 226 in
1611 199 1706 227 diebus

63 242 211 278 κατενύγη
235 243 336 278 ’Δχαὰὃ
357 243 411 270 ἀπὸ
432 242 578 278 προσώπου
601 252 668 278 μου;
688 244 745 270 Οὐκ
771 244 864 277 ἐπάξω

61 291 122 324 τὴν
140 289 238 316 κακίαν
264 289 294 316 ἐν
316 291 376 321 ταῖς
396 290 515 325 ἡμέραις
540 289 633 316 αὑτοῦ.
661 299 669 314 ι
701 290 755 316 Kal.
777 291 805 316 ὲν
827 290 865 325 τῷ

62 336 96 362 δὲ
113 336 291 371 πεντηκοστῷ
302 336 404 371 ὲννάτῳ
416 335 525 371 ψαλμῷ·
542 345 550 361 ι
567 336 738 368 Συνέσεισας,
759 346 769 361 ι
787 337 863 372 φησι,

67 392 77 407 ι
103 383 157 418 τὴν
168 383 230 418 γῆν,
253 383 301 409 καὶ
319 382 504 417 συνετάραξας
521 382 616 418 αὑτήν.
642 383 733 409 "lateat.
747 382 781 409 τὰ
803 391 865 409 συν-

62 428 216 463 τρεμματα
239 428 341 463 αὐτῆς,
365 428 406 454 ὅτι
436 427 579 463 ἐσαλεύθη.
603 427 726 459 Ἐδειξας
747 427 787 462 τῷ
807 427 865 463 λαῷ

63 481 120 499 σου
158 473 278 508 σκληρόν
304 473 433 505 ὲπότισας
473 474 547 508 ἡμᾶς
581 470 651 499 οἶνον
679 473 863 506 κατανύξεως.

65 519 201 550 Ἐδωκας
213 521 270 551 τοῖς
292 519 469 555 φοϐουμένοις
489 527 519 545 σε
533 519 682 554 σημείωσιν
703 518 750 545 τοῦ
769 520 864 553 φυγεῖν

64 564 131 591 ἀπὸ
146 563 295 600 προσώπου
310 565 398 598 τόξου.
417 574 426 590 ι
444 565 609 591 Πεποτίσθαι
620 564 674 600 γὰρ
687 564 813 599 ὁμολογεί
826 563 865 599 τῷ

63 609 138 645 οἴνῳ
156 610 206 645 τῆς
222 609 395 643 κατανύξεως
414 611 428 636 ὀ
442 609 597 645 Προφήτης.
615 610 670 636 Καὶ
687 610 759 640 ἐπεὶ.
772 609 805 636 ἵν’
818 609 864 636 οὒ-

64 664 128 687 τως
141 655 221 688 εἴπω,
238 655 321 691 έπεψε
343 656 405 687 τοὺς
420 655 516 690 λόγους
531 656 594 687 τοὺς
614 655 799 690 ἐλεγκτικοὺς,
817 656 865 682 καὶ

65 700 208 727 πέπονθεν
223 700 268 727 ἀπ’
284 700 373 727 αὐτῶν
391 700 436 727 τὸν
453 701 638 736 κατανυγμὺν,
659 701 703 727 διὰ.
728 701 807 728 τοῦτο
824 702 864 728 el-

65 746 191 781 ληφέναι
215 747 341 781 ὁμολογεῖ
364 747 433 782 μετὰ
452 747 508 774 τῶν
533 747 707 782 φοϐουμένων
731 747 761 774 τὸ
788 748 865 774 Θείον

67 791 226 826 σημείωσιν
244 792 283 823 εἰς
299 791 332 817 τὸ
352 793 447 826 φυγεῖν
466 792 500 819 τὰ
516 788 578 827 βέλη
599 792 633 818 τὰ
648 791 702 818 ἀπὸ
723 793 770 819 τοῦ
786 792 864 825 τόξου

66 836 239 872 πεμπόμενα
254 836 301 863 τοῦ
316 836 383 863 Θεοῦ
401 837 446 864 ἐπὶ
459 839 521 868 τοὺς
533 837 640 868 ἀσεϐεῖς
657 838 704 864 καὶ
723 837 862 873 παραμεί-

916 245 985 280 ejus.
1003 255 1011 271 I
1031 245 1062 271 Et
1077 245 1102 271 in
1122 245 1347 279 quinquagesimo
1368 252 1440 272 nouo
1456 245 1579 280 psalmo:
1598 255 1607 270 ι
1623 245 1706 272 (lotu-

918 291 1039 323 movisli,
1053 290 1139 325 inquit
1152 291 1186 321 “.
1202 295 1314 322 terram,
1325 296 1352 317 et
1366 291 1534 318 conturbasti
1549 298 1620 318 eam.
1635 291 1708 318 Sana‘

916 336 1098 364 contritiones
1111 337 1179 371 ejus,
1196 337 1261 371 quia
1277 341 1411 364 commota
1426 340 1476 363 est.
1490 335 1639 364 Ostendisti
1656 344 1706 371 po-

916 380 979 416 pulo
994 385 1040 407 tuo
1053 382 1133 412 dura,
1156 381 1253 415 potasti
1272 389 1320 408 nos
1335 382 1397 408 vino
1412 381 1639 415 compunctiouis.
1655 382 1704 409 De-

916 428 978 455 disti
996 428 1156 455 timenlibus
1174 433 1198 454 te
1212 427 1449 462 signiﬁcationem,
1468 432 1495 453 ul
1513 427 1617 462 fugiunt.
1632 435 1646 453 a
1663 427 1704 454 fa-

916 474 958 502 cie
974 481 1063 501 arcus.
1079 483 1090 499 ι
1107 474 1218 500 Fatetur
1231 474 1301 500 enim
1319 473 1451 506 Propheta
1467 478 1585 508 putatum
1600 481 1629 500 se
1643 473 1706 499 vino

916 520 1145 554 compunctionis.
1163 519 1195 547 Et
1212 520 1340 554 quoniam
1355 520 1436 547 verba
1453 521 1549 554 quibus
1561 521 1706 554 reprehen-

916 573 964 592 sus
983 564 1073 593 fuerat
1088 585 1095 598 ,
1115 571 1143 592 ut
1167 566 1203 592 ita
1220 566 1321 598 dicam,
1347 570 1512 592 concoxerat
1525 586 1532 596 .
1548 571 1575 593 et
1595 567 1628 593 ab
1654 566 1706 593 illis

916 619 1012 646 passus
1028 617 1089 638 erat
1104 612 1358 645 compunctioncm,
1376 612 1478 639 idcirco
1493 611 1593 638 fatetur
1609 620 1638 639 se
1654 621 1705 638 una

916 665 977 684 cmn
1005 657 1188 684 metuentibus
1215 657 1297 684 Deum
1318 658 1457 691 accepisse
1479 657 1704 691 signiﬁcationem

916 707 945 729 ttt
960 703 1065 736 fugeret
1079 703 1202 737 sagittas,
1217 710 1277 737 qum
1291 703 1326 729 ab
1341 710 1405 729 arcu
1422 703 1467 729 Dei
1485 708 1577 729 contra
1597 702 1704 737 impios,

915 753 941 774 et
955 748 1134 783 persistentes
1149 749 1174 775 in
1196 750 1332 783 peccatis,
1351 756 1401 775 nec
1417 749 1605 784 pmnitcntiam
1621 757 1705 782 agen-

917 799 955 821 les
967 795 1158 821 immittuntur.
1174 794 1206 821 Et
1225 795 1250 821 in
1265 793 1356 821 Genesi
1373 795 1503 829 scripturn
1519 800 1560 822 est
1574 795 1615 822 '3:
1632 804 1640 820 ι
1658 794 1704 821 Di-

916 841 955 867 xit
975 847 1064 868 autem
1085 841 1154 868 Esau
1173 841 1206 867 ad
1223 846 1326 874 patrem
1353 849 1452 867 suum:
1472 840 1595 875 Nunquid
1621 840 1704 867 benc-

65 891 175 914 ναντας
190 883 236 909 ἐπὶ
247 884 303 914 τοῖς
318 883 508 919 ἁμαρτήμασι,
522 884 568 909 καὶ
581 883 617 919 μὴ
633 884 862 919 μετανοήσαντας.

952 886 998 913 :tio
1010 895 1061 913 una
1075 886 1121 913 lilii
1136 890 1189 919 est,
1205 886 1301 920 pater?
1317 886 1485 921 Compuncto
1502 892 1592 914 autem
1611 885 1704 918 Isaac,

65 928 130 954 Καὶ
143 929 173 955 ὲν
189 929 221 963 τῇ
236 927 369 955 Γενέσει”
393 938 402 954 ι
419 927 485 955 Eli-.5
500 929 529 955 δὲ
550 929 634 955 Ἦσαῦ
657 929 725 964 προς
745 929 790 955 τὸν
814 937 865 955 πα-

63 974 141 1011 τέρα
174 974 267 1001 αὑτοῦ·
295 976 341 1010 Μὴ
361 975 469 1010 εὐλογία
496 975 544 1011 μία
580 975 620 1002 σοί
650 976 724 1006 ἐστι,
757 975 861 1010 πάτερ;

64 1018 297 1055 Κατανυχθέντος
309 1019 338 1046 δὲ
354 1020 456 1053 Ἰσαὰκ,
470 1020 601 1055 ἀνεϐόησε
613 1021 687 1055 φωνῇ
707 1019 801 1051 Ἡσαῦ,
815 1021 863 1046 καὶ

64 1066 214 1094 ἔκλαυσεν.
235 1076 244 1092 ι
267 1066 338 1093 Ἀντὶ
352 1066 442 1101 μέντοι
457 1066 514 1098 τοῦ,
531 1066 713 1101 κατανύγητε,
731 1075 740 1091 ε
762 1066 863 1101 σιωπή-

66 1121 139 1139 σατε
160 1122 169 1138 ι
196 1113 311 1145 ’Λκύλας
326 1112 373 1140 καὶ
389 1111 534 1139 θεοδοτίων
548 1111 743 1139 ὲκδεδώκασιν·
760 1113 829 1147 ὅπερ
849 1113 863 1138 ὸ

65 1158 221 1194 Σύμμαχος
243 1168 252 1184 ‹
268 1158 424 1194 ήσυχάσατε
442 1167 451 1184 ι
469 1158 621 1194 ἐρμήνευσε
637 1158 801 1194 σαφέστερον
817 1158 864 1184 ὲκ-

64 1204 213 1240 τιοὲμενος
245 1204 276 1231 τὸ
302 1205 356 1232 ἀπὺ
384 1204 438 1230 τῶν
467 1204 556 1240 ῥητῶν
582 1204 763 1240 δηλούμενον⁸
794 1205 863 1240 ὅπερ

64 1249 193 1276 τοιοῦτον
207 1249 262 1284 ἔχει
278 1249 355 1276 νοῦν·
379 1249 442 1275 Ἐπὶ
453 1249 503 1284 τῆς
515 1249 608 1284 κοίτης
623 1249 700 1283 ὑμῶν
715 1249 743 1275 ὲν
758 1249 864 1283 ἑαυτοῖς

917 931 1083 959 exclamavit
1108 939 1173 958 voce
1201 931 1295 962 Esau,
1317 937 1344 958 et
1368 931 1451 958 ﬂevit.
1471 941 1480 957 ι
1498 932 1630 959 (la-terum
1657 940 1705 966 pro

919 986 929 1003 ε
941 977 1163 1012 conqmngitnini,
1176 986 1185 1002 ι
1208 977 1305 1011 Aquila
1322 982 1348 1005 et
1369 976 1535 1006 Theodotio.
1556 987 1564 1002 ι
1581 982 1677 1008 tacete.
1693 988 1703 1003 ι

917 1023 1100 1055 reddiderunt,
1117 1026 1190 1057 quod
1208 1023 1392 1058 Symmachus
1409 1024 1493 1058 magis
1509 1028 1629 1058 apertam
1645 1032 1705 1051 ver-

916 1067 1012 1095 borum
1029 1068 1166 1095 notioncm
1183 1068 1341 1102 proferens,
1362 1078 1371 1094 ‹
1383 1069 1524 1103 quiescite,
1543 1079 1553 1095 ι
1571 1070 1704 1103 interpre-

917 1119 988 1140 tatus
1002 1118 1053 1140 csl.
1075 1113 1179 1141 Sensus
1193 1120 1235 1141 est
1252 1123 1258 1141 :
1285 1114 1312 1140 ltt
1332 1114 1466 1141 cubilibus
1482 1115 1581 1142 vestris
1597 1121 1705 1142 seen-tu

916 1158 987 1185 intra
1004 1166 1052 1186 vos
1068 1163 1208 1194 reputate.
1230 1159 1358 1186 nimirum
1375 1167 1434 1194 qua:
1451 1167 1465 1186 a
1481 1160 1556 1186 vobis
1570 1168 1617 1193 per
1631 1161 1702 1186 diem

915 1208 990 1238 gesta
1007 1208 1091 1236 sunt,
1109 1209 1135 1231 el
1155 1212 1218 1232 cum
1243 1205 1313 1232 facta
1332 1211 1422 1232 vestra
1442 1205 1628 1240 expenderilis
1641 1225 1648 1238 ,
1665 1206 1705 1232 sic
1740 1209 1746 1215 '

916 1249 1023 1276 detnum
1041 1250 1183 1284 quiescite.

65 1297 144 1325 κατὰ
167 1297 197 1324 τὸ
217 1297 337 1333 κρυπτὸν
355 1296 530 1332 διαλέχθητε·
548 1295 627 1332 δῆλον
643 1296 665 1322 δ’
688 1296 728 1323 ὅτι
748 1296 783 1323 τὰ
807 1295 865 1331 μεθ’
882 1296 989 1332 ἡμέραν
1009 1297 1190 1333 πεπραγμένα
1216 1296 1266 1324 καὶ
1291 1297 1324 1324 τὰ
1345 1297 1408 1332 περῖ
1436 1297 1534 1329 αὐτοὺς
1556 1298 1706 1334 ἐπισκεψώ-

67 1352 149 1380 μενοι
164 1344 250 1376 οὕτως
264 1344 427 1381 ἡσυχάσατε.

106 1391 226 1418 Θύσατε
242 1392 352 1418 θυσίαν
367 1391 572 1424 δικαιοσύνης,
589 1390 637 1417 καὶ
654 1389 799 1417 ἐλπίσατε
813 1389 863 1416 ἐπὶ

65 1439 192 1472 Κύριον,
213 1446 240 1464 κ.
262 1446 288 1464 τ.
312 1437 336 1463 ὲ.
355 1438 385 1464 Ὀ
401 1437 432 1470 ἐξ
443 1437 542 1464 ἀδίκων
559 1436 650 1472 πόρων
669 1436 724 1471 (97)
747 1435 866 1471 προσφέ-

67 1492 129 1520 ρων
143 1483 173 1509 οὐ
189 1482 361 1517 δικαιοσύνης
377 1481 436 1508 θύει
449 1481 558 1513 ουσίαν,
569 1482 616 1508 καὶ
627 1482 641 1508 ὁ
655 1481 692 1516 μὴ
706 1480 765 1507 κατ’
784 1480 863 1512 ἀξίαν

65 1527 109 1556 ὧν
123 1529 255 1563 κέκτηται
272 1529 389 1564 μερίζων
406 1529 462 1559 τοῖς
475 1527 623 1563 δεομένοις,
641 1527 688 1553 καὶ
702 1528 716 1554 ὁ
728 1527 759 1553 ἐκ
776 1526 864 1562 λύπης
878 1546 899 1575 C

66 1576 120 1603 καὶ
137 1575 167 1608 ἐξ
188 1575 310 1610 ἀνάγκης
332 1574 429 1606 διδούς.
447 1574 608 1608 Σαφέστατα
624 1573 652 1600 δὲ
668 1573 799 1605 διδάσκει,
820 1573 862 1599 ὅτι

66 1621 102 1648 οὐ
116 1620 246 1656 περὶτῶν
261 1619 360 1646 θυσιῶν
375 1616 412 1646 ὧν
426 1619 598 1654 ὲξειλήφασιν
613 1620 636 1646 οἰ
653 1618 862 1654 ἐντυγχάνοντες

65 1669 130 1699 τοῖς
149 1665 270 1701 βιϐλίοις,
285 1665 349 1701 περὶ
365 1665 467 1693 τούτων
482 1665 633 1692 ἐνετείλατο
647 1666 661 1691 ὁ
677 1664 748 1696 θεῖος
763 1664 841 1699 λόγος
854 1672 861 1680 ³

68 1707 126 1742 ἔφη
138 1707 192 1743 γὰρ
202 1710 231 1735 ἐν
241 1710 448 1745 τεσσαρακοστῷ
459 1710 571 1745 ψαλμῷ·
585 1720 594 1736 ί
606 1711 633 1737 '0
644 1711 718 1743 Θεὸς,
731 1712 797 1743 Θεὸς
811 1720 858 1738 σου

68 1755 133 1789 εἰμὶ
148 1754 212 1789 ἐγώ.
224 1755 283 1782 Οὐκ
295 1756 340 1782 ἐπὶ
354 1757 412 1787 ταῖς
425 1756 529 1788 θυσίαις
544 1765 589 1783 σου
606 1756 707 1791 ἐλέγξω
718 1766 748 1784 σε
758 1766 765 1773 ·
780 1758 813 1784 τὰ
829 1758 859 1785 δὲ

68 1799 290 1835 ὁλοκαυτώματα
303 1809 349 1827 σου
367 1801 479 1827 ἐνώπιόν
498 1810 550 1836 μου
564 1802 622 1828 ἐστὶ
634 1802 677 1829 διὰ
695 1803 802 1834 παντός.
817 1803 855 1829 Οὐ

68 1846 186 1880 δέξομαι
194 1847 225 1872 ἐκ
232 1847 278 1872 τοῦ
289 1846 364 1873 οἴκου
373 1855 420 1873 σου
432 1847 557 1882 μόσχους,
565 1848 617 1874 οὐδ’
625 1849 657 1875 ἐκ
666 1849 719 1875 τῶν
731 1850 862 1884 ποιμνίων

72 1900 124 1918 σου
144 1892 324 1928 χειμάρρους·
346 1893 400 1928 ὲμὰ
419 1893 472 1929 γάρ
487 1895 544 1920 ἐστι
564 1895 650 1921 πάντα
663 1895 696 1921 τὰ
716 1895 798 1930 θηρία
815 1895 862 1922 τοῦ

73 1937 175 1973 ἀγροῦ,
189 1939 272 1974 κτήνη
288 1938 316 1966 ὲν
329 1940 384 1970 τοῖς
400 1939 474 1974 ὄρεσι
489 1939 537 1965 καὶ
551 1939 620 1974 βόες.
635 1940 761 1973 Ἔγνωκα
775 1940 863 1967 πάντα

72 1983 111 2009 τὰ
134 1984 243 2010 πετεινὰ
263 1984 310 2010 τοῦ
332 1984 460 2019 οὐρανοῦ,
481 1985 527 2011 καὶ
548 1985 682 2020 ὼραιὸτης
700 1985 785 2020 ἀγροῦ
805 1985 862 2019 μετ’

73 2027 147 2063 ἐμοῦ
160 2028 242 2054 ἐστιν.
255 2028 317 2055 Ἐὶν
332 2029 461 2060 πεινάσω,
472 2030 508 2064 μή
522 2038 563 2055 σοι
573 2031 651 2056 εἴπω·
664 2029 717 2064 ἐμὴ
728 2031 781 2064 γάρ
792 2030 864 2056 ἐστιν

71 2075 92 2108 ἡ
109 2073 256 2109 οἰκουμένη
276 2074 323 2100 καὶ
345 2074 375 2101 τὸ
396 2075 532 2110 πλήρωμα
552 2075 645 2110 αὐτῆς.
673 2075 720 2111 Μὴ
741 2076 863 2111 φάγομαι

74 2119 150 2153 κρέα
161 2119 277 2155 ταύρων,
291 2120 307 2155 ἢ
323 2118 391 2155 αἷμα
407 2121 514 2155 τράγων
528 2120 638 2155 πίομαι;
651 2121 737 2147 Θῦσον
753 2121 792 2157 τῷ
805 2123 864 2156 Θεῷ

75 2165 176 2192 Θυσίαν
198 2165 339 2198 αἰνέσεως,
358 2167 403 2193 καὶ
417 2167 514 2198 ἀπόδος
528 2166 566 2201 τῷ
587 2167 705 2202 Ὑψίστῳ
723 2168 771 2199 τὰς
785 2171 865 2199 εὐγά-

71 2220 135 2258 aeu.
157 2212 212 2239 Kal
232 2212 391 2240 ὲπικάλεσαί
407 2221 441 2248 με
456 2214 485 2241 ὲν
496 2214 588 2249 ἡμέρᾳ
604 2213 728 2249 θλίψεως,
748 2215 795 2241 καὶ
819 2215 861 2247 ἐξα
880 2230 900 2258 D

68 2257 189 2293 ιλοῦμαί
199 2267 239 2290 σε,
249 2259 297 2285 καὶ
306 2258 426 2291 δοξάσεις
439 2268 483 2295 με.
495 2269 504 2285 ι
519 2260 573 2286 Καὶ
587 2260 616 2287 ὲν
623 2260 662 2295 τῷ
676 2261 859 2297 πεντηκοστῷ·

72 2305 165 2333 (Ὁτι,
177 2306 201 2331 εὶ
220 2304 356 2340 ἠθέλησας
371 2305 475 2338 θυσίαν,
491 2306 578 2333 ἔδωκα
596 2307 638 2338 ἂν,
652 2307 861 2343 ὁλοκαυτώματα

68 2350 124 2375 οὐκ
148 2349 313 2385 εὐδοκήσεις.
335 2351 420 2377 Θυσία
436 2351 474 2387 τῷ
493 2351 552 2387 Θεῷ
569 2352 676 2388 πνεῦμα
701 2362 860 2389 συντετριμ-

70 2394 155 2430 μένον
169 2416 176 2422 .
191 2396 312 2432 Καρδίαν
325 2398 556 2434 συντετριμμένην
569 2399 616 2425 καὶ
629 2401 864 2435 τεταπεινωμένην

68 2440 85 2467 ὸ
101 2440 169 2472 Θεὸς
189 2442 239 2468 οὐκ
253 2442 423 2473 ὲξουδενώσει
450 2453 459 2469 ›
482 2444 536 2470 Καὶ
551 2445 579 2471 ὲν
592 2445 682 2478 ἄλλοις
694 2454 700 2461 ·
720 2456 729 2471 ι
745 2446 785 2473 Τὰ
806 2447 864 2473 ὀλο-

67 2486 242 2522 καυτώματα
252 2489 329 2523 ὑμῶν
341 2489 386 2515 καὶ
397 2490 424 2516 αἱ
434 2490 523 2517 θυσίαι
534 2491 583 2526 οὐχ
595 2492 695 2526 ἦδυνάν
712 2501 767 2528 μοι.
778 2503 787 2518 ›
804 2494 865 2519 Ἔτι

68 2533 99 2560 δὲ
116 2534 163 2560 καὶ
177 2535 206 2561 ὲν
217 2535 256 2571 τῷ
276 2535 394 2572 Ἱερεμίᾳ
404 2545 411 2552 ⁸
439 2547 448 2562 ι
462 2538 498 2564 Οὐ
512 2538 611 2569 ταῦτα,
622 2539 714 2574 φησιν,
731 2540 864 2567 ἐνετειλά-

71 2589 128 2615 μην
139 2582 195 2613 τοῖς
207 2583 343 2617 πατράσιν
362 2583 449 2618 ὑμῶν,
502 2584 592 2620 ἡμέρᾳ
609 2585 747 2620 ἀνήγαγον
765 2586 862 2618 αὐτοὺς

69 2627 103 2652 ἑκ
119 2627 172 2662 γῆς
186 2627 336 2662 Αἰγύπτου,
354 2629 418 2665 περὶ
434 2629 665 2665 ὁλοκαυτωμάτων
688 2631 735 2657 καὶ
748 2631 842 2662 θυσίας
853 2640 859 2647 ·

68 2672 129 2699 ἀλλ’
149 2673 165 2709 ἢ
194 2674 225 2700 τδ
251 2674 336 2709 ῥῆμα
349 2674 428 2702 τοῦτο
450 2675 625 2711 ἐνετειλάμην
648 2676 738 2708 αὐτοῖς
755 2676 859 2712 λέγων·

105 2754 127 2769 ¹¹
145 2753 217 2780 Psal.
233 2761 289 2784 l.t\'.
310 2754 337 2782 ι.
352 2754 378 2783 5,
397 2753 422 2781 6.

68 2788 90 2804 ¹⁷
106 2788 194 2816 Jcri-m
227 2797 275 2821 vn,
293 2789 328 2816 9.2
343 2795 370 2817 et
381 2797 457 2824 seqq.

461 2754 483 2769 ’³
498 2755 596 2782 Cenes.
616 2763 699 2788 xxvn,
717 2755 762 2784 58.

799 2756 822 2772 ¹¹⁵
838 2756 910 2785 Psal.
927 2764 1001 2790 xux,
1018 2757 1033 2783 7
1047 2763 1071 2785 et
1087 2765 1163 2792 seqq.

952 1389 1035 1417 Vsus.
1052 1388 1078 1416 6.
1101 1387 1260 1423 Sacri/Scala
1282 1387 1444 1422 sacriﬁcium
1461 1389 1586 1422 justitim,
1601 1393 1626 1416 et
1644 1399 1703 1423 spc—

916 1440 972 1462 rate
989 1437 1015 1462 in
1031 1434 1158 1467 Domino,
1172 1439 1225 1462 etc.
1243 1434 1301 1461 Non
1317 1435 1363 1469 qui
1383 1442 1415 1461 ex
1434 1435 1541 1470 injustis
1557 1436 1640 1462 lucris
1657 1437 1704 1462 dn-

915 1487 973 1514 nat,
987 1488 1035 1508 nec
1050 1482 1094 1516 qui
1111 1489 1143 1507 ex
1159 1481 1244 1516 partis
1261 1481 1349 1513 bonis,
1364 1485 1394 1507 ιιι
1409 1488 1458 1515 par
1472 1485 1523 1513 est,
1539 1482 1703 1516 pauperibus

917 1534 971 1554 non
989 1526 1128 1554 distribuit
1145 1547 1152 1558 ,
1176 1534 1224 1554 ncc
1241 1527 1286 1561 qni
1305 1527 1399 1554 dolens
1414 1534 1446 1553 ac
1472 1532 1583 1554 coactus
1598 1528 1643 1555 dat
1655 1547 1662 1559 ,
1682 1528 1705 1554 is

915 1573 1052 1601 sacriﬁcat
1069 1573 1231 1600 Sacriﬁcium
1245 1573 1371 1607 justitizc.
1383 1573 1594 1600 Evidentissime
1612 1580 1701 1601 autem

915 1620 993 1646 docet
1009 1627 1061 1646 non
1083 1619 1117 1646 dc
1133 1619 1297 1650 sacriﬁciis,
1324 1627 1383 1652 quae
1406 1627 1544 1646 sacrorum
1571 1620 1702 1646 librorum

914 1664 1029 1692 lectores
1054 1670 1256 1699 exposuerunt,
1284 1665 1447 1699 prmeepisse
1465 1665 1561 1692 Deum.
1583 1664 1649 1692 Nam
1676 1665 1703 1691 in

914 1711 1123 1745 quadragesimo
1139 1710 1242 1745 psalmo
1256 1711 1294 1737 ait
1307 1711 1348 1738 ":
1370 1720 1379 1738 ε
1397 1711 1476 1741 Dens.
1493 1711 1564 1738 Deus
1580 1717 1640 1738 tuus
1653 1719 1704 1746 ego

914 1764 984 1783 sum.
1002 1755 1060 1783 Non
1078 1756 1103 1783 iu
1125 1756 1268 1784 sacriﬁciis
1284 1757 1337 1783 tuis
1354 1765 1465 1792 arguam
1485 1762 1526 1785 te:
1545 1758 1703 1785 holocausta

914 1807 1003 1829 autent
1020 1807 1064 1829 tua
1081 1803 1107 1829 in
1125 1808 1270 1836 conspectu
1291 1810 1350 1829 meo
1368 1808 1430 1829 sunt
1447 1810 1564 1837 semper.
1584 1803 1640 1829 Non
1657 1811 1703 1830 ac~

913 1847 1012 1882 cipiam
1045 1847 1077 1875 de
1097 1848 1176 1874 domo
1195 1852 1238 1874 tua
1265 1848 1384 1879 vitulos,
1409 1855 1494 1882 neque
1514 1848 1547 1874 de
1572 1849 1702 1883 gregibus

915 1893 968 1921 tuis
985 1893 1092 1921 hircos:
1110 1901 1176 1920 mea:
1194 1894 1265 1921 enim
1281 1900 1344 1920 sttnt
1359 1902 1453 1921 ornnes
1480 1893 1544 1921 rem
1562 1894 1618 1928 agri
1632 1914 1640 1926 ,
1655 1894 1701 1926 ju-

914 1944 1004 1965 Inenta
1025 1939 1050 1965 in
1067 1939 1203 1966 montibus
1221 1944 1249 1966 et
1267 1940 1360 1966 boves.
1377 1939 1496 1974 Cognovi
1517 1941 1608 1966 omnia
1630 1941 1703 1966 vola-

915 1984 970 2011 tilia
984 1984 1044 2011 cmii
1057 2004 1065 2016 ,
1082 1991 1108 2011 et
1128 1984 1301 2017 pulchritudo
1317 1986 1373 2019 agri
1400 1993 1504 2012 mecum
1520 1990 1571 2012 est.
1596 1985 1624 2012 Si
1641 1993 1703 2012 cSn-

915 2031 996 2063 riero,
1014 2038 1066 2057 non
1090 2031 1177 2058 tlic;im
1202 2031 1269 2058 tibi:
1295 2039 1370 2058 meus
1384 2036 1425 2058 est
1440 2032 1511 2058 enim
1536 2031 1609 2059 orbis
1624 2037 1702 2059 terra:

914 2075 993 2110 563
1006 2080 1033 2102 et
1046 2075 1183 2110 plenitudo
1197 2075 1266 2110 ejus.
1281 2076 1406 2111 Nunquid
1421 2078 1590 2104 manducabo
1605 2086 1702 2105 carnes

916 2128 1063 2154 taurorutu,
1077 2129 1123 2149 aut
1134 2123 1292 2158 sanguinein
1306 2124 1444 2151 hircorum
1460 2124 1578 2158 potabo?
1591 2124 1702 2152 lmmola

915 2169 970 2196 Deo
984 2169 1151 2196 sacriﬁcium
1167 2169 1265 2201 laudis,
1280 2173 1308 2196 et
1321 2170 1403 2197 redde
1416 2170 1556 2198 Altissimo
1570 2176 1631 2198 vola
1645 2176 1701 2199 tua.

915 2215 947 2242 Et
964 2216 1058 2243 invoca
1081 2223 1124 2242 me
1146 2216 1172 2242 in
1197 2217 1240 2243 die
1255 2215 1455 2248 tribulationis,
1473 2222 1498 2243 et
1513 2225 1607 2244 eruam
1623 2223 1660 2250 te,
1675 2223 1704 2245 et

917 2262 1109 2289 honoriﬁcahis
1126 2271 1180 2289 nte.
1198 2272 1207 2288 ι
1224 2262 1255 2289 Et
1270 2263 1296 2289 iu
1309 2262 1535 2297 quinquagesimo
1548 2264 1590 2290 "4
1603 2273 1612 2290 ι
1631 2265 1704 2297 Quo-

914 2309 986 2335 niam
1001 2309 1023 2334 si
1042 2309 1171 2336 voluisses
1188 2309 1364 2342 sacriﬁcium,
1380 2309 1515 2337 dedissent
1535 2310 1636 2344 utique,
1651 2311 1702 2337 ho-

914 2353 1044 2381 lucaustis
1058 2363 1109 2381 non
1127 2355 1315 2382 delcctahcris.
1334 2355 1504 2382 Sacriﬁcium
1522 2355 1575 2383 Deo
1589 2355 1702 2390 spiritus

915 2399 1122 2428 Cutttrtbulalus.
1149 2401 1202 2428 Cor
1221 2402 1368 2428 contritum
1386 2408 1413 2428 et
1439 2401 1606 2427 hunnliattnn
1633 2402 1703 2428 Dens

914 2454 967 2473 non
991 2447 1132 2482 despiciet.
1150 2457 1159 2473 ι
1179 2448 1210 2475 Et
1227 2449 1289 2475 alibi
1302 2449 1342 2475 ἐς
1362 2458 1371 2474 ι
1388 2449 1550 2476 Ilolncausta
1570 2453 1657 2474 vestra
1675 2453 1702 2474 et

915 2493 1048 2520 sacriﬁcia
1065 2503 1117 2520 non
1136 2494 1339 2522 hetiﬁeavcrunt
1359 2503 1409 2522 me.
1429 2504 1437 2520 ι
1458 2494 1484 2520 In
1499 2494 1617 2521 Jercmia
1634 2502 1699 2528 qui)

914 2546 980 2573 que:
997 2549 1005 2564 ι
1018 2539 1074 2566 Non
1088 2539 1154 2574 lucc,
1171 2541 1258 2576 inquit
1269 2543 1303 2573 ’⁷,
1320 2542 1442 2567 mandavi
1458 2540 1579 2574 patribus
1592 2541 1700 2573 vestris,

914 2592 967 2618 qua
985 2585 1028 2612 die
1043 2587 1122 2613 eduxi
1139 2595 1185 2614 eos
1202 2588 1235 2614 de
1252 2593 1323 2614 terra
1341 2586 1448 2621 {Egypli
1459 2606 1466 2617 .
1482 2587 1514 2613 dc
1534 2586 1702 2613 holocaustis

914 2635 940 2657 el
958 2631 1105 2660 sacriﬁcio.
1130 2633 1225 2660 Annon
1251 2633 1299 2659 hoc
1319 2633 1372 2659 illis
1392 2633 1480 2666 pntins
1508 2632 1637 2666 imperavi
1659 2633 1700 2660 di-

915 2684 998 2705 cens:
1018 2677 1208 2714 Unusquisque
1231 2679 1361 2706 adversus
1377 2679 1526 2713 proximmn
1544 2687 1621 2706 suum
1643 2688 1700 2706 Ina-

1202 2758 1224 2773 ’⁸
1241 2757 1311 2784 l‘sat.
1328 2766 1353 2791 ι,
1372 2758 1414 2786 18.
1451 2758 1585 2786 “Jerem.
1603 2766 1639 2792 vi,
1654 2758 1704 2786 2t).

103 2856 160 2891 (97)
185 2855 217 2882 '0
229 2854 265 2888 ἐξ
282 2855 394 2883 ἀδίκων
410 2857 518 2890 πόρων,
536 2863 588 2886 etc.
608 2857 773 2891 Cordcl‘ius,
799 2858 863 2886 Bari

961 2859 1050 2887 Codex
1064 2858 1248 2887 Bat‘ccciauus
1259 2864 1285 2886 et
1297 2858 1352 2886 line
1367 2859 1393 2885 ul.
