1882 3053
71 147 145 175 illi)

578 141 730 171 SELECTA
750 140 782 168 IN
804 138 971 167 PSALMOS.
985 152 1021 159 -—
1037 136 1135 166 PSAL.
1156 135 1199 162 IV.

1641 133 1710 161 H50

69 215 115 244 πῃ
136 206 344 242 κεκοσμημένον
362 205 442 242 ἔργον
465 205 497 232 ἂν
516 204 600 239 ὑγιῶς
622 204 743 238 λέγοιτο’
764 202 811 234 ὡς,
835 211 842 228 ε

931 199 1095 226 nanitestum
1122 203 1184 230 est,
1201 195 1291 223 omnia
1319 202 1450 230 sperare,
1470 193 1590 228 nihilque
1616 201 1710 220 eorum

69 254 361 289 κατακερματίζοντες
370 254 400 280 τὸ
413 252 500 279 πάντα
510 251 640 283 ἐλπίζειν,
655 249 805 286 βουλόμεθα
815 248 873 284 διη-

68 300 224 335 γήσασθαι,
243 300 371 335 ἐροῦμεν,
392 300 432 325 ὅτι
447 297 649 333 κληρονομῆσαι
670 295 806 331 βασιλείαν
825 294 872 320 οὑ-

70 346 166 381 ρανῶν
182 346 230 373 καὶ
254 345 477 382 παρακληθῆναι,
494 344 541 370 καὶ
562 335 619 369 ὐἱοὶ
634 341 701 369 Θεοῦ
727 340 872 376 κληθῆναι,

68 393 123 419 καὶ
146 392 212 419 Θεὸν
229 392 353 427 ὄψεσθαι,
369 392 416 418 καὶ
431 389 667 427 χορτασθήσεσθαι
681 385 714 422 ἦς
733 387 812 421 πεινᾷ
826 386 872 412 καὶ

67 438 142 474 διψᾷ
163 437 346 472 δικαιοσύνης,
368 436 476 464 καὶτοῦ
493 436 597 462 τελείου
620 434 695 460 ἐλέου
718 431 872 468 μεταλήψε-

69 484 152 515 σθαι,
168 484 215 511 καὶ
229 483 397 516 ἁπαξαπλῶς
413 484 441 510 ἐν
458 484 540 509 πᾶσιν
555 481 662 508 ἔσεσθαι
678 477 719 511 οἷς
739 477 869 513 ἐπηγγεί-

65 530 140 557 λατο
152 531 167 557 6
182 530 300 565 ἀψευδὴς
313 530 389 562 Θεὸς,
407 529 454 556 καὶ
470 529 565 563 Σωτὴρ
579 528 592 553 6
607 522 708 561 Κύριος
722 524 798 560 ἡμῶν
817 524 869 558 Ίη-

67 576 140 608 σοῦς
152 576 278 611 Χριστός.
293 586 301 601 ι
327 575 480 611 Ὀφθαλμὸς
494 575 548 610 γὰρ
570 573 619 599 οὐκ
635 569 686 598 εἶδε
700 571 747 597 καὶ
760 567 805 601 οὖς
819 569 868 595 οὐκ

66 621 186 657 ἤκουσε,
199 622 244 648 καὶ
261 622 307 648 ἐπὶ
322 621 438 657 καρδίαν»
449 619 593 656 ἀνθρώπου
604 618 654 645 οὐκ
666 615 750 650 ἀνέϐη
762 615 779 642 ἃ
795 613 868 649 ἡτοί-

68 676 162 703 μασεν
175 668 190 694 ὁ
199 667 263 699 Θεὸς
277 669 333 699 τοῖς
344 667 487 701 ἀγαπῶσιν
500 665 592 693 αὐτόν.
607 673 616 689 ι

921 255 981 282 qum
1006 245 1109 272 sanctis
1125 242 1259 271 reservari
1278 245 1390 276 possunt
1404 262 1411 273 ,
1428 240 1574 274 desperare
1588 259 1596 271 ,
1613 238 1712 265 nullius

921 291 1031 318 alterius
1042 298 1110 325 opus
1123 296 1188 316 sane
1202 287 1254 315 diei
1267 294 1357 321 posse,
1369 293 1450 320 quam
1464 286 1522 319 ejus
1533 285 1578 318 qui
1592 283 1710 319 perfecta

920 338 1053 364 charitate
1068 336 1198 370 praeditus
1211 338 1270 361 est:
1288 334 1324 359 ita
1341 337 1380 364 ut,
1392 332 1414 359 si
1427 331 1549 358 minutim
1565 330 1711 357 enucleare

921 383 1046 410 volumus
1060 381 1123 416 quid
1137 381 1173 408 sit
1186 381 1278 407 omnia
1295 385 1415 412 sperare,
1429 377 1526 404 dicturi
1543 377 1628 403 situas
1644 375 1710 402 nihil

921 429 992 456 aliud
1005 436 1065 455 csse
1078 435 1158 462 quam
1172 427 1247 460 regni
1260 426 1389 453 caelorum
1410 423 1595 450 btereditatem
1622 422 1707 452 adire,

920 475 1134 502 consolationem
1152 473 1294 506 accipere.
1311 471 1360 498 lilii
1378 469 1424 497 Dei
1441 468 1547 500 vocari,
1564 467 1647 494 Deum
1667 467 1708 493 vi-

920 521 994 552 dere,
1009 520 1114 555 iustitia
1130 527 1212 554 quam
1226 517 1310 545 esurit
1321 522 1349 544 et
1359 516 1426 547 sitit.
1438 514 1575 546 exsatiari,
1589 513 1708 548 perfecta

920 566 972 594 frui
1000 565 1205 597 misericordia,
1233 568 1279 595 el.
1309 567 1338 589 ιιι
1361 561 1440 589 simul
1467 560 1559 587 omnia
1591 559 1710 585 breviter

919 613 1057 640 absolvam
1073 632 1080 644 ,
1108 612 1134 639 in
1152 611 1280 638 omnibus
1307 616 1368 636 esse
1385 615 1445 643 quze
1462 614 1543 634 verax
1569 605 1657 636 Deus,
1682 609 1710 630 et

922 658 1047 685 Salvator
1075 658 1206 685 Dominus
1223 661 1317 684 uoster
1331 655 1409 682 Jesus
1432 653 1559 682 Christus
1573 651 1707 686 promisit.

69 723 82 741 ‹
96 715 201 742 Oculus
219 716 292 741 enim
309 722 361 741 non
377 715 456 747 vidit,
473 722 523 741 nec
540 713 615 740 auris
624 712 738 744 audivit,
757 716 806 737 nec
822 707 850 734 in
864 713 910 733 cor
928 706 1046 734 hominis
1062 706 1254 736 ascenderunt,
1272 712 1331 738 quae
1347 701 1510 737 prmpararit
1531 701 1601 728 Deus
1618 700 1650 726 iis
1662 698 1707 733 qui

66 761 190 795 diligunt
205 761 279 788 illum
297 761 330 788 ³³.
348 771 359 787 ι

108 791 223 834 lim/uol.
245 807 386 842 λέγουσι·
413 807 460 840 Τίς
482 806 574 838 δείξει
601 804 674 840 ἡμῖν
694 803 730 831 τὰ
751 801 842 838 ἀγαθά

955 796 1035 824 Vens.
1051 796 1078 824 6.
1096 795 1174 822 Multi
1189 795 1300 821 dicunt:
1318 792 1511 826 Qttisiostendet
1529 791 1602 818 nobis
1620 791 1710 818 bona?

66 861 100 879 κ.
117 861 143 878 τ.
160 852 183 878 ἑ.
202 853 232 879 Οί
246 853 295 888 μὲν
318 852 496 888 ἁπλούστεροι
513 851 568 887 (98)
585 851 768 886 ὑπολήψονται
786 848 865 882 λέγε-

66 896 136 923 σθαι
152 896 279 928 ἐνταῦθα,
304 897 356 928 ὅτι,
376 896 430 923 τῶν
453 896 644 931 ἀποκειμένων
661 896 690 922 ἐν
715 892 866 928 ἐπαγγελίᾳ

66 942 299 977 κηρυσσομένων,
317 943 341 968 οἱ
363 941 454 968 πολλοὶ
475 941 611 976 λέγουσιν,
638 941 690 972 ὅτι,
716 939 763 971 Τίς
778 938 866 965 ταῦτα

65 989 139 1023 ἡμῖν
162 988 254 1022 δείξει,
270 989 318 1015 καὶ
341 989 370 1015 ὲν
391 988 484 1020 αὐτοῖς
505 987 631 1022 γενέσθαι
648 987 772 1022 ποιήσει;
787 985 866 1020 δῆλον

66 1035 114 1061 ὅτι
128 1035 294 1070 πληχθέντες
315 1035 363 1070 μὲν
379 1035 418 1066 ὡς
434 1035 498 1070 περ).
513 1034 631 1070 ἀληθῶν,
647 1033 693 1060 καὶ
707 1031 865 1068 ὀρεχθέντες

65 1080 173 1113 αὐτῶν,
193 1079 236 1106 διὰ
254 1080 282 1107 δὲ
302 1079 351 1116 τὴν
367 1079 509 1106 ἀσθένειαν
533 1079 583 1114 τὴν
607 1078 780 1113 ἀνθρωπίνην
794 1076 866 1103 κατὰ

67 1127 161 1153 πολλὰ
176 1126 231 1153 τῶν
246 1127 479 1163 ἁμαρτανομένων
498 1126 528 1152 οὐ
545 1126 615 1153 πάνυ
633 1135 658 1152 τι
678 1125 770 1155 αὐτοῖς
783 1123 863 1150 δεδω-

66 1172 152 1204 κότες
167 1172 197 1199 τὸ
211 1172 323 1207 hapso-0a;
338 1172 407 1199 αὐτὰ
424 1172 470 1198 καὶ
485 1172 513 1198 ὲν
526 1172 617 1203 αὐτοῖς
630 1170 769 1206 ζήσεσθαι.
789 1170 865 1195 Ἕτε-

68 1226 116 1253 pot
137 1217 166 1244 δὲ
192 1217 263 1244 οὕτω
282 1215 458 1253 διηγήσονται
482 1218 512 1244 τδ
529 1217 686 1253 λεγόμενον,
712 1217 753 1243 ὅτι
776 1215 810 1242 τὰ
835 1216 864 1243 ὲν

67 1265 225 1301 ἐπαγγελίᾳ
237 1265 471 1301 ἀναγεγραμμένα
483 1266 538 1296 rei;
554 1265 690 1296 ἐκλεκτοῖς
704 1262 865 1299 δοθήσεσθαι

65 1310 101 1337 οὐ
115 1310 188 1337 πάνυ
206 1311 231 1337 τί
248 1312 305 1338 ἐστι
324 1311 417 1345 σαφῶς
430 1311 477 1337 καὶ
497 1310 604 1346 τρανῶς
619 1309 738 1337 συνιέναι
755 1309 791 1345 μὴ
804 1309 865 1344 οὐχὶ

66 1357 173 1391 σοφοὺς
193 1357 393 1392 γεγενημένους
403 1365 410 1372 ·
431 1353 486 1383 οἷον
499 1356 541 1388 τίς
556 1357 572 1391 ἡ
593 1356 630 1391 γῆ
645 1356 678 1391 ἣν
693 1355 864 1391 κληρονομή-

67 1411 166 1430 σουσιν
182 1404 206 1430 οἱ
222 1406 320 1440 πραεῖς
329 1412 336 1418 ·
353 1403 398 1430 καὶ
410 1403 436 1429 τί
448 1403 479 1429 τὸ
492 1403 692 1439 κληρονομῆσαι
706 1401 791 1437 αὐτὴν
807 1409 865 1436 νοη-

63 1448 144 1480 τὲον,
164 1447 180 1483 ἢ
196 1448 222 1474 τί
242 1448 272 1474 τδ
291 1447 335 1475 διὰ
351 1447 398 1483 τὴν
414 1447 588 1483 καθαρότητα
604 1447 653 1482 τῆς
669 1445 782 1481 καρδίας
802 1445 864 1480 ὅψε-

65 1495 134 1521 σθαι
148 1494 214 1521 Θεὸν
228 1495 344 1531 ἀόρατον
353 1495 531 1530 τυγχάνοντα,
543 1494 572 1520 ὃν
587 1493 673 1525 οὐδεὶς
686 1493 791 1528 ἑώρακε
805 1491 862 1519 πώ-

65 1549 139 1567 ποτε
150 1548 158 1557 ·
175 1541 246 1572 τίνος
260 1541 288 1567 δὲ
301 1541 443 1577 γινομένου
455 1540 501 1568 καὶ
517 1540 646 1567 ποταπῶν
662 1548 692 1566 συ
698 1539 863 1575 μΰαινόντων

65 1587 95 1612 οἱ
122 1587 171 1612 ἐπὶ
195 1585 240 1613 τοῦ
261 1586 392 1622 παρόντος
411 1585 570 1617 πενθοῦντες
595 1585 706 1621 ὕστερον
722 1583 863 1620 παρακλη-

66 1631 218 1667 θήσονται⁶
245 1632 286 1664 τίς
302 1632 330 1659 δὲ
344 1632 391 1659 καὶ
407 1632 515 1667 ποταπὴ
541 1633 557 1667 ἡ
575 1630 697 1666 βασιλεία
712 1630 767 1657 τῶν
780 1630 865 1666 οὐρα.-

64 1678 135 1705 νῶν.
160 1679 255 1706 Πολλοὶ
270 1677 316 1706 οὖν
333 1679 476 1711 ἀκούοντες
501 1679 534 1705 τὰ
549 1677 781 1713 ἀναγεγραμμένα
794 1677 862 1711 ἁγα-

65 1722 104 1750 θὰ
122 1723 277 1759 βουλόμενοι
293 1724 363 1750 αὐτὰ
374 1725 406 1759 τῇ
424 1724 527 1760 διανοίᾳ
548 1723 696 1750 θεάσασθαι
709 1723 756 1749 καὶ
772 1721 861 1749 συνιέ-

64 1778 125 1796 ναι.
142 1769 249 1804 λέγουσι
264 1769 305 1801 τὸ,
325 1779 333 1795 ι
353 1770 400 1802 Τίς
414 1770 490 1796 ἔσται
507 1771 521 1796 6
539 1769 633 1801 δείξων
650 1770 713 1804 ἡμῖν
730 1767 835 1803 ἀγαθάς
848 1777 858 1794 ι

66 1815 194 1847 Σπάνιος
206 1815 260 1852 γὰρ
275 1815 381 1852 ἀληθῶς
395 1817 409 1843 6
424 1815 572 1850 δυνάμενος
588 1814 733 1846 δεικνύναι,
753 1814 791 1846 ὡς
804 1814 862 1849 διη-

66 1861 227 1897 γησάμεθα,
245 1862 279 1889 τὰ
292 1861 393 1896 ἀγαθὰ,
411 1862 501 1892 ὁποῖος
517 1861 531 1887 ὁ
548 1859 651 1891 Παῦλος
668 1857 701 1894 ἦν
715 1858 862 1892 δυνάμενος

65 1907 143 1934 αὐτὰ
158 1907 229 1943 λόγῳ
246 1908 431 1944 παραστῆσαι,
448 1907 485 1939 ὥς
499 1906 564 1942 φησι
577 1914 629 1932 που
645 1905 687 1931 τοο
703 1913 713 1930 ι
724 1905 818 1940 Ἡμεῖς
834 1904 862 1930 δὲ

65 1953 134 1980 νοῦν
158 1954 276 1989 Χριστοῦ
303 1953 411 1989 ἔχομεν,
434 1953 476 1980 ἵνα
493 1953 590 1988 ἴδωμεν
599 1952 633 1978 τὰ
651 1951 705 1978 ἀπὸ
725 1951 771 1978 τοῦ
793 1950 861 1977 Θεοῦ

65 1998 238 2034 χαρισθέντα
263 1999 338 2034 ἡμῖν,
361 1999 379 2026 ἃ
401 1998 448 2026 καὶ
460 1998 593 2034 λαλοῦμεν
616 1998 666 2024 οὐκ
685 1999 713 2024 ὲν
729 1997 862 2028 διδακτοῖς

64 2044 245 2079 ἀνθρωπίνης
259 2044 355 2078 σοφίας
368 2045 466 2079 λόγοις,
481 2044 538 2071 ἀλλ’
551 2045 579 2070 ὲν
592 2044 724 2075 διδακτοῖς
740 2043 863 2077 πνεύμα-

63 2098 125 2121 τος,
144 2089 316 2125 πνευματικὰ
331 2092 526 2126 πνευματικοῖς
541 2089 756 2125 συγκρίνοντες.)
776 2089 862 2123 Τετη-

66 2136 196 2172 ρήκαμεν
212 2135 342 2168 πολλάκις
362 2136 403 2168 τὸ,
424 2146 433 2162 ‹
444 2136 496 2168 τίς,
509 2146 518 2163 ι
540 2137 568 2163 ἐν
584 2138 616 2172 τῇ
637 2136 731 2171 Γραφῇ
748 2135 794 2161 ἐπὶ
813 2134 860 2161 τοῦ
878 2151 900 2179 D

65 2181 185 2208 σπανίου
203 2182 377 2217 τεταγμένον,
395 2181 488 2217 ὥσπερ
503 2183 531 2208 ὲν
547 2182 600 2217 τῷ²
620 2182 687 2213 ιΤίς
704 2182 798 2214 πιστὸς
814 2181 862 2208 καὶ

65 2227 202 2262 φρόνιμος
218 2227 375 2263 οἱκονόμος;
389 2236 398 2253 ι
421 2227 482 2254 καί’
500 2237 509 2253 ι
522 2227 568 2259 Τίς
586 2227 666 2262 σοφὸς
684 2227 731 2254 καὶ
752 2228 863 2262 συνήσει

65 2273 174 2305 ταῦτα;
189 2282 197 2298 ι
224 2273 283 2299 καί·
306 2281 316 2298 ι
330 2272 427 2308 Κύριε,
452 2272 494 2304 τίς
520 2273 726 2308 κατασκηνώσει
752 2274 781 2299 ὲν
803 2273 862 2308 ὄρει

65 2316 141 2351 ἁγίῳ
156 2325 201 2342 σου
211 2325 218 2348 ;
230 2326 240 2342 ι
258 2316 351 2348 Οὕτως
371 2318 418 2343 καὶ
433 2317 527 2344 ἐνθάδε
542 2317 651 2352 λέγεται
664 2319 707 2352 τὸ,
727 2319 794 2350 «Τίς
809 2318 864 2345 δεί-

66 2363 107 2396 ξει
122 2363 188 2398 ἡμῖν
204 2363 238 2390 τὰ
255 2362 363 2397 ἀγαθάς
377 2372 386 2389 ι

73 2409 126 2435 Ἐκ
150 2409 205 2435 τοῦ
227 2409 319 2443 τόμου
343 2409 402 2435 τῶν
417 2410 461 2443 εὶς
482 2410 536 2436 τὸν
557 2410 581 2435 δ’
604 2410 726 2444 graue-‘7‘
749 2411 793 2442 εὶς
815 2410 861 2437 to"

105 2453 114 2468 ι
133 2443 244 2470 Πολλοὶ
251 2445 375 2479 λέγουσι
387 2445 436 2478 ·,Τ[
438 2455 454 2477 ς
464 2444 554 2477 δείξει
562 2445 633 2479 ἡμῖν
642 2446 677 2471 τὰ
687 2444 782 2478 ἀγαθά
793 2453 802 2476 ;
814 2455 824 2471 ι

103 2489 209 2524 Πολλῆς
225 2489 301 2525 παρὰ
314 2491 370 2521 τοῖς
385 2489 538 2525 ἀνθρώποις
559 2490 697 2526 ζητήσεως
714 2490 861 2525 τυγχανού-

65 2544 119 2571 σης
135 2536 199 2571 περὶ
215 2535 273 2567 τοῦ,
287 2536 346 2563 τίνα
358 2536 392 2563 τὰ.
407 2536 508 2570 ἀγαθὰ,
529 2537 576 2563 καὶ
588 2536 648 2563 τίνα
665 2536 698 2563 τὰ
715 2536 797 2568 κακὰ,
813 2538 860 2564 καὶ

65 2581 148 2608 τινῶν
162 2581 214 2617 μὲν
229 2581 399 2618 ἀπροαίρετα
414 2580 483 2609 εἶναι
498 2582 631 2616 λεγόντων
645 2581 682 2608 τὰ
695 2582 795 2616 ἀγαθὰ,
811 2584 859 2609 καὶ

67 2627 102 2654 τὰ
125 2627 199 2655 κακά
210 2636 218 2643 ⁸
241 2627 362 2663 ὡσπερεὶ
378 2628 427 2664 τὴν
441 2628 538 2664 ἡδονὴν
554 2627 655 2662 ἀγαθὸν
678 2628 862 2663 ἀποφαινομέ-

66 2680 131 2705 νων,
149 2673 235 2700 κακὸν
250 2673 279 2699 δὲ
295 2673 325 2700 το
341 2674 473 2709 πονηρόν·
489 2674 589 2710 ἑτέρων
603 2673 631 2700 δὲ
646 2675 675 2700 ἐν
688 2674 780 2708 μόνοις
795 2683 861 2709 προ-

66 2721 216 2755 αιρετικοῖς
231 2719 445 2747 κατακλειόντων
460 2720 495 2747 τὰ
510 2719 599 2754 ἀγαθὰ
609 2720 699 2746 καὶτὰ
711 2721 799 2747 κακά·
814 2721 861 2748 καὶ

64 2765 113 2797 τὰς
131 2766 182 2800 μὲν
197 2764 309 2801 ἀρετὰς,
325 2765 433 2797 καὶτὰς
455 2764 514 2791 κατ’
536 2765 621 2796 αὐτὰς
645 2765 758 2797 πράξεις
776 2765 860 2800 μόνας

100 2822 123 2838 ³⁸
139 2822 146 2848 Ι
160 2822 224 2849 Cor.
243 2829 273 2852 ιι,
290 2821 316 2848 9.
355 2821 377 2836 ³⁸
395 2821 405 2847 1
422 2821 484 2848 Cor.
512 2829 541 2854 ll,
570 2821 603 2848 16
625 2827 652 2849 ct
677 2822 721 2848 12.
759 2822 780 2837 ³⁷
797 2821 890 2848 Matth.

916 848 970 870 etc.
996 842 1181 877 Simpliciores
1204 839 1398 868 existimabunt
1426 839 1505 874 hujus
1530 838 1579 865 loci
1597 845 1707 864 sensum

915 896 976 916 esse
991 909 998 921 ,
1022 889 1120 916 multos
1132 909 1141 921 ,
1159 895 1221 914 cum
1242 887 1374 921 promissa
1393 885 1596 912 annunciantur
1615 884 1683 911 bona
1698 904 1705 914 ,

916 936 1017 967 dicere,
1029 934 1096 968 Quis
1110 934 1168 961 haee
1182 934 1261 960 nobis
1276 934 1410 964 ostendet,
1425 936 1452 958 et
1469 939 1518 958 nos
1532 932 1558 958 in
1575 931 1626 957 illis
1642 938 1708 957 con-

915 981 1027 1009 stituet?
1043 988 1137 1008 eorum
1153 980 1281 1007 videlicet
1298 985 1427 1013 tanquam
1443 985 1568 1004 verorum
1588 977 1708 1003 admira-

916 1027 989 1053 tione
1006 1025 1155 1060 pcreulsos,
1168 1030 1195 1051 et
1210 1031 1241 1051 ea
1255 1027 1443 1058 peroptantes,
1461 1022 1509 1048 sed
1526 1024 1635 1056 pr0pter
1654 1021 1707 1047 hu-

914 1080 1023 1100 manam
1038 1071 1262 1102 imbecillitatem,
1274 1077 1333 1103 quae
1344 1077 1378 1096 ex
1392 1072 1566 1103 peccatorum
1583 1067 1706 1093 multitu-

915 1121 977 1147 dine
992 1120 1090 1151 oritur,
1107 1118 1157 1145 sibi
1179 1124 1231 1144 non
1250 1115 1440 1147 lidentcs,l‘ore
1462 1118 1491 1140 ιιι
1506 1121 1536 1141 ea
1550 1113 1660 1140 videant
1677 1117 1707 1139 et

916 1165 941 1192 in
958 1164 1010 1191 illis
1024 1164 1125 1190 vivant.
1151 1162 1204 1189 Alii
1221 1168 1285 1188 vero
1301 1161 1373 1195 quod
1388 1159 1488 1187 dicitur
1501 1178 1509 1190 ,
1524 1159 1564 1186 sic
1583 1158 1706 1192 explica-

915 1209 991 1239 bunt,
1007 1216 1059 1236 non
1075 1207 1185 1235 omnino
1200 1204 1349 1240 posse,nisi
1365 1213 1380 1230 a
1397 1202 1576 1237 sapientibus,
1587 1201 1661 1229 clare
1677 1206 1706 1229 et

915 1258 1008 1288 aperte
1031 1253 1146 1287 intelligi
1164 1252 1228 1286 quid
1245 1249 1299 1277 sint
1319 1249 1364 1276 illa
1380 1248 1449 1275 bona
1465 1255 1525 1282 qua:
1548 1255 1595 1280 per
1611 1253 1706 1281 repro-

915 1300 1069 1326 missionem
1098 1301 1229 1332 scriptum
1254 1300 1296 1324 est
1319 1295 1414 1322 electis
1436 1295 1527 1321 datum
1550 1293 1603 1320 iri:
1630 1293 1704 1319 verbi

913 1347 1011 1381 gratia,
1027 1353 1150 1380 quaenam
1167 1345 1202 1371 sit
1216 1349 1287 1370 terra
1302 1350 1383 1377 quam
1397 1341 1598 1368 haereditabunt
1614 1340 1707 1371 mites,

915 1393 979 1426 quid
996 1391 1165 1419 baércditatis
1181 1390 1290 1416 nomine
1306 1387 1512 1421 intelligendum
1529 1386 1575 1418 sit,
1589 1385 1652 1418 quid
1669 1385 1706 1412 sit

915 1443 1024 1473 propter
1039 1438 1127 1465 cordis
1151 1436 1294 1471 puritatem
1315 1434 1409 1460 videre
1426 1433 1509 1459 Deum
1528 1430 1708 1462 iuvisibilem,

915 1492 994 1519 quem
1013 1491 1092 1511 nemo
1106 1483 1172 1509 vidit
1186 1488 1303 1515 unquam
1317 1489 1324 1507 :
1337 1480 1414 1513 cujus
1430 1479 1467 1506 rei
1482 1485 1573 1509 causa,
1590 1477 1704 1510 quibus-

914 1538 947 1558 ve
964 1530 1043 1557 factis
1057 1551 1065 1563 ,
1092 1531 1138 1564 qui
1155 1536 1227 1555 nunc
1242 1527 1343 1562 lugent,
1361 1531 1454 1561 postea
1471 1525 1526 1552 sint
1539 1523 1705 1551 consolatio-

915 1584 975 1603 nem
990 1576 1144 1609 accepturi:
1161 1575 1231 1609 quod
1247 1575 1321 1606 item,
1335 1577 1362 1600 et
1374 1571 1453 1607 quale
1468 1571 1504 1598 sit
1520 1578 1633 1605 regnum
1647 1576 1705 1595 coe-

913 1622 1012 1650 lorum.
1032 1621 1105 1647 Multi
1119 1627 1183 1654 ergo
1200 1619 1342 1646 audientes
1358 1625 1417 1652 qua:
1435 1617 1460 1644 in
1478 1615 1628 1650 Scripturis
1643 1622 1704 1649 prc-

914 1668 995 1695 tnissa
1016 1671 1078 1693 sunt
1104 1666 1194 1698 bona,
1216 1669 1244 1692 et
1271 1668 1398 1699 optantes
1424 1670 1453 1689 ea
1482 1662 1660 1696 intelligentia
1676 1663 1704 1685 et

913 1718 1004 1740 lllettlc
1031 1711 1180 1746 percipere,
1207 1711 1300 1737 dicunt
1323 1718 1330 1736 :
1358 1719 1369 1735 ε
1392 1708 1457 1741 Quis
1476 1708 1601 1735 ostendet
1626 1707 1705 1734 nobis

913 1756 993 1793 565
1003 1756 1090 1783 bona?
1104 1765 1115 1782 ›
1129 1755 1210 1782 Pauci
1225 1755 1295 1782 enim
1310 1758 1373 1780 sunt
1386 1754 1442 1787 qui,
1456 1757 1483 1780 ut
1499 1753 1626 1784 diximus,
1643 1760 1706 1786 pos-

912 1804 967 1830 sint.
980 1801 1122 1830 ostendere
1138 1800 1217 1834 bona,
1233 1800 1266 1826 ad
1279 1800 1363 1826 instar
1372 1798 1458 1831 Pauli,
1468 1798 1512 1833 qui
1525 1805 1555 1825 ea
1569 1799 1650 1824 verbo
1665 1805 1706 1824 re-

912 1852 1076 1883 praesentare
1092 1851 1210 1881 poterat,
1239 1850 1268 1872 ut
1289 1844 1387 1872 alicubi
1409 1844 1475 1872 dicit
1492 1844 1514 1860 "
1531 1850 1538 1870 ι
1558 1853 1570 1870 r
1587 1843 1642 1872 Nos
1654 1852 1704 1870 an-

913 1899 965 1921 tem
982 1901 1091 1920 sensum
1104 1893 1204 1920 Christi
1219 1892 1365 1924 habemus,
1378 1895 1407 1918 ut
1420 1891 1540 1918 sciamus
1552 1897 1635 1924 quaza
1649 1890 1704 1917 Deo

912 1940 1011 1966 donata
1034 1944 1097 1965 sunt
1114 1938 1204 1969 nobis,
1220 1945 1279 1972 quite
1299 1942 1327 1964 et
1344 1936 1482 1970 loquimur
1499 1943 1550 1962 non
1570 1936 1599 1962 in
1617 1935 1706 1963 doctis

912 1985 1035 2012 lmmante
1052 1984 1192 2018 sapientiae
1209 1983 1310 2014 verbis,
1324 1982 1372 2009 sed
1390 1982 1416 2008 in
1432 1981 1555 2008 doctrina
1572 1981 1702 2016 spiritus,

911 2030 1098 2064 spiritualibus
1112 2030 1263 2062 spiritualia
1280 2033 1496 2062 comparantes:
1515 2027 1592 2062 Stepe
1613 2031 1702 2054 autem

911 2077 1115 2103 observavimus
1128 2075 1191 2103 illud
1202 2095 1210 2107 ,
1223 2085 1232 2100 ι
1247 2075 1321 2109 quis,
1333 2084 1343 2100 ι
1363 2075 1388 2101 in
1400 2081 1489 2101 rerum
1506 2073 1616 2100 raritate
1625 2081 1706 2100 usur-

913 2121 970 2155 pari
983 2142 990 2153 ,
1008 2126 1036 2148 ut
1053 2130 1115 2148 eum
1136 2121 1236 2148 dicitur
1253 2120 1275 2135 ³⁷
1293 2127 1301 2147 :
1321 2129 1330 2146 ι
1356 2119 1421 2152 Quis
1439 2119 1526 2146 ﬁdelis
1539 2124 1566 2146 et
1586 2119 1706 2152 prudens

913 2167 1098 2200 dispensalor?
1110 2176 1119 2192 ι
1130 2172 1158 2194 et
1170 2166 1204 2199 ³⁸,
1213 2173 1222 2189 ε
1234 2165 1300 2199 Quis
1315 2166 1422 2200 sapiens
1429 2169 1456 2192 et
1468 2165 1598 2200 intelliget
1607 2165 1704 2191 heze‘h

913 2219 940 2240 et
952 2213 984 2246 ",
997 2222 1006 2238 ι
1019 2212 1139 2244 Domine,
1149 2213 1209 2246 quis
1219 2211 1370 2246 requiescet
1381 2211 1406 2238 in
1418 2216 1509 2238 monte
1519 2216 1614 2237 saneto
1623 2210 1681 2236 tuo?
1690 2219 1701 2236 ι

914 2259 960 2286 Sic
977 2264 1005 2286 et
1019 2259 1064 2286 hic
1079 2259 1177 2286 dicitur
1196 2265 1203 2284 :
1220 2266 1231 2283 ι
1242 2257 1307 2290 Quis
1315 2257 1439 2284 ostendet
1453 2257 1531 2284 nobis
1548 2256 1637 2283 bona?
1655 2265 1664 2281 ι

916 2406 1034 2435 Ξωιοηιο
1047 2407 1073 2434 in
1087 2411 1208 2442 quartum
1223 2406 1364 2442 psalmum,
1381 2408 1414 2433 ad
1431 2407 1478 2434 illa
1493 2406 1568 2434 verba
1578 2414 1588 2432 :
1599 2416 1608 2431 ι
1622 2405 1702 2433 Μαίη

1044 2444 1147 2474 dicunt,
1165 2443 1230 2475 Qui:
1243 2443 1358 2469 ostendet
1373 2443 1446 2469 nobis
1463 2442 1551 2468 bona?
1565 2451 1576 2468 ι

949 2488 1018 2516 Cum
1035 2489 1061 2516 in
1079 2496 1176 2524 magna
1196 2488 1382 2515 controversia
1403 2492 1430 2515 et
1449 2487 1622 2514 contentione
1642 2495 1703 2514 ver-

913 2542 999 2568 setur,
1017 2544 1139 2571 quamam
1158 2537 1228 2564 bona
1243 2540 1270 2563 et
1284 2543 1407 2570 qttmnam
1423 2534 1490 2561 mala
1506 2535 1617 2566 sint;et
1631 2542 1701 2560 non-

914 2574 979 2609 nulli
994 2582 1138 2614 allii-auerti,
1156 2590 1206 2609 nec
1220 2582 1303 2614 bona,
1318 2589 1366 2608 nec
1385 2580 1454 2608 mala
1466 2580 1608 2606 arbitraria
1623 2587 1704 2612 esse;

915 2633 1007 2662 utpote
1025 2628 1070 2662 qui
1087 2627 1252 2662 voluptatem
1271 2628 1381 2659 bonum,
1399 2626 1498 2654 malum
1513 2633 1576 2653 vero
1590 2625 1614 2652 id
1630 2627 1706 2660 quod

914 2673 1056 2700 molestum
1080 2679 1140 2703 est,
1166 2673 1357 2706 pronuntient;
1379 2672 1424 2699 alii
1445 2679 1510 2699 vero
1532 2671 1558 2698 in
1579 2671 1612 2698 iis
1636 2671 1703 2698 solis

912 2727 972 2755 quae
987 2719 1072 2746 libere
1089 2719 1279 2754 suscipiuntur
1294 2719 1364 2746 bona
1378 2723 1406 2746 et
1420 2718 1490 2745 mala
1504 2717 1656 2750 includam;
1673 2722 1703 2745 et

915 2766 1030 2792 virtutes
1044 2764 1151 2798 quidem
1172 2772 1322 2798 earumque
1340 2765 1462 2792 actiones
1478 2764 1549 2792 solas
1563 2764 1632 2792 bona
1650 2771 1698 2792 vo-

1087 2820 1109 2836 “
1126 2820 1171 2847 Ps.
1186 2829 1240 2851 cvi,
1254 2821 1298 2848 45.

914 2829 988 2852 xxnv.
1004 2821 1049 2848 45.
1087 2821 1109 2836 ³⁸
1126 2821 1171 2847 Ps.
1186 2829 1240 2851 cvi,
1254 2821 1298 2848 45.
1336 2821 1358 2838 ³⁹
1371 2822 1414 2849 ινδ.
1434 2829 1489 2854 xtv,
1504 2823 1529 2851 1.

102 2869 160 2906 (98)
172 2871 206 2896 01
216 2867 277 2903 μὲν
291 2869 501 2903 ἁπλούστερος
518 2875 569 2896 etc.
585 2869 671 2897 Codd.
689 2869 757 2904 lloe,
771 2868 838 2897 llam

931 2869 1014 2897 :hedtc
1029 2868 1195 2901 Cotubtlisti,
1212 2869 1303 2897 Daniel
1317 2869 1464 2897 Barbarus.
