1882 3053
56 92 120 120 1157

530 90 690 118 ‘SELECTA
708 91 740 118 ΙΝ
758 89 927 119 PSALMOS.
945 107 980 113 —
997 91 1097 121 PSAL.
1118 92 1162 121 IV.

1611 98 1680 126 “'58

55 152 127 178 »οσον
152 149 326 186 σωματικὴν,
350 149 395 176 καὶ
417 149 451 176 τὰ
475 151 552 182 ἐκτὸς
577 150 742 186 νομιζόμενα
766 161 798 179 κα

935 154 1028 179 ttivum
1046 154 1126 181 fuerit
1149 161 1181 180 ea
1205 161 1264 188 qum
1281 153 1331 181 .Iob
1347 155 1514 188 aet-iderunt,
1536 156 1562 183 in
1585 164 1678 185 comm

53 199 104 229 τοῖς
122 196 294 232 ἠσεΰηγόσιν,
314 197 330 232 ἢ
350 196 564 231 ἐπαγγέλλεσθαι
586 197 740 232 ὑγιαίνοντα
769 197 838 225 εἶναι

53 244 84 270 τὰ
96 243 217 278 σώματα,
231 243 278 270 καὶ
289 243 448 279 περιουσίαν
463 242 571 270 ἔσεσθαι
583 245 638 274 τοῖς
649 243 688 278 τῷ
701 243 760 277 Θεῷ
774 253 839 271 κατ-

53 289 251 325 ηκολουθηκόσι.
282 289 344 321 Πῶς
362 289 390 315 δὲ
407 289 457 316 οὐκ
473 289 576 324 ἠλίθιον
592 290 639 316 ἐπὶ
664 291 720 321 τοῖς
744 292 839 322 κακοῖς

54 335 121 369 μέγα
142 336 250 370 φρονεῖν
272 335 319 361 καὶ
337 336 430 370 αὐχεῖν
454 336 517 368 τοὺς
542 336 622 367 ὕντας
638 337 666 362 ὲν
684 335 789 368 αὑτοῖς;
806 337 838 363 Εἰ

53 381 102 415 γὰρ
115 381 198 407 κακαὶ⁸
216 381 245 407 αἱ
258 381 381 416 θλίψεις,
405 381 473 416 φησὶ
494 382 522 408 δὲ
545 383 559 408 ὁ
587 382 748 414 Ἀπόστολος
769 391 837 409 καυ-

51 427 145 462 χᾶσθαι
160 428 188 454 ὲν
203 429 297 460 κακοῖς
308 436 314 442 ·
327 427 407 454 τοῦτο
418 429 446 455 δὲ
457 428 570 463 ἠλίθιον,
582 429 628 455 καὶ
643 430 658 455 ὁ
678 429 838 461 Ἀπὸστολος

51 473 98 499 οὐκ
115 472 233 508 ἠλίθιος·
254 474 304 500 οὐκ
319 474 373 509 ἄρα
393 473 467 500 κακὰ
487 474 521 501 τὰ
546 474 635 500 τοιάδε
652 474 837 509 γυμνάσματα

50 518 93 544 τοῦ
113 518 190 552 ἁγίου
201 526 207 532 ·
223 519 309 550 ὅστις,
323 519 352 544 ἐν
369 519 450 545 παντὶ
461 519 633 555 θλιϐόμενος,
650 520 680 546 οὺ
702 528 836 555 στενοχω-

52 566 151 599 ρετται·
171 564 375 600 ἀπορούμενος,
402 565 451 591 οὐκ
469 565 716 599 ἐγκαταλείπεται·
741 574 837 601 πειρα-

50 610 174 644 ζόμενος,
201 610 231 636 οὐ
253 609 429 637 θανατοῦται·
461 609 637 646 νομιζόμενος
665 609 733 637 εἶναι
761 619 836 637 πτω-

50 655 102 689 χὸς,
119 655 232 687 πολλοὺς
255 655 410 687 πλουτίζειο
434 656 481 682 καὶ
503 655 762 691 ὑπολαμϐανόμενος
782 665 835 691 μη-

49 701 90 728 δὲν
123 702 281 737 κεκτῆσθαι,
307 701 396 728 παντὰ
426 702 553 736 κατέχει·
579 702 626 728 τοῦ
654 702 708 738 γὰρ
738 702 835 728 πιστοῦ

49 748 103 779 ὅλος
133 749 147 774 ὁ
178 748 281 783 κόσμος
312 747 366 774 τῶν
393 748 559 783 χρημάτων·
589 747 636 774 τοῦ
667 748 696 774 δὲ
722 749 834 775 ἀπίστου

47 794 104 820 οὐδὲ
127 793 229 826 ὀϐολός.
265 794 326 820 Ἔτι
349 793 377 819 δὲ
400 794 496 820 ἕπεται
525 795 581 825 τοῖς
612 793 833 829 ὑπολαμϐάνουσι

891 206 1021 226 revocare
1040 199 1211 233 memoriam,
1234 201 1280 236 qui
1298 209 1327 227 ea
1344 200 1413 227 mala
1438 208 1498 228 esse
1515 206 1630 235 putant:
1651 208 1680 229 ut

890 250 1030 279 postquam
1047 245 1193 272 fortissime
1208 246 1367 281 perfunctus
1384 253 1425 273 est
1442 247 1474 275 iis
1490 255 1549 281 qum
1563 247 1680 274 circum-

890 291 1002 318 SIabant
1017 292 1223 324 certaminibus,
1239 293 1271 319 de
1287 293 1345 327 ipso
1358 293 1425 320 liber
1439 293 1474 320 ait
1490 294 1532 320 “z
1553 303 1562 319 ε
1579 295 1619 320 An
1632 302 1680 328 pu-

891 341 931 363 tas
956 336 1036 363 aliam
1055 337 1090 364 ob
1107 346 1216 364 causam
1240 346 1284 365 me
1305 344 1395 366 tecum
1416 347 1477 366 esse
1494 340 1678 370 collocutum,

889 382 940 408 ttisi
960 387 988 409 ut
1004 381 1096 415 justus
1113 384 1283 417 apparares?
1298 394 1307 410 ι
1327 385 1354 411 Si
1378 385 1450 412 enim
1468 393 1520 412 non
1536 386 1616 412 aliter
1628 385 1681 413 Joh

887 433 1002 461 apparet
1014 427 1115 461 justus,
1134 437 1215 462 quam
1230 430 1300 464 quod
1313 430 1389 458 hicet
1401 431 1516 458 illecum
1529 438 1610 458 casus
1623 432 1678 458 cir-

893 474 1098 506 σηιυινίιιιιιήιιι,
1126 475 1262 508 (11101110110
1294 484 1365 502 1111110
1400 477 1589 503 γοαινρτὶιιιυε
1620 485 1680 510 qua:

892 524 982 543 causa:
999 516 1119 549 fuerunt,
1137 526 1188 545 cur
1205 519 1311 553 justitia
1325 521 1408 554 ipsius
1423 521 1563 548 elucet-et?
1577 522 1613 548 lix
1636 522 1679 549 his

889 563 972 590 etiam
994 563 1124 598 colligere
1140 564 1213 596 licet,
1236 573 1324 598 neque
1350 567 1485 593 diabolum
1504 567 1563 594 viro
1583 573 1679 594 sant-to

888 609 988 636 maltttu
1000 617 1072 636 esse.
1085 609 1135 637 Job
1150 611 1233 645 igitur
1250 611 1374 639 diabolus
1386 613 1486 638 malum
1503 620 1555 639 non
1567 614 1677 642 erat“:

890 665 899 682 ι
919 656 986 689 Quia
1009 656 1185 691 diligentibus
1204 657 1287 684 Deum
1325 659 1416 685 omnia
1442 659 1468 685 itt
1491 659 1590 686 bonum
1609 659 1680 687 Dens

887 702 1074 734 administrat,
1089 702 1123 730 iis
1142 702 1187 737 qtti
1200 702 1278 737 juxta
1298 704 1466 738 propositum
1481 705 1570 732 vocati
1584 710 1675 732 sunt.»

888 747 1020 774 l’rteterea
1037 748 1159 776 dicemus
1173 750 1303 776 nonsatis
1317 750 1569 784 apparere,justutu
1583 758 1678 778 earum

888 792 946 820 fore
962 794 1181 821 benedictionem
1209 795 1370 830 participem
1393 803 1451 830 qua:
1470 796 1496 822 in
1524 796 1677 831 Seripturis

48 839 114 866 κατὰ
139 839 190 874 τὴν
218 839 330 874 Γραφὴν
352 839 416 874 τρία
447 839 512 874 γένη
541 839 595 865 τῶν
615 839 725 873 ἀγαθῶν
752 837 791 866 εἴν

938 839 980 865 itte
998 839 1070 866 bona
1096 840 1310 867 existimantur:
1329 841 1421 868 multa:
1444 842 1545 876 quippe
1568 842 1601 869 tle
1619 842 1677 868 viro

46 885 119 920 δῆλον
129 884 156 911 δὲ
169 885 209 912 ὅτι
218 886 263 911 καὶ
275 884 328 911 τῶν
342 884 444 916 xaxﬁtv,
457 885 520 916 τοὺς
534 885 655 918 δικαίους
671 886 714 912 ἀεὶ
725 886 754 912 ἐν
769 886 833 913 πολ-

47 932 98 964 λοῖς
112 934 206 964 κακοῖς
220 930 298 960 εἶναι·
315 933 501 968 ἀληθευούσης
515 932 565 967 τῆς
580 932 713 968 λεγούσης
727 941 832 968 προφη-

47 978 124 1010 τείας·
148 988 156 1004 ι
174 978 273 1005 Πολλαὶ
292 979 320 1005 αἱ
341 978 445 1013 θλίψεις
464 978 517 1004 τῶν
538 977 660 1006 δικαίων.
683 988 692 1004 ι
710 978 765 1005 Οὐκ
778 978 832 1013 ἄρα

47 1023 72 1049 δὲ
83 1024 135 1059 (12)
144 1024 190 1050 καὶ
199 1024 253 1050 τῶν
261 1024 299 1059 τῷ
316 1023 376 1050 Ἰὼϐ
385 1024 597 1059 συμϐεϐηκότων
606 1024 762 1059 ὑπομνῆσαι
770 1025 833 1056 τοὺς

47 1069 180 1103 οἰομένους
200 1069 263 1095 τάδε
285 1068 345 1096 τινὰ
364 1068 438 1096 κακὰ
462 1066 543 1095 εἶναι·
557 1069 594 1101 ὡς
610 1069 624 1095 ὁ
642 1069 832 1105 χρηματισμὸς

48 1114 111 1148 μετὰ
124 1114 153 1140 τὸ
165 1115 285 1149 ἐνεγκεῖν
300 1114 479 1149 γενναιότατα
488 1115 551 1147 τοὺς
568 1115 749 1151 περιστάντας
761 1115 832 1149 ἀγῶ-

48 1168 100 1191 νας,
115 1160 207 1196 φησίν·
232 1169 241 1185 ι
258 1161 320 1188 Οἴει
334 1160 362 1187 δέ
380 1169 413 1195 με
429 1160 515 1192 ἄλλως
530 1169 570 1188 σοι
584 1162 830 1197 κεχρηματικέναι,

48 1206 113 1239 ῆῖνα
128 1206 268 1241 ἀναφανῇς
281 1205 396 1237 δὶκαιος;
418 1216 427 1231 ι
438 1206 469 1232 Ei
484 1205 538 1241 γὰρ
553 1207 603 1233 οὐκ
617 1207 702 1238 ἄλλως
717 1207 832 1241 ἀναφαί-

48 1252 138 1278 νεταιό
157 1252 217 1278 Ἰὼϐ
232 1253 335 1284 δίκαιος
351 1252 367 1288 ἦ
380 1253 412 1278 ἐκ
419 1253 466 1279 τοῦ
481 1252 545 1279 τάδε
567 1253 638 1285 τινὰ,
653 1254 754 1280 καὶτοῦ
768 1254 831 1281 τάδε

48 1298 115 1333 αὐτῷ
143 1298 216 1326 κακὰ
239 1298 367 1334 λέγοιμεν
389 1298 523 1334 ὑπάρχειν
546 1299 614 1334 (15),
637 1299 672 1326 τὰ
690 1300 764 1326 αἰτια
783 1300 831 1326 τοῦ

47 1344 176 1380 ἀναφῆναι
200 1344 284 1371 αὑτοῦ
312 1344 360 1380 τὴν
385 1344 573 1380 δικαιοσύνηνς
604 1345 740 1381 Ἑπόμενα
756 1345 779 1372 δ’
798 1346 832 1372 ἂν

47 1391 144 1422 τούτοις
162 1391 205 1426 εἴη
219 1390 286 1426 μηδὲ
299 1390 345 1416 τὺν
359 1390 480 1417 διάϐολον
491 1390 531 1425 τῷ
545 1390 615 1426 ἁγίῳ
628 1390 712 1417 κακὸν
731 1391 832 1426 τυγχά-

47 1444 106 1462 νειν·
121 1437 159 1472 τῷ
174 1437 196 1463 δ’
210 1435 256 1464 οὖν
276 1436 335 1462 Ἰὼϐ
345 1436 487 1468 ὁδιάὸολος
504 1437 588 1463 κακὸν
599 1437 649 1463 οὐκ
659 1435 702 1472 ἦν·
723 1447 731 1462 ι
755 1438 832 1465 Ἐπεὶ

47 1484 96 1513 τοῖς
109 1482 235 1517 ἀγαπῶσι
250 1482 296 1508 τὸν
309 1482 374 1508 Θεὺν
393 1482 481 1508 πάντα
499 1484 625 1518 συνεργεῖ
640 1483 680 1514 είς
695 1483 796 1517 ἀγαθὸν
817 1484 831 1510 ὁ

45 1527 115 1560 Θεὸς,
129 1530 184 1560 τοῖς
196 1528 266 1555 κατὰ
278 1528 406 1563 πρόθεσιν
417 1527 524 1564 κλητοῖς
532 1526 616 1555 οὖσιν.
636 1538 644 1553 ι
658 1529 718 1555 Ἔτι
726 1529 753 1555 δὲ
764 1529 832 1565 πρὸς
846 1517 867 1546 C

46 1574 143 1606 τούτοις
159 1574 237 1610 παρὰ
257 1574 288 1600 τὸ
301 1573 415 1609 ἐναργὲς
429 1571 499 1601 εἷναί
515 1582 606 1609 φαμεν
621 1574 652 1600 τὸ
670 1574 715 1601 τὸν
729 1575 832 1601 δίκαιον

46 1619 72 1644 ὲν
95 1621 151 1651 ταῖς
167 1619 239 1646 κατὰ
252 1619 282 1645 τὸ
296 1619 376 1654 ῥητὸν
391 1619 528 1653 εὐλογίαις
542 1619 714 1646 ἔσεσθαιτῶν
728 1621 756 1646 ὲν
772 1622 832 1653 ταῖς

47 1664 159 1699 1’ραφαίς
171 1665 339 1700 ἐγκειμένων
351 1664 536 1700 νομιζομένων
545 1664 665 1699 ἀγαθῶν·
679 1665 763 1701 πολλὴ
778 1666 832 1702 γὰρ

47 1711 178 1746 ἱστορίαή
201 1711 266 1747 περὶ
292 1711 339 1737 τοῦ
363 1711 441 1745 ἁγίου
458 1710 639 1746 ἐξεταζομένη
665 1711 832 1738 ἐναντιοῦται

47 1757 100 1787 ταῖς
115 1757 254 1789 τοιαύταις
269 1757 402 1792 ὲκδοχαῖς·
414 1757 460 1784 καὶ
476 1756 588 1792 ἀνόητόν
601 1757 659 1783 ἐστι
670 1758 699 1783 τὸ
715 1758 833 1793 ὑπολαμ-

47 1801 130 1828 ϐάνειν
141 1802 282 1837 δανειστὴν
290 1802 334 1828 τον
346 1802 420 1836 ἅγιον
433 1801 541 1828 ἔσεσθαι
556 1801 661 1828 πολλῶν
677 1802 761 1829 ἐθνῶν
769 1812 832 1838 τρα-

48 1848 125 1880 πέζας
141 1848 214 1875 κατὰ
231 1849 308 1874 πόλιν
319 1848 470 1882 ἀνοίγοντα,
487 1848 535 1874 καὶ
552 1848 759 1884 περισπώμενον
768 1848 832 1883 περὶ

47 1893 89 1924 τὰς
103 1894 189 1926 δόσεις
203 1895 252 1920 καὶ
268 1894 372 1930 λήψεις,
389 1894 435 1920 καὶ
449 1894 578 1921 ποιοῦντα
592 1894 742 1930 πράγματα
757 1895 830 1929 ἀπη-

46 1940 202 1974 γορευμέναθ
223 1948 231 1964 t
246 1939 282 1965 Τὸ
294 1938 425 1974 ἀργύριον
439 1939 493 1974 γὰρ
508 1938 589 1965 αὐτοῦ
606 1939 655 1965 οὐκ
673 1939 771 1965 ἔδωκεν
785 1939 832 1965 ἐπὶ

46 1985 120 2020 τόκῳ,
136 1986 181 2012 καὶ
201 1984 342 2020 Empta-inf
352 1983 450 2016 ἀθώοις
470 1984 521 2010 οὐκ
545 1984 634 2011 ἐλαϐε-
657 1985 703 2011 καὶ
717 1985 731 2010 ὁ
748 1984 831 2011 ποιῶν

45 2030 123 2058 ταῦτα
139 2031 169 2057 οὐ
196 2030 394 2065 σαλευθήσεται
415 2031 454 2061 εἰς
473 2030 518 2056 τὸν
535 2030 631 2057 αἰῶνα.
656 2040 665 2056 ι
685 2030 739 2057 Καὶ
762 2030 832 2057 κατὰ

45 2076 86 2102 τον
103 2076 246 2112 Ἰεζεκιὴλ⁵
268 2085 278 2101 ι
303 2077 332 2103 '0
352 2075 429 2110 ἅγιος
450 2076 496 2102 ἐπὶ
517 2076 589 2110 τόκῳ
607 2076 654 2102 καὶ
669 2075 831 2110 πλεονασμῷ

45 2123 89 2148 οὐκ
102 2123 182 2150 ἔδωκε
201 2123 232 2149 τὸ
244 2123 386 2158 ἀργύριον.
409 2132 417 2148 ι
431 2122 468 2148 Τὸ
483 2121 511 2149 δὲ
525 2122 572 2148 καὶ
583 2122 698 2157 πυρετὸν
711 2121 831 2156 νομίζειν

45 2167 84 2195 διὰ
95 2168 143 2200 τὰς
155 2168 295 2204 ἁμαρτίας
304 2168 426 2202 γίνεσθαι
439 2167 610 2195 ἀπαιδεύτων
623 2168 664 2198 εἰς
677 2167 830 2203 ὑπερϐολήν

45 2213 98 2239 ἐστι
112 2213 210 2248 δόγμα,
229 2213 359 2244 πολλάκις
375 2213 430 2240 τῶν
450 2213 544 2240 αἰτίων
563 2213 612 2248 τῆς
625 2213 730 2239 τοιᾶσδε
752 2212 830 2239 νόσου

46 2258 179 2293 προδήλων
190 2258 287 2284 ὅντων·
306 2257 322 2292 ἢ
334 2258 388 2293 γὰρ
400 2257 444 2284 διὰ
459 2257 488 2283 τὺ
505 2257 642 2292 περιέχον,
656 2257 671 2292 ἢ
684 2256 727 2283 διὰ
743 2256 831 2283 τοιάδε

46 2302 134 2335 ὖδατα,
145 2304 161 2339 ἦ
174 2303 220 2330 διὰ
233 2303 339 2329 τοιάσδε
350 2302 463 2338 τροφάς·
477 2302 556 2328 καὶεί
569 2299 636 2328 ἆθλα
649 2303 706 2333 τοῖς
717 2301 832 2333 δικαίοις

45 2348 120 2381 ὑγεία
135 2349 183 2374 καὶ
195 2347 321 2379 πλοῦτος,
338 2347 421 2382 ἐχρῆν
435 2347 535 2382 μηδένα
554 2347 608 2373 τῶν
621 2347 726 2373 ἀσεϐῶν
744 2346 833 2381 ὑγιαὶ-

47 2402 105 2426 vam,
122 2395 188 2430 μηδὲ
201 2394 336 2420 πλουτεῖν.
361 2394 469 2427 Ὑγείαν
483 2393 510 2419 δὲ
522 2394 572 2428 τὴν
583 2394 686 2420 τοιάνδε
695 2393 832 2420 κατάστα-

47 2448 84 2465 σιν
95 2440 143 2476 τῆς
159 2441 251 2476 ψυχῆς
268 2439 408 2475 ζητητέον,
427 2439 475 2466 καὶ
496 2439 609 2465 πλοῦτον
630 2439 675 2465 τὸν
691 2439 761 2466 κατὰ
786 2439 832 2465 τὸν

47 2485 202 2521 Σολομῶντα
218 2486 316 2520 λύτρον
328 2485 495 2520 τυγχάνοντα
513 2485 562 2520 τῆς
578 2484 678 2519 ψυχῆς,
706 2484 830 2518 λέγοντα·

48 2541 56 2557 ι
75 2532 177 2568 Λύτρον
192 2532 290 2567 ἀνδρὸς
309 2531 399 2567 ψυχῆς
418 2533 432 2558 ὁ
447 2531 511 2562 ἴδιος
531 2531 654 2562 πλοῦτος.
675 2540 684 2556 ι
701 2530 833 2556 Φευκτέον

45 2576 70 2603 δὲ
84 2579 186 2610 πενίαν,
207 2578 268 2605 καθ’
284 2579 318 2612 ἢν
335 2577 552 2613 ἀναγέγραπται·
576 2587 585 2602 ι
605 2576 715 2611 Πτωχὸς
734 2576 763 2602 δὲ
785 2575 834 2610 οὐχ

47 2623 186 2658 ὑφίσταται
209 2624 335 2658 ἀπειλήν.
352 2633 361 2649 ι
380 2624 439 2650 Ἔτι
455 2623 484 2650 δὲ
505 2623 662 2658 τραύματα,
678 2621 724 2648 καὶ
738 2621 834 2654 μώλω-

581 2701 658 2728 "Ps.
676 2700 767 2733 Xl\',5.

78 2705 99 2720 '°
110 2704 170 2732 Job.
183 2712 228 2734 ιιι,
241 2703 268 2730 5.

78 2775 131 2810 (1‘2)
145 2775 217 2808 Ἄρα
288 2773 351 2807 Leg.
366 2774 479 2809 ἄκαιρον
493 2773 531 2810 δέ.

307 2703 327 2720 ¹¹¹
341 2702 420 2730 Rom.
430 2702 543 2736 vttt,28.

807 2700 829 2715 ⁸³
839 2698 937 2727 Ezeth.
948 2706 1022 2731 mn,
1034 2699 1059 2725 8.

887 885 931 912 illo
947 885 1165 912 sattctoltistoriav
1177 886 1199 913 si
1213 887 1410 922 expenduntur,
1422 887 1500 913 istaut
1518 887 1678 921 interpreta-

887 933 985 959 tionem
1008 932 1146 960 refellunt.
1163 933 1230 966 Quis
1247 933 1319 960 enim
1341 933 1533 960 fmttoratorem
1550 938 1676 961 sanctum

886 984 947 1004 esse
962 984 1046 1004 sanus
1058 977 1206 1010 existimet,
1221 978 1265 1012 qtti
1280 978 1372 1005 tuultis
1387 979 1513 1013 gentibus
1530 986 1638 1006 mensas
1650 979 1677 1006 in

886 1023 996 1050 civitate
1010 1023 1127 1058 aperiat,
1144 1028 1169 1050 et
1187 1024 1213 1050 in
1229 1024 1319 1052 dando
1334 1029 1361 1051 et
1385 1025 1544 1059 aceipiendo
1560 1033 1677 1060 occupe-

887 1073 940 1100 tttr,
956 1074 983 1096 et
1001 1075 1043 1096 res
1070 1069 1168 1096 vetitas
1188 1069 1289 1096 faciat?
1310 1079 1318 1095 ι
1337 1070 1483 1097 Pecuniam
1500 1073 1572 1097 (‘llitll
1598 1079 1676 1098 suam

886 1122 939 1141 non
957 1115 1032 1142 dedit
1046 1115 1157 1146 fcettori.
1174 1121 1201 1142 et
1215 1124 1327 1143 munera
1346 1124 1428 1151 super
1448 1117 1609 1144 innocentes
1623 1125 1676 1144 non

887 1161 993 1195 accepit
1012 1169 1019 1186 :
1038 1166 1065 1188 et
1084 1161 1129 1196 qui
1156 1160 1222 1187 facit
1238 1161 1305 1194 inec,
1324 1170 1375 1188 noti
1404 1162 1621 1189 connnovehitur
1646 1162 1674 1189 in

884 1211 1014 1232 internum
1029 1205 1063 1232 ε’.
1078 1215 1086 1231 ι
1101 1205 1133 1232 Et
1145 1205 1171 1232 itt
1184 1205 1356 1232 Ezechiele“
1368 1215 1374 1232 :
1387 1215 1396 1231 ι
1408 1206 1523 1233 Sanetus
1543 1207 1627 1234 feuori
1646 1213 1675 1234 et

886 1249 963 1276 lucro
991 1251 1131 1284 pecuniam
1159 1259 1211 1277 ttott
1237 1252 1392 1286 occupavit.
1414 1262 1424 1278 ι
1446 1252 1498 1279 Sed
1524 1257 1551 1279 ct
1576 1252 1673 1280 febrim

885 1301 997 1330 propter
1011 1303 1121 1330 peccata
1136 1297 1274 1329 accidere,
1301 1305 1379 1324 nemo
1396 1298 1448 1325 nisi
1464 1298 1609 1324 admodum
1630 1307 1675 1325 rn-

885 1343 928 1370 (iis
935 1348 962 1370 et
976 1344 1085 1378 ignarus
1098 1344 1306 1377 existimaverit,
1319 1352 1381 1371 cttttt
1392 1344 1471 1377 httjus
1484 1345 1569 1371 morbi
1585 1353 1675 1372 causa:

885 1396 956 1424 sape
980 1390 1132 1417 manifesta:
1148 1390 1202 1417 sint
1219 1399 1227 1417 :
1242 1395 1290 1417 aut
1313 1391 1385 1417 enim
1407 1396 1516 1424 propter
1535 1390 1674 1417 continett-

886 1439 939 1462 tent
965 1442 1068 1468 acrem,
1090 1436 1131 1463 vel
1157 1441 1270 1470 propter
1295 1436 1364 1463 tales
1386 1443 1491 1470 aquas,
1507 1436 1547 1463 vel
1565 1442 1675 1471 propter

887 1480 950 1508 talia
969 1481 1098 1509 alimenta
1113 1489 1120 1508 :
1138 1486 1175 1514 et,
1195 1482 1217 1509 si
1233 1482 1315 1517 justis
1330 1483 1435 1509 sanitas
1453 1487 1479 1508 et
1494 1482 1595 1508 divitia:
1605 1489 1675 1516 pra:-

885 1527 938 1554 niia
955 1533 1154 1562 proponuntur,
1180 1529 1319 1556 nentiqu
1340 1529 1492 1562 improbum
1508 1536 1605 1555 sanum
1626 1533 1674 1554 aut

884 1575 994 1602 divitem
1023 1583 1084 1603 esse
1112 1578 1265 1610 oportebat.
1284 1575 1336 1604 Sed
1366 1576 1469 1603 sanitas
1489 1581 1563 1602 recta
1589 1575 1672 1602 animi

884 1620 1043 1647 constitutio
1056 1622 1206 1655 quaerenda
1221 1625 1263 1648 est
1277 1629 1283 1647 :
1302 1621 1404 1648 divitia:
1419 1628 1493 1653 vero,
1511 1628 1570 1655 qum
1595 1619 1674 1647 Solo-

884 1667 973 1694 monis
987 1667 1135 1700 sententia,
1151 1668 1269 1701 pretium
1295 1668 1393 1694 auima:
1407 1667 1457 1694 viri
1475 1671 1539 1694 sunt.
1555 1674 1563 1693 :
1579 1676 1588 1692 ι
1606 1666 1673 1693 Pre-

885 1712 960 1744 tium,
981 1713 1067 1746 inquit
1082 1713 1114 1743 ",
1131 1713 1230 1740 anima:
1248 1713 1299 1740 viri
1329 1713 1432 1740 divitia)
1459 1713 1554 1747 ipsius.
1575 1722 1584 1738 ι
1603 1711 1674 1739 Pau-

883 1761 975 1789 pertas
1000 1764 1064 1783 vero
1081 1757 1206 1791 fugientia
1229 1762 1281 1788 est.
1303 1757 1336 1785 de
1353 1765 1404 1792 qua
1421 1758 1552 1792 seriptutn
1572 1762 1615 1784 est
1625 1757 1649 1773 "
1664 1765 1672 1783 :

886 1809 894 1824 ι
909 1799 1014 1834 Pauper
1033 1806 1121 1827 autem
1140 1809 1191 1828 non
1211 1802 1285 1828 subit
1301 1802 1389 1828 minas
1404 1811 1410 1828 :
1429 1811 1438 1826 ι
1456 1802 1566 1828 vulnera
1581 1807 1671 1828 autem

883 1845 1023 1872 ctvihices
1041 1851 1067 1872 et
1086 1847 1171 1873 morbi
1199 1846 1351 1880 accipiendi
1376 1851 1449 1877 sunt,
1477 1854 1537 1880 qtae
1559 1852 1673 1881 propter

885 1892 981 1918 vitium
1001 1892 1140 1919 dissolutis
1158 1892 1293 1918 mentibus
1307 1892 1456 1918 et'cnittut:
1474 1891 1544 1918 unde
1559 1896 1586 1918 et
1607 1899 1672 1926 pro-

883 1938 964 1972 pheta
977 1945 1024 1964 eos
1041 1937 1086 1972 qui
1103 1938 1128 1964 in
1146 1937 1178 1965 iis
1194 1945 1267 1970 suut,
1283 1937 1458 1971 reprehendit
1473 1937 1495 1952 ⁵⁸
1511 1945 1518 1964 :
1535 1945 1544 1962 ι
1561 1937 1580 1963 Λ
1598 1937 1673 1971 pedi-

882 1983 948 2015 bus,
964 1983 1062 2018 inquit,
1081 1991 1166 2017 us:|tte
1180 1983 1212 2009 ad
1226 1987 1317 2017 caput,
1338 1990 1428 2017 neque
1453 1983 1560 2014 vulnus,
1585 1990 1672 2016 neque

884 2029 974 2061 vibcx,
991 2036 1078 2063 neque
1092 2030 1168 2064 plaga
1191 2030 1359 2056 inﬂammata
1378 2037 1385 2056 :
1413 2037 1465 2056 non
1484 2033 1527 2057 est
1551 2029 1670 2055 medica-

888 2079 1008 2101 Int‘nlllnl
1022 2082 1071 2101 cur
1089 2075 1257 2108 imponatur,
1273 2083 1361 2109 neque
1376 2074 1476 2106 oleum,
1502 2082 1590 2109 neque
1610 2075 1670 2101 alli-

882 2125 987 2153 gatura.
1011 2129 1019 2145 |
1041 2119 1104 2147 Πίος
1125 2120 1215 2153 itaque
1230 2120 1271 2147 vel
1293 2120 1324 2146 iis
1350 2120 1397 2154 qtti
1415 2119 1494 2153 plane
1511 2127 1565 2146 non
1587 2120 1674 2154 negli-

883 2169 956 2198 gant,
968 2164 1115 2197 suilieiunt,
1135 2165 1205 2191 unde
1224 2165 1346 2192 collectis
1360 2165 1409 2191 sibi
1426 2165 1575 2199 Scriptura:
1592 2165 1673 2192 dictis

884 2216 944 2244 qua:
971 2217 1123 2244 repugnare
1149 2211 1284 2242 vitientur,
1304 2210 1411 2237 actione
1434 2210 1522 2236 salicti
1554 2209 1672 2243 Spiritus

883 2255 992 2290 dignam
1018 2256 1224 2290 intelligentiam
1239 2256 1348 2290 assequi
1374 2255 1512 2282 studeant.
1536 2254 1671 2282 Praeterea

884 2306 914 2327 ttt
941 2300 974 2327 iis
1000 2308 1031 2327 os
1048 2301 1218 2332 occludatur,
1246 2301 1291 2336 qui
1312 2301 1381 2328 bona
1404 2308 1477 2333 esse,
1493 2309 1554 2335 quae
1569 2301 1673 2328 sanctis

883 2345 971 2372 (lauda
987 2351 1051 2373 suttt
1067 2347 1255 2379 arbitrantur;
1282 2346 1364 2381 57o
1381 2346 1462 2380 mala,
1489 2355 1550 2380 qua:
1573 2347 1671 2379 malis;

884 2392 942 2418 haec
961 2392 1085 2420 videntur
1110 2392 1282 2426 adjicienda:
1301 2400 1382 2420 omne
1402 2393 1473 2427 quod
1497 2397 1538 2419 est
1558 2397 1670 2426 propter

886 2436 997 2471 aliquid,
1027 2437 1116 2465 minus
1137 2442 1177 2464 est
1203 2444 1235 2465 eo
1255 2442 1365 2472 propter
1381 2437 1452 2471 quod
1469 2442 1510 2464 est
1523 2444 1529 2462 :
1544 2435 1672 2470 quemad‘

885 2484 994 2510 ntudmn
1009 2484 1153 2517 sectiones,
1171 2484 1294 2510 ustiones
1311 2487 1338 2510 et
1351 2482 1509 2517 emplastra,
1524 2488 1583 2515 qua:
1608 2487 1671 2514 pro-

885 2533 945 2562 pter
963 2529 1109 2556 sanitatem
1136 2534 1295 2561 sumuntttr,
1320 2528 1427 2555 ntinora
1456 2532 1519 2553 sunt
1543 2526 1669 2552 sanitate.

885 2573 943 2601 Etsi
964 2575 1032 2608 inec,
1052 2580 1081 2601 ut
1097 2575 1122 2601 in
1139 2575 1281 2602 medicina:
1295 2573 1416 2606 auxiliis,
1432 2573 1502 2600 bona
1526 2571 1670 2602 dicantur,

887 2619 923 2646 ita
949 2625 990 2647 est
1011 2621 1210 2655 accipiendum,
1231 2626 1260 2648 ut
1282 2628 1334 2647 tton
1355 2619 1410 2647 sint
1436 2619 1505 2646 bona
1524 2617 1596 2651 linis,
1613 2617 1671 2643 sive

1362 2699 1384 2714 ³⁸
1401 2698 1464 2726 ibid.

1099 2699 1121 2714 ⁵⁵
1135 2698 1213 2726 Prov.
1225 2707 1284 2731 xttt,
1296 2699 1323 2726 8.
1362 2699 1384 2714 ³⁸
1401 2698 1464 2726 ibid.
1503 2697 1526 2713 ⁸⁵
1540 2695 1600 2724 isai.
1611 2703 1631 2728 ι,
1641 2693 1668 2722 6.

149 2801 216 2845 Log.
231 2809 295 2836 τάδε
315 2801 375 2835 τινὰ
394 2801 585 2844 συμπτώματα
600 2805 750 2841 γεγονέναι,
767 2805 823 2836 πῶς
833 2804 865 2832 ἂν
881 2803 953 2838 αὐτῷ
963 2802 1035 2830 xxxi
1049 2801 1175 2836 λέγοιμεν
1190 2801 1331 2836 ὑπάρχειν.
