1882 3053
59 174 125 207 1161’

537 175 689 204 SELECTA
710 176 740 203 IN
760 175 929 204 PSALMOS.
947 191 981 196 —
999 176 1094 205 PSAL.
1113 177 1157 204 ιν.

1592 179 1659 205 1162

59 234 265 270 πυνοικοδομοῦσα
277 233 316 269 τῷ
332 234 369 269 μὴ
387 234 528 269 δυναμένῳ
541 234 601 261 καθ’
614 235 695 261 αὐτὸν
711 235 801 270 ἀπαρτ

917 243 1018 268 ramur,
1042 243 1091 262 cur
1114 235 1159 269 qui
1175 235 1210 261 ab
1233 234 1374 262 Ezechiele
1392 235 1491 262 dicitur
1509 235 1660 271 incnlpatus

59 291 96 310 σαι
111 281 140 308 τὸ
149 280 377 316 οἰκοδομούμενον·
391 281 426 306 τὰ
440 279 468 306 δὲ
478 279 546 306 αὐτά
556 280 602 307 καὶ
611 281 658 307 ἐπὶ
668 280 716 316 τῆς
729 280 825 315 φυλασ-

58 326 160 362 σομένης
173 325 274 356 πόλεως
286 324 405 360 νοητέον.
421 325 477 351 Καὶ
490 324 584 360 ὥσπερ
596 326 644 352 ἐὰν
663 326 767 361 εἴποιμι
794 325 825 352 τὺ

57 371 191 406 γεωργικὸν
207 370 317 405 ἀγαθὸν,
328 369 360 397 τὺ
374 370 512 405 ποιητικὸν
532 370 578 397 τοῦ
597 370 713 406 καρποῦ,
731 371 825 406 μικτὸν

56 416 115 444 εἶναι
130 419 159 443 ὲκ
168 416 358 452 προαιρετικοῦ
366 416 413 442 τοῦ
426 416 495 443 κατά
505 416 553 452 τὴν
568 417 665 452 τέχνην
681 417 727 444 τοῦ
737 425 824 453 γεωρ-

56 461 107 494 γοῦ,
123 462 167 488 καὶ
186 462 368 497 ἀπροαιρέτου
391 460 437 487 τοῦ
453 461 528 497 παρά
544 461 594 497 τῆς
611 462 742 498 Προνοίας
755 463 825 490 κατά

55 507 96 542 τὴν
117 506 168 533 τῶν
194 507 282 543 ἀέρων
308 507 466 542 εὐκρασίαν,
494 507 540 533 καὶ
563 507 648 543 φορὰν
673 508 826 544 αὐτάρκους

55 551 132 578 ὑετοῦ·
147 552 214 579 οὓτω
227 553 256 578 τδ
268 552 315 579 τοῦ
325 552 434 586 λογικοῦ
449 552 549 586 ἀγαθὸν
562 553 656 588 μικτόν
668 554 741 580 ἐστιν
751 554 783 580 ἐκ
794 563 824 580 τε

53 597 97 633 τῆς
109 599 288 633 προαιρέσεως
310 599 392 626 αὐτοῦ
408 598 454 625 καὶ
466 599 515 634 τῆς
533 599 722 635 συμπνεούσης
751 600 824 632 θείας

53 644 178 679 δυνάμεως
189 644 228 680 τῷ
238 645 273 671 τὰ
285 644 416 672 κάλλιστα
428 646 610 681 προελομένῳ.
627 646 664 672 Οὐ
679 646 757 681 μόνον
771 646 825 672 τοί-

52 699 93 717 νυν
104 691 139 721 είς
154 690 184 716 τὺ
202 690 283 717 καλὸν
301 691 347 717 καὶ
361 691 462 725 ἀγαθὸν
475 691 602 725 γενέσθαι
617 692 694 727 χρεία
713 692 760 718 καὶ
776 692 824 727 τῆς

53 735 226 770 προαιρέσεως
246 735 293 770 τῆς
305 737 440 771 ἡμετέρας
449 737 495 764 καὶ
507 737 556 771 τῆς
572 737 646 769 θείας
662 738 822 772 συμπνοίας,

51 780 104 815 ἥτις
122 781 192 807 ἐστὶν
205 781 243 812 ὼς
265 781 332 816 πρὸς
347 783 421 817 ἡμᾶς
434 783 622 818 ἀπροαίρετος”
635 783 702 809 ἀλλά
715 784 762 809 καὶ
785 784 824 814 εἰς

51 825 77 851 τὸ
91 826 227 861 γενόμενον
245 827 326 853 καλὸν
342 828 389 854 καὶ
405 827 504 862 ἀγαθὸν
527 827 662 863 διαμεῖναι
675 828 703 854 ἐν
713 829 746 863 τῇ
760 828 824 864 ἀρε-

51 872 89 905 τῇ·
101 872 332 907 μεταπεσουμένου
349 873 397 900 καὶ
417 873 464 899 τοῦ
479 873 677 905 τελειωθέντος,
691 874 714 900 εί
738 874 823 909 ὑπερ-

879 280 1031 307 ambulasse
1044 280 1070 306 in
1084 280 1210 307 omnibus
1221 280 1272 308 viis
1283 281 1350 312 suis,
1359 280 1445 307 donec
1456 282 1565 309 inventa
1581 281 1661 310 fuerit

880 326 905 353 in
922 334 955 354 eo
980 326 1109 360 iniqttitas
1124 327 1164 358 ⁸³,
1192 327 1213 353 is
1236 327 1293 361 ipse
1308 327 1458 354 secundum
1480 327 1574 354 Isaiam
1591 328 1661 356 coelo

878 371 1019 401 exciderit,
1033 371 1078 404 qui
1090 371 1164 404 prius
1176 370 1263 398 fuerat
1275 371 1369 398 lucifer
1384 379 1462 399 mane
1476 372 1576 404 oriens,
1586 378 1662 406 post-

880 423 911 443 ea
926 416 1060 443 contritus
1086 421 1114 443 et
1134 415 1251 443 amictus
1269 416 1294 444 in
1312 421 1413 444 terram
1426 417 1460 446 ".
1489 416 1546 444 Non
1574 418 1661 445 solum

878 460 949 488 ettim
971 461 997 488 in
1020 461 1082 488 [iliis
1105 461 1254 492 hominum,
1276 462 1297 488 si
1318 462 1380 495 quis
1406 462 1542 498 perlectus
1564 463 1613 495 sit,
1637 463 1659 489 si

878 507 949 533 abslt
963 514 1005 539 ea,
1019 514 1078 541 qua:
1092 514 1125 533 ex
1139 507 1192 534 Deo
1207 511 1259 538 est,
1277 507 1420 541 sapientia,
1435 516 1529 539 verum
1543 514 1585 536 est
1599 516 1660 535 cum

879 552 954 579 nihili
968 559 1029 580 esse
1043 552 1143 580 factum
1164 561 1171 579 :
1191 554 1237 580 sed
1253 558 1279 581 et
1293 554 1319 580 in
1334 554 1491 588 angelorum
1506 555 1618 586 ordine,
1629 562 1661 581 ac

879 599 1030 633 principali,
1054 604 1082 626 et
1101 600 1128 626 in
1148 600 1221 627 omni
1243 601 1350 631 ordine,
1372 600 1428 634 qui,
1445 605 1575 634 quantum
1590 601 1661 627 Dens

880 644 929 678 ipsi
955 645 1040 677 adest,
1058 645 1166 672 divinus
1184 650 1234 672 est.
1257 645 1339 672 Forte
1364 646 1449 680 igitur
1472 651 1663 674 sacrosanctus

877 690 1031 724 Apostolus,
1045 691 1089 724 qui
1101 691 1183 718 Sciret
1196 691 1281 719 multo
1293 691 1384 719 minus
1397 692 1523 719 conferre
1534 693 1567 719 ad
1584 700 1661 720 com-

878 736 997 769 paranda
1017 737 1085 763 bona
1107 737 1270 764 voluntatem
1292 742 1422 770 nostram,
1439 745 1519 772 quam
1543 739 1660 766 divinam

877 782 1016 814 virtutem,
1033 783 1140 810 dentum
1161 783 1199 810 ait
1213 784 1294 810 tinent
1310 793 1320 809 ι
1338 791 1390 810 non
1404 791 1464 811 esse
1484 784 1601 811 volentis
1615 792 1662 811 ne-

877 836 930 862 que
945 829 1092 862 currentis,
1115 830 1162 857 sed
1183 830 1228 858 Dei
1250 830 1406 858 miserantis
1420 831 1460 862 “;
1484 841 1492 856 I
1515 839 1567 858 non
1583 832 1661 865 quasi

877 872 948 900 Deus
960 881 1012 900 non
1027 874 1158 907 volentes,
1184 879 1231 902 aut
1250 882 1303 902 non
1316 881 1457 903 currentes
1473 876 1598 909 adjuvet;
1615 878 1662 904 sed

51 918 171 953 επαρθείη
187 919 235 945 ἐπὶ
248 919 288 954 τῷ
298 918 382 954 καλῷ,
397 919 443 945 καὶ
457 918 553 945 ἑαυτὸν
567 919 714 954 ὲπιγράφοι
728 919 794 946 satis

918 920 954 946 asi
970 920 1036 947 nihil
1049 920 1086 948 sit
1107 920 1175 948 velle
1189 925 1216 948 et
1238 928 1350 948 currere
1362 929 1417 956 prae
1431 922 1478 949 Dei
1507 922 1661 950 misericor-

50 963 135 995 αἴτιον,
154 964 212 999 οὺχὶ
231 964 260 990 δὲ
282 964 330 1000 τὴν
346 965 458 992 δέουσαν
480 965 558 998 δόξαν
578 966 721 1001 ἀναφέρων
735 966 774 1001 τῷ
795 967 825 993 τὸ

50 1009 130 1044 πολλῷ
145 1010 234 1037 πλεῖον
259 1011 444 1046 δωρησαμένῳ
460 1012 500 1043 εἰς
522 1012 571 1047 τὴν
587 1012 682 1047 κτῆσιν
707 1013 754 1039 καὶ
777 1012 825 1048 τὴν

51 1057 154 1092 συνοχὴν
173 1057 224 1092 τῆς
248 1057 357 1092 ἀρετῆς.
377 1057 501 1084 Τοιοῦτον
521 1058 550 1086 δέ
566 1066 592 1085 τι
614 1057 699 1085 αἴτιον
721 1058 825 1085 καὶτοῦ

49 1101 112 1129 κατά
131 1102 174 1129 τὸν
196 1101 326 1137 Ἰεζεκιὴλ
340 1103 485 1139 εἰρημένου
500 1103 616 1139 ἀμώμου
634 1112 824 1139 περιπεπατη-

50 1147 117 1173 κέναι
135 1148 163 1174 ὲν
175 1148 276 1178 πάσαις
286 1149 346 1180 ταῖς
360 1148 429 1179 ὁδοῖς
446 1147 538 1180 αὐτοῦ,
550 1148 602 1180 ἓως
613 1148 711 1184 εὑρεθῇ
727 1149 826 1184 ἀνομία

49 1192 74 1217 ὲν
97 1192 176 1227 αὐτῷ,
195 1191 335 1228 ἡγούμεθα
351 1192 492 1227 τυγχάνειν
518 1192 564 1220 tot";
587 1193 668 1220 αὑτὸν
685 1193 756 1221 κατὰ
781 1193 826 1220 τὸν

55 1236 156 1264 Ἡσαΐαν
177 1238 385 1265 ἐκπεπτωκέναι
402 1238 449 1265 τοῦ
467 1239 592 1275 ούρανοῦ,
609 1240 746 1275 ἑωσφόρον
764 1239 828 1266 ποτὲ

48 1282 193 1318 γενόμενον,
207 1284 281 1319 πρωῒ
296 1284 482 1317 ἀνατέλλοντα,
504 1285 616 1320 ὕστερον
633 1285 828 1322 συντετριμμέ-

49 1335 86 1353 νον
101 1329 144 1354 ἐπὶ
155 1329 203 1364 τὴν
218 1330 281 1364 γῆν·
299 1330 329 1356 οὐ
349 1330 428 1365 μόνον
439 1330 492 1365 γὰρ
508 1331 555 1358 ἐπὶ
563 1332 620 1363 τοῖς
637 1331 704 1363 υἱοῖς
716 1330 770 1358 τῶν
782 1332 829 1358 ἀν-

49 1372 164 1408 θρώπων,
181 1375 229 1403 ἐάν
254 1384 296 1408 τις
323 1376 424 1408 τέλειος
449 1374 477 1413 ᾖ.
500 1377 550 1412 τῆς
575 1377 629 1404 ἀπὺ
645 1377 713 1404 Θεοῦ
731 1376 828 1412 σοφίας

49 1419 170 1455 ἀπούσης,
182 1422 283 1457 ἀληθὲς
291 1422 321 1449 τὸ
333 1423 372 1454 είς
382 1422 458 1449 οὐδὲν
472 1422 552 1449 αὐτὸν
564 1423 729 1459 λογισθῆναιο
761 1423 829 1451 ἀλλά

48 1465 90 1491 καὶ
104 1466 148 1493 ἐπὶ
163 1467 211 1502 τῆς
227 1468 376 1504 ἀγγελικῆς
388 1469 501 1502 τάξεως,
519 1470 565 1496 καὶ
577 1470 704 1506 ἀρχικῆς,
721 1472 767 1498 καὶ
778 1471 830 1499 πά-

49 1518 93 1545 σης
102 1511 158 1546 τῆς,
166 1512 226 1539 ὅσον
237 1513 302 1545 Θεὸς
313 1513 442 1549 πάρεστιν
453 1513 534 1548 αὐτῇ,
546 1513 620 1546 θείας
632 1514 828 1550 τυγχανούσης.

48 1556 116 1591 Τάχα
129 1558 192 1591 γοῦν
207 1559 280 1594 ὁρῶν
300 1560 315 1585 ὀ
329 1559 400 1597 ιερὸς
423 1559 582 1593 Ἀπύστολος
595 1560 661 1586 πολὺ
675 1560 785 1588 ἔλαττον
798 1560 828 1587 τὸ

876 964 920 991 dia
936 973 943 991 :
959 969 1039 998 atque
1069 965 1170 992 idcirco
1194 973 1244 999 per
1261 973 1322 994 esse
1336 986 1344 998 ,
1374 966 1420 993 Dei
1447 967 1641 994 misericordiae
1652 987 1660 998 .

877 1017 958 1044 quam
976 1010 1104 1038 humanae
1122 1011 1266 1044 voluntati,
1281 1017 1328 1039 aut
1345 1012 1448 1044 cursui,
1462 1012 1560 1039 bonum
1573 1013 1662 1047 potius

877 1056 987 1084 ascribi.
1005 1057 1094 1091 Atque
1112 1058 1169 1084 haac
1189 1058 1322 1092 prolixius
1337 1058 1472 1094 disputata
1498 1063 1572 1091 sunt,
1599 1066 1661 1095 qua:

878 1103 1030 1129 necessaria
1041 1110 1102 1130 esse
1114 1103 1277 1137 putabamus
1286 1103 1317 1131 ad
1329 1103 1355 1131 id
1366 1103 1661 1131 illustrantlumszulti

877 1145 982 1178 dicunt,
993 1145 1059 1179 Quis
1071 1148 1194 1174 ostendet
1206 1146 1284 1174 nobis
1294 1146 1383 1174 bona?
1395 1156 1405 1174 ι
1416 1148 1505 1181 quoad
1519 1148 1591 1174 enim
1605 1147 1661 1174 fieri

878 1191 965 1225 potuit
978 1191 1126 1226 disputatio
1141 1197 1234 1219 nostra
1246 1192 1340 1220 multis
1351 1193 1554 1228 quaerentibus:
1568 1203 1577 1219 ι
1594 1193 1661 1227 Quis

878 1237 1004 1264 ostendet
1018 1237 1095 1265 nobis
1107 1237 1197 1265 bona?
1211 1248 1220 1264 I
1238 1246 1363 1273 quaenam
1378 1240 1449 1267 bona
1461 1240 1527 1271 sint.
1541 1241 1662 1267 ostendit

878 1288 906 1312 et
925 1284 1140 1317 demonstravit;
1161 1285 1215 1312 imo
1236 1285 1332 1318 etiam,
1353 1293 1476 1320 quamam
1493 1285 1548 1312 sint
1569 1285 1636 1312 mala
1654 1294 1661 1311 :

880 1334 909 1357 ut
927 1330 1070 1358 laboriosis
1084 1328 1327 1358 exercitationibus
1344 1335 1372 1358 et
1390 1331 1516 1365 precibus
1540 1331 1664 1364 acquira-

880 1382 942 1401 mus
957 1375 1038 1408 bona,
1057 1380 1084 1403 et
1101 1383 1116 1402 ιι
1129 1375 1232 1402 nostris
1246 1376 1384 1403 mentibus
1401 1376 1471 1402 mala
1495 1381 1662 1403 avertamns.

880 1419 933 1448 Sed
945 1420 1074 1455 quoniam
1087 1421 1220 1449 interdum
1233 1421 1353 1456 proprie,
1368 1421 1502 1449 interdum
1515 1422 1664 1456 improprie

879 1467 954 1502 loqui
971 1467 1044 1500 licet,
1062 1475 1113 1495 non
1130 1467 1290 1495 mirabimur
1301 1468 1324 1495 si
1342 1468 1474 1495 bonorum
1490 1473 1516 1495 et
1530 1469 1663 1496 malorum

880 1520 989 1546 nomen,
1008 1513 1145 1547 corporeis
1167 1519 1194 1541 et
1223 1514 1255 1541 iis
1267 1521 1328 1548 quae
1346 1518 1460 1541 externa
1471 1519 1613 1547 vocantur,
1629 1515 1665 1542 ab

881 1559 914 1587 iis
930 1560 974 1594 qui
991 1567 1045 1588 non
1062 1564 1135 1587 recte
1154 1561 1287 1592 sentiunt,
1308 1559 1469 1587 attributum
1486 1561 1664 1595 reperiemus.

47 1602 170 1642 ἡμέτερον
184 1607 375 1643 προαιρετικὸν
386 1608 436 1643 τῆς
450 1607 497 1635 τοῦ
508 1607 574 1634 Θεοῦ
590 1606 730 1642 δυνάμεως
760 1615 790 1642 πί

920 1607 954 1632 iul
972 1605 999 1632 in
1019 1604 1070 1634 Job
1082 1606 1102 1622 "
1117 1614 1124 1632 :
1143 1615 1152 1631 ι
1172 1606 1200 1633 Si
1216 1605 1285 1633 bona
1299 1606 1468 1641 suscepimus
1483 1613 1498 1633 e
1514 1614 1594 1634 manu
1610 1606 1663 1634 Do-

45 1651 89 1686 ἰὴν
96 1653 189 1688 κτῆσιν
201 1653 256 1680 τῶν
267 1653 386 1688 ἀγαθῶν,
398 1655 463 1689 φησὶ
475 1653 598 1686 τὸτέλος,
612 1664 620 1679 ι
636 1654 666 1680 ού
681 1654 728 1680 τοῦ
740 1653 829 1680 Θέλον-

47 1705 86 1728 τος
113 1697 190 1729 εἶναι,
214 1699 277 1726 οὐδὲ
296 1699 342 1726 τοῦ
359 1700 510 1735 τρέχοντος,
536 1699 603 1726 ἀλλά
628 1699 673 1726 τοῦ
691 1699 828 1730 ἐλεοῦντος

46 1741 115 1780 Θεοῦθ
131 1754 140 1769 ι
162 1744 211 1779 οὐχ
235 1745 274 1776 ὡς
299 1745 383 1780 χωρὶς
407 1745 453 1771 τοῦ
477 1745 573 1777 θέλειν,
590 1745 637 1771 καὶ
653 1744 699 1770 τοῦ
722 1744 828 1779 τρέχειν

47 1779 175 1822 ἐλεοῦντος
191 1791 272 1823 Θεοῦ,
288 1779 347 1817 an;
356 1791 394 1823 ὼς
407 1791 512 1822 οὐδενὸς
525 1791 602 1822 ὄντος
613 1790 660 1817 τοῦ
675 1790 773 1822 θέλειν,
782 1789 829 1816 καὶ

45 1833 86 1860 τοῦ
101 1835 219 1870 τρέχειν,
240 1836 382 1871 συγκρίσει
397 1835 444 1862 τοῦ
461 1835 552 1867 ἐλέους
563 1835 609 1862 τοῦ
625 1835 703 1867 Θεοῦ,
723 1835 769 1862 καὶ
785 1835 829 1862 διὰ

45 1879 116 1907 τοῦτο
131 1883 180 1916 τὴν
199 1882 355 1918 ἐπιγραφὴν
367 1882 413 1908 τοῦ
429 1881 512 1908 καλοῦ
527 1882 633 1913 δέοντος
650 1881 748 1917 μᾶλλον
762 1882 828 1908 ἀνα-

44 1925 138 1953 τιθέναι
148 1927 189 1963 τῷ
201 1927 272 1963 ὲλέῳ
285 1927 332 1954 τοῦ
342 1927 409 1954 Θεοῦ
428 1928 500 1963 ἢπερ
516 1927 554 1962 τῷ
567 1926 729 1962 ἀνθρωπίνῳ
743 1926 829 1952 θέλειν

44 1971 86 1997 καὶ
97 1973 213 2007 τρέχειν.
230 1973 324 2000 Ταῦτα
337 1973 375 2005 δὲ,
389 1973 436 1999 ὲπὶ
449 1973 515 2000 πολὺ
528 1972 764 2008 παρεκϐεϐηκέναι
788 1972 829 1999 δο-

43 2017 156 2050 κοῦντες,
169 2018 353 2054 ὲξητὰσαμεν,
362 2019 515 2054 πειθόμενοι
528 2019 661 2052 ἀναγκαῖα
676 2018 746 2051 αὐτά
759 2016 829 2044 εἶναι

43 2063 106 2097 πρὸς
113 2064 152 2090 τό·
166 2074 175 2089 ι
189 2064 288 2091 Πολλοὶ
297 2065 414 2099 λέγουσι·
425 2064 471 2096 Τίς
482 2063 563 2097 δείξει
574 2065 638 2099 ἡμῖν
651 2064 685 2091 τὰ
696 2063 801 2098 ἀγαθόι;
816 2073 826 2089 ι

42 2109 107 2135 κατὰ
130 2110 162 2137 τὸ
180 2110 297 2137 δυνατὸν
309 2111 363 2146 γὰρ
381 2111 395 2136 ό
418 2110 496 2144 λόγος
516 2111 572 2140 τοῖς
588 2109 696 2144 λέγουσι
712 2109 826 2141 πολλοῖς·

43 2163 52 2179 ι
66 2155 111 2188 Τίς
126 2156 209 2189 δείξει
229 2158 296 2192 ἡμῖν
312 2156 344 2183 τὰ
359 2156 463 2190 suos;
484 2166 493 2182 ι
516 2156 671 2191 παρέστησε
686 2156 733 2182 καὶ¹
746 2155 829 2188 ἔδειξε

40 2200 95 2228 τινα
114 2202 149 2229 τά
172 2202 277 2237 ἀγαθα-
295 2202 371 2237 δῆλον
386 2202 424 2234 δὲ,
440 2202 481 2228 ὃτι
494 2201 541 2228 καὶ
557 2201 618 2228 τινα
638 2201 671 2227 τὰ
692 2201 774 2228 κακά·
787 2201 830 2227 ἵνα

40 2244 79 2273 διά
94 2257 122 2274 τε
134 2249 282 2284 ἀσκήσεων
290 2248 336 2274 καὶ
350 2247 436 2282 εὐχῶν
448 2246 613 2282 κτησώμεθα
626 2247 660 2273 τὰ
669 2247 770 2281 ἀγαθὰ,
780 2247 827 2273 καὶ

40 2293 232 2329 ἀνατρέψωμεν
248 2293 282 2320 τά
295 2293 368 2320 κακά
392 2292 446 2319 ἀπὸ
461 2292 515 2318 τῶν
532 2292 625 2327 ψυχῶν
641 2291 730 2328 ἡμῶν.
757 2292 825 2318 Ἀλλ’

40 2338 149 2374 ἐπείπερ
165 2341 242 2366 ἐστὶν
269 2340 298 2365 ὲν
316 2338 354 2374 τῷ
369 2337 482 2374 φράζειν
500 2338 544 2364 ὁτὲ
562 2338 610 2373 μὲν
630 2338 824 2374 κυριολεκτεῖν,

38 2384 77 2411 ὁτὲ
97 2385 124 2412 δέ
150 2394 203 2412 που
219 2385 270 2412 καὶ
284 2385 482 2421 καταχρῆσθαι,
507 2384 537 2411 οὐ
565 2383 721 2419 θαυμαστὸν
735 2383 826 2409 εἴποτε

38 2431 186 2466 εὑρήσομεν
203 2431 255 2466 τὴν
269 2430 324 2456 τῶν
347 2429 456 2464 ἀγαθῶν
480 2429 526 2456 καὶ
539 2429 631 2456 κακῶν
643 2428 826 2464 προσηγορίαν

38 2477 162 2512 κειμένην
174 2477 223 2503 ἐπὶ
237 2475 293 2502 τῶν
309 2475 473 2511 σωματικῶν
488 2475 534 2502 καλ⁴
553 2474 608 2502 τῶν
623 2475 701 2507 ἐκτὸς
715 2475 827 2510 λεγομέ-

37 2529 84 2548 νων
97 2522 174 2559 παρά
187 2523 247 2553 τοῖς
263 2522 311 2556 οὐχ
324 2522 388 2556 ὑγιῆ
401 2521 523 2557 δόγματα
538 2521 654 2557 ἔχουσιν·
669 2518 725 2548 οἷον
745 2521 774 2548 ὲν
787 2519 826 2554 τῷ

42 2565 106 2592 Ἰὼ6”
127 2577 136 2593 ι
152 2569 185 2594 Εί
198 2568 235 2594 τὰ
250 2567 339 2601 ἀγαθά
355 2566 504 2602 ἐδεξάμεθα
515 2568 547 2593 ὲκ
562 2566 653 2602 χειρὸς
667 2565 782 2602 Κυρίου,
792 2565 826 2591 τὰ

36 2614 104 2640 κακὰ
117 2615 169 2649 οὐχ
177 2613 345 2648 ὑποίσομεν;
364 2622 375 2639 ι
387 2613 434 2640 καὶ
445 2615 473 2640 ὲν
489 2615 528 2648 τῷ
545 2611 672 2648 Ἱερεμίᾳ·
689 2621 698 2637 ι
716 2611 825 2646 Κατέὸη

36 2661 102 2687 κακά
122 2661 199 2697 παρά
217 2661 323 2696 Κυρίου
340 2661 386 2687 ἐπὶ
401 2660 488 2692 πύλας
508 2658 696 2695 Ἰερουσαλήμ.
720 2667 728 2683 ι
753 2657 826 2683 ’Δντὶ

880 1651 957 1683 mini,
967 1652 1036 1679 mala
1048 1660 1099 1678 non
1114 1651 1340 1679 sustinebimus?»
1351 1656 1380 1680 et
1390 1652 1459 1687 apud
1472 1651 1617 1679 .leremiam
1629 1653 1663 1681 δέ

881 1697 1101 1725 «Descendernnt
1116 1697 1185 1724 mala
1202 1705 1216 1724 a
1232 1697 1345 1725 Domino
1366 1704 1449 1732 super
1459 1703 1551 1732 portas
1569 1698 1663 1725 llicru-

879 1744 974 1772 salem.
990 1753 1001 1769 ι
1022 1742 1075 1770 Pro
1085 1750 1118 1770 eo
1128 1743 1199 1770 enim
1213 1744 1284 1777 quod
1300 1749 1350 1776 est,
1364 1745 1392 1772 Si
1403 1743 1536 1778 quaspiam
1551 1744 1627 1771 utilia
1639 1751 1666 1772 et

876 1788 996 1822 jucunda
1018 1787 1099 1822 572
1126 1788 1306 1821 suscepimus,
1323 1795 1383 1823 qua:
1403 1795 1418 1814 a
1440 1787 1615 1816 Providentia
1632 1792 1664 1816 ad

880 1841 930 1861 nos
945 1837 1140 1868 pervenerunt,
1156 1833 1250 1867 quidni
1277 1833 1344 1860 dura
1361 1838 1389 1860 ct
1410 1833 1523 1862 molesta
1549 1834 1665 1862 libenter

879 1878 1017 1906 feremus?
1036 1878 1157 1906 dicitur:
1177 1887 1186 1904 ι
1209 1878 1238 1906 Si
1258 1879 1328 1905 bona
1348 1880 1516 1914 suscepimus
1534 1887 1566 1907 ex
1582 1888 1663 1908 mann

880 1925 999 1956 Domini,
1016 1924 1086 1951 mala
1099 1931 1151 1951 non
1168 1923 1386 1952 sustinebimus?
1401 1934 1410 1950 ι
1430 1925 1462 1952 Et
1474 1933 1535 1952 cum
1551 1927 1602 1953 dici
1616 1935 1664 1961 po-

880 1970 986 2002 tuisset,
1005 1968 1067 1996 Haec
1085 1968 1253 1996 llierusalem
1271 1969 1304 1996 ad
1328 1970 1491 1998 erudiendos
1509 1971 1568 2005 ejus
1590 1972 1664 1999 cives

879 2014 971 2041 divina
986 2014 1158 2042 Providentia
1172 2020 1342 2047 evenerunt.
1361 2015 1494 2050 scriptum
1510 2021 1552 2044 est
1568 2026 1575 2045 :
1592 2026 1600 2042 ι
1617 2017 1664 2044 Dc-

880 2059 1043 2086 scenderunt
1057 2058 1129 2085 mala
1141 2066 1155 2086 ιι
1173 2059 1288 2086 Domino
1306 2060 1331 2086 in
1346 2065 1438 2094 portas
1455 2059 1635 2090 Hierusalem.
1653 2071 1662 2088 ι

879 2103 1022 2138 Oportebit
1032 2111 1097 2138 ergo
1108 2112 1169 2137 nos.
1183 2105 1262 2132 rebus
1281 2105 1438 2138 intellectis,
1455 2107 1595 2134 nominaut
1610 2116 1663 2136 nan

881 2151 917 2177 ita
937 2155 1045 2178 tenaces
1063 2156 1090 2178 et
1111 2159 1207 2185 parcos
1225 2159 1296 2184 esse,
1315 2153 1361 2179 sed
1377 2153 1470 2180 videre
1491 2154 1535 2180 ubi
1555 2155 1665 2189 proprie

881 2195 962 2222 rebus
979 2195 1167 2230 imponantur,
1188 2202 1216 2224 et
1234 2197 1279 2224 ubi
1298 2202 1409 2232 propter
1426 2198 1547 2233 inopiam
1563 2199 1663 2234 impro-

882 2240 950 2274 prie.
965 2240 993 2268 Si
1008 2247 1097 2268 autem
1117 2241 1248 2268 Servatur
1262 2242 1387 2276 qnmdam
1405 2243 1556 2270 medicatus
1575 2248 1626 2276 est,
1638 2249 1666 2271 et

880 2287 1024 2314 sanitatem
1045 2287 1129 2320 dedit,
1144 2293 1171 2315 et
1200 2288 1286 2315 visum
1308 2293 1335 2316 et
1350 2289 1470 2316 auditum
1494 2289 1665 2324 hominibus,

880 2333 962 2360 altior
974 2340 1070 2360 eorum
1084 2341 1182 2361 sensus
1203 2333 1228 2360 in
1244 2334 1340 2368 primis
1354 2335 1514 2369 quaerendus
1526 2339 1579 2367 est,
1603 2343 1664 2363 cum

879 2378 997 2406 Verbum
1015 2379 1235 2413 perturbationes
1258 2380 1341 2406 animi
1364 2388 1460 2408 curare
1483 2381 1525 2408 his
1545 2381 1666 2408 historiis

881 2425 1059 2461 signiﬁcetur.
1080 2425 1172 2460 Neque
1188 2425 1333 2452 absurdum
1352 2425 1388 2452 ibi
1405 2426 1497 2457 fuerit,
1508 2426 1590 2453 etiam
1604 2433 1665 2461 qua:

881 2471 994 2499 historia
1017 2475 1125 2503 narrat,
1153 2470 1224 2498 facta
1251 2471 1401 2506 intelligere
1431 2472 1464 2498 ad
1495 2479 1588 2498 eorum
1617 2472 1662 2506 qui

879 2521 944 2544 tunc
964 2521 1042 2544 crant
1058 2517 1197 2544 hominum
1213 2517 1418 2544 admirationem
1433 2522 1458 2544 el
1471 2521 1619 2552 stuporem,
1635 2523 1665 2544 ιιι

878 2565 925 2599 qui
956 2564 1129 2592 sermonibus
1147 2563 1391 2592 demonstrationis
1415 2569 1442 2590 et
1463 2564 1594 2591 doctrina:
1612 2572 1665 2591 non

878 2609 1042 2641 crederent,
1070 2609 1186 2637 virtutes
1214 2609 1397 2645 prodigiorum
1421 2609 1531 2636 reveriti
1559 2609 1664 2637 doctori

877 2655 1054 2683 adhaererent.

34 2706 84 2741 γὰρ
97 2707 144 2733 τοῦ
161 2709 265 2738 εἰπεῖν,
275 2706 304 2733 Εἰ
317 2707 351 2733 τὰ
373 2707 463 2734 τοιάδε
487 2705 590 2741 χρηστά
613 2713 684 2736 τινα,
713 2704 759 2730 καὶ
776 2704 839 2739 ἡδέα
854 2701 1021 2737 τυγχάνοντα
1042 2700 1192 2737 ἐδεξάμεθα
1215 2702 1290 2738 παρά
1311 2702 1359 2737 τῆς
1376 2702 1507 2738 Προνοίας
1526 2702 1567 2734 εἰς
1590 2703 1666 2738 ἡμᾶς

34 2751 185 2788 έςρθακὸτα,
211 2755 301 2789 πικρά
326 2755 373 2781 καὶ
393 2754 508 2781 ἐπίπονα
529 2754 589 2789 οὐχὶ
611 2753 758 2789 προθύμως
778 2751 957 2787 ὲνεγκοῦμεν;
971 2751 1078 2785 λέγεται
1093 2751 1137 2777 τό·
1159 2760 1168 2776 ι
1188 2751 1219 2777 El
1237 2750 1271 2776 τὰ
1288 2749 1378 2783 ἀγαθὰ
1396 2749 1543 2785 ἐδεξάμεθα
1560 2749 1591 2776 ἐκ
1608 2759 1665 2785 χει-

34 2801 75 2833 ρος
92 2803 210 2838 Κυρίου,
224 2801 262 2828 τὰ
284 2801 357 2828 κακὰ
369 2802 418 2836 οὐχ
433 2802 598 2838 ὁποισομενς
621 2810 630 2827 ι
643 2801 698 2828 Καὶ
713 2801 773 2827 ἀντὶ
792 2799 838 2826 τοῦ
855 2799 948 2834 φάναι,
961 2799 1037 2827 Κατὰ
1053 2797 1184 2834 Πρόνοιαν
1196 2796 1258 2823 τάδε
1275 2798 1336 2824 τινὰ
1348 2798 1379 2832 τῇ
1395 2796 1570 2832 Ἰερουσαλὴμ
1593 2796 1665 2832 ὑπὲρ

65 2889 88 2907 ⁸⁵
104 2890 206 2918 Ezech.
223 2897 322 2922 χιιι-ιιι,
336 2890 378 2917 15.

240 2940 375 2970 Pn‘aoL.
400 2940 458 2970 Gn.
478 2941 546 2971 ΧΗ.

428 2890 451 2906 ⁸⁸
469 2890 530 2918 lsai.
547 2897 603 2923 xtv,
624 2890 665 2917 l2.
704 2890 726 2905 ⁶⁰
741 2889 820 2916 Rom.
839 2896 876 2922 ts,
891 2887 932 2914 l0.
972 2888 990 2903 ⁶¹
1010 2886 1069 2914 Jul).
1088 2886 1171 2921 11,10.

704 2890 726 2905 ⁶⁰
741 2889 820 2916 Rom.
839 2896 876 2922 ts,
891 2887 932 2914 l0.
972 2888 990 2903 ⁶¹
1010 2886 1069 2914 Jul).
1088 2895 1118 2921 tt,
1133 2886 1174 2914 10.
1213 2885 1334 2922 θ’ΜίοΙι.
1353 2893 1371 2919 ι,
1392 2886 1431 2913 12.

1475 2934 1515 2964 3Ἱ
