1882 3053
219 164 232 191 ι
241 164 290 190 lii?»
918 162 966 189 EX
984 163 995 190 ἰ

1098 163 1135 191 WE
1759 169 1763 173 ”
1778 168 1834 195 lltil

218 222 265 248 τοῦ
286 222 459 256 παιδευθῆναι
482 222 544 252 τοὺς
564 221 732 254 ἐνοικοῦντας
753 224 782 248 ὲν
799 222 867 257 αὐτῇ
885 221 1039 257 γεγένηται,
1065 222 1217 257 γέγραπται
1228 223 1266 249 τό·
1291 233 1298 247 ι
1318 222 1427 257 Κατέὸη
1444 223 1515 250 κακὰ
1528 224 1601 259 παρὰ
1618 225 1724 260 Κυρίου
1738 225 1780 251 ἐπὶ
1793 226 1834 251 πύ-

218 269 267 300 λας
299 269 482 304 Ἰερουσαλήμ.
504 279 513 294 ι
541 270 634 305 Δεήσει
661 270 751 296 τοίνυν
780 270 814 296 τὰ
844 270 995 305 πράγματα
1019 270 1168 303 συνιέντας,
1191 270 1227 306 μὴ
1243 269 1385 306 γλίσχρους
1403 270 1547 307 εἶναιπερὶ
1573 271 1606 299 τὰ
1635 272 1765 307 ὀνόματα,
1779 272 1836 300 ἀλλὰ

217 316 436 351 καταλαμϐάνειν
456 316 519 343 πότε
541 317 642 352 κυρίως
671 317 725 343 τῶν
749 318 920 352 πραγμάτων
936 316 1023 344 ταῦτα
1039 317 1177 349 τέτακται,
1194 318 1241 343 καὶ
1260 318 1324 344 πότε
1341 318 1384 345 διὰ
1402 319 1451 354 τὴν
1473 319 1654 354 στενοχωρίαν
1676 320 1732 346 τῶν
1750 320 1835 354 ὀνομά-

217 371 270 388 των
286 362 315 388 ἐν
325 362 499 397 καταχρήσει.
512 361 543 388 Εἰ
559 362 588 388 δὲ
603 362 617 388 ὸ
631 362 726 398 Σωτὴρ
742 362 804 389 τάδε
818 362 879 389 τινὰ
903 362 1006 393 ἰάσατο,
1023 361 1070 387 καὶ
1087 362 1241 398 ἐδωρήσατο
1257 363 1359 397 ὑγείαν,
1383 364 1430 390 καὶ
1452 364 1537 398 ὄψεις,
1562 365 1608 391 καὶ
1636 365 1722 397 ἀκοὰς
1744 367 1836 403 ἀνθρώ-

217 417 288 440 ποις,
313 408 523 444 προηγουμένως
543 408 594 444 μὲν
606 408 655 444 τὴν
673 409 817 445 ἀναγωγὴν
830 409 919 436 αὐτῶν
939 407 1079 444 ζητητέον,
1105 408 1152 434 τοῦ
1172 408 1258 443 Λόγου
1281 409 1315 435 τὰ
1340 409 1390 444 τῆς
1409 409 1496 445 ψυχῆς
1517 410 1589 446 πάθη
1617 410 1777 444 θεραπεύειν
1802 412 1837 438 διὰ

215 453 317 480 τούτων
328 453 382 481 τῶν
402 453 544 490 ἱστορικῶν
564 454 739 489 δηλουμένου.
760 455 817 481 Οὺκ
834 454 932 481 ἄτοπον
949 453 977 480 δὲ
995 453 1041 479 ἐπὶ
1060 454 1115 484 τοῖς
1133 454 1263 485 τοιούτοις
1277 463 1323 482 και
1335 454 1405 481 κατὰ
1419 456 1467 490 τὴν
1482 456 1599 491 ἱστορίαν
1622 456 1838 492 ἀπαγγελλόμενα

215 504 284 530 νοεῖν
306 501 445 536 γεγονέναι
469 501 539 537 ὑπὲρ
560 501 756 536 καταπλήξεως
777 501 830 528 τῶν
850 502 911 528 τότε
933 499 1093 536 ἀνθρώπων,
1119 500 1163 528 ἵνα
1182 502 1206 527 οὶ
1229 501 1265 537 μὴ
1288 502 1441 537 πειθόμενοι
1461 503 1551 537 λόγοις
1577 503 1773 536 ἀποδεικτικοῖς
1799 508 1839 531 καὶ

213 548 421 580 διδασκαλικοῖς,
431 547 637 583 δυσωπηθέντες
649 547 698 580 τὰς
709 548 854 585 τεραστίας
865 547 1004 582 δυνάμεις,
1020 547 1242 580 συγκαταθῶνται
1256 547 1295 583 τῷ
1306 548 1468 576 διδάσκοντι.

252 594 334 621 Vens.
351 594 377 620 7.
394 593 532 628 Signamm
547 598 584 620 est
601 601 680 628 super
700 602 746 620 nos
757 593 844 620 lumen
855 592 941 620 vultus
954 592 1003 622 tui,
1021 594 1041 620 Λ

219 641 341 672 Domine,
358 645 411 668 etc.
429 641 512 666 Deum
529 640 620 666 lumen
635 646 705 671 esse,
724 640 762 666 ait
777 639 896 666 Joannes
913 640 938 666 in
951 637 1001 665 Ca-

215 687 315 714 tholica
330 685 444 721 cpistola
455 685 477 701 “
495 695 501 712 :
519 694 528 711 ι
547 686 618 712 Deus
630 685 674 712 lux
689 690 740 717 est,
762 690 789 712 et
802 686 919 712 tenebrae
931 685 956 711 in
969 692 1001 712 eo

213 741 268 760 non
280 737 342 760 sunt
356 732 426 758 ullae.
443 741 452 757 ι
470 731 503 758 Ει
518 732 645 766 quamvis
661 732 731 766 ignis
748 739 855 766 quoque
876 732 999 762 dicatur,

213 778 439 812 quemadmodum
452 777 551 803 Paulus
562 777 589 803 in
600 777 713 810 epistola
728 778 762 804 ad
778 776 908 804 Hebraeos
919 777 957 803 ait
966 777 999 803 “z

214 834 225 849 ι
238 823 345 851 Etenim
362 823 433 850 Deus
450 826 544 850 noster
558 822 627 857 ignis
646 829 811 849 consumens
827 827 880 855 est,
893 824 1001 848 posten-

213 869 282 896 dens
303 869 390 904 ipsum
413 875 473 895 esse
490 868 575 895 Deum
591 867 658 902 legis
670 872 696 895 et
714 867 864 902 Evangelii,
881 867 932 894 hoc
948 871 999 898 est,

213 915 322 942 Patrem
344 913 451 942 Domini
472 913 558 941 nostri
581 913 645 941 Jesu
670 913 785 946 Christi,
806 917 833 940 et
858 916 1000 947 propterea

215 961 297 988 Deum
314 965 453 992 nostrum,
472 959 537 986 nihil
555 959 625 986 aliud
651 959 797 994 quidquam
813 966 874 986 esse
899 958 997 985 existi-

213 1008 339 1034 mandum
350 1012 391 1034 est
407 1014 488 1041 quam
500 1006 602 1039 lumen,
623 1007 694 1041 quod
710 1006 819 1040 quidem
835 1005 999 1039 cogitatione

213 1053 270 1080 sola
291 1052 379 1079 ditlert
408 1053 441 1079 ab
465 1052 528 1084 igne
558 1057 746 1079 consumente.
768 1051 999 1085 Quemadmodum

213 1105 303 1126 autem
317 1099 342 1126 in
356 1106 384 1126 re
400 1105 532 1133 corporea
546 1106 594 1125 usu
614 1098 699 1130 venit,
719 1103 748 1125 ut
761 1098 856 1125 eadem
873 1098 1000 1124 substan-

208 1146 249 1172 tia
266 1150 401 1180 quatenus
423 1144 572 1178 illuminat,
596 1144 686 1171 lumen
713 1145 758 1175 sit,
783 1149 918 1178 quatenus
934 1151 999 1170 vero

211 1192 261 1219 has
273 1191 313 1218 vel
330 1191 388 1218 illas
403 1191 533 1218 materias
549 1190 733 1219 comburendo
744 1190 860 1218 absumit
872 1197 905 1217 ac
919 1190 1000 1217 devo-

210 1243 264 1270 rat,
289 1238 359 1273 ignis
384 1244 545 1265 consumens
568 1237 709 1264 exsistat:
728 1236 767 1263 sic
794 1236 887 1270 utique
915 1236 997 1263 etiam

211 1284 281 1310 Deus
293 1291 323 1310 ca
341 1283 452 1317 quidem
463 1290 522 1316 qua:
531 1289 614 1316 prava
632 1286 695 1308 sunt
711 1281 812 1314 abolet,
825 1286 852 1308 et
867 1281 998 1307 malitiam

211 1328 339 1359 absumit,
359 1327 392 1354 iis
409 1332 498 1354 autem
522 1327 568 1361 qui
587 1327 643 1361 apti
667 1330 747 1358 sunt,
769 1330 797 1352 et
816 1326 898 1353 corde
920 1332 998 1359 puro,

211 1374 301 1400 lumen
321 1378 372 1400 est.
399 1372 632 1406 Quemadmodum
655 1379 718 1399 vero
736 1371 818 1398 simul
846 1371 946 1398 accidit
971 1376 1000 1399 ut

211 1426 343 1452 corporea
371 1418 415 1445 lux
431 1418 464 1444 iis
480 1417 525 1451 qui
554 1425 634 1444 sanos
648 1418 748 1445 habent
763 1416 866 1449 oculos,
882 1421 939 1443 tum
957 1417 997 1443 sui

211 1465 306 1499 ipsius,
321 1470 375 1490 tum
388 1468 550 1491 cmterorum
566 1470 626 1497 qua:
645 1464 696 1490 sub
720 1470 816 1490 sensus
831 1463 940 1495 cadunt,
959 1462 998 1488 vi-

206 1519 270 1539 sum
285 1511 404 1545 praebeat
418 1520 424 1537 :
441 1510 480 1538 sic
496 1510 566 1537 Deus
582 1509 680 1536 virtute
696 1508 813 1544 quadam
834 1508 867 1536 ad
883 1508 999 1542 singulo-

204 1565 271 1584 rrutn
286 1562 404 1584 mentem
421 1557 594 1591 perveniens,
618 1555 698 1582 modo
721 1556 756 1583 sit
780 1555 937 1583 nullatenus
952 1562 998 1582 cn-

210 1608 315 1637 operta,
323 1610 411 1637 neque
418 1603 450 1629 ab
459 1601 830 1634 ullectibusimpedimentum
839 1601 947 1635 aliquod
956 1607 1000 1635 pa-

209 1649 307 1679 tiatur,
317 1648 462 1682 quominus
471 1652 550 1673 aeute
559 1651 661 1678 cernat,
669 1646 752 1673 ellicit
760 1650 787 1673 ut
796 1650 823 1672 et
832 1646 888 1679 ipse
901 1645 999 1672 intelli-

206 1699 300 1729 gatur,
318 1699 342 1720 et
354 1693 387 1719 ad
396 1693 447 1719 alia
461 1699 569 1726 quoque
585 1699 645 1726 qua:
665 1691 715 1719 sub
733 1690 937 1725 intelligentiam
950 1698 996 1717 ca-

210 1742 285 1772 dunt,
297 1739 471 1773 intelligenda
483 1739 623 1772 perveniat
638 1739 659 1765 is
668 1738 743 1773 cujus
753 1742 870 1764 mentem
879 1737 998 1764 illustra-

210 1786 291 1812 verit.
316 1784 386 1811 Nihil
400 1785 499 1812 mirum
512 1789 602 1811 autem
619 1783 641 1810 si
658 1782 779 1810 nonnulli
796 1782 822 1808 in
835 1781 940 1809 artibus
952 1785 999 1808 aut

198 1830 334 1861 sctentiis
342 1830 506 1866 quibusdam
516 1828 697 1864 perspicaees,
708 1827 748 1854 vel
762 1827 796 1853 ad
811 1827 997 1861 percipiendas

202 1879 341 1914 quasdam
363 1876 481 1904 morales
496 1879 524 1902 et
539 1873 694 1902 dialecticas
714 1873 879 1906 quaestiones
895 1872 997 1899 aeutis-

215 1925 278 1953 simi
306 1924 432 1958 iguoraut
468 1921 563 1948 Deum.
597 1919 698 1946 llorum
727 1918 799 1945 enim
832 1917 995 1945 intellectum

201 1970 290 2006 ’573
303 1969 419 1997 similem
434 1974 495 1995 esse
509 1967 625 1993 dicimus
638 1964 716 1992 oculo
729 1964 774 1999 qui
788 1964 922 1999 quidlibet
940 1971 996 1993 mn-

210 2016 251 2050 gis
278 2016 400 2042 intuetur
418 2020 500 2047 quam
521 2011 622 2043 solem,
639 2014 666 2037 et
689 2017 827 2044 nunquam
849 2008 882 2035 ad
908 2009 997 2036 radios

209 2062 267 2095 ejus
295 2058 485 2095 pereipiendos
505 2056 646 2083 attollitur.
670 2055 903 2089 Quemadmodum
924 2054 995 2082 enim

202 2106 307 2134 solaris
323 2105 415 2132 radius
426 2103 485 2137 ejus
500 2102 602 2129 vultum
620 2101 737 2134 attingit,
751 2101 796 2135 qui
814 2100 900 2135 ipsum
914 2099 998 2133 respi-

209 2155 258 2186 (ιι,
279 2159 328 2178 nec
354 2149 482 2185 possibile
505 2153 546 2176 est
561 2147 625 2175 solis
652 2154 712 2174 esse
736 2150 876 2181 expertem
893 2145 938 2180 qui
964 2145 996 2171 ad

210 2200 298 2232 ipsum
315 2201 378 2229 stat,
390 2196 425 2222 ita
442 2194 613 2229 cogitandum
629 2193 674 2220 Dei
689 2192 799 2219 omnino
810 2198 870 2218 esse
885 2189 998 2226 partici-

209 2252 281 2280 pem,
291 2243 335 2278 qui
347 2242 430 2269 divini
443 2241 517 2268 verbi
527 2240 612 2275 legem
623 2240 767 2266 meditatus
781 2239 872 2269 fuerit,
882 2242 909 2264 et
923 2245 997 2264 men-

212 2296 264 2318 tem
277 2296 352 2317 suam
367 2288 400 2314 ad
414 2287 496 2314 Deum
511 2285 728 2320 cognoscendum
744 2284 894 2311 tradiderit.
908 2282 996 2316 Quod,

209 2338 316 2372 opinor,
332 2337 382 2363 hoe
397 2335 455 2362 loco
469 2332 603 2368 signiﬁcat
616 2332 761 2366 Propheta,
778 2339 838 2357 cum
853 2330 908 2357 ait:
923 2339 932 2356 ι
953 2330 997 2357 Si-

209 2387 319 2418 gnatum
341 2386 382 2408 est
404 2388 485 2414 super
500 2386 549 2406 nos
561 2379 650 2405 lumen
665 2378 752 2404 vultus
780 2376 830 2408 tui,
845 2376 969 2403 Domine.
985 2385 995 2400 ι

211 2430 323 2465 Signum
341 2427 429 2458 enim,
447 2427 543 2461 inquit,
559 2424 670 2451 luminis
682 2423 752 2457 quod
766 2423 793 2449 in
809 2422 882 2448 vultu
896 2427 941 2449 ttlo
953 2428 996 2448 re-

210 2476 342 2511 splendet,
358 2475 390 2501 ad
415 2480 464 2500 nos
487 2472 658 2504 perveniens,
673 2469 750 2496 uobis
768 2469 928 2503 impressum
943 2472 997 2499 est,

211 2527 239 2549 et
252 2522 396 2556 ipsummet
409 2519 500 2545 lumen
514 2517 604 2544 vultus
619 2515 655 2542 tui
671 2515 709 2542 sic
722 2521 882 2548 expressum
905 2517 956 2544 est,
969 2517 998 2538 ut

211 2568 256 2600 qui
271 2567 362 2594 videre
376 2570 463 2600 potest
476 2565 581 2598 signum
597 2562 679 2588 divini
693 2560 802 2587 luminis
819 2559 889 2594 quod
905 2559 996 2594 signa-

1017 1259 1035 1287 Β

1098 592 1275 627 Ἐσημειώθη
1287 593 1419 628 ἐφ’ήμᾶς
1426 594 1460 620 τὸ
1473 594 1535 628 φῶς
1546 595 1598 622 τοῦ
1607 595 1838 629 προσώπουσου,

1052 639 1149 671 Κύριε,
1167 648 1193 666 κ.
1208 648 1231 666 τ.
1246 640 1268 665 ὲ.
1283 639 1341 665 Ὀτι
1354 639 1411 673 φῶς
1424 641 1498 666 ἐστιν
1514 642 1528 666 ὁ
1546 640 1612 672 Θεὸς
1629 641 1698 676 (Η),
1719 641 1837 676 Ἰωάννης

1053 684 1134 719 φησὶν
1150 685 1179 711 ὲν
1194 686 1226 720 τῇ
1241 685 1377 720 Καθολικῇ
1395 686 1532 722 ἐπιστολῇ·
1554 696 1563 712 ι
1581 687 1609 713 '0
1617 687 1684 718 Θεὸς
1701 687 1759 721 φῶς
1774 687 1836 715 ἐστι.

1052 730 1098 756 καὶ
1112 730 1204 756 σκοτία
1217 731 1245 756 ἐν
1259 730 1333 766 αὺτῷ
1346 732 1419 757 ἐστιν
1439 731 1561 767 οὐδεμία.
1583 742 1592 757 ι
1612 732 1670 758 Κᾶν
1685 732 1742 767 πῦρ
1758 733 1784 759 δὲ
1799 733 1838 758 λέ-

1051 784 1144 811 γηται.
1158 776 1216 807 ὡςό
1227 776 1330 808 Παῦλος
1347 778 1375 804 ὲν
1391 779 1424 812 τῇ
1435 778 1503 813 πρὸς
1523 778 1664 814 Ἑϐραίους
1676 780 1755 814 φησί·
1768 789 1776 804 ι
1789 781 1839 806 Καὶ

1051 821 1105 858 γὰρ
1123 823 1137 848 ὁ
1152 822 1216 854 Θεὸς
1239 822 1318 858 ἡμῶν
1343 822 1398 858 πῦρ
1411 824 1607 850 καταναλίσκον
1625 825 1693 850 ἐστί·
1712 835 1722 850 ι
1738 825 1840 857 δεικνὺς

1051 867 1132 894 αὐτὸν
1140 866 1209 895 εἶναι
1219 869 1285 895 Θεὸν
1301 869 1384 904 νόμου
1402 870 1448 896 καὶ
1470 869 1648 903 Εὐαγγελίου,
1665 871 1789 898 τουτέστι
1798 872 1840 897 τὸν

1052 914 1160 950 Πατέρα
1184 914 1231 941 τοῦ
1254 915 1355 950 Κυρίου
1371 915 1449 951 ἡμῶν
1473 915 1558 951 Ἰησοῦ
1574 916 1706 952 Χριστοῦ,
1732 918 1779 944 καὶ
1800 918 1840 944 διὰ

1051 959 1130 986 τοῦτο
1136 960 1201 987 Θεὸν
1215 962 1302 997 ἡμῶν·
1316 963 1365 989 οὐκ
1381 964 1444 990 ἄλλο
1454 973 1479 990 τι
1491 964 1598 999 νοητέον
1610 963 1681 992 εἶναι
1696 966 1743 992 τοῦ
1757 966 1840 1000 φωτὸς

1052 1007 1085 1041 τῇ
1109 1007 1215 1043 ἐπινοίᾳ
1230 1008 1356 1044 διαφέρον
1371 1010 1418 1036 τοῦ
1438 1010 1522 1045 πυρὸς
1538 1011 1584 1036 τοῦ
1599 1011 1840 1044 καταναλίσκοντος

1050 1051 1097 1077 τοῦ
1121 1053 1195 1087 παρὰ
1223 1053 1252 1080 τὸ
1277 1054 1344 1088 φῶς.
1369 1055 1473 1091 Ὥσπερ
1498 1056 1545 1082 καὶ
1567 1056 1613 1082 ἐπὶ
1633 1056 1672 1091 τῷ
1694 1058 1840 1092 σωματικῴ

1052 1097 1224 1134 συνέτυχενή
1240 1099 1289 1134 μὲν
1304 1100 1373 1136 αὑτὴ
1381 1101 1459 1127 οὐσία
1474 1101 1534 1128 καθ’
1551 1102 1565 1128 ὃ
1578 1102 1628 1137 μὲν
1644 1102 1769 1136 φωτίζει,
1785 1103 1841 1137 φῶς

1050 1143 1118 1176 ἐστι,
1130 1144 1190 1170 καθ’
1205 1145 1220 1171 ὃ
1231 1145 1259 1171 δὲ
1271 1147 1414 1182 ἐπικρατεῖ
1421 1147 1474 1174 τῶν
1487 1147 1596 1174 τοιῶνδε
1608 1148 1690 1180 ὑλῶν,
1707 1150 1841 1184 καυστικὴ

1051 1188 1096 1214 καὶ
1108 1189 1313 1225 καταναλωτικὴ
1321 1191 1490 1226 τυγχάνουσα
1503 1192 1603 1223 αὐτῶν,
1623 1193 1679 1228 πῦρ
1693 1193 1751 1219 ἐστι
1764 1202 1844 1219 κατα-

1050 1233 1185 1260 ναλίσκον·
1201 1235 1271 1262 οὕτω
1281 1237 1423 1273 τοιγαροῦν
1437 1239 1484 1264 καὶ
1498 1239 1512 1265 ὁ
1531 1238 1597 1270 Θεὸς
1609 1239 1663 1265 τῶν
1685 1239 1734 1274 μὲν
1751 1240 1841 1274 χειρο-

1051 1288 1103 1305 νων
1113 1279 1288 1314 ἀφανιστικὸς
1308 1283 1378 1314 ἐστι,
1395 1284 1441 1310 καὶ
1453 1283 1502 1319 τῆς
1518 1283 1616 1315 κακίας
1633 1283 1841 1317 ὲξαναλωτικὸς,

1050 1325 1106 1356 τοῖς
1130 1324 1159 1350 δὲ
1183 1325 1346 1361 ἐπιτηδείοις
1366 1328 1414 1354 καὶ
1436 1328 1651 1364 κεκαθαρμένοις
1668 1330 1718 1365 τὴν
1731 1331 1842 1365 καρδέαν

1050 1369 1108 1404 φῶς
1133 1370 1270 1405 τυγχάνει.
1299 1373 1346 1398 “Ov
1370 1373 1471 1408 τρόπον
1494 1374 1522 1400 δὲ
1543 1375 1589 1400 ἐπὶ
1612 1375 1660 1401 τοῦ
1686 1376 1842 1411 σωματικοῦ

1050 1415 1138 1449 φωτὸς
1155 1417 1314 1453 συντέτευχε
1329 1418 1359 1445 τὸ
1372 1421 1511 1454 συνεργεῖν
1527 1420 1592 1447 αὐτὸ
1605 1422 1661 1452 τοῖς
1671 1421 1843 1455 ὑγιαίνοντας

1050 1461 1155 1497 ἔχουσιν
1187 1462 1341 1498 ὀφθαλμοὺς
1367 1465 1435 1500 πρὸς
1460 1474 1490 1491 τε
1516 1465 1565 1501 τὴν
1595 1466 1678 1493 αὐτοῦ
1708 1466 1773 1494 θέαν
1797 1468 1844 1494 καὶ

1049 1507 1098 1542 τὴν
1119 1507 1172 1534 τῶν
1202 1509 1349 1545 αἰσθητῶν·
1376 1510 1421 1537 τὸν
1446 1511 1525 1537 αὑτὸν
1549 1512 1650 1547 τρόπον
1667 1514 1682 1539 ὁ
1711 1513 1779 1545 Θεὸς
1801 1513 1843 1540 δυ-

1049 1553 1130 1588 νάμει
1154 1554 1208 1593 τινὶ
1231 1554 1340 1588 φθάνων
1362 1555 1409 1581 ἐπὶ
1430 1556 1475 1582 τὸν
1496 1557 1618 1583 ἑκάστων
1634 1557 1708 1591 νοῦν,
1727 1559 1776 1585 ἐὰν
1791 1568 1842 1593 μη-

1049 1598 1166 1634 δαμόθεν
1193 1597 1270 1632 οὗτος
1296 1600 1339 1635 ἐφ’
1362 1601 1390 1627 ὃν
1413 1601 1507 1636 φθάνει
1529 1603 1793 1639 συγκεκαλυμμένος
1816 1603 1843 1641 ᾗ,

1051 1644 1118 1679 μηδὲ
1133 1645 1192 1671 ’ἀπὸ
1217 1645 1310 1673 παθῶν
1326 1655 1351 1672 τι
1368 1647 1515 1674 κωλυτικὺν
1546 1649 1688 1681 πεπονθὼς
1705 1650 1756 1686 τῆς
1779 1651 1843 1681 ιδίας

1049 1690 1217 1726 ὀξυδερκίας,
1239 1691 1325 1724 αἴτιος
1352 1693 1466 1727 γίνεται,
1494 1694 1540 1720 τοῦ
1558 1703 1587 1721 τε
1614 1696 1698 1722 αὑτὸν
1725 1696 1845 1722 νοεῖσθαι

1050 1735 1096 1767 καὶ
1122 1736 1168 1761 ἐπὶ
1189 1735 1222 1762 τὰ
1249 1736 1317 1763 ἄλλα
1341 1737 1424 1773 νοητὰ
1451 1738 1564 1772 φθάνειν
1588 1739 1634 1765 τὸν
1657 1741 1846 1776 φωτιζόμενον

1050 1781 1094 1806 ὑπ’
1116 1780 1198 1807 αὑτοῦ
1217 1781 1289 1808 νοῦν.
1313 1783 1350 1808 Οὐ
1371 1782 1525 1818 Θαυμαστὸν
1545 1784 1572 1810 δὲ
1591 1784 1619 1810 εἴ
1632 1793 1707 1816 τινες
1726 1779 1846 1821 διορατι-

1049 1826 1091 1852 κοὶ
1112 1827 1140 1852 ἐν
1160 1827 1268 1861 τέχναις
1289 1827 1306 1863 ἢ
1336 1829 1500 1864 ἐπιστήμαις
1524 1830 1579 1856 τισὶ
1608 1831 1805 1866 τυγχάνοντες,
1828 1832 1843 1866 ἦ

1048 1871 1171 1904 ὀξύτατοι
1188 1873 1251 1908 περὶ
1276 1867 1437 1909 καταῦόησιν
1456 1873 1558 1909 ἠθικῶν
1583 1883 1665 1902 τινων
1691 1877 1740 1902 καὶ
1773 1877 1846 1910 λογι-

1049 1917 1104 1943 κῶν
1121 1918 1332 1954 προϐλημάτων,
1359 1919 1486 1953 ἀγνοοῦσι
1511 1920 1587 1947 Θεόν.
1610 1921 1776 1956 ὀμοιοῦμεν
1791 1924 1846 1956 γάρ

1048 1963 1137 1990 αὐτῶν
1157 1964 1187 1990 τὸ
1202 1964 1370 2000 διανοητικὸν
1394 1965 1526 2000 ὀφθαλμῷ
1551 1966 1730 1998 ὲνατενίζοντι
1762 1970 1846 1994 παντὶ

1050 2009 1179 2045 μᾶλλονῆ
1195 2010 1233 2045 τῷ
1253 2011 1331 2046 ἡλίῳ,
1357 2011 1404 2038 καὶ
1427 2011 1560 2047 μηδέποτε
1580 2012 1758 2049 ἑπαιρομένῳ
1777 2013 1844 2049 πρὸς

1048 2055 1078 2082 τὸ
1093 2057 1258 2091 κατανοῆσαι
1279 2057 1328 2088 τὰς
1344 2057 1438 2083 τούτου
1463 2057 1560 2090 αὐγάς.
1585 2058 1692 2093 ’Ὠσπερ
1717 2059 1845 2094 μέντοιγε

1049 2102 1143 2136 φθάνει
1156 2103 1172 2137 ἡ
1184 2102 1284 2137 ἡλιακὴ
1300 2103 1379 2134 ἀκτὶς
1395 2103 1441 2129 ἐπὶ
1454 2104 1483 2130 τὸ
1500 2103 1645 2140 πρόσωπον
1660 2104 1707 2130 τοῦ
1725 2105 1846 2140 ἐνορῶν-

1049 2156 1093 2179 τος
1109 2147 1194 2182 αὐτῷ,
1211 2148 1259 2174 καὶ
1272 2149 1321 2183 οὐχ
1337 2145 1392 2175 οἷόν
1411 2157 1441 2175 τε
1460 2150 1586 2185 ἀμοιρεῖν
1604 2150 1681 2185 ἡλίου
1706 2150 1755 2177 τὸν
1776 2152 1846 2186 πρὸς

1048 2193 1122 2228 αὐτῷ
1135 2195 1319 2229 τυγχάνοντα·
1344 2194 1430 2226 οὕτως
1445 2196 1553 2231 νοητέον
1582 2196 1692 2228 πάντως
1717 2197 1846 2232 μετέχειν

1048 2238 1115 2265 Θεοῦ
1132 2239 1177 2266 τὸν
1192 2239 1376 2266 κατανοοῦντα
1397 2240 1443 2267 τὸν
1470 2241 1551 2276 νόμον
1576 2240 1622 2267 τοῦ
1650 2241 1723 2268 θείου
1750 2242 1845 2275 λόγου,

1049 2284 1174 2311 ἐπιδόντα
1190 2285 1235 2312 τὸν
1248 2285 1309 2312 νοῦν
1330 2286 1428 2312 ἑαυτοῦ
1452 2286 1520 2321 πρὸς
1541 2287 1573 2313 τὸ
1604 2287 1724 2313 συνιέναι
1758 2287 1845 2314 Θεάν-

1048 2331 1116 2367 ὄπερ
1132 2329 1209 2366 οἶμαι
1225 2331 1356 2367 δηλοῦντα
1367 2333 1412 2359 τὸν
1428 2333 1572 2369 Προφήτην
1589 2333 1682 2360 ἐνθάδε
1696 2334 1789 2368 λέγειν
1802 2334 1846 2360 τό·

1052 2388 1060 2402 ι
1073 2378 1243 2414 Ἑσημειώθη
1259 2380 1301 2413 ἐφ’
1320 2379 1392 2414 ἡμᾶς
1408 2379 1438 2405 τὸ
1459 2378 1517 2413 φῶς
1532 2379 1579 2406 τοῦ
1609 2379 1759 2414 προσώπου
1784 2389 1847 2409 σου.

1050 2424 1145 2460 Κύριε.
1165 2435 1173 2450 ι
1190 2426 1305 2461 Σημεῖον
1320 2425 1384 2460 γὰρ,
1401 2425 1484 2460 φησὶ,
1502 2424 1550 2451 τοῦ
1567 2426 1656 2460 φωτὸς
1676 2426 1724 2452 τοῦ
1750 2426 1781 2451 ὲν
1812 2427 1846 2460 τῇ

1049 2469 1179 2504 προσόψει
1195 2478 1253 2501 σου,
1272 2469 1377 2503 φθάσαν
1392 2471 1430 2500 εἱς
1442 2469 1531 2504 ἡμᾶς,
1548 2470 1735 2497 ἐντετύπωται
1765 2472 1847 2505 ἡμῖν,

1049 2516 1096 2542 καὶ
1110 2515 1176 2542 αὐτὸ
1192 2515 1222 2542 τὸ
1246 2515 1303 2550 φῶς
1316 2516 1364 2549 τῆς
1388 2515 1545 2552 προσόψεως
1562 2524 1609 2542 σου
1626 2517 1847 2552 ὲγκεχάρακται,

1050 2561 1119 2588 ὥστε
1134 2562 1180 2588 τὸν
1195 2561 1280 2588 εἰδότα
1295 2562 1363 2597 ὁρᾷν
1381 2563 1492 2597 σημεῖον
1509 2561 1554 2588 τοῦ
1578 2562 1667 2596 φωτὸς
1691 2570 1848 2597 σεσημειω.

211 2619 267 2640 ιιιιιι
284 2618 335 2646 est,
349 2613 398 2639 hoc
414 2611 500 2646 iptum
516 2609 606 2637 statim
619 2607 753 2641 intelligat
767 2607 793 2633 iu
812 2606 888 2632 nobis
900 2605 995 2631 factum

1098 2615 1131 2632 ιον
1154 2606 1221 2632 Θεοῦ
1250 2606 1400 2642 τηνικαῦτα
1426 2608 1496 2633 νοεῖν
1530 2606 1609 2632 τοῦτο
1636 2607 1787 2642 γενόμενον
1818 2608 1847 2632 ἐν

210 2667 280 2687 esse.
302 2659 427 2686 Arbitror
446 2664 511 2683 vero
533 2656 613 2682 etiam
629 2656 681 2681 hoc
696 2661 824 2680 arcamnu
852 2653 877 2678 in
904 2650 996 2677 Exodo

211 2705 353 2734 detrlarari,
372 2711 432 2730 emu
452 2703 549 2737 Moysis
565 2709 626 2728 eum
650 2700 703 2726 Deo
721 2698 891 2725 familiariter
914 2697 997 2724 collo-

211 2749 415 2784 qucntis-l’ai-ies
432 2749 466 2774 ita
481 2747 630 2782 glerillcata
652 2750 704 2776 est,
718 2748 747 2770 ut
760 2751 812 2770 non
830 2747 943 2777 possent
963 2743 995 2768 li-

248 2817 412 2848 ⁵³11ιιῑιιι.ι,
428 2817 455 2842 5.
496 2817 517 2831 Μ
534 2816 599 2842 llt‘h.
618 2823 670 2846 xu,
687 2815 731 2843 29.

247 2886 302 2917 {ill
317 2887 374 2912 ’Ὁτι
391 2886 453 2920 φῶς
475 2886 558 2912 ἐστιν
571 2887 585 2912 ὁ
602 2887 684 2919 Quir,
702 2889 753 2912 etc.
779 2884 932 2917 (leniet-ius,
952 2892 991 2911 om

1098 2882 1250 2916 t'occianus,
1264 2882 1283 2897 ““·

1052 2653 1126 2688 ἡμῖν.
1149 2650 1232 2688 Οἶμαι
1257 2653 1285 2680 δὲ
1298 2654 1343 2679 καὶ
1367 2653 1397 2679 τὸ
1413 2653 1568 2688 ἀπόρρητον
1594 2654 1675 2680 τοῦτο
1697 2654 1848 2689 δηλοῦσθαι

1050 2699 1079 2724 ὲν
1093 2700 1125 2734 τῇ
1145 2699 1260 2732 Έξόδῳ,
1272 2699 1312 2725 ὅτι
1329 2699 1467 2730 Μωῡσέως
1484 2699 1528 2725 ἐπὶ
1540 2698 1620 2726 πλέον
1633 2700 1799 2735 ὁμιλοῦντος
1812 2700 1847 2733 τις.

1050 2744 1108 2779 Θεῷ
1125 2745 1171 2771 καὶ
1182 2745 1305 2776 συνόντος
1327 2744 1400 2780 αὐτῷ
1414 2744 1569 2777 δεδόξασται
1588 2746 1753 2781 πρόσωπον,
1779 2747 1847 2772 ὥστε

1324 2882 1354 2898 τ,,ι
1370 2881 1396 2895 u.
1411 2881 1504 2897 ..ιω-..-
