1882 3053
25 174 81 202 1165

500 180 654 209 SELECTA
670 182 703 210 IN
719 182 888 214 PSALMOS.
909 203 942 207 —
962 187 1059 216 PSAL.
1080 189 1124 218 IV.

1571 201 1636 230 1166

23 230 188 266 μὴδύνασθαι
203 232 269 265 ’τοὺς
294 233 368 266 υἱοὺς
389 235 496 271 Ἰσραὴλ
521 237 641 264 ἀτενίσαι
672 241 712 270 είς
741 240 766 266 τὶ

892 242 968 270 Israel
981 244 1123 272 intendere
1139 245 1164 272 in
1177 247 1290 281 gloriam
1307 249 1365 284 ejus
1377 256 1404 278 et
1415 251 1518 281 idcirco
1534 262 1635 284 assmu-

21 277 86 310 δόξαν
109 277 199 308 αὐτοῦ.
225 279 273 305 καὶ
297 280 342 306 διὰ
371 280 448 308 τοῦτο
465 282 597 318 κάλυμμα
613 283 728 311 λαϐόντα
743 286 789 312 τὸν

21 321 157 356 θεράποντα
168 323 271 357 ὁμιλεῖν
285 324 323 359 τῷ
345 325 412 360 λαῷ.
438 326 515 354 Πᾶσα
531 328 559 354 δὲ
586 328 658 365 ψυχὴ
686 331 791 357 ἀνακει-

21 367 76 402 μένη
94 367 160 402 Θεῷ,
174 370 220 395 καὶ
232 370 272 401 είς
290 371 321 397 τὺ
335 371 434 406 ἀληθὲς
450 373 532 399 αὐτοῦ
549 375 595 401 καὶ
611 377 673 414 τοῖς·
682 376 789 408 πολλοῖς

19 413 155 449 ἀθεώρητον
168 415 335 448 εἰσελθοῦσα,
355 418 545 452 μεταλαϐοῦσά
561 430 590 447 τε
607 422 656 457 τῆς
683 423 789 459 θειότη-

18 467 63 491 τος,
77 459 104 485 οὐ
119 461 225 496 χωρητὴ
240 463 296 493 τοῖς
311 462 418 494 πολλοῖς
428 465 545 498 γίνεται,
557 465 626 492 ὥστε
639 467 723 503 αὐτὴν
741 469 788 503 ὲγ-

18 504 208 541 κεκαλυμμένην
228 508 379 542 οἰκονομεῖν
410 510 472 542 τοὺς
499 511 706 547 ὑποδεεστέρους
729 514 787 541 δια-

17 546 147 582 λεγομένην
162 549 194 576 τὰ
212 551 370 587 κατάλληλα
386 553 488 586 αὐτοῖς,
504 555 563 582 Ὅτι
577 556 605 582 δὲ
630 546 661 583 τδ
689 559 788 593 ὀνομα-

16 589 111 625 ζόμενον
123 593 265 628 πρόσωπον
280 596 327 622 τοῦ
344 597 411 624 Θεοῦ
422 619 429 629 ,
446 600 561 633 φωτίζον
591 602 621 628 τὸ
639 589 786 638 δυνάμενον

16 637 85 663 αὖτοῦ
100 639 218 674 χωρῆσαι
237 641 287 673 τὰς
301 642 389 676 αὐγὰς
404 645 567 680 ἡγεμονικὸν
577 667 583 678 ,
605 648 690 674 αἴτιον
708 637 786 683 γγνώ-

15 688 71 712 est»;
85 682 194 722 γίνεται,
209 684 253 711 διὰ
269 686 316 712 τοῦ
330 687 476 722 ἑξηκοστοῦ
497 690 576 716 ἐκτου
592 691 701 727 ψαλμοῦ
713 702 784 730 παρ-

15 725 106 753 ίσταται
120 719 204 761 οὕτως
213 730 321 765 ἔχοντος
332 740 338 746 ”
353 719 377 758 δι’
390 734 418 759 '0
433 734 499 766 Θεὸς
515 719 683 772 οἰκτειρήσω
700 719 783 774 ὴμές,

13 772 202 810 καὶεύλογήσαι
231 777 321 811 ἡμᾶς,
352 779 483 813 ἐπιφάναι
515 781 544 808 τδ
573 772 725 817 πρόσωπον.
741 787 783 820 ἐφ’

12 819 83 852 ἡμᾶς,
99 819 143 846 τοῦ
160 821 262 854 γνῶναι
277 823 305 849 ὲν
320 825 353 859 τῇ
375 826 409 860 γῇ
427 826 476 860 τὴν
492 826 550 853 όδόν
566 836 627 860 σου,
644 829 673 855 ὲν
699 819 782 858 πᾶσιν

10 863 85 890 ἔθνεσι
99 864 129 891 τὸ
142 867 274 902 σωτήριόν
292 876 350 900 σου,
363 878 372 894 ι
406 870 452 897 καὶ
467 871 501 897 τὰ
517 871 591 907 ἑξῆς.
609 874 642 899 Ol.
656 875 782 910 μετέχον-

10 917 47 940 τες
64 910 130 937 οὓτω
153 911 199 938 τοῦ
225 913 315 948 φωτὸς
343 915 389 941 καὶ
417 915 560 952 δυνάμενοι
582 918 654 954 ἔργῳ
676 921 779 947 εἰπεῖν’
798 920 819 947 Β

12 961 19 977 t
37 954 194 992 Ἐσημειώθη
210 957 253 991 ἐφ’
269 958 343 993 ἡμᾶς
355 960 386 986 τὸ
400 960 458 994 φῶς
473 962 520 988 τοῦ
549 964 694 998 προσώπου
720 974 778 998 σου,

10 998 91 1034 Κύριε,
107 1011 115 1026 ι
133 1002 217 1028 αίτιον
234 1002 263 1029 ὃν
277 1004 324 1030 τοῦ
357 1005 439 1041 μηδὲν
456 1007 553 1034 παθεῖν
581 1009 609 1035 ἐν
634 1009 672 1046 τῷ
691 1011 779 1047 καιρῷ

7 1044 45 1071 τοῦ
56 1046 209 1079 κολάζεσθαι
227 1050 290 1081 τοὺς
305 1051 435 1079 τοιούτων
450 1053 604 1088 φαρμάκων
623 1044 777 1090 δεομένους,

6 1090 83 1124 ἔχουσι
99 1092 127 1118 τὸ
140 1093 196 1126 φῶς
222 1090 245 1128 ᾧ
260 1096 499 1131 κεκοινωνήκασιν.
535 1096 618 1133 Οἶμαι
640 1099 668 1126 δὲ
700 1100 779 1128 τοῦτο

7 1135 131 1169 δηλοῦσθαι
145 1139 174 1164 ὲν
188 1140 243 1170 τοῖς
264 1141 396 1174 Ψαλμοῖς
412 1142 459 1167 καὶ
475 1143 504 1169 ὲν
529 1143 569 1178 τῷ
590 1143 732 1181 Ἰεζεκιήλ’
749 1147 778 1173 ἐν

8 1180 48 1214 μὲν
61 1183 112 1213 τοῖς
131 1185 265 1219 Ψαλμοῖς
278 1185 374 1213 τοῦτον
398 1187 516 1222 τρόπον·
545 1198 554 1214 t
569 1180 700 1222 meum:
722 1193 777 1225 τοῖς

7 1226 165 1262 ιροδουμένοις
182 1238 211 1255 σε
234 1231 384 1265 σημείωσιν
397 1251 404 1263 ,
422 1232 467 1259 τοῦ
491 1235 587 1267 φυγεῖν
609 1234 663 1261 ἀπὸ
690 1244 776 1271 προσ-

6 1270 68 1297 ώπου
78 1272 160 1307 τόξου,
172 1274 248 1306 ὅπως
262 1275 294 1302 ἃν
310 1276 445 1311 ῥυσθῶσιν
459 1278 483 1303 οἱ
498 1278 635 1314 ἀγαπητοί
650 1270 732 1307 σου-γι
747 1281 776 1308 ὲν

6 1314 27 1340 δὲ
44 1317 77 1351 τῷ
94 1318 235 1355 Ἰεζεκιήλ·
265 1330 273 1346 ι
300 1322 355 1348 Καὶ
377 1321 441 1354 δόξα
467 1323 533 1350 Θεοῦ
554 1325 662 1360 Ἰσραὴλ
689 1327 773 1363 ἀνέϐη

6 1361 48 1387 ἀπὸ
60 1363 108 1389 τῶν
121 1366 278 1402 χερουϐεὶμ,
292 1368 308 1402 ἡ
319 1365 385 1394 οὖσα
398 1369 441 1394 ἐπ’
457 1369 556 1401 αὐτῶν,
572 1371 611 1402 εἰς
627 1371 656 1397 ’τὸ
669 1361 774 1408 αἴθριον

6 1407 39 1433 τοῦ
54 1408 131 1436 οἴκου.
146 1412 201 1438 Καὶ
233 1412 345 1439 ἐκάλεσε
369 1414 413 1440 τὸν
429 1414 514 1449 ἄνδρα
544 1415 592 1442 τὸν
617 1416 774 1444 ἐνδεδυκότα

6 1453 38 1479 τὸν
55 1455 161 1492 ποδήρη,
176 1457 206 1489 ὃς
221 1457 293 1493 εἶχεν
306 1459 352 1485 ἐπὶ
368 1459 418 1494 τῆς
434 1461 534 1495 ὀσφύος
548 1462 630 1489 αὑτοῦ
653 1462 703 1498 τὴν
721 1462 773 1495 ζώ-

6 1507 49 1534 νην.
64 1502 114 1529 Καὶ
128 1501 187 1530 εἷπε
202 1504 271 1539 πρὸς
296 1505 393 1532 αὐτόν’
410 1506 502 1534 Δίελθε
529 1508 615 1543 μέσην
637 1508 772 1544 Ἰερουσα-

6 1543 53 1579 λὴμ,
63 1547 105 1573 καὶ
118 1547 160 1580 δὸς
174 1550 286 1584 σημεῖον
299 1550 345 1576 ἐπὶ
357 1551 392 1577 τὰ
410 1552 523 1586 μέτωπα
533 1553 587 1579 τῶν
603 1543 707 1588 ἀνδρῶν
716 1553 771 1581 τῶν

6 1593 235 1626 ιαταστεναζόντων
260 1595 306 1622 καὶ
333 1597 561 1633 κατοδυνωμένων
589 1599 635 1625 ἐπὶ
668 1599 768 1631 πάσαις

6 1636 46 1667 ῖαῖς
56 1637 173 1673 ἀνομίαις
190 1641 251 1671 ταῖς
267 1641 423 1676 γινομέναις
446 1642 474 1668 ὲν
506 1642 581 1678 μέσῳ
596 1643 691 1678 αὐτῆς.
714 1643 768 1670 Καὶ

6 1680 84 1713 οὑτως
101 1681 185 1716 εἶπεν,
198 1685 343 1717 ἀκούοντός
357 1695 406 1721 μου
419 1695 425 1701 ·
445 1687 595 1722 Πορεύεσθε
621 1688 708 1715 ὀπίσω
722 1689 767 1716 αὺ-

6 1724 33 1750 ίοῦ
47 1727 81 1758 εἰς
89 1727 136 1763 τὴν
148 1730 237 1761 πόλιν,
251 1731 297 1757 καὶ
312 1731 436 1763 κόπτετε,
452 1733 499 1759 καὶ
519 1733 555 1768 μὴ
572 1733 694 1768 φείδεσθε
710 1735 766 1766 τοῖς

6 1771 121 1806 φθαλμοῐς
135 1776 212 1810 ὑμῶν
222 1796 228 1808 ,
246 1777 291 1803 καὶ
307 1777 344 1813 μὴ
360 1778 499 1814 ἐλεήσητε.
514 1779 702 1815 Πρεσὸὐτερον
718 1780 764 1806 καὶ

7 1818 123 1851 εσνίσκον,
137 1821 184 1846 καὶ
201 1822 350 1857 παρθένον,
365 1823 411 1849 καὶ
427 1824 512 1859 νήπια
522 1844 529 1856 ,
557 1825 604 1851 καὶ
631 1826 763 1859 γυναῖκας

6 1864 148 1891 mutatve-ts
174 1866 217 1898 εὶς
238 1866 374 1898 ὲξάλειψιν
390 1876 397 1883 ·
418 1869 464 1895 ἐπὶ
486 1869 514 1895 δὲ
531 1869 634 1901 πάντας
649 1870 692 1905 ἐφ’
718 1869 766 1902 οὓς

6 1913 38 1933 στι
50 1908 77 1934 τὸ
91 1912 211 1944 σημεῖον,
230 1912 266 1948 μὴ
288 1913 427 1949 ὲγγίσητε,
453 1915 500 1940 καὶ
517 1915 572 1941 ἀπὸ
598 1915 652 1942 τῶν
680 1915 765 1950 ἁγίων

6 1959 32 1977 τω
51 1954 173 1988 ἄρξασθε,
196 1966 206 1982 ι
226 1957 274 1989 Τίς
284 1958 338 1994 γὰρ
351 1960 368 1994 ἡ
384 1959 513 1996 δεδομένη
537 1960 591 1987 ἀπὸ
620 1961 666 1987 τοῦ
695 1961 763 1988 Θεοῦ

6 1997 121 2031 ημείωσις
137 2002 194 2033 τοῖς
209 2002 351 2030 εὐλαϐέσιν
361 2004 396 2040 ;ῆ
412 2005 438 2031 τί
453 2005 483 2032 τὸ
496 2007 608 2041 σημεῖον
620 2007 651 2033 τὸ
667 2007 713 2034 ἐπὶ
728 2007 763 2035 τὰ

6 2042 88 2070 έτωπα
102 2045 241 2082 διδόμενον
258 2048 312 2075 τῶν
333 2050 383 2085 τῆς
406 2050 536 2086 ἀληθείας
561 2052 688 2087 ζηλωτῶν
714 2053 761 2080 καὶ

843 292 890 322 pto
902 289 1036 317 velamine
1055 298 1151 319 servus
1165 291 1211 319 Dei
1232 300 1384 322 sermonem
1399 298 1433 325 ad
1446 297 1573 335 populum
1588 304 1636 330 ba~

844 333 942 361 buerit.
956 335 1003 362 Sic
1014 337 1103 363 onmis
1120 338 1209 365 anima
1224 347 1284 374 qua:
1306 345 1360 369 tota
1380 344 1433 371 Deo
1451 333 1558 376 addicta
1579 356 1633 383 est,

842 384 870 406 et
880 379 913 406 ad
924 381 1065 409 veritatem
1079 383 1138 417 ejus
1155 383 1278 418 plurimis
1291 386 1410 419 ignotam
1423 393 1551 425 accessit,
1564 395 1633 423 divi-

841 425 989 460 nitatisque
1001 427 1059 461 ejus
1072 428 1143 456 facta
1155 434 1195 456 est
1207 432 1354 467 particeps,
1366 435 1509 465 multorum
1521 446 1630 475 captum

840 472 958 505 excedit,
970 473 1005 499 ita
1023 478 1052 500 ut
1065 474 1202 504 velamine
1215 484 1355 513 assumpto
1367 480 1465 515 dirigat
1474 484 1628 520 inferiores.

839 523 870 542 ea
877 524 936 551 quaI
944 518 977 545 ad
986 524 1094 553 captum
1106 520 1211 548 illorqu
1221 528 1294 555 sunt,
1306 524 1475 558 proferendo.
1486 530 1531 557 Dei
1539 518 1629 560 autem

840 561 937 590 faciem
951 565 983 591 de
1003 572 1055 599 qua
1069 566 1171 594 dictum
1189 573 1242 600 est,
1257 574 1283 596 et
1295 578 1356 605 qua
1371 572 1507 601 illuminat
1523 576 1629 606 intelle-

839 613 911 634 ctum
928 610 972 644 qui
988 611 1047 644 ejus
1059 612 1150 640 radios
1171 614 1294 649 recipere
1311 622 1409 650 potest,
1423 627 1484 647 esse
1497 624 1630 657 cognitio-

839 652 881 679 nis
896 661 1006 681 causam
1022 655 1106 689 liquet
1130 665 1163 684 ex
1192 658 1235 686 his
1261 661 1356 694 psalmi
1376 666 1539 699 sexagesimi
1558 670 1627 696 sexti

837 699 928 727 verbis
945 700 967 716 "
981 708 989 728 :
1005 711 1015 727 ί
1034 703 1106 730 Deus
1133 705 1295 734 misereatur
1321 709 1418 743 nostri,
1438 716 1465 738 et
1485 712 1629 742 benedicat

837 744 926 779 nobis,
949 747 1084 776 illuminet
1099 751 1202 779 vultum
1219 759 1297 781 suum
1309 762 1391 790 super
1408 765 1469 790 nos,
1488 764 1517 786 ut
1531 767 1629 795 cogno-

835 798 944 820 scamus
955 793 982 820 in
999 799 1070 822 terra
1088 797 1158 824 viam
1172 803 1257 833 tuam,
1268 800 1295 827 in
1307 802 1436 831 omnibus
1448 806 1574 840 gentibus
1584 815 1628 835 sa-

835 836 922 865 lutare
942 843 1029 872 tuum,
1048 850 1058 867 ι
1084 847 1111 869 et
1138 851 1200 878 qua:
1220 852 1381 880 sequuntur.
1406 850 1456 882 Qui
1474 851 1524 879 hoc
1546 854 1627 881 modo

835 882 948 911 luminis
973 891 1036 913 sunt
1057 888 1206 924 participes
1224 895 1251 918 et
1277 892 1367 928 reipsa
1383 895 1473 923 dicere
1490 904 1624 931 possunt:

837 938 845 955 ι
859 928 1000 964 Signatum
1012 937 1143 970 estsuper
1157 943 1206 964 nos
1219 936 1310 965 lumen
1321 940 1410 968 vultus
1423 942 1472 976 tui,
1485 943 1623 978 Domine.)

832 983 886 1010 quo
898 976 928 1004 fit
954 982 983 1004 ut
999 979 1066 1006 nihil
1080 980 1106 1006 in
1123 985 1246 1016 tempore
1258 991 1401 1019 pcenarum
1423 988 1565 1022 patiantur
1578 976 1625 1026 qui

831 1022 981 1051 istiusmodi
995 1026 1122 1053 remediis
1134 1027 1264 1062 indigent,
1274 1029 1377 1058 habent
1389 1032 1478 1060 lumen
1492 1035 1535 1062 cui
1549 1043 1624 1064 com-

831 1069 1018 1097 municaruut.
1034 1070 1090 1098 Hoc
1102 1076 1191 1099 autem
1204 1074 1325 1102 arbitror
1338 1076 1365 1104 in
1380 1077 1499 1107 Psalmis
1511 1085 1538 1108 et
1552 1084 1622 1117 apud

829 1113 1001 1142 Ezechielcm
1027 1116 1199 1151 signiﬁcari;
1222 1119 1250 1146 in
1282 1119 1399 1150 Psalmis
1430 1125 1540 1159 quidem
1570 1128 1622 1156 hoc

830 1159 909 1186 modo
923 1160 946 1175 “
961 1168 968 1186 :
986 1169 996 1186 ι
1016 1161 1118 1190 Dedisti
1136 1165 1320 1194 metuentibus
1336 1172 1362 1194 te
1380 1169 1618 1206 signiﬁcationem,

830 1209 858 1232 ut
871 1205 978 1240 fugiant
992 1214 1005 1233 a
1021 1206 1091 1235 facie
1108 1216 1199 1242 arcus,
1217 1215 1246 1238 ut
1260 1211 1412 1241 liberentur
1423 1215 1515 1244 dilecti
1534 1219 1572 1246 tui
1587 1205 1617 1252 ;

828 1251 899 1285 apud
915 1252 1040 1280 Ezechiel
1053 1261 1118 1282 vero
1130 1255 1151 1270 "’
1165 1263 1171 1282 :
1190 1265 1199 1280 ι
1217 1256 1252 1283 Ει
1264 1257 1351 1292 gloria
1368 1260 1413 1287 Dei
1426 1261 1508 1290 Israel
1523 1251 1621 1294 ascen-

826 1297 867 1325 dit
879 1298 912 1325 de
927 1298 1077 1332 cherubim,
1093 1309 1154 1336 qua!
1172 1308 1231 1330 erat
1244 1311 1325 1339 super
1342 1306 1411 1340 ipsa,
1424 1307 1449 1334 in
1463 1309 1561 1338 subdio
1572 1312 1620 1340 do-

827 1352 898 1372 mus.
914 1345 947 1372 Et
961 1347 1070 1374 vocavit
1084 1348 1171 1376 virum
1189 1350 1313 1378 indutum
1339 1354 1451 1386 pudore,
1471 1357 1516 1391 qui
1534 1357 1616 1386 babe-

825 1390 872 1418 bat
886 1398 968 1425 super
983 1392 1103 1420 lumbum
1129 1402 1207 1422 suum
1224 1404 1331 1424 zonam.
1349 1398 1381 1425 Et
1404 1401 1471 1428 dixit
1482 1390 1519 1429 rad
1534 1410 1596 1431 eum
1610 1414 1616 1432 :

825 1435 921 1463 Transi
937 1437 1053 1464 mediam
1069 1438 1231 1475 Jerusalem,
1243 1446 1270 1469 et
1283 1443 1315 1470 da
1328 1444 1434 1479 signum
1445 1454 1529 1482 super
1544 1450 1619 1478 l'ron-

827 1485 867 1508 tes
882 1481 1003 1509 virorum
1025 1485 1191 1519 gementium
1210 1491 1238 1513 et
1251 1487 1401 1517 dolentium
1417 1481 1501 1527 super
1512 1497 1617 1524 cunctis

824 1527 1022 1563 iniquitatibus,
1043 1538 1103 1565 qua:
1115 1530 1183 1559 ﬁunt
1203 1532 1229 1559 in
1246 1535 1336 1562 medio
1363 1536 1496 1571 ipsorum.
1516 1540 1549 1568 Et
1565 1541 1617 1568 illis

823 1573 892 1600 dixit
907 1574 1033 1603 audiente
1048 1583 1090 1603 me
1105 1585 1112 1602 :
1129 1576 1167 1604 Ite
1195 1583 1255 1621 post
1279 1586 1340 1607 eum
1366 1582 1392 1608 in
1420 1584 1576 1621 civitatem,
1588 1594 1616 1615 et

824 1620 976 1652 percutite;
995 1625 1022 1648 et
1037 1629 1089 1649 non
1103 1623 1208 1657 parcite
1221 1618 1307 1653 oculis
1323 1629 1433 1663 vestris,
1454 1635 1481 1658 et
1496 1639 1548 1659 non
1562 1634 1614 1661 tui—

821 1668 960 1695 seremini.
979 1668 1088 1701 Senem,
1106 1669 1188 1706 574
1202 1675 1230 1698 et
1249 1673 1448 1704 adolescentem
1460 1698 1468 1710 .
1485 1685 1512 1707 et
1531 1681 1612 1717 virgi-

822 1719 893 1745 nem,
908 1718 934 1740 et
950 1715 1126 1748 parvulos,et
1142 1717 1270 1746 mulieres
1283 1719 1426 1750 interficite
1443 1725 1476 1751 ad
1493 1715 1614 1754 interne-

819 1758 925 1785 cionem
939 1767 945 1785 :
958 1767 1039 1794 super
1051 1768 1145 1789 omnes
1157 1767 1247 1790 autem
1263 1772 1345 1800 super
1358 1775 1425 1801 quos
1437 1774 1480 1796 est
1494 1771 1611 1806 signum,

818 1811 852 1831 ne
863 1806 1133 1840 appropinquetis,et
1143 1815 1158 1834 a
1172 1810 1278 1837 sanctis
1292 1812 1359 1838 meis
1377 1812 1499 1848 incipite.
1513 1825 1522 1842 ι
1533 1816 1610 1850 Quae-

817 1857 879 1876 nam
891 1850 1013 1878 esteuim
1029 1851 1193 1886 signiﬁcatio
1209 1862 1223 1881 a
1240 1855 1295 1882 Deo
1313 1856 1375 1885 data
1390 1859 1512 1893 piis?ch
1523 1863 1608 1896 quod-

816 1902 878 1922 nam
897 1896 1006 1930 signum
1028 1897 1163 1925 frontibus
1186 1906 1281 1928 eorum
1309 1903 1471 1937 impressum
1494 1912 1546 1939 est,
1561 1910 1607 1942 qui

814 1941 956 1968 veritatem
978 1942 1103 1977 diligunt,
1122 1949 1149 1972 et
1172 1951 1283 1980 propter
1300 1948 1390 1982 populi
1407 1941 1604 1986 transgressio-

813 1994 861 2015 nes
878 1987 980 2023 lugent,
997 1989 1047 2017 nisi
1064 1993 1279 2020 communicatio
1304 1994 1456 2024 divinitatis
1471 2005 1552 2032 quam
1565 2007 1603 2028 re-

811 2033 915 2068 cipiunt
927 2034 946 2061 ii
959 2035 1004 2069 qui
1018 2043 1083 2063 sane
1100 2037 1172 2064 illam
1186 2038 1339 2074 intelligunt
1357 2040 1368 2067 ’ἓ

6 2091 150 2123 ξεναζόντων
167 2095 215 2121 ἐπὶ
241 2098 301 2127 ταῖς
317 2098 488 2133 παραϐάσεσι
505 2100 564 2131 ταῖς
582 2100 740 2136 γινομέναις
759 2103 788 2128 ἐν
804 2102 843 2138 τῷ
858 2102 931 2138 λαῷ,
955 2105 971 2140 ἢ
987 2105 1003 2139 ἡ
1027 2107 1154 2134 κοινωνία
1169 2107 1219 2142 τῆς
1236 2107 1372 2145 Οειότητος
1387 2111 1426 2143 εἰς
1442 2114 1505 2145 τοὺς
1521 2114 1604 2148 ὑγιῶς

6 2133 55 2170 δτὴν
70 2138 194 2172 νοοῦντας
209 2140 346 2174 φθάνουσα
355 2150 362 2174 ;

15 2181 134 2217 Ἕδωκας
161 2187 358 2220 εὐφροσύνην
381 2189 425 2221 εις
448 2188 506 2223 τὴν
526 2190 653 2224 καρδίαν
672 2200 732 2225 μου
748 2212 755 2223 ,

859 2191 929 2218 lens.
945 2191 971 2218 7.
993 2191 1096 2219 Dedisti
1112 2192 1233 2220 lwtitiam
1254 2195 1281 2222 in
1299 2198 1377 2225 corde
1392 2208 1458 2232 meo.
1477 2207 1529 2230 etc.
1549 2204 1602 2232 llu-

17 2235 38 2253 τ.
52 2228 73 2254 ἑ.
104 2230 218 2266 Συνᾲδει
235 2231 282 2257 τοῦ
302 2232 393 2267 στίχου
408 2233 464 2268 (15)
490 2234 504 2260 ό
520 2234 581 2266 νοῦς
595 2232 635 2267 οἷς
649 2237 689 2267 εἰς
707 2237 752 2263 τὸν

6 2272 26 2298 ιδ
36 2275 123 2303 τούτου
138 2278 305 2313 εἰρήκαμεν.
332 2279 375 2306 Ἐν
389 2280 443 2316 γὰρ
459 2281 498 2316 τῷ
514 2282 692 2317 σημειοῦσθαι
709 2283 755 2310 ὲπὶ

8 2318 33 2350 ῦς
53 2321 142 2355 ἁγίους
157 2323 187 2349 τὸ
203 2324 261 2358 φῶς
282 2324 328 2351 τοῦ
347 2325 493 2360 προσώπου
510 2327 625 2362 Κυρίου,
645 2328 671 2354 τί
692 2328 755 2355 ἄλλο

6 2365 72 2402 τὶ·δῆ
94 2369 295 2405 εὐφραινομένη
321 2371 437 2406 καρδία;
463 2372 551 2408 Ὅπερ
580 2373 753 2409 λαμϐάνομεν

6 2411 27 2435 τὶ
38 2413 81 2439 τοῦ
105 2415 243 2449 νοητικοῦ,
256 2412 278 2449 ᾧ
289 2415 416 2452 δίδοταιή
435 2417 587 2454 εὐφροσύνη
606 2419 753 2454 Θεωροῦντι

8 2455 31 2482 ὸν
46 2465 89 2484 και
106 2460 248 2496 μετέχοντι
261 2461 310 2496 τῆς
325 2461 461 2498 θειότητος
475 2464 568 2491 αὑτοῦ.
587 2465 624 2491 UO
654 2465 751 2492 ταυτὸν

11 2501 61 2528 ἔστι
82 2504 119 2539 τῷ
142 2505 338 2540 εὐφραίνεσθαι
362 2508 476 2543 καρδίαν
501 2508 531 2535 τὸ
557 2510 750 2546 εὐφραίνεσθαι

7 2555 58 2580 Pu.
76 2550 119 2577 Ἐν
136 2552 186 2586 μὲν
204 2552 259 2587 γὰρ
274 2552 375 2590 θεωρίᾳ
391 2556 488 2591 καρδία
503 2557 677 2593 εὐφραίνεται
691 2567 697 2574 ’
721 2560 750 2586 ἑν

6 2595 53 2625 τοῖς
69 2596 170 2628 ὑλιχοῖς
195 2597 321 2633 βρώμασί
339 2608 369 2626 τε
392 2601 439 2628 καὶ
461 2602 564 2637 πόμασι
590 2604 636 2630 καὶ
661 2604 749 2639 μίξεσι

6 2639 29 2670 ρξ
41 2641 225 2676 εὐφραίνεται.
250 2646 299 2681 τῆς
324 2646 437 2682 καρδίας
458 2649 677 2684 πεπαχυμμένης
701 2650 748 2676 καὶ

6 2682 27 2715 ὃς
41 2686 69 2712 τὸ
86 2687 149 2715 ἴδιον
163 2689 266 2722 ἀγαθὸν
285 2691 511 2728 ὲμποδιζομένης.
635 2682 682 2721 οῦν
703 2695 746 2721 λέ-

6 2737 38 2756 ται
67 2733 94 2759 ἑν
122 2735 216 2767 αὐτοῖς
233 2737 287 2768 τοῖς
305 2738 446 2772 Ψαλμοῖς·
468 2748 476 2763 ι
501 2736 577 2770 οἶνος
606 2740 746 2776 εὐφραίνει

807 2235 853 2270 jus
874 2236 999 2263 versiculi
1018 2244 1112 2265 sensus
1129 2241 1337 2269 consentitcum
1358 2244 1391 2271 iis
1410 2252 1470 2279 qua:
1489 2247 1515 2274 in
1532 2256 1602 2282 pra;-

811 2282 916 2309 cedenti
941 2282 1069 2312 diximus.
1092 2285 1159 2313 Nam
1182 2288 1247 2322 quid
1262 2288 1334 2316 aliud
1348 2295 1390 2317 est
1403 2291 1493 2320 lumen
1513 2296 1601 2325 vultus

810 2326 918 2354 Domini
933 2328 1069 2362 signatum
1090 2338 1172 2365 super
1191 2338 1311 2365 sanctos,
1332 2342 1414 2369 quam
1434 2345 1481 2365 cor
1500 2339 1600 2370 betitia:

809 2372 916 2406 plenum
931 2374 943 2400 ?
958 2374 1034 2407 Quod
1047 2377 1195 2411 accipimus
1214 2385 1262 2412 pro
1278 2379 1427 2415 intellectu,
1441 2384 1484 2410 cui
1504 2386 1599 2414 tribui-

808 2423 852 2445 tur
867 2418 970 2452 laztitia,
985 2421 1049 2448 dum
1067 2422 1150 2449 Deum
1175 2425 1376 2459 contemplatur
1405 2433 1431 2456 et
1446 2429 1597 2459 divinitatis

805 2463 862 2496 ejus
878 2466 1015 2501 particeps
1033 2468 1159 2497 elﬁcitur.
1170 2470 1265 2497 Diﬂ'ert
1279 2477 1369 2499 autem
1393 2474 1485 2502 la-titia
1506 2477 1596 2504 cordis

805 2518 819 2536 a
835 2510 928 2538 laetitia
941 2514 1043 2541 carnis.
1052 2514 1080 2541 ln
1094 2517 1323 2547 contemplatione
1335 2521 1406 2547 enim
1420 2521 1525 2548 Itelntur
1536 2529 1593 2556 cor,

805 2556 832 2582 in
859 2558 976 2585 terrenis
992 2566 1056 2587 vero
1075 2561 1144 2590 cibis
1160 2569 1188 2591 et
1211 2565 1319 2600 potibus
1339 2574 1371 2594 ac
1389 2568 1505 2596 coitibus
1520 2569 1593 2597 laeta-

805 2604 849 2628 tur
876 2610 952 2637 caro,
970 2605 1053 2632 corde
1078 2607 1228 2637 incrassato
1241 2617 1267 2638 ct
1283 2612 1316 2638 ad
1330 2613 1469 2647 proprium
1492 2615 1591 2642 bonum

804 2647 942 2682 impedito.
958 2649 1026 2678 Cum
1045 2651 1127 2687 igitur
1144 2655 1168 2681 in
1184 2655 1278 2684 iisdem
1298 2657 1414 2686 Psalmis
1431 2660 1532 2688 dicitur
1549 2661 1590 2689 5':

805 2703 814 2718 ‹
835 2693 932 2722 Vinum
950 2696 1067 2725 laetiﬁcat
1082 2707 1129 2727 cor
1142 2701 1269 2736 hominis,
1281 2709 1308 2731 et
1323 2705 1400 2740 panis
1410 2713 1458 2733 cor
1473 2707 1592 2736 hominis

800 2743 953 2777 conﬁrmat,
974 2755 982 2769 ι
996 2753 1088 2774 verum
1110 2757 1205 2781 panem
1223 2760 1276 2787 quo
1295 2760 1371 2781 mens
1387 2754 1480 2788 alitur,
1492 2760 1518 2783 et
1531 2755 1588 2784 [ru—

6 2821 92 2852 ‘l’sal.
119 2834 192 2860 vat,
215 2828 238 2855 l.
277 2829 299 2845 ⁸⁸
315 2829 387 2858 Psal.
402 2839 458 2864 th,
472 2831 497 2858 6.
536 2833 556 2847 ⁵⁷
573 2831 671 2860 Ezccb.
692 2842 728 2866 Ix,
744 2835 759 2861 5
776 2841 802 2862 ct
818 2844 896 2871 seqq.
936 2837 1039 2866 Mll’sul.
1061 2847 1118 2873 cur,
1139 2841 1182 2868 l5.

9 2909 178 2948 1Ὲ)Σινι·ᾁδει
199 2917 249 2944 τοῦ
269 2918 387 2952 στίχου,
408 2925 460 2948 etc.
479 2921 567 2949 Codex
593 2921 752 2951 Barorciant

316 2918 387 2952 'zov,
408 2925 460 2948 elt‘.
479 2921 567 2949 Codex
593 2921 783 2958 Burorcianus,
805 2924 896 2953 Daniel
910 2926 1059 2963 Barbarus,
