1882 3053
234 91 300 119 ΗΠ

234 196 339 224 Domini
366 196 534 228 conversari,
555 203 616 230 quae
642 201 684 224 est
709 195 830 225 Ecclesia
851 198 900 225 Del
925 198 990 225 vivi.
1009 207 1018 224 ι

231 242 312 268 Juxta
327 246 470 276 utramque
484 241 731 269 considerationem
751 242 903 277 ingreditur
917 243 978 278 quis
994 244 1020 270 in

232 288 342 314 domum
358 287 462 314 Domini
479 291 506 313 et
521 287 618 314 adorat
631 289 664 315 ad
679 289 808 324 templttm
818 294 941 317 sanctum
951 289 1020 324 ejus,

233 333 317 366 magis
346 332 436 358 divina
465 333 654 361 misericordia
673 342 754 369 quatn
779 335 887 369 propria
913 336 1020 363 vivendi

232 378 338 405 ratione
353 382 381 405 et
397 378 512 405 consilio
523 378 621 407 fretus.

268 423 350 450 Vens.
371 424 414 450 Η.
434 422 534 451 ludicri
555 424 627 457 illos,
643 425 713 452 Dem
727 425 870 453 :decidant
891 434 906 452 α
923 427 1021 461 cogita-

231 471 347 498 tionibus
371 471 438 499 suis.
467 470 619 499 Secundum
644 474 838 500 multitudinem
856 475 1020 509 impietatum

229 524 321 543 eorum
335 516 436 551 expelle
449 525 503 549 eos,
517 518 641 551 quoniam
661 519 829 545 irritaverant
845 525 880 553 te,
898 519 1019 552 Domine,

229 566 282 590 etc.
300 561 428 590 Peccanti
452 563 538 598 magis
560 563 699 599 expedita
723 564 778 591 Deo
792 564 920 598 judicari,
938 572 1019 599 quam

228 615 289 635 esse
304 612 381 635 extra
398 608 612 644 ejusjudicium.
633 609 766 637 Decidere
783 613 872 636 atttem
893 617 907 636 a
928 611 1021 645 pravis

228 653 449 689 cogitationibus,
466 654 578 682 minime
592 654 691 682 mahtm
706 661 748 682 est
765 655 912 689 decidenti,
927 656 973 691 qui
987 657 1018 683 ad

228 699 331 726 malum
346 699 454 726 illarum
479 699 560 727 ﬁnem
586 707 637 727 non
657 700 791 735 pervenit,
812 701 882 729 sicut
903 709 953 729 nec
971 702 1019 729 b0-

227 754 293 774 num
310 751 363 780 est,
387 747 421 774 ad
441 746 523 775 tinem
549 748 691 775 meliorum
711 756 764 776 non
783 749 946 784 pertingere.
971 751 1020 778 Est

225 800 293 821 vero
309 792 538 829 scitujucundum
555 801 605 821 cur
616 802 670 821 nott
692 795 802 828 dixerit,
821 796 893 822 unde
903 796 1019 830 expelle-

229 844 280 872 ret,
294 847 328 866 tte
340 839 365 867 id
379 839 470 867 multis
484 837 657 875 perspicuum
672 840 753 868 foret.
770 841 903 870 Existimo
925 850 970 869 eos
985 842 1019 869 ab

228 886 285 920 ipso
296 885 425 920 expulsos
447 884 531 912 fuisse
546 886 580 912 ab
594 885 780 920 impietatibus
797 887 854 913 suis
868 887 1017 914 secundum

227 932 428 960 multitudinem
443 939 549 959 earnm.
568 931 661 966 Neque
675 933 747 960 enim
766 933 836 960 Deus
853 941 867 959 ιι
879 940 908 960 se
924 941 1018 967 quent-

226 985 307 1013 quam
331 977 447 1011 repellit.
466 977 545 1010 Nam,
567 978 656 1012 inquit
675 978 708 1011 ",
727 987 736 1003 ι
756 978 801 1013 qui
819 979 945 1014 elongaut
959 987 989 1006 se
1002 988 1017 1006 a

227 1029 265 1058 te,
281 1024 416 1058 peribunt.
438 1032 448 1049 ι

261 1069 343 1104 577
361 1068 443 1096 Vens.
462 1069 488 1097 9.
508 1069 628 1099 Domine.
641 1070 724 1097 deduc
744 1079 784 1097 me
797 1071 824 1097 in
842 1071 948 1106 justitia
971 1076 1018 1098 tua

225 1119 333 1150 propter
346 1115 468 1142 inimicm
485 1121 556 1148 tuos,
571 1115 656 1151 dirige
672 1117 700 1142 in
715 1123 855 1151 conspectu
879 1123 924 1144 tuo
950 1118 1017 1144 viam

224 1170 322 1195 meum,
333 1161 448 1195 etc.Qui
463 1162 514 1190 sibi
528 1163 656 1197 proponit
671 1168 746 1190 recte
757 1163 860 1190 sentire
872 1168 899 1191 ct
915 1163 1016 1196 facere,

195 1210 198 1213 '
226 1207 326 1234 multos
347 1207 522 1234 adversarios
540 1207 631 1235 habet.
653 1208 723 1234 Sunt
740 1208 812 1235 enim
837 1214 865 1236 et
893 1210 1017 1237 homines

224 1261 251 1282 ct
264 1255 401 1282 daemones
417 1255 518 1282 invidia
532 1254 614 1289 pleni,
626 1262 694 1289 quos
706 1255 776 1282 bona
792 1261 864 1282 recte
878 1258 1015 1290 agentium

224 1300 399 1327 contristent.
414 1300 441 1327 Id
453 1308 514 1327 cum
529 1302 699 1335 perspiceret
719 1300 869 1335 Propheta,
881 1309 934 1328 non
951 1309 1015 1337 pro-

226 1346 291 1380 priae
314 1353 369 1374 sua:
385 1346 481 1373 virtuti
497 1346 593 1373 tribuit
615 1354 736 1381 pugnare
753 1353 847 1374 contra
864 1355 910 1375 eos
925 1348 970 1383 qtti
988 1349 1015 1375 in

201 1415 203 1417 ,
226 1400 256 1419 se
274 1393 460 1426 insurgerent,
473 1393 519 1420 sed
533 1393 670 1420 invocavit
687 1393 771 1420 Deum
791 1398 820 1420 ιιι
839 1401 947 1420 manum
963 1394 1013 1428 ipsi

227 1437 391 1472 porrigeret,
408 1444 460 1471 qua
478 1437 623 1465 incolumis
634 1438 764 1465 evaderet
779 1446 794 1465 a
815 1444 854 1466 tot
880 1440 1014 1474 tantisque

224 1483 361 1516 hostibus,
375 1483 469 1511 dicens
485 1492 491 1510 :
512 1483 582 1518 lpse,
599 1485 721 1517 Domine,
737 1485 823 1512 deduc
838 1493 879 1513 me
895 1485 920 1512 in
934 1486 1014 1520 justi-

225 1530 263 1557 tia
279 1534 340 1563 tua;
361 1529 401 1557 sic
415 1529 487 1557 enim
500 1529 547 1557 [iet
565 1535 594 1557 ut
609 1531 635 1557 in
649 1537 795 1565 conspectu
815 1536 860 1558 tuo
880 1532 1014 1567 dirigatur

225 1577 267 1604 via
284 1583 357 1604 mea.

262 1656 345 1684 Vens.
360 1657 404 1690 10,
421 1657 465 1685 Η.
483 1657 617 1690 Quoniam
631 1665 683 1684 non
694 1663 731 1684 est
745 1658 771 1684 in
786 1666 831 1685 ore
845 1667 935 1686 eorum
948 1656 1015 1686 veri-

223 1708 264 1729 (αι
280 1711 348 1730 ξιον
360 1711 451 1730 eorum
463 1711 558 1729 vanum
572 1709 619 1730 εει.
632 1703 789 1739 Sepulcrum
801 1709 892 1737 patens
906 1709 945 1731 εει
955 1709 1014 1740 ραι-

224 1753 268 1775 tur
282 1756 384 1781 eorum,
399 1748 561 1783 linguissuis
574 1749 663 1776 dolose
675 1750 799 1784 agebant,
809 1755 863 1779 etc.
878 1750 944 1778 Cum
961 1751 1014 1779 ini-

225 1795 288 1822 mici
304 1795 454 1830 impediant
465 1796 609 1829 quominus
622 1796 664 1822 via
682 1801 727 1823 tua
744 1797 888 1832 perspictta
902 1798 939 1825 sit
950 1806 1015 1825 ocu-

223 1840 257 1868 lis
274 1842 354 1872 tneis,
370 1846 398 1868 tu
421 1841 509 1876 dirige
525 1849 584 1868 eam
615 1842 640 1868 itt
669 1848 818 1877 conspectu
851 1851 922 1871 meo.
948 1843 1014 1871 Novi

223 1887 297 1915 enim
317 1887 376 1915 illos
395 1888 421 1915 in
437 1887 470 1915 iis
493 1895 553 1922 qum
566 1889 598 1916 de
615 1889 656 1915 via
677 1889 851 1922 pollicentur,
873 1896 936 1916 vera
962 1897 1014 1917 non

222 1931 324 1964 dicere,
338 1941 370 1960 eo
387 1934 459 1969 quod
477 1941 530 1961 non
557 1934 592 1961 sit
616 1934 641 1961 in
660 1941 708 1961 ore
730 1942 824 1961 eorum
847 1935 958 1966 veritas,
986 1939 1015 1961 et

223 1987 323 2006 vanum
339 1980 376 2007 sit
388 1987 436 2007 cor
448 1988 556 2008 corttm.
570 1980 667 2008 Omnia
678 1986 767 2008 atttctn
783 1989 842 2016 qua:
857 1981 1016 2016 pronuntiat

224 2031 317 2059 guttur
331 2033 436 2058 eorum,
454 2031 560 2055 mortua
578 2033 650 2060 sunt,
668 2027 739 2062 quod
757 2028 844 2062 ipsum
861 2028 1014 2062 sepulcrum

224 2077 319 2106 patens
333 2073 378 2100 sit.
391 2071 460 2106 Quin
477 2078 505 2100 et
520 2074 696 2109 sophismatis
711 2073 781 2109 pleni
799 2078 862 2100 sunt
876 2080 1015 2101 sermones

223 2126 330 2146 eorum.

263 2211 341 2240 Vens.
363 2212 405 2238 1‘2.
427 2212 459 2238 lu
472 2217 599 2239 arts-ritum
612 2212 790 2245 exsultabuul,
804 2218 827 2238 et
846 2212 977 2238 habitabit
988 2211 1016 2238 in

223 2260 271 2292 eis,
290 2264 344 2286 etc.
365 2259 448 2292 Δῖων,
465 2259 606 2293 saeculum,
624 2264 666 2287 est
681 2264 798 2295 systema
810 2259 963 2294 physicum,
981 2267 1015 2286 ex

224 2305 308 2332 variis
334 2305 496 2339 corporibus
515 2304 685 2333 differentias
705 2305 848 2333 continens
868 2304 1016 2332 rationales

224 2353 336 2384 propter
351 2349 397 2377 Dei
415 2350 611 2385 cognitionem.
634 2350 662 2377 In
686 2355 829 2382 mlernum,
851 2349 950 2384 inquit,
966 2356 1015 2376 ex-

226 2396 380 2430 sultabunt,
396 2396 527 2431 quoniam
544 2401 646 2424 atterna
662 2396 728 2431 ipsis
739 2400 783 2423 est
801 2395 943 2424 habitatio.

262 2443 295 2470 Et
315 2443 501 2478 gloriabuntur
524 2443 554 2470 in
577 2447 601 2470 te
618 2451 707 2470 omnes
723 2443 767 2478 qui
788 2442 901 2478 diligunt
921 2451 1016 2470 nomen

226 2495 310 2522 tuum,
322 2489 446 2523 quoniam
466 2493 495 2515 tu
511 2488 645 2516 benedice:
660 2488 745 2523 justo,
768 2487 889 2520 Domine,
908 2494 962 2516 etc.
987 2489 1015 2516 Si

227 2534 353 2562 meliores
368 2534 487 2568 suntqui
502 2533 617 2568 diligunt
633 2540 713 2567 quam
727 2533 773 2567 qui
792 2534 898 2565 timent,
914 2533 1016 2568 gloria-

228 2582 264 2608 tio
282 2581 368 2616 magis
377 2581 505 2608 convenit
520 2581 705 2615 diligentibus.
719 2580 816 2614 Siqua:
828 2584 918 2606 autem
932 2579 1016 2606 etiam

265 2619 288 2635 ⁷³
301 2626 371 2654 Psal.
387 2634 473 2659 Lxxtt,
487 2627 533 2654 Ἣ.

264 2684 320 2721 (25)
355 2683 396 2717 Τῷ
418 2684 627 2720 ἁμαρτάνοντι,
658 2690 711 2712 etc.
730 2683 888 2716 Corderius,
915 2682 1016 2710 Barba-

253 2729 284 2747 Ιβ-

229 2729 319 2795 ’ξ’ἷὲι)
338 2755 370 2782 ’0
385 2754 604 2790 προτιθέμενος,
621 2759 674 2782 etc.
686 2754 771 2782 Codd.
785 2754 850 2785 Roc,
866 2758 893 2780 et
915 2753 1016 2780 Baroc-

230 2799 470 2860 υιὶὲἒξῗὲχθμῶν
496 2824 730 2861 ἐμποδιζόντων,
757 2829 809 2852 ctc.
831 2823 913 2852 Iidem
936 2822 1015 2851 codd.

944 93 989 120 EX
1008 92 1159 121 ORIGENE

233 151 342 177 motheo
360 158 366 176 :
389 159 397 175 ι
414 149 449 177 Ut
465 149 536 177 scias
555 149 689 184 quomodo
705 153 732 177 te
755 154 879 184 oporteat
894 150 920 177 in
945 151 1006 178 dom

1098 151 1142 186 ’κῳ
1156 150 1259 186 Κυρίου
1279 151 1496 187 ἀναστρέφεσθαι
1515 172 1522 183 ,

1804 97 1863 124 ΗἹΞ

1548 153 1610 187 ἥτις
1625 153 1702 179 ἐστὶν
1725 153 1863 188 Ἐκκλησία

1073 196 1139 223 Θεοῦ
1155 196 1266 228 ζῶντος.
1283 206 1293 223 ι
1313 198 1381 224 Κατ’
1394 198 1553 235 ἀμφοτέρας
1574 199 1694 235 θεωρίας
1718 199 1863 235 εἰσέρχεταί

1072 251 1113 274 τις
1124 242 1164 274 εἰς
1175 242 1220 268 τὸν
1236 240 1308 269 οἶκον
1324 243 1370 269 καὶ
1384 245 1532 278 προσκυνεί
1547 245 1616 280 πρὸς
1632 245 1699 271 ναὸν
1726 245 1773 270 τὸν
1794 244 1862 278 ξἰγιιιν

1072 288 1186 323 Κυρίου,
1201 288 1268 324 ἐλέῳ
1296 288 1362 315 Θεοῦ
1389 289 1488 324 μᾶλλον
1514 290 1530 324 ἢ
1557 290 1647 326 οἰκείᾳ
1675 290 1799 326 πολιτείᾳ
1820 292 1862 317 καὶ

1072 335 1214 369 φρονήσει.

1107 423 1217 458 Κρῖνον
1239 424 1363 458 αὐτοὺς,
1376 426 1392 452 ὀ
1419 425 1508 458 Θεός·
1527 425 1777 453 ἀποπεσὰτωσαι·
1808 426 1864 452 ἀπὸ

1072 470 1131 497 τῶν
1161 470 1343 498 διαϐουλιῶν
1367 471 1475 498 αὐτῶν.
1496 472 1577 499 Κατὰ
1606 473 1640 499 τὸ
1669 471 1787 505 πλῆθος
1810 471 1865 498 τῶν-

1071 514 1215 542 ἀσεϐειῶν
1231 515 1330 542 αὐτῶν
1344 515 1461 548 ἕξωσον
1471 516 1582 549 αὐτοὺς
1592 537 1601 549 ,
1620 516 1666 543 ὅτι
1685 517 1867 550 παρεπίκρα-

1071 561 1129 587 mir
1142 569 1189 592 σε,
1203 561 1300 594 Κύριε,
1314 569 1340 587 κ.
1362 570 1386 587 τ.
1404 562 1428 589 ὲ.
1444 562 1488 597 Τῷ
1504 562 1691 598 ἁμαρτάνοντι
1707 562 1764 598 (25)
1794 562 1867 589 λυτι-

1071 606 1143 633 τελεῖ
1159 606 1258 641 μᾶλλον
1274 607 1325 632 ὑπὸ
1337 607 1404 633 Θεοῦ
1415 608 1551 643 κριθῆναι,
1564 608 1580 643 ἦ
1596 608 1649 641 ἔξω
1659 606 1730 635 εἶναι
1744 608 1795 642 τῆς
1805 609 1867 643 κρί-

1072 659 1151 682 σεως.
1161 651 1216 678 Καὶ
1229 651 1259 678 τὸ
1273 652 1326 678 ἀπὸ
1341 652 1486 688 μοχθηρῶν
1499 653 1659 680 διαϐουλιῶν
1673 654 1826 680 ἀποπεσεῖν
1839 653 1869 679 οὐ

1071 697 1156 724 κακὸν
1165 697 1204 732 τῷ
1213 697 1406 730 άποπίπτοντι,
1421 699 1471 725 οὐκ
1490 698 1630 734 ἐρχομένῳ
1649 700 1697 726 ἐπὶ
1717 699 1748 725 τὸ
1768 699 1871 734 μοχθη-

1072 743 1117 778 ρὸν
1128 743 1217 770 αὐτῶν
1233 743 1310 775 τέλος
1320 753 1327 758 ·
1343 744 1381 776 ὼς
1397 745 1427 770 οὺ
1445 744 1527 771 καλὸν
1554 744 1610 771 τῶν
1639 745 1807 781 κρειττόνων
1834 746 1870 780 μὴ

1071 789 1117 816 ἐπὶ
1133 789 1210 821 τέλος
1219 789 1314 816 ἐλθεῖν.
1330 790 1405 816 Πάνυ
1422 790 1450 816 δὲ
1477 790 1581 825 χαρίεν,
1608 790 1667 823 πῶς
1689 791 1742 817 οὐκ
1773 791 1871 827 εἴρηκε

1072 835 1154 862 πόθεν
1171 835 1281 869 ἑξωσεν,
1295 836 1338 862 ἵνα
1357 835 1394 871 μὴ
1403 837 1458 867 τοῖς
1470 836 1577 867 πολλοῖς
1591 836 1678 871 σαφὲς
1692 834 1818 873 ᾗ.οἷμαι
1833 838 1870 868 δὲ,

1069 883 1110 908 ὅτι
1124 882 1178 909 ἀπὸ
1193 882 1247 908 τῶν
1262 882 1393 908 ἀσεὸειῶν
1405 881 1495 909 αὐτῶν
1509 882 1577 908 κατὰ
1590 883 1620 908 τὺ
1645 882 1752 918 πλῆθος
1767 883 1870 910 αὐτῶν.

1070 929 1107 955 Οὐ
1124 928 1178 964 γὰρ
1197 929 1243 963 ἀφ’
1255 929 1350 955 ἑαυτοῦ
1365 928 1462 961 ἐξωθεῖ
1486 928 1500 954 ὁ
1512 928 1578 960 Θεός
1603 937 1683 961 τινας
1696 938 1703 944 ·
1731 939 1741 955 ι
1760 931 1793 956 Οἱ
1817 930 1869 966 γὰρ

1071 973 1272 1010 μακρὺνοντες,
1306 975 1407 1010 φησιν,
1441 975 1553 1006 ἑαυτοὺς
1578 975 1632 1001 ἀπὸ
1649 974 1710 1008 σοῦ,
1740 975 1871 1002 ἀπολοῦν-

1069 1029 1125 1048 ται.
1145 1029 1154 1045 ι

1104 1067 1203 1100 Κύριε,
1213 1065 1368 1101 ὀδήαι-ησόν
1378 1074 1416 1101 με
1428 1065 1464 1092 ἐν
1477 1065 1515 1100 τῇ
1529 1066 1709 1100 δικαιοσύνῃ
1727 1074 1792 1094 σου
1810 1067 1871 1094 ἑνε-

1068 1121 1106 1139 κα
1119 1112 1178 1139 τῶν
1188 1111 1303 1147 ἐχθρῶν
1313 1121 1382 1146 μου,
1392 1112 1577 1138 κατεύθυνον
1593 1112 1727 1138 ἐνώπιόν
1737 1120 1801 1139 σου
1816 1113 1872 1146 τὴν

1068 1157 1140 1184 ὁδόν
1163 1167 1233 1192 μου,
1261 1166 1287 1184 κ.
1312 1166 1338 1184 τ.
1361 1157 1383 1184 ὲ.
1409 1157 1438 1184 ὐ
1465 1157 1659 1193 προτιθέμενος
1694 1158 1765 1193 (24)~
1783 1159 1871 1194 epse;

1068 1205 1176 1240 φρονεῖν
1196 1204 1241 1230 καὶ
1258 1203 1397 1239 πράττειν,
1417 1203 1529 1236 πολλοὺς
1551 1204 1691 1235 ἐναντίους
1716 1204 1790 1239 ἔχει.
1810 1206 1870 1231 Eiz'v.

1066 1250 1121 1285 γὰρ
1140 1250 1187 1276 καὶ
1203 1249 1339 1285 ἄνθρωποι
1351 1249 1397 1275 καὶ
1405 1249 1530 1284 δαίμονες
1543 1249 1679 1285 φθονεροὶ,
1695 1249 1870 1286 λυπούμενοι

1066 1296 1113 1322 ἐπὶ
1129 1296 1185 1327 τοῖς
1197 1295 1309 1329 ἀγαθοῖς
1325 1295 1377 1322 τῶν
1388 1296 1603 1332 κατορθούντων.
1613 1296 1700 1323 Τοῦτο
1714 1297 1745 1323 δὲ
1763 1297 1871 1333 Θεωρή⁹

1067 1349 1115 1373 σας
1129 1342 1177 1369 καὶ
1191 1341 1205 1367 ὁ
1220 1341 1400 1377 προκείμενος
1415 1342 1445 1368 οὺ
1467 1343 1499 1377 τῇ
1521 1341 1618 1368 ἑαυτοῦ
1636 1342 1755 1377 δυνάμει
1771 1343 1870 1369 δέδωκε

1064 1387 1096 1413 τὸ
1109 1387 1298 1422 ἀπομάχεσθαι
1319 1389 1374 1419 τοῖς
1391 1387 1575 1423 ἐπικειμένοις
1598 1388 1658 1414 κατ’
1675 1388 1777 1420 αὑτοῦ,
1799 1389 1867 1415 ἀλλὰ

1065 1432 1235 1469 παρεκάλεσε
1250 1433 1294 1460 τὸν
1310 1433 1376 1460 Θεὸν
1400 1435 1479 1469 χεῖρα
1497 1434 1571 1469 αὑτῷ
1595 1434 1689 1470 ὀρέξαι
1710 1435 1869 1466 σκεπάζου-

1066 1486 1115 1504 σαν
1128 1477 1208 1504 αὑτὸν
1223 1477 1328 1512 ἀϐλαϐῆ
1344 1478 1397 1504 ἀπὸ
1409 1478 1463 1504 τῶν
1480 1477 1616 1505 τοσούτων
1631 1478 1678 1505 καὶ
1695 1479 1868 1513 τηλικούτων

1067 1522 1216 1558 πολεμίων,
1240 1524 1361 1557 φάσκων·
1386 1523 1482 1556 Αὐτὸς,
1509 1520 1531 1550 ὧ
1554 1524 1697 1555 Δέσποτα,
1732 1524 1870 1560 essum

1068 1578 1102 1604 με
1120 1570 1148 1596 ἐν
1163 1571 1197 1605 τῇ
1214 1568 1374 1606 δικαιοσύνῃ
1393 1577 1450 1596 σοιν
1471 1569 1543 1596 οὕτω
1559 1569 1613 1605 γὰρ
1629 1569 1828 1605 κατορθωθείη
1843 1571 1870 1596 τὸ

1066 1615 1115 1651 τὴν
1130 1615 1189 1642 ὁδόν
1205 1623 1255 1651 μου
1271 1614 1385 1642 ἐνώπιόν
1401 1623 1448 1641 σου
1464 1615 1694 1649 κατευθυνθῆναι.

1103 1661 1167 1687 Ὅτι
1181 1662 1237 1688 οὐκ
1251 1660 1338 1687 ἔστιν
1361 1661 1396 1687 ἐν
1411 1659 1451 1692 τῷ
1471 1661 1597 1694 στόματι
1614 1659 1716 1686 αὐτῶν
1729 1660 1869 1693 ἀλήθεια,

1066 1707 1086 1740 ἡ
1109 1705 1216 1740 καρδία
1242 1705 1342 1732 αὐτῶν
1365 1705 1487 1740 ματαία.
1519 1704 1615 1739 Τάφος
1642 1705 1842 1739 ἀνεῳγμένος
1857 1707 1871 1732 ό

1065 1750 1182 1786 λάρυγξ
1209 1751 1317 1778 αὐτῶν·
1343 1750 1408 1784 ταῖς
1427 1750 1584 1785 γλώσσαις
1604 1749 1705 1776 αὐτῶν
1729 1750 1871 1777 ἐδολιοῦ-

1066 1805 1137 1829 σαν,
1161 1805 1188 1823 κ.
1211 1805 1237 1823 τ.
1257 1797 1279 1823 ἑ.
1310 1796 1429 1832 Ἐχθρῶν
1454 1795 1653 1831 ἐμποδιζόντων
1665 1795 1725 1831 (‘25)
1741 1795 1794 1831 τὴν
1814 1796 1870 1822 ὀδέν

1067 1851 1113 1870 σου
1131 1841 1321 1878 φανερωθῆναι
1341 1843 1370 1869 ὲν
1389 1841 1538 1877 ὀφθαλμοῖς
1557 1850 1618 1877 μου,
1644 1841 1678 1867 σὺ
1699 1842 1871 1868 atate-.36qu

1066 1888 1149 1924 αὐτὴν
1179 1887 1293 1915 ὲνώπιὸν
1327 1896 1389 1923 μου.
1415 1886 1480 1915 Οἶδα
1501 1887 1555 1922 γὰρ
1571 1887 1671 1918 αὐτοὺς
1693 1887 1724 1912 ὲν
1749 1884 1795 1918 οἷς
1812 1887 1872 1922 περὶ

1065 1935 1126 1961 ὁδοῦ
1146 1934 1368 1969 ἐπαγγέλλονται,
1389 1933 1427 1969 μὴ
1450 1932 1642 1969 ἀληθεύοντας,
1670 1933 1709 1968 τῷ
1738 1933 1779 1969 μὴ
1803 1932 1871 1959 εἶναι

1066 1983 1095 2008 ἐν
1111 1981 1150 2017 τῷ
1171 1981 1286 2016 στόματι
1302 1979 1391 2007 αὐτῶν
1414 1979 1554 2016 ἀλήθειαν,
1576 1979 1623 2006 καὶ
1647 1979 1774 2014 ματαίαν
1804 1977 1870 2004 εἶναι

1066 2027 1156 2054 αὐτῶν
1174 2026 1223 2062 τὴν
1245 2026 1369 2063 καρδίαν.
1396 2026 1490 2053 Πάντα
1511 2025 1540 2052 δὲ
1559 2024 1594 2051 τὰ
1616 2025 1826 2060 ἑκφωνούμενα
1845 2026 1870 2050 ἐν

1066 2073 1105 2109 τῷ
1118 2073 1234 2109 λάρυγγι
1249 2071 1340 2099 αὐτῶν
1357 2072 1442 2107 νεκρά
1456 2072 1524 2104 ἐστι,
1548 2070 1587 2106 τῷ
1601 2068 1670 2096 εἶναι
1686 2070 1774 2096 αὑτὸν
1789 2070 1871 2104 ei?”

1066 2120 1215 2156 ἀνεῳγότα.
1231 2118 1312 2145 Ἀλλὰ
1320 2118 1366 2145 καὶ
1373 2117 1560 2153 λελογισμένοι
1571 2115 1696 2151 σόφιαμά
1707 2116 1788 2147 τινές
1805 2117 1872 2142 εἰσιν

1031 2177 1053 2204 ι)
1067 2168 1091 2194 οἱ
1105 2167 1178 2201 λόγοι
1192 2165 1292 2192 αὐτῶν.

1102 2213 1154 2244 Εἰς
1168 2209 1262 2238 αἰῶνα
1275 2208 1509 2244 ἀγαλλιάσονττιί
1519 2228 1525 2240 ,
1548 2207 1597 2234 καὶ
1615 2207 1872 2240 κατασκηνιιὶκ-εές

1068 2258 1104 2285 ὲν
1118 2255 1230 2290 αὐτοῖς,
1247 2264 1275 2282 κ.
1288 2265 1314 2283 τ.
1330 2256 1352 2281 ἐ.
1369 2254 1439 2281 Alth
1453 2255 1510 2280 ἐστι
1524 2252 1650 2288 σύστημα
1666 2251 1725 2287 (26)
1745 2253 1872 2286 φυσικὸν,

1069 2304 1101 2329 ἐκ
1119 2302 1252 2337 σωμάτων
1263 2301 1392 2328 ποικίλων
1407 2299 1519 2334 λογικάς
1532 2297 1666 2333 διαφορὰς
1675 2297 1812 2333 περιέχον
1826 2297 1872 2331 τῆς

1069 2349 1116 2376 τοῦ
1131 2348 1198 2376 Θεοῦ
1210 2347 1338 2383 γνώσεως
1349 2347 1452 2374 ἕνεκεν.
1462 2347 1508 2376 Εἰς
1521 2344 1617 2376 αἰῶνα,
1631 2343 1731 2379 φησὶν,
1740 2343 1874 2378 ἀγαλλιὰ-

1071 2403 1172 2427 σονται,
1189 2395 1229 2421 ὅτι
1247 2394 1295 2421 καὶ
1311 2393 1419 2425 αἰώνιος
1436 2392 1541 2424 ἑαυτοῖς
1558 2391 1786 2425 κατασκήνωσις.

1104 2440 1159 2468 Kal
1176 2439 1382 2475 καυχήσοντιιι
1396 2438 1445 2465 ἐπὶ
1458 2437 1508 2464 σοι
1525 2435 1637 2467 πάντες
1646 2436 1675 2462 οἱ
1690 2433 1871 2469 ἀγαπῶντες

1069 2487 1103 2514 τὸ
1116 2486 1210 2522 ὄνομά
1227 2494 1295 2513 σου·
1319 2485 1364 2511 ὅτι
1382 2484 1422 2511 σὺ
1442 2482 1623 2518 εὐλογήσεις
1645 2481 1787 2512 δίκαιον,
1814 2481 1870 2507 Κιτ-

1065 2541 1123 2566 ριε,
1139 2541 1165 2559 κ.
1182 2541 1205 2558 τ.
1221 2532 1245 2558 ἑ.
1260 2532 1291 2558 Εἰ
1307 2531 1446 2566 κρείττους
1455 2529 1511 2564 (27)
1527 2529 1552 2554 οι
1567 2527 1737 2561 ἀγαπῶντες
1751 2526 1809 2553 τῶν
1827 2534 1871 2558 φο-

1071 2579 1227 2614 ϐουμένων,
1255 2578 1286 2604 τὸ
1311 2576 1466 2612 καυχᾶσθαι
1491 2575 1590 2611 μᾶλλον
1615 2573 1672 2600 τῶν
1695 2572 1870 2608 ἀγαπώντων

1070 2689 1161 2751 ms(S‘iili)
1178 2713 1255 2742 Αὶών
1283 2714 1349 2740 ἐστι
1371 2712 1525 2746 σύστὴμα,
1542 2714 1597 2737 etc.
1628 2709 1748 2738 Scheda
1765 2707 1868 2739 Grabil,

1071 2752 1217 2821 13³ὃὲὶῖῈὶ
1229 2783 1392 2817 κρείττους,
1410 2787 1463 2810 etc.
1478 2779 1639 2813 Corderius,
1657 2780 1739 2809 codd.
1759 2780 1826 2812 Rue,
1845 2783 1867 2805 ει

1071 2821 1260 2850 llaroccianus.
