1882 3053
60 105 125 133 1175

555 107 707 136 SELECTA
728 106 760 134 IN
780 106 947 134 PSALMOS.
964 122 997 126 —
1015 105 1112 134 PSAL.
1132 106 1173 132 Vl.

1615 105 1681 133 ΗΠ

59 165 136 191 ἐστίν.
153 164 184 190 Et
203 163 232 190 δέ
248 164 306 190 ἐστί
325 173 366 197 τις
386 165 497 200 εὔλογος
516 166 648 201 καύχησις
665 166 710 192 καὶ
726 166 755 191 ἐν
769 166 822 200 φῶ

912 173 922 192 1
943 166 1041 192 timore
1057 164 1102 191 Dei
1118 163 1263 190 laudabilis
1279 167 1321 190 est
1334 162 1470 198 gloriatio,
1484 163 1575 197 utique
1591 163 1680 190 minor

59 211 165 246 Κυρίου,
181 210 299 238 ἐλάττων
312 212 386 238 ἐστὶν
400 211 469 246 αὐτὴ
485 211 542 243 τοῦ,
554 212 736 246 καυχήσονται
750 212 778 237 ἐν
789 211 840 237 σοί.

59 257 166 291 Ῑ-ἶὺλογεῖ
183 257 211 283 δὲ
238 257 299 283 Νῶε
323 257 369 283 τὸν
392 258 452 293 Σὴμ
473 258 520 283 καὶ
541 258 587 284 τον
617 257 717 292 Ἰαφέθ·
739 257 843 291 εὐλογεῖ

58 303 218 339 Μελχισεδὲκ
235 303 281 329 τὸν
302 303 438 339 Ἀϐραὰμ,
458 303 504 329 καὶ
521 304 534 329 ὁ
552 303 645 329 Ἰσαὰκ
665 303 710 329 τὸν
733 301 841 335 Ἰακὼϐ,

58 349 101 375 καὶ
115 350 128 376 ὁ
147 348 244 375 Ἰακὼὸ
258 349 321 380 τοὺς
333 348 447 381 δώδεκα,
462 348 508 375 καὶ
523 349 536 374 ὁ
551 349 672 382 Μωῦσῆς
679 348 729 379 τὰς
746 347 839 382 φυλάς

57 394 119 421 ἀλλὰ
137 394 205 429 ὑπὲρ
228 395 316 421 πάντα
338 394 426 421 ταῦτα
453 395 498 420 καὶ
524 394 594 430 μετὰ
618 394 704 420 ταῦτα
724 393 805 424 αὐτὸς
828 394 842 420 ὁ

56 439 151 475 Κύριος
163 439 303 474 εὖλογήσει
319 440 364 466 τὸν
381 440 494 470 δίκαιον,
520 440 650 473 ἀνάλογον
665 439 714 475 τῷ,
734 449 743 465 ι
758 438 842 471 Αὐτὸς

55 485 160 512 ὀλαλῶν
175 486 298 520 πάρειμι,
315 495 324 511 ι
335 486 382 512 καὶ
396 485 444 520 τῷ,
458 496 466 510 ι
479 486 525 520 Μὴ
535 486 615 517 αὐτὸς
630 485 816 522 συμπορεύσῃ.
830 495 838 510 ι

91 532 136 564 Ὡς
153 530 235 564 ὅπλῳ
247 531 388 564 εὐδοκίας
399 531 614 565 ἐστεφάνωσας
627 531 716 566 ἡμᾶς,
730 540 757 557 κ.
772 540 797 557 τ.
817 532 840 558 ἐ.

54 576 151 602 Ταυτὸν
166 577 223 602 ἐστι
243 576 296 603 τῶν
313 577 368 612 (9.8)
392 577 503 603 δικαίων
522 577 604 603 ὅπλον
627 576 674 603 καὶ
699 577 840 610 στέφανος·

53 623 88 654 ὡς
107 623 149 649 τὸν
166 623 347 657 ὀπλισάμενον
366 622 591 657 ἐστεφανοῦσθαι,
616 624 662 649 καὶ
678 623 722 649 τὸν
742 632 841 658 στεφα-

53 668 176 703 νούμενον
204 668 349 696 ὡπλίσθαι.
374 669 451 703 Ἔχει
474 668 502 695 δὲ
523 668 602 695 τοῦτο
627 678 652 696 τι
675 669 767 704 ὅμοιον
791 669 839 704 τῷ,

56 723 64 738 ι
77 714 201 749 Στεφάνῳ
217 714 245 740 δὲ
268 714 374 750 τρυφῆς
398 715 578 750 ὑπερασπίσει
599 723 662 742 σε.»
686 716 718 742 Ἠ
741 715 840 749 γνῶσις

51 757 94 786 οὖν
116 759 162 786 τοῦ
190 759 275 793 Θεοῦ,
300 761 325 786 εἰ
357 760 406 795 μὲν
437 760 570 795 ἀμύνεται
594 762 656 792 τοὺς
683 761 839 796 πολεμίους,

51 805 127 831 ὅπλον
142 806 216 832 ἐστὶν
231 805 365 837 εὐδοκίας·
380 807 404 832 εἰ
418 806 446 832 δὲ
461 806 613 842 βασιλεύειν
627 807 698 833 ποιεῖ
710 815 770 832 τινα
785 805 840 833 τῶν

894 217 936 238 est
949 219 979 238 ea
994 218 1046 245 qua
1060 210 1251 246 gloriabuntur
1267 209 1293 236 in
1311 214 1347 236 te.
1367 209 1510 237 Benedicit
1523 208 1580 237 Noe
1598 208 1682 236 Semo

893 262 921 284 et
935 255 1069 290 Jupiteto;
1086 256 1226 283 benedicit
1242 255 1440 282 Melchisedech
1466 256 1633 288 Abraliamo,
1654 261 1682 284 et

893 301 968 328 Isaac
983 300 1095 332 Jacobo,
1110 306 1137 328 et
1152 300 1238 327 .lacob
1256 300 1410 333 duodecim,
1426 305 1453 327 et
1475 301 1582 336 Moyses
1596 301 1679 328 tribu.

892 347 960 378 bus;
987 346 1034 373 sed
1051 353 1135 380 super
1154 347 1212 374 huc
1237 347 1328 373 omnia
1343 351 1370 373 et
1394 352 1454 380 post
1479 346 1546 377 lizec,
1568 347 1682 380 ipsemet

893 389 1028 416 Dominus
1054 389 1199 417 benedicet
1220 389 1304 424 justo,
1330 390 1409 425 juxta
1432 390 1497 417 illud
1523 391 1548 410 ⁷³
1565 399 1572 418 :
1591 399 1600 416 ι
1622 389 1683 424 Ipso

893 435 938 469 qui
958 435 1103 470 loquebar,
1124 435 1230 468 adsum,
1256 445 1266 462 ι
1295 440 1322 464 et.
1349 437 1421 464 istud
1443 436 1487 463 "‘:
1507 446 1516 462 ‹
1535 436 1592 464 Non
1623 436 1682 472 ipse

893 482 969 509 ibis.)

931 527 1011 555 Vens.
1029 528 1073 556 15.
1091 528 1126 555 Ut
1137 532 1210 555 scuto
1229 527 1302 555 bona:
1319 529 1463 555 voluntatis
1481 534 1533 556 luce
1548 531 1681 556 coronasti

892 582 949 605 nos,
966 580 1021 602 etc.
1035 574 1108 601 Idem
1137 578 1178 600 est
1197 572 1333 607 juslorum
1351 580 1456 601 scutum
1469 578 1497 601 et
1515 582 1627 607 corona,
1644 576 1680 602 ita

892 626 922 647 ut
937 621 982 656 qui
999 621 1050 648 hoc
1065 624 1141 648 scuto
1153 625 1274 648 armatus
1286 625 1338 654 est,
1354 625 1511 653 coronetur,
1531 625 1558 649 et
1569 622 1615 656 qui
1634 629 1682 649 co.

893 671 1002 693 ronatus
1013 671 1066 698 est,
1084 666 1135 693 hoc
1155 670 1382 694 scutoarmctur.
1399 666 1490 694 lunuit
1514 671 1604 694 autem
1629 667 1681 695 hoc

891 712 954 746 quid
968 711 1056 739 simile
1068 711 1111 739 isti
1129 712 1151 727 ⁷⁸
1165 720 1172 738 :
1193 721 1201 737 ι
1214 711 1320 740 Corona
1336 717 1426 739 autem
1441 713 1598 740 deliciarum
1619 721 1681 748 pro-

891 762 964 792 teget
980 763 1016 784 te.
1039 767 1047 783 ι
1068 757 1189 785 Scientia
1208 758 1300 792 itaque
1317 757 1375 791 Dei,
1399 759 1462 786 dum
1480 759 1588 793 quidem
1606 764 1681 786 arcet

891 802 994 834 hostes,
1009 808 1116 830 scutum
1135 809 1179 830 est
1193 803 1272 830 bona:
1289 803 1447 836 voluntatis,
1463 795 1526 831 dum
1543 813 1608 832 vero
1631 805 1681 831 ali—

51 849 150 881 παθῶν,
162 849 292 884 στέφανος
303 850 474 885 ὀνομάζεται.
485 851 619 886 Τέμνεται
636 851 664 877 δὲ
678 852 694 886 ή
710 850 756 877 τοῦ
769 851 819 877 Θεο

912 855 969 874 nem
993 855 1083 880 regem
1112 848 1177 876 facit
1203 848 1360 879 aﬂ‘ectuum,
1385 856 1487 876 corona
1514 850 1679 876 nominatur.

51 895 144 928 γνῶσις
159 896 198 926 εἰς
215 895 270 927 δύο,
287 897 326 927 εἰς
341 895 441 931 πρᾶξιν
455 896 502 922 καὶ
519 896 645 931 θεωρίαν·
663 896 710 922 καὶ
724 896 774 931 τῆς
788 896 837 930 μὲν

51 939 169 975 πράξεως
183 941 264 967 ὅπλον
284 941 333 976 τῆς
354 941 478 972 εὐδοκίας
497 942 565 973 ἐστὶ,
584 943 632 977 τῆς
649 942 677 968 δὲ
692 941 807 976 θεωρίας
823 941 838 966 6

50 986 183 1020 στέφανος.
202 987 356 1022 Τετήρηται
374 987 402 1012 δὲ
425 988 473 1013 καὶ
492 988 509 1022 ἡ
527 987 612 1020 τάξις·
639 987 693 1023 πρὸ
710 987 765 1022 γὰρ
790 986 837 1013 τοῦ

50 1031 174 1064 στεφάνου
195 1032 225 1057 τὸ
245 1032 336 1063 ὅπλον,
357 1032 451 1067 ἐπειδὴ
473 1033 519 1060 καὶ
544 1033 597 1068 πρὸ
616 1033 666 1067 τῆς
682 1033 799 1068 Θεωρίας
824 1032 840 1068 ἢ

49 1077 141 1112 πρᾶξις
151 1099 157 1104 .

334 1179 482 1206 ΨΑΛΜΟΣ
497 1180 541 1214 q'.

79 1223 128 1256 Εἷς
148 1223 179 1250 τὸ
196 1224 283 1257 τέλος
294 1224 329 1251 ἐν
339 1225 445 1260 ὕμνοις
460 1225 538 1260 ὑπὲρ
560 1226 615 1260 τῆς
630 1227 737 1262 ὀγδόης
759 1230 838 1262 ψαλ-

46 1267 96 1300 μές
114 1268 152 1300 τῷ
168 1269 269 1300 Δαυῒδ,
293 1278 319 1296 κ.
341 1279 366 1297 τ.
386 1271 409 1297 ἑ.
433 1271 520 1306 ’Υπὲρ
550 1271 596 1306 τῆς
613 1271 708 1308 ὀγδόης
722 1273 776 1308 (‘29)
792 1274 838 1300 καὶ

47 1313 59 1337 ὁ
70 1313 216 1346 ἑνδέκατος.
232 1315 396 1351 Διαφέρουσι
412 1316 440 1343 δὲ
457 1317 485 1343 αἱ
509 1318 663 1353 ἐπιγραφαὶ
680 1319 775 1345 τούτου
791 1320 837 1346 καὶ

46 1358 88 1384 τοῦ
105 1359 257 1391 ἑνδεκάτου,
275 1361 316 1387 ὅτι
341 1357 420 1393 οὗτος
446 1363 495 1398 μέν
519 1364 602 1396 ἐστιν,
620 1374 628 1389 ι
642 1365 689 1396 Εἰς
703 1365 734 1391 τὸ
758 1365 834 1397 τέλος

46 1404 71 1428 ἐν
83 1403 175 1439 ὕμνοις
187 1405 258 1441 ὑπὲρ
272 1407 321 1441 τῆς
343 1407 440 1442 ὀγδόης
457 1408 564 1443 ψαλμδς
581 1409 618 1444 τῷ
633 1409 725 1443 Δαυϊδ,
739 1420 748 1436 ›
764 1411 836 1437 ἐκεῖ·

45 1457 85 1481 νος
101 1450 139 1483 δὲ,
163 1461 171 1476 ι
183 1452 232 1483 Εἰς
249 1452 279 1478 τὸ
298 1452 374 1485 τέλος
393 1453 463 1490 ὑπὲρ
485 1454 535 1489 τῆς
557 1455 652 1490 ὀγδόης
671 1455 778 1492 eam;
797 1456 836 1492 τῷ

45 1496 127 1524 Δαυῖδ.
143 1507 151 1522 ι
171 1498 211 1533 Τῇ
228 1498 256 1524 δὲ
274 1498 363 1535 ὀγδόῃ,
379 1497 465 1535 οἶμαι,
484 1499 570 1535 θυμὸς
585 1501 691 1537 ἐλέγχει
706 1502 753 1529 καὶ
765 1502 833 1538 ὀργὴ

44 1541 170 1568 παιδεύει.

75 1589 167 1622 Κύριε.
182 1588 227 1623 μὴ
250 1589 291 1622 τῷ
312 1590 394 1625 θυμῷ
410 1600 468 1618 σου
491 1592 619 1627 ἐλέγξῃς
632 1602 681 1629 με,
699 1594 777 1629 μηδὲ
795 1594 834 1629 τῇ

43 1633 112 1667 (Ὦγῇ
127 1643 184 1661 σου
202 1636 370 1671 παιδεύσῃς
382 1646 431 1671 με,
455 1647 480 1664 κ.
498 1647 523 1664 τ.
540 1639 564 1665 ὲ.
585 1639 675 1674 Θυμός
690 1640 764 1666 ἐστιν
775 1640 831 1676 (50)

42 1678 107 1714 ὁρμὴ
124 1680 272 1716 ἐπιθυμίας
285 1681 387 1717 ἡμέρου
407 1682 497 1718 ψυχῆς
518 1685 578 1710 κατ’
595 1684 691 1720 ἐξοχὴν
711 1685 830 1721 ἀμύνης.

43 1723 116 1756 Λέγει
129 1722 184 1750 οὖν·
203 1725 234 1750 Εἰ
246 1726 291 1751 καὶ
304 1725 430 1761 ὀξύτερον
444 1728 458 1753 ό
473 1727 558 1762 θυμὸς
571 1728 687 1764 ἐλέγχει,
701 1730 748 1756 καὶ
763 1729 831 1766 ὀργὴ

42 1768 127 1802 τάχιον
142 1770 276 1802 παιδεύει,
293 1771 348 1804 ἐγὼ
364 1771 409 1798 διὰ
429 1772 479 1808 τὴν
497 1773 641 1800 ἀσθένειάν
663 1784 713 1809 μου
734 1775 831 1810 δέομαι

44 1813 84 1838 τοῦ
97 1813 184 1847 ἐλέους
198 1824 258 1847 σου,
272 1816 305 1843 δι’
318 1817 402 1852 ἄλλης
415 1818 577 1854 ἐλεγχθῆναι
594 1820 641 1846 καὶ
653 1821 830 1857 παιδευθῆναι

43 1858 182 1894 Θεραπείας
199 1862 229 1887 οὺ
249 1861 408 1897 τηλικοῦτον
425 1864 617 1900 προσαγούσης
628 1866 673 1892 τὸν
686 1866 776 1894 πόνον.

73 1951 167 1978 Ἰασαι
175 1961 225 1987 με,
237 1953 334 1987 Κύριε,
346 1954 390 1981 ὅτι
402 1955 550 1991 ἐταράχθη
563 1957 599 1983 τὰ
614 1957 688 1984 ὀστᾶ
698 1967 769 1992 μου,
781 1959 829 1986 καὶ

41 1996 58 2024 ⁷)
73 1997 154 2031 ψυχή
167 2007 229 2033 μου
244 1999 392 2034 ἐταράχθη
413 2001 541 2035 σφόδρα,
557 2011 583 2029 κ.
609 2012 634 2029 τ.
651 2004 674 2030 ὲ.
692 2004 830 2032 Νοσοῦντά

41 2049 72 2074 με
88 2042 140 2078 (51)
153 2044 204 2079 τὴν
220 2043 309 2080 ψυχὴν
326 2045 410 2072 ἴασαι·
427 2046 475 2073 καὶ
491 2046 544 2082 γὰρ
560 2049 761 2084 τεταραγμέναι
777 2051 830 2077 εἰσὶ

38 2087 87 2113 τῶν
103 2088 190 2116 ὀστῶν
215 2090 302 2126 αὐτῆς
318 2092 345 2118 αἱ
363 2092 502 2128 ἁρμονίαι,
525 2093 573 2121 καὶ
589 2094 657 2130 αὐτὴ
680 2095 709 2122 δὲ
727 2096 829 2133 σφόδρα

37 2135 208 2170 τετάρακται.

69 2169 122 2206 Kal
142 2181 194 2214 σὺ,
213 2181 312 2216 Κύριε,
331 2182 387 2216 ἕως
406 2184 498 2216 πότε;
514 2193 541 2211 κ.
560 2193 584 2210 τ.
604 2186 627 2211 ἐ.
646 2185 731 2212 Τοῦτο
745 2187 828 2214 ὲλλει-
845 2169 866 2197 D

38 2225 135 2258 πτικῶς
149 2226 204 2262 (52)
220 2227 328 2263 εἴρηται
343 2229 403 2255 ἀντὶ
420 2229 477 2262 τοῦ,
496 2230 567 2262 Ἕως
586 2231 650 2258 πότε
664 2233 695 2258 οὐ
712 2233 762 2269 ῥύῃ
777 2237 827 2270 τὴν

36 2269 119 2306 ψυχήν
135 2281 197 2307 μου,
214 2273 276 2299 οὐδὲ
293 2274 389 2306 σώζεις
406 2284 439 2310 με
458 2276 529 2302 κατὰ
546 2275 592 2302 τὸν
609 2277 682 2304 ἐλεόν
697 2287 754 2311 σου,
768 2269 827 2306 οὐδὲ

37 2315 207 2361 ἐπιστρέφεις
223 2327 256 2354 με
267 2327 274 2351 ;
296 2320 324 2346 '0
334 2320 371 2355 μὴ
383 2320 492 2357 θαρρῶν
503 2322 531 2348 δὲ
545 2322 591 2349 ἐπὶ
603 2323 694 2358 ἔργοις
709 2325 828 2361 σωθῆναι

36 2360 99 2395 ὲρεῖ”
119 2372 128 2387 ε
141 2363 233 2390 Σῶσόν
255 2373 288 2399 με
309 2365 401 2392 ἕνεκεν
424 2366 470 2392 τοῦ
493 2367 585 2399 ἐλέους
602 2377 659 2395 σου.
677 2380 685 2395 ι
706 2360 782 2398 Μετὰ
798 2372 829 2399 τὸ

36 2406 156 2440 ἀκοῦσαι,
172 2409 214 2435 ὅτι
225 2409 326 2446 Κύριος
338 2411 432 2445 ἀφεῖλε
445 2412 476 2438 τὸ
490 2413 642 2449 ἁμάρτημα
656 2415 748 2448 αὑτοῦ,
766 2425 826 2443 πει-

37 2455 145 2487 ρασμοῖς
166 2455 215 2481 καὶ
239 2455 346 2490 θλίψεσι
371 2457 494 2484 παλαίων
512 2460 526 2485 ὀ
545 2459 625 2486 Δαυῒδ
649 2461 696 2487 καὶ
717 2462 826 2497 φαρμά-

37 2504 141 2526 κων.....
156 2500 305 2535 γευόμενος
320 2502 385 2536 περὶ
400 2503 450 2538 τῆς
461 2503 516 2530 τῶν
536 2505 688 2540 φαρμάκων
704 2507 826 2534 ἀπαλλα-

35 2542 82 2577 Υῆς
97 2546 254 2580 παρακαλεῖ
271 2547 315 2573 τὸν
333 2548 433 2583 ἰατρόν.

67 2636 89 2651 ⁷³
104 2637 155 2664 lsa.
176 2646 225 2668 LII.
242 2638 269 2665 6.
309 2639 331 2654 7"
347 2639 432 2667 Exod.
449 2648 547 2674 xxxiii,
566 2641 608 2669 15.
646 2642 670 2659 ⁷⁵
686 2642 773 2671 Prov.
789 2651 826 2677 tv,
840 2646 866 2673 9.

34 2715 51 2740 Β
66 2681 120 2742 (ῗ8)
139 2685 253 2711 Ταυτόν
266 2685 332 2712 ἐστι
345 2686 414 2718 τῶν,
428 2692 481 2714 etc.
503 2689 658 2721 Corderius,
671 2690 822 2726 partimque

54 2725 76 2742 al
93 2727 175 2745 ιιιτιις.

250 2754 305 2796 ’ζῆς
318 2755 445 2796 areum,
456 2763 507 2796 etc.
522 2759 610 2796 Codex
629 2759 820 2788 Coislinianus.

33 2788 119 2850 bats]?
139 2789 240 2824 Θυμός
251 2788 348 2823 ἐστιν,
358 2788 584 2826 ειοξῦοτιιοτίιιέ.
601 2796 753 2830 partimque
761 2796 822 2824 Bar-

111 2841 120 2852 .

892 893 975 920 Porro
995 893 1043 920 Dei
1061 894 1174 922 scientia
1193 893 1319 920 bifariam
1334 894 1476 927 dividitur,
1493 894 1520 922 in
1545 895 1680 922 actionem

890 943 918 966 et
933 939 1016 975 578
1032 939 1312 974 contemplationem;
1338 945 1418 975 atque
1433 941 1548 969 actionis
1569 942 1680 976 quidem

892 990 999 1012 scutum
1015 992 1057 1014 est
1078 986 1156 1013 bona:
1170 986 1331 1018 voluntatis,
1356 993 1456 1014 corona
1479 995 1544 1015 vero
1558 993 1681 1015 contem-

892 1030 1032 1065 plationis.
1057 1031 1194 1059 Ca-terum
1218 1034 1262 1061 hic
1285 1035 1368 1061 etiam
1391 1039 1515 1061 servatus
1531 1038 1575 1062 est
1601 1034 1680 1062 ordo.

893 1076 1003 1104 Scutqu
1019 1077 1092 1105 enim
1104 1083 1146 1106 est
1162 1084 1226 1106 ante
1239 1079 1506 1114 contemplationem.

1172 1183 1333 1213 PSALMUS
1354 1184 1397 1212 Vl.

925 1229 1006 1257 VERS.
1025 1229 1050 1256 1.
1069 1229 1102 1256 1η
1126 1229 1205 1263 ﬁnem
1222 1230 1249 1257 in
1272 1231 1432 1258 carminibus
1455 1231 1572 1265 psalmus
1593 1230 1681 1259 David

886 1283 933 1308 pro
954 1281 1057 1308 octava,
1081 1280 1134 1303 etc.
1161 1275 1216 1302 Pro
1235 1281 1332 1303 octava
1355 1276 1437 1303 etiam
1461 1276 1622 1303 undecimus
1639 1276 1680 1303 in-

887 1321 1026 1348 scribitur.
1052 1321 1137 1356 llujus
1163 1326 1255 1349 autem
1280 1321 1371 1349 dill'crt
1395 1322 1536 1356 inscriptio
1567 1329 1581 1348 a
1602 1322 1680 1350 titulo

888 1366 1033 1400 undecimi,
1046 1368 1117 1401 quod
1135 1367 1179 1395 hic
1191 1367 1358 1395 inscribatur
1373 1376 1380 1394 :
1399 1377 1408 1393 ‹
1428 1367 1458 1394 In
1475 1368 1557 1395 linem
1573 1368 1599 1394 in
1616 1376 1678 1395 car—

889 1412 1008 1440 minibus
1023 1420 1074 1447 pro
1096 1418 1192 1440 octava
1215 1413 1336 1448 psalmus
1360 1414 1463 1446 David;
1481 1423 1490 1440 ι
1516 1414 1679 1441 undecimus

890 1466 966 1492 vero,
986 1467 995 1485 ι
1017 1459 1046 1486 lit
1063 1460 1144 1487 linem
1158 1467 1207 1494 pro
1222 1464 1318 1487 octava
1333 1460 1452 1495 psalmus
1479 1460 1574 1488 David.
1597 1470 1606 1486 ι
1626 1461 1678 1488 Oc-

887 1509 948 1532 tava
962 1510 1064 1538 autem,
1076 1507 1183 1541 opinor,
1200 1505 1276 1534 furor
1293 1507 1383 1542 arguit
1399 1512 1426 1535 et
1445 1508 1484 1534 ira
1502 1508 1625 1542 corripit.

924 1594 1002 1621 VERS.
1013 1595 1041 1622 2.
1051 1594 1171 1626 Domine,
1181 1604 1212 1622 ne
1225 1595 1250 1622 in
1264 1595 1406 1630 furoreuto
1420 1605 1518 1631 arguas
1532 1605 1581 1630 me,
1597 1606 1678 1632 neque

886 1640 913 1667 in
930 1641 971 1667 ira
986 1646 1030 1667 tua
1049 1642 1179 1676 corripias
1191 1650 1241 1673 me,
1258 1646 1311 1669 etc.
1327 1641 1415 1669 Furor
1428 1648 1468 1670 est
1485 1643 1678 1678 ilupetuscon-

885 1686 1059 1720 cupiscentia:
1075 1687 1157 1714 animi
1175 1688 1308 1715 mansueti
1323 1696 1370 1723 per
1382 1696 1524 1716 excessum
1540 1690 1674 1716 vindictm.

885 1730 931 1757 Ait
949 1731 1050 1766 igitur:
1066 1730 1121 1758 Etsi
1137 1732 1264 1759 acerbius
1283 1732 1359 1759 furor
1375 1737 1480 1766 arguat,
1496 1739 1523 1761 et
1540 1735 1579 1760 ira
1596 1735 1677 1761 citius

885 1777 1030 1810 corripiat,
1053 1784 1103 1811 ego
1119 1781 1211 1804 tamen
1239 1781 1349 1812 propter
1373 1777 1558 1806 inﬁrmitatem
1588 1787 1674 1807 meam

885 1821 1018 1856 deprecor
1035 1823 1252 1850 misericordiam
1271 1830 1392 1853 manuni
1419 1825 1471 1851 alia
1495 1826 1608 1852 curandi
1632 1834 1675 1852 ra-

885 1868 958 1895 tione
976 1876 1074 1904 arguar
1087 1875 1115 1897 et
1132 1870 1276 1905 corripiar,
1294 1878 1355 1905 quae
1375 1878 1429 1897 non
1451 1875 1555 1897 tantam
1582 1870 1676 1898 afferat

886 1915 1050 1943 molestiam.

920 1961 1001 1990 VERS.
1017 1962 1044 1994 5,
1060 1964 1086 1990 4.
1102 1962 1175 1990 Sana
1186 1972 1235 1997 me,
1250 1964 1502 1999 Domine,quoniam
1517 1965 1674 1991 conturbata

883 2012 943 2033 sunt
957 2015 1018 2034 ossa
1036 2016 1104 2041 mea,
1118 2012 1144 2035 ei
1162 2009 1252 2036 anima
1272 2018 1328 2037 mea
1347 2010 1454 2036 turbata
1467 2014 1505 2036 est
1519 2010 1604 2043 valde,
1620 2015 1672 2038 etc.

883 2052 1019 2080 lnlirmum
1038 2061 1081 2081 me
1102 2054 1190 2082 anima
1218 2062 1305 2087 sana;
1327 2063 1388 2082 nam
1414 2056 1583 2083 conturbata:
1610 2061 1673 2083 sunt

882 2106 980 2127 omnes
998 2100 1102 2128 ossium
1118 2101 1177 2136 ejus
1195 2103 1381 2137 compagiues,
1395 2108 1422 2130 et
1437 2102 1493 2138 ipsa
1509 2103 1616 2131 turbata
1632 2108 1674 2130 est

882 2145 972 2172 valde.

916 2189 997 2218 Vens.
1012 2191 1040 2218 4.
1065 2191 1118 2219 Sed
1143 2199 1182 2225 lu,
1210 2193 1331 2227 Domine,
1359 2194 1512 2229 aequeque?
1531 2199 1584 2222 etc.
1614 2194 1672 2221 ll'oc

880 2243 928 2270 per
938 2237 1112 2265 amissionem
1130 2239 1232 2266 dictum
1253 2245 1294 2267 est
1310 2247 1358 2275 pro
1381 2247 1414 2268 eo
1435 2241 1600 2276 :L‘squequo
1618 2249 1671 2268 uou

880 2281 978 2309 liberas
995 2283 1113 2311 animant
1129 2292 1228 2317 meam,
1245 2290 1272 2313 et
1289 2293 1342 2313 non
1358 2293 1451 2313 servas
1463 2294 1506 2313 me
1521 2287 1670 2313 secundum

881 2327 1095 2356 misericordiam
1111 2334 1195 2363 tuam,
1210 2338 1298 2365 neque
1312 2331 1450 2358 convertis
1473 2331 1535 2358 me?
1554 2330 1603 2364 Qui
1622 2340 1671 2358 tlll-

882 2377 935 2400 tem
957 2382 1009 2402 non
1026 2375 1138 2403 conlidit
1157 2376 1182 2403 in
1208 2377 1337 2410 operibus
1362 2377 1419 2404 suis
1442 2384 1471 2404 se
1498 2377 1670 2408 salvandum,

881 2419 953 2447 dicet
982 2430 1015 2447 τι
1033 2420 1144 2448 Salvum
1171 2430 1214 2449 mc
1242 2421 1283 2450 fac
1313 2429 1425 2458 propter
1452 2423 1669 2450 misericordiam

882 2470 966 2492 luant.
988 2477 998 2492 ι
1016 2467 1161 2502 Postquam
1182 2469 1286 2496 audivit
1302 2469 1668 2502 Dominumabstulisscpec—

880 2516 969 2538 catum
994 2512 1063 2546 ejus,
1082 2514 1278 2542 teutatiouibus
1300 2520 1327 2543 et.
1345 2515 1568 2543 tribulationibus
1583 2514 1668 2541 coliti-

879 2562 955 2585 etans
971 2559 1064 2591 David,
1081 2565 1109 2587 ct
1126 2562 1252 2589 remediis
1275 2562 1392 2596 gustatis
1408 2563 1508 2589 amaris
1530 2562 1666 2589 modicum

881 2608 966 2638 rogat,
985 2609 1016 2632 ut
1029 2605 1165 2640 ejusmodi
1180 2607 1298 2634 remedia
1315 2607 1434 2635 auferat.

877 2696 968 2756 1mg?
985 2698 1143 2726 [νοσοῦντά
1154 2707 1203 2733 με,
1219 2705 1270 2727 etc.
1287 2700 1376 2727 Codex
1392 2700 1583 2731 Coislinianus,
1599 2699 1664 2727 Dar-

886 2739 908 2756 ›;ι
921 2740 925 2746 ¹
961 2751 968 2758 ,

889 2802 895 2805 “
985 2768 1073 2795 Τοῦτο
1085 2769 1290 2802 ὲλλειπτικῶς,
1302 2775 1355 2798 etc.
1368 2771 1457 2799 Codex
1472 2771 1665 2805 lloisliuiauus,

877 2801 1026 2836 Barbarus,
1043 2805 1195 2839 partimque
1209 2801 1365 2833 (lorderius.
