1882 3053
39 83 122 112 H77

554 89 707 115 SLLLU'IA
728 90 759 114 ΙΝ
780 90 949 117 ΡδΑιλιιυδ.
967 103 1003 111 -
1022 91 1119 116 I’bAL.
1145 93 1196 116 ιιι.

1611 93 1680 120 1178

35 151 117 177 μου.
134 142 307 176 Εισήκουσε
316 143 423 177 Κύριος
438 142 493 177 τῆς
507 143 640 178 δεήσεώς
656 154 726 180 μου,
738 146 835 180 Κύριος

936 151 973 174 ius
985 148 1046 174 mei.
1057 147 1198 174 Exanilicit
1215 146 1342 174 Dominus
1357 147 1565 180 deprecationem
1587 155 1682 180 meum,

36 189 106 223 τὴν
124 188 301 224 προσευχήν
311 198 371 224 μου
388 189 601 224 προσεδέξατο,
617 200 644 218 κ.
660 201 685 218 τ.
701 192 725 219 ὲ.
746 192 775 218 '0
790 192 844 219 τῶν

37 235 200 261 κλαιόντων
212 235 268 270 (58)
278 235 452 271 μακαρισμὸν
460 237 570 268 συνιεὶς.
584 237 629 263 καὶ
638 237 748 268 κλαίων,
759 237 844 264 ταῦτα

37 281 107 316 ἐρεῖ
123 281 191 307 πᾶσι
206 283 263 312 τοῖς
276 281 408 316 παροῦσιν
424 280 498 316 αὐτῷ
515 282 707 317 ἐργαζομένοις
723 283 771 318 τὴν
783 284 844 309 ἀνο-

39 327 129 361 μίαν,
146 329 264 363 ὁρατοῖς,
291 327 426 362 ἀοράτοις.
452 327 565 363 Πρῶτον
579 328 608 354 δὲ
629 329 643 355 ὁ
664 329 731 361 Θεὸς
753 329 845 365 φωνῆς

37 373 92 399 καὶ
113 373 255 408 κλαυθμοῦ
267 373 370 406 ἀκούει,
382 371 441 400 εἶτα
455 372 584 409 δεήσεως,
597 373 656 401 εἶτα
667 375 716 410 τὴν
730 383 846 410 προσευ-

38 418 97 454 χὴν
118 419 308 454 προσδέχεται.

77 465 333 499 Αἰσχυνθειήσαν
347 465 394 492 καὶ
409 466 628 500 ταραχθείησαν
638 466 756 501 σφόδρα
768 467 845 493 πάν-

38 519 95 543 τες
101 511 132 537 ol
140 511 317 546 ἑχθροίμου,
327 520 354 538 κ.
363 520 388 538 τ.
396 511 419 537 ἑ.
428 511 459 538 Ἡ
468 511 582 547 αἰσχύνη
591 512 644 547 (59)
654 513 693 544 εἰς
701 512 845 548 συναίσθη-

39 564 87 581 σιν
110 555 176 590 ἄγει
197 556 242 583 τὺν
265 557 466 592 ἁμαρτάνοντα.
489 557 644 590 Παύσασθε,
668 557 760 593 φησὶν.
783 558 844 593 ἐμοὶ

36 601 78 627 τὰ
96 601 190 637 ὀνείδη
208 602 418 637 προσφέροντες·
441 602 476 629 τὰ
496 604 583 630 οἰκεῖα
601 603 629 630 δὲ
654 603 727 631 κακὰ
741 602 845 637 λογιζό-

39 655 139 681 μενοι,
155 647 286 683 αἰσχύνης
302 649 348 675 καὶ
364 649 488 684 ταραχῆς
509 649 712 685 ἀναπλήσθητε.
735 650 845 677 Δίκαιον

37 692 99 729 γὰρ
121 693 169 720 καὶ
182 694 296 728 φοϐερὸν
313 694 343 721 τὺ
359 695 431 722 θεῖον
444 697 595 731 κριτήριον.

86 740 366 775 Ἐπιστραφείησαν
389 741 439 768 καὶ
465 742 705 776 αἰσχυνθείησαν
728 741 845 776 σφόδρα

38 785 96 812 διὰ
111 785 235 821 τάχους,
252 795 310 814 κ.τ.
320 788 344 813 ὲ.
368 787 430 814 Ἐὰν
450 789 606 823 νικήσωμεν
614 787 723 823 (40),τὰ
734 789 846 814 ἀντιπα-

896 192 1024 220 Dominus
1046 193 1191 219 oralionem
1214 199 1297 218 meum
1322 192 1445 226 suscepit,
1469 197 1521 219 elc.
1540 192 1590 224 Qui
1616 191 1683 218 lieu-

897 238 964 266 tium
977 239 1169 266 beatitudinem
1190 238 1324 272 intelligit,
1337 243 1363 265 ct
1379 239 1434 269 ﬂet,
1453 238 1510 264 haec
1530 238 1603 264 dicet
1621 245 1683 264 om-

898 283 977 310 nibus
993 283 1043 317 ipsi
1058 283 1224 314 astantibus,
1240 283 1418 316 operantibus
1435 283 1615 316 iniquitatem,
1630 288 1683 310 Iam

897 329 1049 356 visibilibus
1065 337 1147 363 quam
1165 329 1358 356 iuvisibilibus.
1375 329 1495 355 Primum
1509 334 1599 356 autem
1614 330 1684 356 Deus

896 382 991 402 vocem
1006 380 1034 402 et
1045 375 1139 402 ﬂetum
1156 375 1240 405 audit,
1253 375 1350 402 deinde
1361 375 1593 409 deprecationem,
1606 375 1684 402 deui-

896 429 949 456 que
960 421 1074 456 suscipit
1088 421 1251 448 oralionem.

932 467 1014 495 Vens.
1037 468 1079 494 II.
1100 467 1261 494 Erubui-ant
1276 472 1299 494 et
1318 467 1506 493 conturbentur
1525 468 1686 493 vehementer

897 521 984 540 omnes
995 512 1077 548 580
1089 513 1190 539 inimici
1211 513 1270 545 mei,
1288 518 1343 540 etc.
1364 512 1453 538 Pudor
1472 516 1630 546 peccantem
1651 512 1684 538 ad

897 560 937 586 sui
955 559 1038 594 ipsius
1054 567 1161 587 sensum
1182 563 1300 586 revocat.
1325 558 1454 590 Desinite,
1486 558 1588 593 inquit,
1619 558 1684 584 mihi

897 606 1017 633 convicia
1032 605 1167 641 ingerere,
1183 610 1209 633 ct
1224 605 1335 641 propria
1355 605 1425 632 mala
1447 610 1614 639 reputantes.
1633 613 1684 638 pu-

896 653 962 679 dore
979 657 1006 679 et
1021 653 1229 686 perturbatione
1251 650 1422 686 repleamini.
1443 650 1548 678 Iustum
1570 650 1642 676 enim
1658 655 1686 677 et

898 698 1067 724 tremendum
1085 702 1126 724 cst
1142 697 1187 724 Dei
1198 697 1342 731 judicium.

933 742 1016 770 Vatis.
1036 743 1080 770 11.
1097 742 1289 770 Convertuntur
1311 749 1334 770 et
1356 742 1510 770 erubescunt
1530 741 1605 769 valde
1621 740 1686 767 uelo-

897 788 972 821 citer,
992 793 1046 817 etc.
1063 788 1091 816 Si
1103 790 1221 816 victores
1235 788 1387 820 evadimus,
1399 795 1430 815 ea
1444 795 1505 822 qua:
1521 791 1615 814 contra
1637 793 1686 812 nos

38 830 162 857 λαιοντα
177 833 411 867 καταισχύνονται,
429 833 545 868 μάλιστα
559 834 602 860 ὅτε
617 842 658 865 τις
673 834 686 860 ὁ
702 833 835 869 ἄνθρωπος

936 839 1026 868 gnant,
1053 835 1155 869 pudore
1188 833 1413 865 confunduntur,
1446 833 1596 867 praesertim
1624 839 1685 858 cum

38 875 154 902 τούτων
171 876 302 912 κρείττων
320 878 486 913 εὑρίσκεται,
504 878 551 905 καὶ
567 879 690 913 συγχέων
710 879 843 914 ταράσσει

39 921 119 947 αὐτὰ
136 923 170 957 τῇ
184 922 281 949 ἑαυτοῦ
299 923 388 959 σοφίᾳ.
404 924 481 959 Τάχα
496 924 525 950 δὲ
541 924 588 950 καὶ¹
602 924 762 960 ἐπιστρέφει
775 925 844 951 αὐτὰ

40 967 242 1001 αἰσχυνθέντα,
256 969 303 995 καὶ
318 969 422 1003 ταχέως
435 971 450 996 ὁ
465 970 542 1004 ἅγιος
563 969 642 996 τοῦτο
656 971 736 996 ποιεῖ.

84 1058 144 1085 Τοῦ
159 1059 263 1086 αὐτοῦ.
277 1059 393 1095 Νοήσεις
408 1060 493 1086 ταῦτα
506 1059 633 1094 λέγεσθαι
648 1059 694 1086 καὶ
706 1059 774 1094 πρὸς
784 1058 848 1090 τοὺς

41 1103 96 1138 τὴν
124 1105 298 1141 κατασκευὴν
323 1105 398 1141 αὐτῷ
425 1105 683 1141 κατεργασαμένους
712 1104 846 1139 ἀοράτους

47 1150 167 1186 ἐχθροὺς
186 1150 431 1186 διαφθονουμένους
449 1153 482 1187 τῇ
505 1151 576 1178 κατὰ
593 1151 658 1177 Θεὸν
674 1149 756 1177 αὑτοῦ
779 1157 846 1184 προ-

43 1196 134 1230 κοπῇ,
153 1197 200 1222 καὶ
218 1197 287 1232 μετὰ
301 1197 350 1233 τὴν
379 1198 517 1234 ἁμαρτίαν
543 1198 740 1229 ἐπιϐαίνοντας,
758 1196 787 1223 ὲν
805 1192 846 1227 οἷς

897 880 977 907 homo
992 880 1128 915 quispiam
1145 881 1188 908 his
1200 879 1296 907 melior
1313 879 1462 912 invenitur,
1477 883 1504 906 et
1517 877 1687 906 confundens

897 932 928 952 ea
942 926 1083 959 perturbat
1096 927 1230 961 sapientia
1252 935 1313 954 sua.
1337 926 1418 954 Forte
1441 925 1522 952 etiam
1547 924 1646 950 accidit
1658 927 1689 950 ut

897 978 928 997 ea
943 970 1085 1004 pudefacla
1101 977 1256 1000 convertat.
1278 972 1349 1006 Quin
1370 977 1399 999 et
1419 976 1532 998 sanctus
1561 969 1615 996 cito
1636 969 1688 996 hoc

898 1021 1020 1050 praestat.

933 1058 1072 1093 Eiusdem.
1090 1060 1153 1088 Ilzcc
1170 1061 1252 1088 etiam
1270 1061 1323 1089 dici
1341 1060 1450 1095 putabis
1474 1060 1605 1086 adversus
1618 1058 1688 1085 invi--

897 1104 990 1132 sibiles
1009 1106 1111 1138 hostes,
1131 1106 1176 1141 qui
1193 1107 1312 1134 divinum
1334 1107 1393 1141 ejus
1417 1113 1591 1140 progressum
1618 1105 1688 1131 invi-

897 1149 1002 1180 dentes.
1019 1150 1130 1179 insidias
1145 1152 1169 1179 ei
1192 1156 1362 1184 struxerunt,
1378 1156 1406 1178 et
1423 1155 1485 1186 post
1503 1150 1561 1185 ejus
1589 1157 1687 1184 pecca-

897 1199 952 1220 tum
965 1195 1131 1224 iusultabant
1147 1197 1270 1224 dicentes
1285 1196 1308 1212 "
1325 1204 1333 1223 :
1352 1205 1362 1222 ι
1377 1195 1435 1223 Non
1452 1200 1495 1223 est
1507 1195 1580 1222 salus
1595 1194 1645 1229 ipsi
1660 1194 1688 1221 iu

44 1240 154 1275 ἔλεγον
169 1251 178 1268 1
190 1242 248 1269 Οὐκ
262 1242 319 1270 ἐστι
336 1243 459 1279 σωτηρία
475 1243 548 1279 αὐτῷ
565 1244 594 1270 ἐν
608 1242 646 1278 τῷ
660 1242 719 1278 Θεῷ
734 1241 844 1268 αὑτοῦ.»
902 1239 956 1267 Deo
969 1240 1036 1275 ejus.
1058 1251 1068 1268 ι

462 1357 507 1384 EX
523 1354 790 1384 COMMENTARIIS
807 1354 972 1382 ORIGENIS
993 1354 1025 1382 IN
1044 1353 1214 1383 PSALMUM
1240 1354 1285 1382 VI.

90 1482 228 1510 Possibile
242 1481 298 1518 (Η)
311 1486 354 1510 est
364 1483 542 1511 considerare
555 1491 588 1511 ex
603 1483 647 1510 his
667 1482 785 1510 maxime
797 1482 946 1514 doloribus,
958 1489 1028 1516 quos
1044 1481 1071 1508 in
1084 1482 1137 1508 hoc
1150 1489 1265 1515 corpore
1277 1481 1357 1516 positi
1369 1480 1513 1512 sentimus,
1533 1479 1577 1513 qui
1594 1487 1690 1514 quam-

44 1531 88 1558 vis
109 1529 205 1564 magni
218 1529 284 1562 sint,
299 1529 391 1557 brevis
406 1533 480 1557 certe
495 1533 559 1556 sum
573 1529 714 1563 temporis.
729 1536 777 1563 pro
788 1535 821 1555 eo
836 1529 908 1562 quod
923 1527 946 1555 si
959 1527 1039 1562 paulo
1052 1527 1271 1554 vehementiores
1286 1526 1449 1556 exstiterint,
1466 1525 1596 1553 continuo
1607 1524 1689 1552 etiam

45 1578 110 1604 vitae
121 1577 241 1604 celerem
254 1575 374 1604 inierunt
389 1576 480 1603 tinem.
502 1576 624 1610 Denique
644 1575 732 1608 multi,
747 1575 770 1602 si
790 1582 836 1602 res
848 1574 1015 1610 poposcerit.
1031 1581 1081 1608 pro
1101 1573 1213 1608 pietatis
1233 1572 1406 1600 confessione
1425 1572 1451 1599 in
1467 1572 1533 1606 ipsis
1546 1571 1690 1598 tormentis

46 1624 172 1651 animam
186 1623 325 1651 reddunt:
342 1623 388 1651 alii
405 1631 472 1652 vero
485 1624 511 1651 in
525 1624 584 1658 ipso
595 1624 651 1658 jam
665 1631 773 1651 corona:
788 1623 862 1650 aditu
884 1623 966 1657 positi
980 1621 1117 1656 denegant
1130 1621 1219 1654 Iidem,
1234 1629 1315 1656 quam
1333 1628 1420 1655 usque
1438 1620 1472 1647 ad
1489 1625 1603 1647 mortem
1624 1626 1689 1654 pro-

47 1673 203 1704 pmuerant
216 1669 353 1697 confiteri.
374 1668 408 1696 Et
422 1670 472 1696 hoc
488 1678 541 1696 non
553 1670 647 1704 utique
667 1667 853 1695 diminutione
872 1667 1005 1702 propositi
1029 1666 1182 1701 patiuntur,
1198 1665 1247 1693 sed
1263 1665 1289 1692 vi
1305 1664 1408 1692 doloris
1421 1664 1502 1691 nimia
1519 1667 1547 1690 et
1561 1663 1690 1691 intolera-

46 1715 95 1742 bili
113 1715 250 1750 superati.
264 1714 293 1742 Si
309 1722 375 1748 ει·κο
390 1715 417 1742 1η
433 1716 483 1742 hac
499 1715 629 1750 praesenti
648 1714 704 1741 vita
721 1718 774 1740 tam
791 1712 980 1740 intolerabiles
1003 1718 1068 1740 sunt
1088 1719 1233 1747 pmnarum
1257 1710 1377 1742 dolores,
1390 1710 1454 1744 quid
1471 1710 1619 1744 putandum
1637 1714 1688 1740 est,

47 1770 111 1790 cum
130 1770 185 1790 non
196 1762 252 1797 jam
265 1762 397 1789 crassiori
410 1763 501 1790 anima
516 1767 609 1790 utetur
629 1762 799 1793 indumento,
815 1760 862 1788 sed
875 1767 937 1787 cum
954 1760 980 1787 id
1000 1759 1145 1794 spirituale
1163 1758 1290 1786 effectum
1302 1765 1336 1785 ex
1349 1757 1552 1785 resurrectione
1566 1756 1689 1790 recipiet.

47 1815 73 1836 et
89 1817 124 1836 eo
143 1809 340 1837 vehementius
358 1809 454 1844 utique
469 1817 524 1845 quo
539 1809 668 1837 subtilius
682 1814 736 1842 est,
753 1809 855 1836 sentiet
867 1807 921 1834 vim
938 1807 1060 1834 doloris?
1079 1807 1148 1834 Puto
1170 1807 1243 1833 enim
1261 1805 1333 1841 quod
1354 1810 1455 1840 quanta
1478 1803 1632 1831 differentia
1647 1808 1692 1830 est

49 1856 76 1884 in
90 1857 222 1890 praesenti
235 1856 336 1884 saccqu
350 1857 451 1884 nudum
463 1857 617 1889 verberari.
629 1864 711 1892 quam
725 1855 862 1888 vestitum,
882 1855 915 1882 ad
929 1854 1153 1889 perseutieudum
1173 1853 1280 1881 scilicet
1294 1853 1460 1883 cruciatum,
1477 1858 1510 1878 eo
1523 1851 1594 1885 quod
1606 1850 1690 1877 vehe-

48 1905 172 1932 mentius
195 1904 295 1931 nudum
322 1912 422 1939 corpus
445 1906 568 1933 crucient
596 1906 711 1932 verbera
737 1911 817 1939 quam
838 1903 966 1930 vestitum
991 1911 998 1929 :
1025 1907 1130 1929 tantum
1153 1907 1220 1936 puto
1247 1900 1365 1927 futuram
1380 1898 1559 1926 diﬂ‘erentiam
1575 1897 1687 1928 doloris,

50 1959 116 1977 (’lll“
131 1957 232 1985 corpus
247 1951 395 1978 humanum
413 1951 605 1980 crassitudinis
620 1950 699 1986 hujus
727 1950 884 1977 indumento
902 1948 1026 1983 deposito
1042 1948 1116 1976 velut
1131 1948 1231 1974 nudum
1243 1953 1344 1980 corpus
1359 1945 1473 1980 coeperit
1484 1943 1618 1971 sustinere
1631 1949 1688 1970 tor-

49 2003 157 2026 menta.

351 2108 499 2135 1ῙνἋᾹΜΟΣ
518 2109 556 2134 Z’.

88 2154 192 2188 Κύριε,
211 2155 227 2180 ὁ
246 2154 318 2187 Θεός
329 2163 400 2188 μου,
416 2153 465 2180 ἐπὶ
483 2153 532 2180 σοὶ
554 2153 681 2188 ἤλπισα,
697 2153 801 2180 σῶσόν
814 2161 852 2188 με

50 2202 85 2228 ἐκ
102 2200 228 2227 πάντων
242 2200 300 2226 τῶν
314 2200 482 2227 διωκόντων
495 2208 544 2234 με,
563 2199 613 2227 καὶ
625 2200 719 2234 ῥῦσαι
732 2208 781 2234 με,
795 2199 853 2234 μή·

49 2255 127 2273 ποτε
143 2245 268 2280 ἁρπάσῃ
285 2246 326 2279 ὠς
346 2245 426 2273 λέων
439 2245 497 2280 τὴν
516 2245 621 2280 ψυχήν·
638 2254 708 2280 μου,
731 2255 757 2272 κ.
782 2254 807 2273 τ.
826 2246 851 2272 ἑ.

50 2292 121 2319 Καθ’
134 2291 250 2318 ἕκαστον
260 2291 314 2327 (42)
325 2291 379 2318 τῶν
389 2291 435 2318 ἐπὶ
443 2291 566 2327 ἁμαρτίᾳ
578 2291 742 2326 ἑρεθισμῶν,
755 2291 851 2318 διωκό-

54 2336 128 2371 μεθα
144 2336 197 2362 ὑπὸ
221 2335 268 2362 τοῦ
287 2334 462 2371 ἐνεργοῦντος
485 2335 515 2362 τὸ
540 2334 672 2370 ὲρεθίζον.
698 2335 798 2370 Διόπερ
817 2337 850 2362 ὲκ

50 2382 151 2409 τούτου
172 2382 228 2408 νόει
247 2382 304 2408 ὅσοι
327 2381 453 2408 διώκουσι
479 2381 524 2407 τὸν
549 2380 702 2416 ἄνθρωπον,
720 2381 749 2414 ἐξ
773 2377 810 2407 ὧν
836 2381 850 2407 ὁ

50 2428 199 2464 Προφήτης
225 2427 357 2462 ρυσῦἦναι
388 2426 507 2462 εῡχεται,
531 2426 554 2452 εἰ
581 2426 618 2461 μὴ
648 2425 770 2462 ρυσϐείη,
796 2426 850 2461 τῆς

50 2474 145 2510 ψυχῆς
164 2473 245 2500 αὑτοῦ
269 2474 306 2505 ὡς
321 2473 374 2499 ὑπὸ
388 2472 494 2502 λέοντος
508 2471 765 2507 ἁρπασθησομένης,

91 2521 183 2554 Κύριε
198 2521 213 2546 ό
235 2520 306 2552 Θεός
325 2528 395 2554 μου,
414 2520 440 2546 εὶ
460 2519 589 2552 ἐποίησα
605 2518 702 2550 τοῦτο,
723 2519 749 2545 εἱ
764 2519 850 2545 ἔστιν

51 2567 158 2594 ἀδικία
186 2566 221 2593 ἐν
244 2566 332 2600 χερσί
358 2575 428 2601 μου,
457 2575 485 2592 κ.
504 2574 529 2592 τ.
554 2566 577 2592 ὲ.
602 2565 675 2601 Πρὸς
697 2565 851 2601 ἀμνησικα-

88 2634 112 2650 ⁸¹
127 2633 199 2662 Psal.
217 2641 259 2667 ιιι,
275 2634 301 2661 5.

92 2690 149 2725 (33)
172 2691 201 2717 '0
216 2690 276 2718 τῶν
290 2691 465 2722 κλαιόντων,
480 2695 531 2718 etc.
547 2690 705 2718 Corderius.

90 2727 146 2760 I59)
167 2725 198 2752 Ἡ
211 2726 354 2760 αἰσχύνη,
370 2730 421 2753 etc.
436 2726 549 2753 Schedaa
566 2726 676 2758 Graliii,
697 2726 845 2754 Barbarus.

54 2757 146 2820 l15:0)
164 2761 237 2789 Ἐὰν
251 2757 432 2796 ιίὶκήσωμεν,
446 2766 498 2790 etc.
510 2761 623 2789 Scheda:
635 2761 738 2794 Grabii,
752 2761 848 2790 Barba—

1182 2105 1342 2133 I’SALMUS
1362 2104 1415 2132 VII.

940 2152 1023 2180 Vsus.
1037 2151 1065 2184 2,
1078 2151 1105 2178 3.
1122 2150 1233 2178 Domine
1249 2151 1318 2177 Deus
1331 2159 1415 2183 meus,
1434 2149 1462 2177 in
1477 2153 1500 2176 te
1510 2150 1624 2184 speravi,
1637 2150 1693 2176 sa!-

903 2206 961 2225 oum
974 2206 1013 2224 me
1024 2197 1067 2231 [ac
1078 2205 1110 2224 ex
1126 2197 1246 2224 omnibus
1271 2197 1486 2231 persequentibus
1501 2204 1554 2229 me,
1567 2200 1590 2222 et
1610 2196 1692 2223 libera

903 2253 954 2277 me,
976 2253 1007 2272 ne
1033 2244 1138 2280 quando
1161 2244 1249 2278 rapiat
1265 2248 1292 2270 ut
1312 2243 1352 2269 leo
1378 2243 1494 2269 animam
1516 2250 1610 2273 meam,
1637 2247 1691 2269 etc.

904 2291 1017 2324 Quoties
1030 2291 1062 2317 ad
1082 2294 1223 2324 peccatum
1246 2289 1401 2320 incitamur,
1420 2288 1501 2315 toties
1520 2295 1647 2321 urgemur
1658 2288 1694 2314 ab

904 2336 995 2371 coqui
1015 2334 1095 2362 etiicit
1118 2336 1337 2363 incitamentum.
1362 2333 1535 2368 Quapropter
1558 2333 1621 2360 hinc
1647 2333 1692 2360 in-

903 2383 992 2417 tclligc
1006 2387 1071 2417 quot
1099 2387 1290 2417 persecutores
1312 2382 1408 2409 haheat
1433 2383 1513 2409 homo
1540 2388 1574 2407 e1
1592 2381 1691 2415 quibus

903 2429 1014 2455 liberari
1036 2436 1066 2455 se
1083 2433 1145 2456 orat
1161 2427 1306 2463 Propheta.
1327 2428 1403 2462 cujus
1420 2428 1520 2458 anima,
1538 2426 1563 2452 ni
1579 2426 1693 2453 liberata

901 2474 995 2506 fuerit,
1011 2475 1092 2501 veluti
1109 2475 1144 2502 ab
1159 2476 1237 2501 leone
1248 2474 1402 2501 devorando
1419 2473 1464 2500 sit.

941 2520 1021 2547 Vens.
1042 2519 1070 2547 4.
1091 2519 1202 2547 Domine
1219 2519 1288 2546 Deus
1312 2527 1393 2549 meus,
1411 2519 1433 2545 si
1448 2518 1498 2552 feci
1513 2516 1596 2549 istud,
1614 2516 1638 2543 si
1656 2522 1694 2542 est

903 2567 1028 2598 iniquitas
1042 2567 1068 2594 in
1079 2567 1197 2593 manibus
1211 2565 1394 2597 ineir,etc.Ad
1408 2563 1693 2598 iniuriarumoblivio-

939 2693 994 2730 (M)
1010 2693 1182 2727 Desumptum
1196 2696 1235 2719 est
1252 2691 1302 2718 hoc
1318 2692 1499 2725 fragmentum
1514 2696 1546 2717 ex
1560 2689 1693 2726 Apologia

902 2740 1034 2775 Pamphili
1051 2738 1177 2773 martyris
1192 2745 1239 2772 pro
1259 2737 1381 2772 Origene.

939 2795 993 2827 (42)
1011 2795 1081 2823 Καθ’
1095 2794 1234 2826 ἕκαστον,
1253 2797 1306 2822 etc.
1321 2793 1410 2821 Codcx
1429 2792 1495 2821 Iloc.
