1882 3053
90 103 160 132 1181

587 100 741 127 SELECTA
761 100 794 127 IN
812 99 982 128 PSALMOS.
1003 116 1039 122 —-
1056 99 1155 127 PSAL.
1176 98 1244 127 VIII.

1653 98 1723 126 “8’1

131 161 190 190 Τοῦ
201 161 306 189 αὑτοῦ.
324 171 333 186 ι
356 161 440 188 Ὅταν
449 160 558 196 ὑψωθῶ,
572 161 648 196 φησὶ,
665 161 767 192 πάντας
778 160 869 186 tib:th

972 160 1109 194 Ejusdem.
1127 169 1137 186 ι
1157 160 1223 187 Cum
1236 158 1368 186 exaltatus
1386 158 1472 192 fuero,
1487 158 1574 193 inquit
1585 159 1619 190 ⁸⁸,
1629 159 1720 187 omnia

91 207 163 243 πρὸς
179 206 307 242 ἐμαυτόν.
327 215 337 231 ›

127 251 406 286 Συντελεσθήτωδὴ
424 251 553 285 πονηρία
563 250 755 285 ἁμαρτωλῶν,
771 261 798 278 κ.
816 260 843 278 τ.
857 252 880 277 ὲ.

91 299 178 325 Ὅταν
198 297 290 324 οὐκέτι
313 296 368 331 (50)
385 297 529 332 ἁμαρτάνῃ
543 305 595 328 τις,
613 296 779 322 συντελεῖται
799 295 882 322 αὑτοῦ

89 346 108 380 ὴ
124 344 242 381 πονηρία
253 353 260 359 ·
279 344 295 380 ἢ
320 343 437 380 πονηρία
453 343 506 370 τῶν
532 343 702 378 ἁμαρτωλῶν
720 344 735 369 ὁ
759 342 882 373 διάϐολός

89 392 162 419 ἐστι.

133 432 201 458 Ἐὰν
224 433 263 466 μὴ
286 433 499 467 ἑπιστραρῆτε.
513 432 566 464 ἕως
586 432 644 464 τοῦ.
666 431 874 465 καταϐήσεται,

85 485 116 503 κ.
134 485 161 504 τ.
185 477 210 504 ὲ.
240 478 353 511 Μήποτε
387 478 675 514 παρασεσιωπημένως
705 477 759 513 (51)
788 477 877 504 ταῦτα

85 523 156 558 περὶ
177 522 224 549 τοῦ
238 523 361 549 διαϐόλου
380 523 495 558 εἴρηται.
511 520 594 556 Οὗτος
611 523 665 559 γὰρ
688 523 755 559 πρὸς
771 523 876 554 τούτοις

85 569 137 596 καὶ
148 569 277 605 ὡδίνησεν
294 570 400 596 ἀδικίαν
426 570 472 596 καὶ
488 570 522 596 τὰ
545 570 619 604 ἑξῆς,
637 570 705 606 ὀργὴ
724 569 876 604 τυγχάνων.

93 615 123 642 Ὀ
140 615 234 651 Πατὴρ
249 615 276 641 δὲ
290 615 336 642 τοῦ
353 615 488 648 εἰπόντος·
510 625 518 641 ι
536 616 606 650 Ἐγώ
619 617 676 651 ειμι
690 617 706 651 ἡ
718 616 784 651 ζωὴ,
803 625 812 641 ι
829 615 877 649 οὐχ

85 659 229 695 ὲτοιμάζει
242 659 270 686 ἐν
285 659 323 695 τῷ
339 660 408 695 τόξῳ
425 660 507 687 αὑτοῦ
526 660 609 695 σκεύη
636 660 750 687 θανάτου
761 668 768 674 '
787 659 877 693 τίθησι

84 705 154 740 γοῦν
167 705 198 731 τὸ
211 704 286 737 τόξον
302 705 384 731 αὑτοῦ
403 706 431 731 ὲν
448 707 480 741 τῇ
497 705 606 742 νεφέλῃ,
630 705 674 731 ἵνα
691 706 728 740 μὴ
749 704 877 740 ἐπαγάγῃ

85 750 162 786 ὕδωρ
179 749 370 785 κατακλυσμοῦ
391 750 437 777 ἐτι-ἰ
454 751 503 786 τὴν
524 751 586 786 γῆν.
605 750 650 777 Διὸ
673 750 737 786 περὶ
752 749 799 776 τοῦ
821 750 878 776 δια-

84 794 167 821 ϐόλου
193 795 278 821 ταῦτα
297 795 425 830 λέγεσθαι
442 796 591 831 νομιστέον.
615 795 670 822 Καὶ
692 794 876 830 πεπυρωμένα

937 207 1041 232 traham
1059 207 1092 233 ad
1109 214 1150 233 me
1166 207 1266 239 ipsum.
1284 215 1293 230 ι

971 251 1052 287 582
1071 253 1151 278 Vens.
1175 252 1218 280 10.
1238 251 1442 278 Consummatur
1461 250 1576 285 nequitia
1601 255 1722 284 peccato-

936 306 1005 328 rum,
1021 304 1075 324 etc.
1091 297 1205 329 Quando
1221 297 1319 330 aliquis
1337 296 1393 331 jam
1413 295 1529 328 amplius
1547 303 1598 321 non
1615 301 1721 330 peccat,

936 348 998 370 tttnc
1008 343 1066 377 ejus
1087 343 1218 377 iniquitas
1232 346 1456 373 consummatur;
1471 341 1513 368 vel
1524 341 1607 368 etiam
1623 341 1723 376 iniqui-

936 394 975 415 tas
988 394 1162 423 peccatorum
1178 388 1303 415 diabolus
1319 392 1370 414 est.

970 434 1051 461 Vnus.
1065 434 1161 460 15-18.
1175 433 1235 460 Nisi
1248 435 1365 460 conversi
1376 434 1490 468 fuerim,
1502 439 1587 467 usque
1599 432 1632 458 ad
1645 432 1721 465 illud,

931 479 1083 512 descendet,
1103 484 1156 506 etc.
1183 480 1263 506 Forte
1290 479 1347 505 lucc
1375 479 1454 505 tacite
1478 478 1510 505 de
1524 476 1632 504 tliabnlo
1648 476 1722 503 dicta

935 530 1006 555 sunt.
1025 525 1073 552 Hic
1091 528 1164 552 enim
1188 533 1248 552 cutn
1266 525 1323 559 ipsa
1338 524 1378 550 ira
1401 525 1450 556 sit,
1465 524 1593 557 parturiit
1610 522 1720 557 injusti—

936 573 1013 604 tiam,
1028 577 1056 599 et
1070 577 1168 599 caetera
1180 579 1240 606 qum
1254 576 1416 605 sequuntur.
1433 569 1514 596 Pater
1538 570 1628 596 autem
1648 568 1721 595 illius

935 619 979 652 qui
1001 619 1092 645 dixit:
1110 628 1119 644 ι
1140 618 1195 652 Ego
1217 625 1277 644 sttui
1302 617 1367 648 vita,
1391 625 1399 641 ι
1420 623 1472 641 non
1499 619 1577 650 parat
1601 615 1627 641 in
1653 622 1721 642 arcu

935 671 986 690 suo
1003 671 1068 691 vasa
1081 665 1188 695 mortis,
1203 663 1248 690 sed
1263 662 1339 697 ponit
1358 669 1451 688 arcutn
1464 669 1542 688 sumu
1559 661 1585 686 iu
1599 660 1678 692 nube.
1692 664 1722 686 ut

937 717 988 736 non
1003 709 1114 736 inducat
1127 717 1227 743 aquam
1252 707 1345 734 diluvii
1372 708 1397 733 itt
1421 710 1533 734 terram.
1550 705 1723 740 Quapropter

936 756 994 783 lucc
1009 756 1041 783 de
1064 756 1171 783 diabolo
1188 755 1242 782 diei
1259 754 1471 781 existimandum
1486 756 1537 779 est.
1554 752 1638 786 Iguita
1658 755 1722 778 sunt

936 802 1045 836 maligni
1067 801 1157 835 jacula
1186 807 1246 834 qua:
1264 798 1427 834 prmparavit
1453 798 1486 824 iis
1514 805 1582 832 quos
1609 795 1724 824 atl‘cctus

83 841 136 868 τοῦ
149 841 265 876 πονηροῦ
281 842 364 874 ἐστιν,
377 841 395 868 ἃ
408 840 585 877 ἐξειργάσατο
596 843 651 873 τοῖς
666 841 819 877 καιομένοις
831 841 869 868 κα¹

965 852 1016 874 ‘unt
1031 852 1057 873 et
1073 847 1231 874 incendunt.

83 887 269 924 πυρουμένοις
282 887 334 914 ὑπὸ
352 888 454 915 παθῶν.

124 934 179 960 Τοῦ
193 934 275 961 αὑτοῦ
291 936 330 967 είς
347 935 378 962 τό
389 944 395 950 ε
415 936 469 962 Καὶ
482 936 516 962 ἐν
531 935 611 968 αὐτῷ
624 936 769 970 ἡτοίμασε
782 936 876 970 σκεύη

83 981 231 1014 θανάτου,
255 990 283 1008 κ.
312 990 337 1008 τ.
361 982 384 1008 ὲ.
410 981 497 1017 Σκεύη
516 982 632 1008 θανάτου
650 982 704 1017 (52)
723 982 791 1008 εἰσὶν
810 982 883 1009 ἀκά-

84 1027 177 1062 Θαρτα
192 1027 299 1061 λογικὰ,
323 1027 340 1062 ἢ
358 1029 386 1054 αἱ
402 1027 447 1054 τὸν
464 1027 578 1054 θάνατον
597 1028 707 1063 ἔχουσαι
721 1028 820 1063 ψυχαί-
840 1028 878 1060 ὼς

85 1073 174 1109 σκεύη
192 1072 263 1109 ζωῆς
280 1075 306 1101 αἱ
329 1074 378 1109 τὴν
394 1073 465 1109 ζωὴν
482 1073 590 1110 ἔχουσαι
612 1074 706 1110 ψυχαί.
729 1074 806 1101 Οὕτω
823 1075 879 1111 γὰρ

83 1120 138 1146 καὶ
154 1118 259 1146 Παῦλον
273 1119 369 1151 σκεῦος
384 1119 499 1155 ἐκλογῆς
520 1120 659 1154 ὠνόμασεν
682 1121 696 1146 ὀ
714 1121 825 1155 Κύριος.

130 1164 204 1191 Ἰδοὺ
223 1165 372 1198 ὼδίνησεν
391 1164 520 1196 ἀδικίαν,
540 1164 689 1191 συνέλαϐε
706 1165 810 1196 πόνον,
828 1164 877 1191 καὶ

83 1210 192 1237 ἔτεκεν
203 1211 340 1244 ἀνομίαν,
359 1219 385 1236 κ.
400 1219 425 1237 τ.
440 1210 464 1236 ὲ.
489 1210 517 1236 '0
535 1209 572 1245 μὴ
593 1209 713 1244 φιλόθεος
732 1209 796 1245 (55),
812 1209 879 1236 ἀλλὰ

84 1256 240 1292 φιλήδονος,
253 1257 383 1291 ἀνάλογον
394 1254 437 1289 αἶς
452 1256 570 1283 δουλεύει
583 1257 688 1292 ἡδοναῖς
698 1256 878 1292 συλλαμϐάνει

85 1302 171 1328 πόνον
191 1301 239 1328 ἕνα
253 1302 436 1338 συνημμένον,
458 1302 504 1328 καὶ
524 1301 561 1337 μὴ
582 1301 678 1336 ἔχοντα
703 1301 803 1337 μεταξὺ
820 1302 878 1329 διά-

79 1350 204 1383 λειμμα,
223 1348 269 1374 κα)¹
284 1348 373 1374 usus:
390 1348 508 1379 ἀδικίαν,
526 1347 573 1374 καὶ
593 1347 679 1374 τίκτει
698 1347 821 1383 ἀνομίαν.
834 1348 880 1377 Ἐκ

82 1394 115 1422 δὲ
126 1394 182 1420 τῶν
192 1394 319 1421 ἐναντίων
330 1395 344 1421 ὁ
361 1394 397 1429 μὴ
420 1394 568 1430 φιλήδονος,
584 1394 651 1420 ἀλλὰ
667 1394 798 1429 φιλόθεος,
815 1394 881 1423 ἀνά-

79 1441 167 1474 λογον
183 1438 223 1472 οἷς
235 1440 392 1475 ἀναδέχεται
407 1440 441 1466 δι’
455 1440 556 1476 ἀρετὴν
577 1440 677 1472 πόνοις,
697 1439 879 1476 συλλαμϐάνει

83 1486 247 1518 εὐπάθειαν,
272 1486 321 1520 τὴν
343 1486 442 1521 χαρὰν,
464 1486 529 1520 μίαν
551 1485 738 1520 συνημμένην,
764 1485 812 1513 καὶ
841 1486 878 1522 μὴ

80 1532 203 1567 ’ἔχουσαν
220 1531 320 1567 μεταξὺ
337 1532 497 1567 διάλειμμα,
512 1532 560 1558 καὶ
583 1531 674 1558 ὠδίνει
695 1531 877 1566 δικαιοσύνην,

84 1577 136 1604 καὶ
150 1576 236 1603 τίκτει
251 1576 379 1612 εὐνομίαν
389 1585 395 1591 ⁸
412 1577 456 1603 καὶ
472 1576 558 1609 οὕτως
574 1577 668 1604 τέκνον
685 1577 790 1612 γίνεται
802 1578 875 1604 εὐνο-

86 1622 166 1656 μίας,
180 1622 293 1658 ἀνομίαν
310 1622 428 1658 ἑκάστην
444 1622 540 1659 μισῶν.

124 1763 182 1790 Τοῦ
203 1763 297 1791 αὐτοῦ
321 1764 365 1797 εις
387 1763 420 1791 τὸ
444 1764 529 1791 αὑτό.
545 1763 658 1790 Ἕτεκεν
679 1763 794 1798 ἀνομίαν
809 1763 876 1798 (54),

79 1808 180 1845 ὲαιδὴ
198 1809 328 1836 συνέλαϐε
345 1810 435 1842 πόνον,
453 1810 500 1836 καὶ
515 1809 646 1844 ὠδινησεν
668 1809 786 1837 ἀδικίαν.
802 1808 876 1844 Αὕτη

80 1856 139 1891 γάρ
165 1855 239 1882 ὲττιν
256 1855 401 1882 ἀκολουθία
424 1856 542 1890 φύσεως.
567 1856 704 1892 Ὠδίνησεν
735 1856 877 1891 Ἀχιτόφελ

79 1902 133 1937 τὴν
145 1901 266 1938 πονηρὰν
281 1902 498 1938 εἰσηγησάμενος
510 1901 634 1938 γνώμην.

117 1946 241 1974 Δάκκον
257 1946 364 1981 ὤρυξε,
385 1947 433 1973 καὶ
455 1947 633 1981 ἀνέσκαψεν
646 1946 750 1977 αὑτὸν,
764 1947 812 1974 καὶ
828 1947 878 1981 ἐμ-

78 1991 218 2019 πεσεῖται
233 1994 276 2026 εὶς
289 1993 404 2027 βόθρον
415 1992 450 2019 ὃν
459 1993 628 2028 εἰργάσατο.
654 1992 845 2027 Ἐπιστρέψει
860 1994 877 2020 ό

77 2039 179 2072 πόνος
198 2039 291 2066 αὑτοῦ
308 2041 352 2072 εἰς
365 2040 504 2074 κεφαλὴν
521 2039 627 2071 αὐτοῦ,
646 2039 696 2066 καὶ
713 2039 762 2066 ἐπὶ
787 2048 874 2073 κορυ-

77 2083 148 2118 φὴν
158 2084 251 2111 αὑτοῦ
271 2085 289 2118 ἡ
310 2083 411 2111 ἀδικία
431 2083 524 2111 αὐτοῦ
539 2083 749 2117 καταϐήσεται,
767 2092 793 2110 κ.
809 2092 835 2110 τ.
851 2084 874 2109 ἑ.

77 2131 198 2166 Μήποτε
213 2131 227 2157 ό
243 2130 345 2162 λάκκος
358 2130 414 2166 (55)
430 2131 529 2166 χωρίον
543 2130 681 2162 κολάσεώς
693 2131 777 2162 ἐστιν,
791 2131 830 2161 εἰς
846 2130 875 2156 ὃν

77 2177 197 2211 προνοίᾳ
207 2176 273 2202 Θεοῦ
294 2177 375 2208 αὐτὸς
389 2177 487 2212 ὀρύξας
502 2178 674 2212 ἐμπεσεῖται.
696 2176 829 2207 ’ἰσόπεδος
845 2175 873 2202 δέ
889 2189 913 2218 D

75 2223 156 2249 ἐστιν
175 2223 284 2259 αὐτοῦὴ
299 2224 405 2259 κορυφὴ
419 2223 457 2259 τῷ
472 2223 558 2258 λοιπῷ
580 2222 701 2259 σώματι”
720 2223 794 2249 οὐδὲν
819 2222 872 2257 γὰρ

75 2268 112 2295 αὐ
119 2268 165 2294 τοῦ
183 2268 254 2294 ἄνω·
272 2268 312 2294 διὸ
338 2268 385 2295 καὶ
401 2268 510 2303 δράκων
538 2277 590 2294 που
617 2268 735 2302 λέγεται.
752 2267 873 2299 Εἰκότως

74 2313 126 2341 οὖν
143 2315 159 2349 ἠ
177 2313 330 2350 ἐπαρθεῖσα
360 2315 407 2341 καί
424 2314 561 2349 ὑψωθείσα
583 2314 653 2340 κατὰ
677 2313 727 2349 τῆς
746 2313 873 2348 γνώσεως

73 2360 125 2388 τοῦ
138 2361 207 2387 Θεοῦ
220 2361 312 2388 ἀδικία
327 2361 409 2388 αὐτοῦ
432 2361 637 2398 καθαιρουμένη
662 2361 708 2388 ἐπὶ
725 2360 773 2396 τὴν
790 2368 874 2395 κορυ-

74 2407 131 2443 φὴν
149 2406 232 2433 αὑτοῦ
250 2407 447 2443 καταϐήσεται.

371 2499 519 2526 ΨΑΛΜΟΣ
538 2501 579 2526 H’.
801 2516 807 2520 -

112 2545 168 2576 Είς
194 2543 227 2570 τὸ
260 2543 350 2577 τέλος
373 2544 450 2579 ὑπὲρ
473 2545 533 2572 τῶν
560 2545 664 2579 ληνῶν
687 2544 808 2579 ψαλμὸς
829 2542 869 2576 τῷ

71 2589 178 2621 Aab-f6,
199 2598 226 2616 κ.
245 2599 270 2617 τ.
295 2591 317 2617 ὲ.
346 2591 402 2617 Καὶ
423 2592 451 2618 ὲν
472 2591 511 2627 τῷ
523 2592 578 2627 (56)
596 2595 622 2618 π’
637 2592 684 2618 καὶ
710 2595 754 2626 πγ¹
770 2588 870 2626 ψαλμῷ

108 2638 133 2652 ⁸⁸
146 2636 226 2664 Joan.
247 2645 296 2671 xu,
311 2638 356 2665 52.

122 2685 169 2722 50)
188 2685 277 2722 ’ξοταν
293 2684 403 2715 οὐκέτι.
422 2691 475 2714 etc.
491 2687 649 2719 Cordcrius.
665 2689 812 2717 Barbarus.

71 2712 169 2783 ςοζῦιῇ)
192 2719 315 2753 Μήποτε
340 2712 653 2758 παράάεὶέιῷέήῇέὶέῶξ
665 2712 868 2757 ῗ

114 2764 136 2781 IS
151 2764 188 2782 II).

110 2776 282 2825 {3.1.}..2‘7451511
301 2791 442 2825 θανάτου,
460 2797 512 2820 ctc.
527 2792 640 2820 SCIIetItI!
655 2794 760 2822 Grabii.

110 2826 167 2863 (55)
190 2826 221 2853 '0
235 2826 278 2863 μὴ
296 2828 446 2862 φιλόθεος.
468 2828 558 2856 Codex
580 2829 692 2857 Coislin.
715 2836 743 2859 ct
769 2829 867 2860 Conle—

971 939 1053 969 VEus.
1079 939 1123 966 14.
1149 938 1276 972 Ejusdem
1306 937 1332 965 in
1358 936 1422 963 IIIlIlI
1441 935 1496 963 :Et
1514 935 1541 962 in
1567 943 1597 962 eo
1619 935 1723 968 paravit

933 994 994 1012 vasa
1019 985 1132 1017 mortis,
1155 990 1209 1011 etc.
1235 983 1304 1010 Vasa
1331 981 1427 1009 mortis
1455 980 1572 1015 appellat
1601 980 1724 1014 impuras

933 1031 1048 1061 annuas,
1070 1030 1142 1064 quod
1178 1033 1292 1056 mortem
1328 1027 1509 1058 contineant,
1543 1027 1721 1059 quemadmo-

932 1077 995 1102 dum
1021 1083 1084 1102 vasa
1108 1075 1170 1101 vita:
1197 1079 1260 1101 stitit
1286 1074 1386 1100 anitum
1414 1080 1474 1107 qua:
1496 1073 1578 1099 vitam
1608 1071 1720 1098 habent.

932 1121 979 1148 Sic
993 1121 1063 1148 enim
1079 1125 1104 1147 et
1116 1120 1229 1147 Paulum
1243 1127 1290 1146 vas
1305 1118 1448 1145 electionis
1461 1117 1567 1145 vocavit
1580 1117 1720 1144 Dominus.

967 1168 1049 1196 Vens.
1067 1168 1110 1195 I5.
1129 1167 1197 1194 Ecce
1211 1167 1336 1201 parturiit
1351 1166 1523 1200 injustitiam,
1540 1165 1658 1198 concepit
1672 1164 1722 1191 da—

931 1213 1011 1240 lorem
1033 1218 1056 1240 et
1080 1213 1179 1247 peperit
1201 1211 1380 1246 iniquitatem,
1406 1216 1459 1237 etc.
1485 1209 1535 1243 Qui
1553 1217 1606 1236 non
1623 1209 1719 1242 Deum,

931 1260 979 1287 sed
1000 1260 1152 1294 voluptates
1166 1262 1250 1290 amat,
1276 1257 1302 1283 id
1325 1265 1359 1284 ex
1384 1257 1417 1284 iis
1432 1256 1532 1291 quibus
1546 1258 1631 1283 servit
1645 1256 1721 1282 volu-

931 1306 1052 1341 ptatibus
1076 1304 1235 1338 assequitur
1250 1307 1279 1329 ut
1294 1301 1431 1336 concipiat
1446 1301 1566 1328 laborem
1586 1309 1639 1327 una
1653 1308 1721 1327 con-

932 1358 1043 1383 nexum,
1071 1357 1121 1376 nec
1141 1349 1195 1375 ttllo
1219 1346 1364 1374 intervallo
1391 1347 1568 1381 disiunctum,
1586 1346 1721 1380 simulque

931 1396 1067 1432 parturiat
1090 1394 1253 1429 iujnstitiam
1272 1401 1305 1421 ac
1324 1393 1414 1427 pariat
1431 1393 1615 1426 iniquitatem.
1630 1392 1720 1419 Econ-

933 1442 1018 1469 trario
1042 1441 1087 1475 qui
1108 1448 1161 1467 non
1178 1439 1344 1473 voluptates,
1366 1439 1412 1465 sed
1437 1439 1520 1466 Deum
1542 1443 1625 1470 autat,
1643 1439 1668 1465 id
1685 1446 1721 1465 ex

933 1488 965 1515 iis
979 1495 1048 1522 quos
1073 1492 1181 1521 propter
1196 1486 1323 1512 virtutem
1347 1484 1462 1518 suscipit
1476 1484 1627 1518 laboribus,
1645 1492 1721 1512 asse-

931 1533 1035 1569 quitur,
1049 1537 1077 1559 ttt
1091 1532 1227 1566 concipiat
1241 1532 1323 1558 animi
1339 1531 1575 1564 tranquillitatem,
1591 1530 1719 1564 gaudium

933 1586 987 1606 una
1012 1586 1176 1611 connexum,
1190 1586 1238 1604 nec
1254 1577 1308 1604 ullo
1327 1577 1471 1604 intervallo
1489 1576 1666 1610 disiunctum,
1681 1576 1719 1603 si-

930 1624 1041 1658 mulque
1057 1624 1193 1659 parturiat
1209 1624 1342 1658 justitiam
1361 1629 1389 1650 ot
1406 1623 1496 1658 pariat
1507 1623 1674 1657 mquitatem.
1686 1620 1721 1648 Et

929 1670 968 1696 sic
994 1669 1066 1696 titius
1089 1668 1181 1696 evadit
1197 1669 1346 1703 aequitatis,
1361 1669 1424 1696 odio
1449 1669 1553 1695 babcus
1570 1667 1721 1703 quamlibet

930 1716 1115 1750 iniquitatem.

966 1761 1104 1796 Ejusdem.
1123 1760 1232 1795 Peperit
1249 1760 1431 1795 iniquitatem,
1447 1760 1577 1794 qttoniam
1594 1759 1720 1794 concepit

929 1807 1050 1834 dolorem
1065 1811 1092 1833 et
1106 1806 1233 1841 parturiit
1250 1806 1426 1839 iujustitiam.
1446 1804 1509 1832 Ιίςεο
1521 1806 1594 1832 enim
1610 1809 1650 1832 est
1667 1812 1718 1831 na-

929 1859 996 1878 tura:
1018 1852 1225 1884 consequentia.
1247 1851 1379 1878 Parturiit
1408 1851 1569 1885 Acltitophel
1594 1850 1719 1885 maligna:

928 1902 1024 1924 auctor
1041 1897 1194 1924 sententiae.

965 1942 1048 1970 Vsus.
1063 1942 1107 1975 16,
1126 1942 1168 1970 17.
1196 1941 1294 1968 Lucum
1315 1941 1429 1974 aperuit,
1450 1946 1472 1967 et
1488 1940 1579 1975 e/[odit
1602 1948 1671 1972 eum,
1693 1945 1719 1967 et

927 1988 1024 2015 inridet
1036 1988 1062 2014 in
1074 1987 1178 2021 foveam
1192 1995 1270 2022 quant
1295 1986 1366 2019 fecit.
1381 1985 1554 2013 Cout'erletur
1570 1986 1647 2012 dolor
1661 1985 1718 2021 ejus

927 2035 954 2061 in
979 2039 1057 2068 caput
1081 2035 1149 2068 ejus,
1171 2039 1194 2060 et
1212 2034 1239 2060 in
1261 2033 1384 2060 verticem.
1404 2033 1487 2066 ipsius
1512 2033 1637 2068 iniquitas
1659 2033 1718 2066 ejus

927 2080 1075 2112 descendet,
1100 2085 1154 2106 etc.
1173 2079 1255 2106 Forte
1280 2079 1354 2106 lacus
1371 2079 1495 2114 supplicii
1524 2079 1598 2106 locus
1621 2085 1665 2106 est
1690 2080 1717 2107 in

927 2133 1007 2160 quem
1025 2126 1196 2160 providentia
1213 2125 1259 2152 Dei
1285 2125 1390 2152 incidet
1416 2126 1461 2160 qui
1490 2133 1552 2152 cum
1578 2124 1715 2153 effoderit.

927 2172 1091 2207 Exmquatur
1106 2177 1196 2199 autem
1224 2180 1353 2200 cacumen
1380 2173 1439 2207 ejus
1466 2173 1571 2207 reliquo
1598 2172 1717 2206 corpori.

927 2218 1000 2245 Nihil
1016 2218 1088 2245 enim
1103 2223 1146 2245 est
1166 2225 1260 2253 supra.
1273 2218 1457 2252 Quamobrem
1476 2223 1504 2245 et
1517 2218 1599 2245 draco
1614 2218 1715 2245 alicubi

926 2266 1037 2292 diettttr.
1062 2265 1159 2292 Merito
1185 2273 1250 2299 ergo
1279 2273 1340 2300 quze
1369 2266 1501 2293 attollitur
1527 2271 1554 2292 et
1581 2264 1717 2292 cxaltatur

926 2317 1022 2338 cotttra
1043 2311 1089 2338 Dei
1109 2312 1293 2346 cognitionem
1317 2311 1449 2346 injustitia
1474 2312 1542 2346 ejus,
1561 2312 1718 2340 destruetur

925 2363 953 2386 et
971 2359 997 2385 in
1019 2357 1148 2386 verticem
1166 2358 1249 2392 ipsius
1265 2358 1423 2387 descendet.

1197 2496 1357 2524 PSALMUS
1373 2496 1439 2524 VIII.

961 2545 1041 2581 583
1058 2545 1138 2573 Vens.
1161 2547 1184 2574 I.
1205 2546 1238 2574 lu
1251 2547 1328 2580 ﬁnem
1340 2553 1388 2580 pro
1403 2543 1581 2571 torcularibus
1593 2543 1713 2576 psalmus

925 2590 1022 2625 David,
1038 2597 1092 2621 etc.
1111 2593 1141 2620 Et
1167 2593 1193 2620 iu
1221 2593 1389 2627 octogesimo
1405 2599 1437 2619 ac
1453 2590 1618 2625 octogesimo
1634 2591 1714 2617 tertio

922 2697 985 2716 I‘IIIS.

959 2725 1014 2758 (54)
1032 2726 1154 2752 Ἕτεκεν
1166 2724 1303 2758 ἀνομίαν,
1317 2729 1370 2752 etc.
1384 2723 1496 2752 Scltedtc
1510 2723 1613 2751 Grabii.

957 2760 1014 2795 (55)
1025 2760 1147 2793 Μήποτε
1161 2762 1177 2786 ό
1187 2759 1312 2792 λάκκος,
1328 2765 1381 2787 etc.
1396 2760 1502 2787 Eaedem
1520 2759 1627 2787 SCIICtI‘tl‘.
1641 2766 1708 2786 mss.

960 2795 1016 2829 (56)
1032 2796 1083 2822 Καὶ
1101 2795 1196 2827 ἐντῷ,
1217 2801 1269 2822 etc.
1287 2795 1444 2830 Cordcrius,
1463 2795 1610 2824 Barbarus.
1635 2795 1710 2822 scltc~

923 2831 962 2858 Ila!
980 2830 1073 2859 liotnb.
1096 2835 1122 2858 t‘t
1134 2830 1236 2858 Grabii.
