1882 3053
168 85 236 112 1183

878 81 921 108 EX
942 79 1095 108 OBlGENE

1744 81 1810 109 “Si

166 141 270 175 psalmo
295 141 512 176 inscriptionem,
533 153 542 168 ι
568 143 620 170 Pro
635 141 829 173 torcularibus,
849 149 858 165 ι
878 139 953 166 inve-

1058 157 1065 169 ,
1089 146 1099 163 ε
1128 136 1214 173 Ὑπὲρ
1230 136 1284 163 τῶν
1315 136 1414 172 ληνῶν,
1442 146 1452 162 ι
1478 137 1604 173 εὑρήσεις
1636 138 1808 173 ἐπιγραφήν.

168 187 236 213 uies.
256 186 295 212 Ad
312 187 369 214 haec
385 195 493 222 quoque
510 188 636 222 accipere
651 194 797 221 possumus
809 185 879 219 quod
891 184 956 211 scri-

167 238 241 266 ptum
253 238 296 260 est
308 235 340 260 de
351 233 406 261 Noe
420 234 524 260 vineam
538 233 687 268 plantantc.
700 238 727 260 et
737 233 956 260 benedictionem

166 278 251 305 Iacob
265 279 298 305 de
315 278 393 310 .luda,
412 287 422 304 ‹
439 278 524 312 ligans
540 279 572 304 ad
586 278 667 304 vitem
682 278 783 312 pullum
797 285 874 304 suum
886 277 928 308 ἰ⁷;
945 285 954 302 ι

167 330 195 351 et
221 325 254 351 de
280 324 423 356 lssachar,
450 325 496 359 qui
521 324 615 352 videns
645 324 767 359 requiem
791 324 862 358 quod
885 327 959 349 esset

168 371 250 401 bona,
265 374 293 396 et
311 375 410 396 terram
425 371 497 404 quod
519 370 627 405 pinguis
641 375 725 401 esset.
741 369 886 404 supposuit
908 369 959 395 hu-

168 422 273 440 merum
292 415 325 440 ad
350 414 541 447 laborandum.
563 420 591 443 et
613 415 756 442 factusest
771 415 813 441 vir
827 413 957 449 agricala.

167 459 248 486 Ozias
268 466 376 493 quoque
390 460 508 494 agricola
529 465 597 492 erat,
613 460 700 487 vinea:
714 459 833 487 cultores
855 459 959 486 habens

169 506 194 532 in
211 506 360 533 montanis.
389 506 460 539 Quin
485 512 512 534 et
525 514 594 533 uxor
609 507 700 534 omnis
722 505 790 540 justi
803 510 846 533 est
866 515 875 531 ι
895 509 960 532 tan-

168 559 251 584 quam
267 551 330 578 vitis
345 552 489 579 abundans
510 553 536 579 in
558 552 690 580 lateribus
704 553 801 580 domus
817 559 873 579 sua:
893 551 927 584 ⁸⁸,
948 561 957 578 ι

167 604 201 622 ex
214 604 267 630 qua
284 597 378 624 vinulo
405 598 434 625 lit
450 599 522 631 quod
539 598 659 625 laniﬁca!
673 605 722 625 cor
738 597 858 625 hominis
870 597 904 625 ".
927 596 961 624 Et

168 643 350 670 Ecclesiastes
365 643 500 677 plantavit
516 645 621 677 vineas,
641 644 709 671 fodit
734 644 856 671 torcular
868 642 904 670 ὀ.
927 642 960 670 Et

168 688 296 715 Salomon
312 689 353 716 ait
368 690 390 706 ⁰¹
412 699 418 716 :
446 699 455 715 ι
482 689 551 717 Vino
578 690 725 718 toreularia
748 695 795 717 tua
821 689 959 717 redunda-

168 734 245 761 bunt.
266 744 276 760 ι

205 779 344 814 Ejusdem.
358 780 518 809 Torcularia
542 785 605 808 sunt
621 786 724 808 naturae
740 781 887 808 rationales
901 787 961 815 qua:

168 831 203 851 ex
219 824 336 858 spiritali
353 825 432 852 vinea
447 825 552 853 fructus
564 827 728 861 suscipiunt.

206 916 289 945 Vsus.
307 917 334 944 5.
351 917 392 944 Ex
407 926 452 944 ore
473 917 618 952 infantium
638 923 663 945 et
684 918 837 945 ludentium
851 918 963 953 perfeci-

169 962 203 988 ati
215 962 332 995 totidem,
348 969 400 990 etc.
416 964 445 990 lu
469 963 616 998 Evangelio
630 965 781 991 secundmn
798 963 954 991 Matthteum

171 1008 289 1042 primum
309 1009 418 1043 quidem
442 1009 487 1044 qui
512 1011 704 1043 praecedebant
727 1009 910 1042 Salvatorem,
935 1016 963 1038 et

171 1053 215 1086 qui
236 1054 431 1088 sequebantur,
452 1064 461 1080 ι
490 1055 646 1082 clamabant
669 1056 815 1083 dicentes:
835 1055 962 1083 Hosanna

172 1099 227 1125 lilio
254 1099 347 1131 David.
371 1100 533 1127 benedictus
561 1101 606 1135 qui
637 1101 711 1127 venit
731 1101 758 1127 in
777 1101 888 1128 nomine
909 1100 964 1129 Do—

170 1143 247 1176 mini,
264 1144 387 1172 liosanna
403 1145 429 1172 in
444 1146 584 1173 altissimis
595 1147 630 1174 ".
654 1156 663 1172 ι
686 1146 773 1174 Paulo
788 1151 850 1181 post
872 1151 962 1175 autem

171 1190 304 1224 scriptum
334 1196 377 1218 est
406 1192 537 1219 videntes
566 1193 706 1226 principes
734 1193 908 1220 sacerdotum
937 1198 965 1221 et

171 1238 278 1265 scribas
296 1237 429 1265 mirabilia
447 1246 508 1273 quae
524 1238 598 1271 fecit.
615 1244 641 1265 et
657 1246 756 1274 pueros
776 1240 925 1267 clamantes
937 1239 964 1267 in

173 1283 273 1317 templo
288 1289 315 1310 et
329 1283 462 1316 dicentes,
484 1293 493 1309 ι
512 1283 638 1311 llosanua
665 1284 719 1311 lilio
744 1284 840 1316 David.
860 1294 870 1311 ι
887 1285 961 1311 iudi-

171 1335 268 1364 guatos
292 1338 353 1358 esse
377 1335 403 1358 et
415 1331 517 1358 dixisse
533 1331 556 1358 ei
579 1331 625 1357 "z
644 1340 653 1356 ι
675 1331 760 1358 Audis
783 1332 848 1366 quid
867 1332 910 1359 isti
923 1331 966 1358 di-

172 1377 260 1403 runt?
285 1376 364 1403 Jesns
388 1381 480 1403 autem
508 1376 575 1403 dixit
593 1377 633 1403 eis
655 1385 662 1404 :
682 1377 792 1411 Utique.
820 1377 964 1412 Nunquam

173 1423 280 1456 legistis
302 1423 365 1456 quia
383 1430 417 1449 cx
433 1430 480 1449 ore
499 1422 642 1449 infantium
668 1428 695 1450 et
716 1424 884 1457 lacteutium,
903 1432 915 1449 ι
938 1429 966 1452 et

174 1469 288 1503 reliqua.
316 1467 429 1496 Videtur
461 1468 544 1502 igitur
564 1468 707 1496 Mattlucus
735 1472 845 1497 easdem
873 1470 965 1498 turbas

173 1523 274 1550 pueros
287 1523 400 1546 vocare,
414 1519 442 1542 et
459 1515 586 1542 Salvator
600 1523 652 1542 non
674 1516 837 1550 simpliciter
853 1523 964 1551 pueros,

174 1563 221 1588 sed
236 1566 264 1588 et
285 1561 406 1589 infantes
419 1566 447 1588 et
466 1561 606 1593 lactentes,
623 1562 715 1589 verbis
735 1563 831 1597 psalmi
848 1571 909 1598 qure
928 1564 967 1591 al-

175 1607 293 1643 legorice
316 1607 451 1642 exposuit,
477 1607 580 1633 docens
600 1614 648 1634 nos
665 1612 692 1634 et
716 1607 864 1642 allegorico
884 1614 965 1636 sensu

175 1661 236 1680 esse
253 1658 341 1680 totum
357 1653 491 1687 psalman
517 1653 717 1688 accipiendum.
737 1653 849 1685 Qun-ures
876 1659 966 1680 autem

176 1707 210 1725 an
226 1699 296 1725 idem
315 1699 350 1726 sit
363 1699 459 1726 domus
474 1698 569 1730 David,
596 1703 624 1725 et
647 1697 719 1724 [ilius
739 1698 831 1726 David.
850 1699 928 1731 Quod
944 1699 967 1726 si

176 1744 246 1770 idem
263 1751 316 1770 non
331 1748 382 1777 cst,
395 1752 473 1771 error
486 1744 663 1771 amauueusis
679 1743 787 1778 irrepsit
805 1745 831 1770 iu
844 1744 969 1779 Evange-

176 1789 240 1816 lnuu
255 1791 404 1817 secundum
420 1789 585 1823 Matlliaaum,
600 1790 644 1817 ubi
662 1789 746 1818 scribi
762 1790 855 1817 debuit
872 1790 915 1818 bis
928 1790 969 1817 vel

177 1836 268 1862 domui
284 1835 379 1868 David,
393 1836 435 1863 vel
447 1836 502 1863 lilio
516 1835 611 1862 David.

214 1882 296 1908 Vsus.
315 1881 342 1909 5.
358 1881 472 1916 Propter
487 1882 608 1909 inimicos
621 1887 691 1914 tuos,
709 1887 735 1908 ut
747 1882 868 1908 destruat:
881 1882 970 1908 inimi-

178 1935 238 1953 cum
251 1932 276 1953 et
297 1927 420 1960 ultorem,
445 1932 498 1955 etc.
525 1927 666 1954 Inimicum
685 1933 713 1954 et
737 1928 851 1954 ultorem
877 1935 969 1954 verum

178 1974 298 2008 intelligo
314 1974 577 2001 Nabuchodonosor.
593 1974 732 2001 Diabolum
743 1975 876 2001 destruant
892 1973 971 2001 Cliri-

179 2026 221 2046 ms
248 2028 297 2054 per
320 2019 471 2053 piscatores
493 2024 520 2047 et
546 2019 702 2047 illitteratus
725 2024 752 2047 ct
777 2020 879 2046 malitia
903 2027 969 2054 pue-

179 2073 234 2092 rus.

215 2110 297 2137 Vsus.
315 2110 341 2136 tl.
370 2109 504 2142 Quoniam
523 2110 613 2138 videbo
631 2109 708 2137 ι’(ινίοι
725 2115 783 2138 tuos
806 2120 884 2146 opera
901 2111 970 2147 digi-

1008 183 1081 219 Πρὸς
1109 182 1141 210 δὲ
1166 183 1252 209 ταῦτα
1268 182 1396 217 λάὗωμεν
1410 182 1444 209 τὰ
1467 183 1531 218 περὶ
1553 183 1616 209 Νῶε
1644 183 1811 218 φυτεύοντος

1009 229 1143 264 ἄμπελον,
1161 229 1211 264 τήν
1226 237 1255 255 τε
1271 229 1334 264 περὶ
1349 228 1396 255 τοῦ
1417 229 1501 255 Ἰούδα
1517 229 1592 264 παρὰ
1610 228 1714 255 Ἰακὼϐ
1734 229 1811 255 εὐλο-

1008 275 1081 309 γίαν,
1102 284 1112 300 ‹
1131 274 1270 310 δεσμεύων
1286 273 1352 310 πρὸς
1367 274 1488 310 ἄμπελον
1501 274 1547 301 τὸν
1562 274 1655 301 πῶλον
1672 275 1778 301 αὑτοῦ·
1800 285 1810 301 ι

1010 321 1057 347 καὶ
1070 320 1120 356 τὴν
1135 320 1278 356 Ἷσσάχαρ,
1290 319 1328 352 ὃς,
1345 319 1406 346 ἰδὼν
1419 321 1468 355 τὴν
1480 320 1648 353 ἀνάπαυσιν,
1666 321 1711 347 ὃτι
1729 321 1810 357 καλὴ,

1010 367 1057 392 καὶ
1075 366 1124 402 τὴν
1138 365 1204 401 γῆν,
1224 366 1265 392 ὅτι
1278 366 1358 397 πίων,
1374 366 1496 401 ὑπέθηκε
1507 366 1553 393 τὸν
1562 363 1639 401 ὦμον
1656 367 1699 398 είς
1715 367 1750 393 τὸ
1766 375 1813 394 πο-

1009 413 1076 443 νεῖν,
1097 412 1144 438 καὶ
1158 411 1276 447 ἐγενήθη
1302 412 1371 447 ἀνὴρ
1393 412 1525 448 γεωργός.
1553 413 1610 439 Καὶ
1636 413 1693 448 μὴν
1720 413 1812 444 Ὀζίας

1010 457 1133 492 γεωργὸς
1151 454 1197 492 ἦν,
1222 457 1430 493 ἀμπελουργοὺς
1451 457 1520 492 ἔχων
1537 458 1566 484 ὲν
1579 459 1612 493 τῇ
1632 458 1741 493 ὀρεινῇ.
1759 459 1813 485 Καὶ

1011 504 1027 538 ή
1044 502 1112 538 γυνὴ
1125 502 1153 529 δὲ
1170 503 1273 534 παντὸς
1290 503 1396 529 δικαίου
1413 513 1422 529 ι
1443 503 1482 535 ὡς
1494 503 1616 538 ἀμπελός
1636 504 1714 530 ἐστιν
1732 505 1815 540 εὐθη-

1011 548 1094 575 νοῦσα
1110 549 1140 575 ἐν
1153 550 1212 581 τοῖς
1227 549 1330 576 κλίτεσι
1345 550 1394 584 τῆς
1409 550 1498 581 οίκίας
1513 549 1607 582 αὑτοῦ,
1629 560 1638 575 ι
1707 551 1813 584 γίνεται

1011 592 1082 625 οἶνος
1097 594 1254 630 εὐφραίνων
1278 595 1391 630 καρδίαν
1413 596 1568 632 ἀνθρώπου.
1588 597 1645 624 Καὶ
1658 597 1674 622 6
1698 597 1815 631 Ἐκκλη-

1013 641 1126 676 σιαστὴς
1145 640 1294 674 ἐφύτευσεν
1310 641 1485 676 ἀμπελῶνας,
1501 642 1589 678 ὤρυξε
1607 642 1703 678 ληνόν.
1715 643 1774 669 Καὶ
1801 645 1814 669 ὁ

1012 686 1141 721 Σολομῶν
1157 693 1258 722 φησιν-
1282 696 1290 712 ι
1318 687 1389 722 Οἵνῳ
1406 687 1435 714 δὲ
1460 689 1488 714 αἱ
1510 688 1584 724 ληνοί
1602 697 1650 715 σου
1672 688 1815 721 sxa-sa..-

1014 738 1066 758 σιν.
1088 741 1097 756 Ι

1052 778 1107 806 Τοῦ
1127 779 1231 806 αὑτοῦ.
1248 780 1331 815 Ληνοί
1355 781 1407 807 εἱσι
1496 781 1591 816 φύσεις
1607 782 1733 816 λογικαὶ,
1752 782 1815 813 τοὺς

1013 824 1045 850 ἐκ
1079 824 1128 860 τῆς
1155 825 1345 860 πνευματικῆς
1367 825 1490 860 ἀμπέλου
1525 828 1649 862 καρποὺς
1680 826 1817 859 ὑποδεξά-

1015 878 1105 905 μεναι.

1055 916 1106 942 Ἐκ
1124 917 1275 950 στόματος
1290 917 1407 950 νηπίων
1421 917 1470 943 καὶ
1488 917 1680 951 θηλαζόντων
1701 927 1818 951 κατηρ-

1013 963 1087 989 τίσω
1110 960 1206 995 αἶνον,
1225 971 1252 990 κ.
1275 971 1300 989 τ.
1327 963 1350 989 ὲ.
1373 962 1416 989 Ἐν
1434 962 1474 998 τῷ
1493 963 1564 990 κατὰ
1589 963 1734 990 Ματθαῖον
1761 964 1816 998 (58)

1011 1009 1146 1044 πρότερον
1163 1010 1212 1044 μὲν
1228 1009 1253 1035 οἱ
1276 1009 1443 1044 προάγοντες
1459 1009 1505 1035 τὸν
1528 1009 1655 1045 Σωτῆρα,
1681 1010 1753 1037 ἀλλὰ
1771 1012 1816 1037 καὶ

1014 1056 1038 1082 οί
1050 1055 1262 1087 ἀκολουθοῦντες
1282 1055 1356 1091 αὑτῷ
1377 1063 1387 1079 ί
1402 1054 1516 1090 ἔκραζον
1529 1055 1655 1091 λέγοντες
1667 1063 1675 1070 ·
1699 1057 1817 1083 Ὡσαννὰ

1015 1102 1053 1137 τῷ
1068 1101 1119 1137 υίῷ
1139 1101 1231 1133 Δαυῒδ,
1249 1101 1430 1137 εὐλογημένος
1445 1102 1460 1128 6
1478 1101 1623 1137 ἐρχόμενος
1648 1103 1678 1128 ὲν
1701 1102 1818 1137 ὀνόματι

1015 1148 1130 1184 Κυρίου,
1142 1148 1252 1174 ὼσαννὰ
1265 1149 1294 1174 ὲν
1308 1149 1364 1179 τοῖς
1375 1147 1496 1182 ὑψίστοις
1507 1157 1513 1162 ·
1530 1158 1540 1174 ι
1551 1148 1640 1182 ὀλίγον
1654 1148 1685 1174 δὲ
1701 1148 1767 1174 ὓστε
1773 1157 1817 1183 ρον

1016 1193 1181 1230 γέγραπται,
1204 1194 1244 1220 ὃτι
1261 1194 1360 1225 ἰδόντες
1377 1195 1400 1220 οἱ
1416 1194 1555 1230 ἀρχιερεῖς
1570 1195 1617 1221 καὶ
1633 1195 1658 1220 οἱ
1681 1203 1817 1230 γραμμα-

1017 1241 1073 1271 τεῐς
1084 1239 1119 1265 τὰ
1130 1239 1179 1265 θαυ
1185 1238 1269 1274 μάσια
1282 1237 1300 1265 ἃ
1310 1238 1432 1273 ἐποίησε,
1446 1239 1492 1265 καὶ
1507 1239 1568 1270 τοὺς
1585 1239 1687 1270 παῖδας
1698 1239 1816 1275 κράζον-

1016 1292 1066 1316 τας
1092 1285 1121 1311 ὲν
1145 1284 1184 1319 τῷ
1200 1284 1265 1320 ἱερῷ
1297 1285 1344 1311 καὶ
1371 1284 1510 1318 λέγοντας,
1531 1293 1540 1309 ι
1565 1285 1683 1312 Ὡσαννὰ
1701 1285 1742 1321 τῷ
1768 1286 1816 1320 υἱῷ

1017 1329 1108 1362 Δαυῒδ,
1130 1340 1140 1356 ι
1155 1331 1361 1366 ἠγανάκτησαν,
1381 1330 1428 1356 καὶ
1444 1328 1521 1356 εἷπον
1541 1330 1615 1365 αὑτῷ
1629 1339 1636 1345 ·
1654 1340 1664 1355 ι
1691 1331 1815 1363 ’Δκούεις

1017 1376 1044 1404 τί
1059 1374 1131 1404 οὗτοι
1143 1376 1286 1411 λέγουσιν;
1313 1375 1344 1403 Ὀ
1357 1375 1385 1401 δὲ
1404 1375 1510 1412 Ἰησοῦς
1531 1376 1605 1410 λέγει
1624 1376 1732 1409 αὐτοῖς·
1750 1376 1814 1403 Ναί.

1018 1422 1153 1449 Οὐδέποτε
1167 1422 1312 1456 ἀνέγνωτε,
1328 1421 1369 1447 ὅτι
1381 1421 1413 1447 ὲκ
1429 1421 1563 1457 στὸματος
1576 1422 1683 1456 νηπίων
1707 1423 1756 1448 καὶ
1770 1422 1815 1456 θη-

1017 1468 1166 1501 λαζόντων,
1189 1469 1256 1495 »καὶ
1279 1467 1315 1494 τὰ
1335 1468 1428 1496 λοιπά.
1446 1468 1554 1494 Ἔοικεν
1574 1467 1620 1495 οὖν
1639 1469 1654 1495 6
1673 1469 1816 1500 Ματῦιίος

1017 1517 1079 1548 τοὺς
1094 1516 1192 1547 αὐτοὺς
1205 1514 1300 1550 δχλους
1318 1515 1407 1550 λέγειν
1431 1515 1537 1548 παῖδας,
1558 1514 1605 1541 καὶ
1621 1515 1637 1540 6
1653 1515 1754 1550 Σωτὴρ
1771 1515 1816 1550 οὐχ

1018 1561 1111 1593 ἁπλῶς
1137 1561 1246 1593 παῖδας,
1267 1561 1334 1588 ἀλλὰ
1354 1561 1401 1588 καὶ
1424 1561 1537 1596 νηπίους
1564 1561 1612 1588 καὶ
1634 1561 1815 1597 θηλάζοντας,

1018 1608 1150 1635 διδάσκων
1176 1609 1252 1644 ἡμᾶς
1274 1608 1308 1634 δι’
1323 1604 1360 1634 ὧν
1388 1607 1494 1639 ἐξέθετο
1518 1606 1607 1643 ῥητῶν
1633 1607 1682 1633 τοῦ
1707 1607 1816 1642 ψαλμοῦ

1021 1653 1090 1689 μετὰ
1106 1653 1281 1689 ἀλληγορίας,
1306 1652 1466 1688 ἁλληγορεῑν
1486 1653 1533 1679 καὶ
1554 1653 1600 1679 τὸν
1617 1652 1741 1688 ψαλμόν,
1766 1655 1815 1687 Ζη-

1019 1701 1111 1736 τήσεις
1122 1699 1151 1726 δὲ
1167 1699 1281 1735 πότερον
1295 1699 1393 1725 ταυτόν
1409 1699 1482 1724 ὲστιν
1499 1697 1572 1731 οἶκος
1589 1698 1684 1730 Δαυῖδ,
1698 1699 1748 1726 καὶ
1762 1699 1816 1730 υἱός

1020 1746 1110 1772 Δαυῖδ.
1125 1746 1181 1772 Καὶ
1196 1746 1221 1771 εἰ
1238 1745 1275 1781 μὴ
1289 1745 1386 1772 ταυτὸν
1400 1746 1484 1776 ἐστιν,
1507 1745 1667 1780 ἡμάρτηται
1696 1744 1729 1771 τὺ
1750 1745 1816 1771 κατὰ

1020 1792 1158 1819 Ματθαῖον
1177 1790 1330 1827 γραφικῶς,
1347 1790 1453 1825 ὀφεῖλον
1473 1790 1544 1825 ἔχειν
1565 1790 1625 1825 ἦτοι
1642 1789 1684 1822 δὶς
1698 1790 1740 1826 τῷ
1754 1790 1816 1825 οἴκῳ

1021 1836 1111 1869 Δαυῒδ,
1130 1838 1188 1872 ἦτοι
1201 1837 1239 1872 τῷ
1256 1837 1306 1872 υἱῷ
1317 1836 1409 1863 Δαυῖδ.

1058 1884 1166 1910 Ἕνεκα
1177 1882 1237 1909 τῶν
1248 1882 1363 1918 ἐχθρῶν
1374 1890 1442 1914 σου,
1460 1882 1512 1909 τοῦ
1523 1881 1697 1909 καταλῦσαι
1711 1881 1815 1916 ἐχθρὰν

1022 1929 1072 1956 καὶ
1089 1928 1262 1963 ἐκδικητὴν,
1278 1938 1305 1957 κ.
1321 1937 1346 1955 τ.
1364 1929 1386 1954 ὲ.
1408 1927 1521 1964 Ἐχθρδν
1532 1929 1579 1955 καὶ
1588 1927 1740 1963 ἐκδικητὴν
1752 1927 1814 1963 (59),

1022 1976 1067 2002 τὸν
1077 1975 1202 2010 ἀληθινὸν
1218 1975 1273 2002 νόει
1285 1974 1527 2009 Ναϐουχοδονόσορ.
1546 1974 1598 2000 Τὸν
1609 1974 1740 2001 διάδηλον
1753 1982 1814 2000 κατ-

1024 2020 1116 2047 έλυσεν
1139 2021 1153 2046 6
1177 2019 1294 2055 Χριστὸς
1318 2019 1353 2045 δι’
1374 2018 1472 2046 ἁλιέων
1493 2018 1540 2045 καὶ
1561 2019 1760 2054 ἀγραμμάτων
1775 2017 1817 2044 καὶ

1022 2068 1055 2102 τῇ
1072 2067 1157 2101 κακίᾳ
1169 2065 1366 2102 νηπιαξόντων.

1059 2115 1118 2141 Ὅτι
1133 2114 1244 2148 ὄψομαι
1256 2112 1328 2146 τοὺς
1342 2112 1489 2147 οὐρανοὺς
1499 2113 1570 2147 ἔργα
1584 2111 1647 2138 τῶν
1659 2109 1815 2138 δακτύλων

178 2160 267 2183 torum
281 2160 397 2187 tuorum,
408 2156 499 2182 lunam
508 2159 532 2182 et
548 2155 648 2189 stellas,
660 2164 719 2190 qua:
730 2162 757 2182 tu
769 2157 900 2191 fundasti,
912 2161 965 2186 etc.

1060 2170 1088 2194 υ,
1105 2160 1243 2193 σελήνην
1256 2160 1305 2186 καὶ
1319 2159 1458 2193 ἀστέρας,
1472 2157 1491 2184 ἁ
1507 2157 1547 2184 σὺ
1561 2157 1778 2191 ἐθεμελίωσας,
1793 2165 1815 2182 κ.

181 2210 192 2227 ε
221 2201 357 2234 Quoniam
373 2201 471 2228 videbo
498 2202 591 2229 cmlos.
612 2210 621 2228 ι
646 2202 712 2228 Rem
732 2203 805 2230 illam
821 2204 901 2239 plane
916 2204 970 2231 sci-

180 2255 250 2280 mus,
270 2247 353 2284 584
369 2247 476 2282 quando
492 2253 519 2275 et
533 2248 666 2275 rationem
680 2249 741 2282 ejus
756 2253 784 2275 et
797 2256 908 2276 causam
925 2257 972 2277 co-

179 2295 348 2329 gnoscimus.
369 2304 379 2320 ε
398 2294 487 2329 Opera
512 2294 660 2330 digitorum
686 2300 804 2323 tuorum.
830 2306 839 2322 ι
860 2296 972 2329 Qtimres

179 2349 215 2367 an
232 2341 282 2367 alia
299 2341 353 2368 sint
375 2348 457 2375 opera
483 2341 629 2376 digitorum
645 2341 691 2368 Dei
708 2343 741 2368 ab
757 2343 887 2376 operibus
912 2350 972 2370 ma-

180 2393 264 2412 nuum
290 2386 469 2421 integrarum,
493 2392 520 2413 et
537 2394 597 2420 qua!
616 2387 708 2420 priora
732 2391 806 2419 sunt.
831 2388 857 2414 in
881 2394 972 2422 poste—

180 2433 283 2458 riorum
299 2436 376 2466 parte
397 2431 576 2458 collocentur.
595 2440 604 2456 ι
622 2431 729 2458 Lunam
743 2437 771 2459 ct
788 2433 893 2466 stellas,
911 2443 971 2469 quae

181 2481 208 2502 tu
238 2476 370 2504 [ιιιιιιιιειὶ.
391 2487 400 2504 ι
418 2478 473 2505 Cur
499 2478 583 2505 solem
610 2485 663 2504 non
691 2479 864 2506 nominavit?
889 2480 972 2509 Forte

179 2522 242 2556 quia
259 2530 320 2549 cunt
346 2524 533 2551 introducitur
546 2523 692 2558 quispiam,
720 2524 742 2550 is
767 2525 884 2558 primum
911 2534 971 2561 qua:

188 2610 192 2617 ι
215 2594 238 2610 ’⁷
251 2594 320 2622 Gen.
337 2603 361 2621 Ix
377 2599 405 2622 et
419 2604 492 2623 thx.

181 2637 239 2661 xu.
257 2629 283 2657 9.
329 2631 352 2646 ”
366 2631 432 2658 ibid.
454 2631 496 2658 lli.

217 2698 273 2733 (57)
290 2700 384 2732 Ληνοί
397 2703 467 2731 εισι,
481 2706 533 2727 etc.
549 2700 662 2726 Scltedae
679 2700 784 2731 Grabii,
800 2699 943 2726 Barbzn-us.

218 2734 275 2767 (58)
297 2735 348 2762 Ἐν·
364 2735 403 2767 τῷ
427 2736 502 2762 κατὰ
513 2735 676 2768 Ματθίιῖον,
692 2741 747 2762 etc.
771 2735 884 2761 διίιοιίιυ
907 2735 977 2762 Gra-

182 2769 230 2800 llll,
251 2768 395 2797 Barbarus.

221 2804 277 2839 (59)
296 2804 420 2840 Ἐχθρὸν
433 2805 480 2832 καὶ
494 2804 667 2840 ἐκδικητὴν,
691 2810 744 2832 etc.
764 2805 869 2833 Eadem
896 2806 975 2834 sche-

1022 2216 1048 2233 τ.
1065 2207 1089 2233 ὲ.
1105 2216 1114 2231 ι
1134 2206 1194 2232 Ὅτι
1210 2205 1311 2241 ὄψομαι
1323 2204 1378 2240 (60)
1394 2205 1458 2235 τοὺς
1482 2203 1622 2239 οὐρανούς.
1649 2213 1658 2228 ι
1677 2202 1767 2229 Τοῦτο
1792 2204 1816 2229 τὸ

1024 2253 1140 2289 πρᾶγμα
1151 2252 1242 2286 σαφῶς
1257 2250 1438 2286 ἐπιστάμεθα,
1454 2250 1498 2277 ὅτε
1514 2249 1614 2276 καὶτὸν
1625 2249 1709 2283 λόγον
1727 2250 1815 2278 αὑτοῦ.

1025 2299 1071 2325 καὶ
1086 2298 1137 2334 τὴν
1150 2297 1239 2324 αίτίαν
1262 2296 1443 2331 γινώσκομεν.
1463 2303 1473 2319 ι
1491 2294 1581 2330 Ἔργα
1604 2294 1659 2320 τῶν
1681 2294 1817 2321 δακτύλων

1026 2354 1084 2372 σου.
1098 2355 1106 2370 ι
1124 2344 1257 2379 Ζητήσεις
1273 2344 1296 2369 εἰ
1312 2342 1394 2378 ἕτερά
1406 2342 1464 2367 ἐστι
1478 2340 1513 2367 τὰ
1528 2340 1596 2376 ἔργα
1610 2340 1666 2367 τῶν
1682 2340 1816 2367 δακτύλων

1027 2391 1074 2418 τοῦ
1092 2390 1159 2417 Θεοῦ
1177 2389 1246 2425 πρὸς
1262 2388 1297 2415 τὰ
1314 2388 1383 2423 ἔργα
1397 2386 1451 2413 τῶν
1466 2386 1534 2413 ὅλων
1559 2385 1660 2421 χειρῶν
1680 2386 1775 2417 αὐτοῦ,
1795 2387 1815 2412 εἰ

1027 2438 1055 2463 ἐν
1075 2436 1151 2472 μέρει
1166 2435 1224 2461 ἐστὶ
1237 2433 1272 2461 τὰ
1287 2434 1407 2468 πρότερα
1421 2431 1476 2457 τῶν
1499 2431 1643 2466 δευτέρων.
1672 2441 1683 2456 ι
1706 2432 1815 2466 Σελήνην

1026 2483 1073 2509 καὶ
1089 2482 1217 2517 ἀστέρας,
1232 2480 1250 2507 ὃ.
1264 2481 1295 2506 σὺ
1308 2477 1502 2514 ἐθεμελίωσας.
1522 2487 1531 2502 ι
1555 2476 1604 2503 Διά
1626 2477 1654 2502 τί
1678 2477 1757 2513 ἣλιον
1772 2477 1814 2503 οὐκ

1027 2528 1186 2563 ὼνόμασενς
1210 2527 1323 2561 Μήποτε
1343 2525 1388 2550 ὅτε
1412 2523 1461 2558 μὲν
1483 2522 1624 2557 εἰσάγεται
1649 2531 1706 2555 τις,
1731 2523 1813 2559 πρῶτα

538 2596 561 2612 ⁸⁸
575 2595 647 2623 Psal.
665 2604 767 2629 cum,
781 2598 808 2626 5.
845 2599 868 2614 ³⁹
881 2599 953 2627 Psal.

1062 2601 1090 2628 5.
1129 2602 1152 2617 ⁹⁰
1173 2601 1276 2628 Ecclcs.
1300 2607 1330 2631 ιι,
1345 2599 1371 2626 ι.
1409 2598 1430 2613 ⁹¹
1447 2596 1528 2624 Prov.
1542 2603 1583 2628 ιιι,
1604 2594 1649 2622 l0.
1688 2594 1712 2610 "
1729 2593 1813 2620 Matth.

1027 2701 1077 2732 die.
1091 2707 1117 2729 et
1134 2702 1280 2730 Barbarus.

1067 2737 1124 2772 (ϐυ)
1140 2738 1199 2764 “Ou
1224 2737 1344 2772 ὄψομαι.
1364 2733 1531 2772 7C05derlus:
1547 2732 1718 2772 __Barbarus.
1745 2731 1812 2760 codd.

1031 2769 1228 2806 Bai'occiauus,
1243 2769 1270 2800 ct
1280 2769 1396 2800 'schcda:
1409 2769 1576 2798 Combel‘tsii.
