1860 3052
44 107 116 134 H95

545 111 699 139 SEIECTA
718 111 751 139 IN
771 111 937 141 [‘SALMOS.
960 131 993 135 —
1012 115 1108 143 PSAL.
1141 116 1170 144 X.

1600 121 1668 149 MN

39 166 64 192 οί
78 165 109 192 δὲ
125 165 207 201 ψυχῇ,
225 167 249 193 οἱ
264 167 292 194 δὲ
305 169 361 199 τοῖς
377 168 455 201 ἐκτός
468 178 473 184 ·
492 171 537 196 καὶ
551 171 574 197 οἱ
588 172 636 207 μέν
651 173 703 199 εἰσι
722 173 800 208 πληγι

886 175 1005 206 externis
1028 177 1189 211 inferuntur,
1210 181 1236 204 et
1260 177 1319 208 alia:
1337 177 1362 205 iu
1386 184 1466 207 causa
1489 183 1552 207 sunt
1574 179 1667 218 plaga-

40 210 87 237 καὶ
101 210 292 245 στρεϐλώσεων
303 211 349 238 καὶ
359 213 486 249 διωγμῶν
497 215 544 241 καὶ
558 216 685 250 φυλακῶν
694 216 775 244 αἴτιοι
785 227 791 233 ³
805 219 830 244 οἱ

37 255 66 282 δέ
87 256 156 283 εἰσιν
167 257 317 294 ἀκάθαρτοι
331 259 456 294 λογισμοὶ
470 261 618 295 γεννῶντες
630 263 766 298 ἁμαρτίαν
783 265 830 292 καὶ

36 301 160 337 δόγματα
175 302 260 338 ψευδῆ
273 312 279 318 ·
292 305 316 330 οι
332 304 360 331 δὲ
376 305 478 340 ζημίας
488 306 579 343 ἔχουσι
594 308 752 344 χρημάτων,
766 310 830 336 ἁπο-

36 347 119 379 eam;
139 349 258 380 τέκνων,
276 350 323 377 καὶ
343 352 480 385 γυναικῶν
495 354 670 389 ἀφαιρέσεις·
689 355 735 384 καὶ
751 355 828 392 δῆλον

36 395 68 421 ὲκ
83 393 202 427 τούτων,
217 395 258 422 ὅτι
272 395 415 431 ἐκυρίευσε
429 399 529 430 παντὸς
545 400 648 427 δικαίου
666 402 679 428 ὁ
695 403 825 435 Σατανᾶς.

35 440 66 465 Εἰ
88 440 143 475 γὰρ
168 441 276 468 πάντων
295 442 349 468 τῶν
369 442 474 479 ἐχθρῶν
488 445 570 472 αὐτοῦ
591 448 797 483 κατακυριεύσει
813 451 827 478 ὁ

34 484 167 518 Σατανᾶς,
187 486 234 513 καὶ
247 487 345 514 δίκαιοι
361 489 460 520 πάντες
475 490 556 517 αὑτοῦ
569 492 659 528 ἐχθροί
675 494 737 524 εἱσι,
758 494 826 522 πάν-

32 539 86 557 των
103 531 158 567 ἄρα
180 533 400 569 κατακυριεύσει.
417 535 454 561 Οὺ
480 535 529 571 μὲν
554 538 635 565 παντὶ
655 538 682 565 δὲ
705 539 825 574 δηλονότι

33 576 177 611 πράγματι
192 579 341 614 κυριεύσει,
357 579 412 606 ἀλλ’
430 580 458 607 ἐν
472 589 524 608 τινι
537 590 543 596 ·
563 582 642 618 μόνος
654 583 708 619 γὰρ
729 585 743 613 ὸ
759 584 825 620 Χρι-

32 623 93 654 στὸς
106 624 244 660 ἁμαρτίαν
258 625 308 651 οὐκ
323 626 463 661 ἐποίησεν,
474 627 529 654 οὐδ’
545 629 643 665 εὑρέθη
658 629 732 662 δόλος
745 631 773 658 ὲν
785 630 824 667 τῷ

32 668 146 703 στόματι
170 669 262 696 αὑτοῦ.
278 671 313 697 Ἢ
335 672 404 707 τάχα
429 673 458 701 τὸ
475 673 596 709 βούλημα
619 675 701 702 αὐτοῦ
718 676 823 712 τίθησιν

31 713 115 748 ἠθεία
127 714 232 750 Γραφὴ,
247 715 315 752 ὅπερ
330 717 388 743 ἐστὶ
404 719 444 749 εις
456 719 541 754 πέρας
553 720 666 754 ἀγαγεῖν
680 721 710 748 τὸ
719 721 768 748 οὐκ
783 723 824 748 ἐν-

29 758 183 794 δεχόμενον·
199 761 268 795 εἴγε
287 771 296 787 ι
314 762 497 797 διελογίσαντο
511 765 606 800 βουλὰς
625 764 669 798 αἶς
682 768 712 794 οὑ
729 767 766 802 μὴ
780 768 822 795 δύ-

29 812 126 832 νωνται
146 806 249 843 στῆναι.
267 817 276 833 ι
297 808 351 836 Καὶ
371 808 425 844 γὰρ
446 810 474 836 ὲν
491 810 529 845 τῷ
554 812 613 838 Ἰὼϐ
626 812 790 848 ψευδόμενος
806 815 820 841 ὁ

885 228 962 254 rum,
990 226 1185 250 tormentorum
1201 243 1208 256 ,
1237 223 1476 258 persecutionum,
1512 231 1666 253 carcerum.

881 267 947 294 Aliae
963 275 1027 296 vero
1044 269 1156 303 impurae
1168 273 1232 296 sunt
1246 269 1425 304 cogitationes
1440 278 1498 305 qua:
1515 277 1626 306 peccata
1639 279 1667 301 et

881 312 947 340 falsa
972 313 1098 348 dogmata
1121 320 1266 348 generant.
1289 315 1418 349 Qumdam
1444 316 1541 345 damna
1574 327 1665 346 rerttm

881 357 994 391 habent,
1008 358 1155 387 liberorum
1173 361 1358 394 amissionem.
1379 370 1496 390 uxorum
1516 363 1664 399 jacturam.

879 402 967 437 Atque
980 403 1042 430 hinc
1056 404 1145 437 palam
1172 408 1212 432 est
1235 406 1308 433 omni
1327 406 1402 441 justo
1427 408 1561 436 dominari
1586 408 1664 436 Sata-

879 455 952 477 nam.
975 447 1002 475 Si
1018 449 1090 475 enim
1102 449 1224 476 omnium
1249 450 1421 479 inimicorum
1445 460 1555 481 suorum
1576 454 1664 481 domi-

879 494 988 522 nabitur
1008 494 1136 527 Satanas,
1149 495 1252 530 ctjusti
1270 504 1364 525 omnes
1384 499 1442 533 ejus
1466 499 1569 527 inimici
1587 505 1662 533 sunt,

877 539 1001 566 omnibus
1025 546 1092 575 ergo
1124 540 1242 569 Satanas
1267 542 1464 573 dominabitur.
1494 545 1529 572 At
1555 554 1608 574 non
1635 547 1661 574 in

875 582 948 608 omni
972 589 1000 609 rc
1015 583 1208 617 dominabitur,
1225 586 1272 612 sed
1293 587 1319 613 in
1338 588 1467 624 quadam.
1491 589 1571 617 Solus
1585 591 1660 618 enim

875 626 1000 654 Cltristus
1021 634 1161 662 peccatum
1187 638 1238 657 non
1265 631 1344 664 fecit,
1364 641 1413 661 nec
1426 639 1467 662 est
1484 635 1609 664 iuventus
1633 638 1659 664 in

874 678 921 698 ore
935 672 993 707 ejus
1001 673 1088 700 dolus.
1104 674 1149 701 Vel
1165 675 1281 703 fortasse
1297 677 1386 705 divina
1404 679 1542 714 Scriptura
1556 682 1590 708 ad
1601 682 1660 715 ejus

875 717 992 750 respexit
1022 718 1187 746 voluntatem
1218 728 1278 754 qua:
1305 727 1347 750 est
1374 723 1406 750 ad
1439 723 1519 752 ﬁnem
1557 726 1658 754 ducere

873 763 944 796 quod
962 771 1015 789 non
1034 768 1132 798 potest,
1148 765 1170 791 si
1184 766 1293 800 quidem
1313 776 1322 792 ι
1337 769 1527 803 cogitaverunt
1544 771 1656 799 consilia

873 812 933 842 qua:
950 816 1002 835 non
1026 815 1172 843 potuerunt
1199 812 1322 839 stabilire
1337 813 1368 840 “.
1390 823 1399 839 ι
1418 814 1482 841 Nam
1502 819 1528 842 et
1554 815 1580 843 in
1605 815 1656 844 Job

28 849 148 882 διάϐολός
166 861 248 887 φησι·
266 862 275 879 ι
290 854 443 891 Περιελοὼν
469 856 517 892 τὴν
535 858 584 893 γῆν
605 846 650 885 καὶ
663 846 800 896 ἐμπεριπσ

889 859 998 888 ereptor
1018 856 1141 884 diabolus
1157 858 1194 885 ait
1208 858 1230 874 ¹³
1245 867 1251 885 :
1281 867 1290 884 ι
1308 859 1426 888 Circuivi
1447 867 1559 894 terram,
1572 867 1600 890 ct
1615 863 1656 889 in-

28 897 112 931 τήσας
126 897 176 933 τὴν
192 898 236 924 ὑπ’
251 899 373 935 οὐρανὸν,
388 902 513 938 πάρειμι,
531 913 539 929 ι
560 905 647 932 καίτοι
664 906 746 942 μηδὲν
760 908 818 934 πεί-

28 951 77 974 σας
90 943 130 979 τῷ
150 943 208 970 Ἰὼΰ
225 944 324 972 ἄτοπον
342 948 520 982 πεπραχέναι.

66 990 120 1016 Τοῦ
139 991 243 1017 αὐτοῦ.
261 991 292 1018 Εἰ
313 992 337 1018 ei
360 993 560 1028 προκόπτοντες
577 995 631 1031 (84)
649 997 718 1024 κατὰ
737 997 817 1032 μείω-

29 1041 68 1060 σιν
87 1035 187 1066 κακίας
200 1035 401 1071 προκόπτουσι,
419 1037 517 1065 δίκαιοι
532 1038 656 1073 λέγονται
673 1041 697 1067 οξ
713 1042 816 1071 τελείαν

29 1071 81 1113 ἕξιν
90 1081 139 1115 τῆς
152 1080 323 1117 δικαιοσύνης
337 1084 511 1119 κτησάμενοι,
522 1086 567 1112 καὶ
579 1087 603 1112 οὶ
616 1087 816 1122 ἀνεμποδίστως

28 1125 233 1160 προκόπτοντες.
252 1135 260 1151 ι
273 1127 382 1160 Δίκαιος
401 1128 466 1165 γὰρ,
480 1131 572 1165 φησιν,
589 1132 682 1159 ἑαυτοῦ
699 1134 814 1168 κατήγο-

28 1178 71 1204 ρος
84 1171 112 1197 ἐν
123 1172 302 1209 πρωτολογίᾳ..
319 1183 329 1200 ι
343 1174 398 1200 Καὶ
413 1175 438 1201 εί
453 1175 566 1208 δίκαιος,
576 1177 635 1208 πῶς
645 1179 812 1215 κατήγορος

28 1216 79 1242 Καὶ
99 1218 122 1244 εἰ
135 1218 298 1254 κατήγορος,
317 1220 426 1252 πάντως
439 1221 470 1247 οὺ
488 1221 590 1253 δίκαιος
603 1223 712 1256 τέλειος.
732 1235 741 1251 ‹
759 1226 814 1253 Kal.

27 1261 137 1296 γνώριζε
147 1263 254 1299 δικαίῳ,
267 1265 314 1291 καὶ
326 1265 475 1302 προσθήσει
486 1267 532 1295 τοῦ
543 1267 678 1302 δέχεσθαι.
693 1279 701 1295 t
715 1270 812 1303 Καλῶς

25 1305 68 1335 οὖν
87 1309 194 1343 λέγεται
215 1311 229 1336 ὁ
249 1311 371 1343 διάϐολος
397 1312 505 1339 πάντων
530 1313 585 1339 τῶν
604 1314 708 1350 ἐχθρῶν
729 1317 811 1346 αὐτοῦ

27 1355 230 1390 κατακυριεύειν
242 1377 249 1389 ,
267 1357 298 1382 οὐ
312 1357 366 1382 τῶν
387 1357 496 1384 τελείων
511 1358 647 1393 δηλονότι,
669 1361 735 1388 ἀλλὰ
756 1362 811 1390 τῶν

26 1401 190 1428 σπευδόντων
207 1403 253 1428 ἐπὶ
270 1402 318 1438 τὴν
336 1403 502 1440 τελειότητα.
520 1405 550 1431 Εἰ
563 1405 616 1441 γὰρ
632 1407 668 1442 μὴ
684 1405 717 1443 ἦν
734 1409 811 1443 μῖσος

25 1446 88 1480 πρὸς
100 1447 143 1474 τὸν
154 1447 276 1474 Σατανᾶν
292 1449 339 1475 καὶ
351 1449 445 1481 ἀτελὲς
458 1451 504 1476 καὶ
519 1450 629 1483 τέλειον,
643 1453 693 1480 οὐκ
707 1453 738 1481 ἂν
754 1454 811 1481 ἕλε-

25 1498 68 1523 γεν
82 1492 95 1517 ὁ
106 1491 188 1518 Δαυῖδ
198 1501 204 1507 ·
222 1500 231 1517 ι
248 1492 355 1519 Τέλειον
370 1493 447 1527 μῖσος
460 1493 569 1528 ἐμίσουν
585 1495 698 1528 αὐτούς·
712 1497 751 1529 εἰς
764 1499 809 1533 ἐχ·
821 1520 843 1550 C

25 1535 99 1550 ίιηηέ.-
117 1536 239 1550 ι.,ι.,μ.....(
259 1546 300 1550 η...
333 1546 340 1550 .

25 1535 99 1570 Οροὺς
116 1536 241 1571 ἐγένοντό
259 1546 312 1572 μοι.
333 1546 341 1562 ι

58 1622 96 1651 Οὔ
108 1623 184 1657 ἀρᾶς
199 1623 231 1650 τὸ
243 1625 339 1658 στόμα
351 1624 444 1651 αὐτοῦ
458 1624 547 1660 γέμει,
562 1626 608 1652 καὶ
623 1627 741 1660 πικρίας
757 1628 806 1655 καὶ

23 1669 124 1702 ἕιίιου,
142 1679 171 1696 κ.
194 1678 219 1696 τ.
236 1670 258 1696 ὲ.
282 1669 334 1696 Τοῦ
356 1670 472 1706 πονηροῦ
495 1671 524 1698 τὸ
549 1672 634 1707 στόμα
656 1672 711 1708 (85)
730 1673 805 1700 οὐδὲν

25 1716 167 1751 προσφέρει
183 1715 340 1750 εὔχρηστον,
360 1716 416 1742 ἀλλ’
430 1716 481 1742 ὅσα
497 1717 577 1743 πόνον
594 1718 640 1744 καὶ
660 1718 743 1745 κόπον
756 1720 805 1754 ἐμ-

25 1764 88 1788 ποιεῖ
103 1764 156 1794 τοῖς
176 1763 340 1798 δεχομένοις.
356 1765 410 1790 Καὶ
434 1765 468 1791 τὰ
492 1764 546 1791 τῶν
561 1765 661 1800 ἑτέρων
682 1765 804 1800 στόματα

24 1807 96 1842 γέμει
108 1809 176 1843 api;
190 1808 245 1835 τῶν
260 1809 479 1843 κακολογούντων
491 1810 536 1837 τδν
550 1811 720 1846 Δημιουργὺν
729 1831 736 1843 ,
751 1811 804 1838 λοι-

23 1850 105 1886 δορίας
116 1852 167 1879 τῶν
179 1853 316 1888 λοιδόρων,
328 1854 438 1889 πικρίας
453 1854 506 1881 τῶν
518 1854 650 1890 θυμικῶν,
668 1854 714 1880 καὶ
729 1853 802 1880 δόλου

23 1897 70 1923 τῶν
86 1898 189 1926 δολίων.

56 1986 106 2013 Τοῦ
125 1987 227 2015 αὐτοῦ.
257 1988 286 2015 Ὀ
301 1989 351 2024 τῆς
374 1990 514 2026 ἁγιότητος
529 1989 653 2016 ἐκπεσὼν
669 1989 735 2025 (86),
751 1990 802 2024 τῆς

21 2031 140 2066 ἀληθείας
162 2033 209 2060 καὶ
226 2034 350 2068 εὐλογίας
371 2035 465 2071 πόῤῥω
482 2035 577 2062 ἑαυτὸν
591 2035 752 2069 ἀπαγαγὼν,
771 2035 801 2062 τὺ

22 2077 101 2112 στόμα
115 2080 329 2116 πεπληρωμένον
346 2081 415 2116 ἀρᾶς
429 2081 496 2116 ἔχει,
514 2081 547 2107 δι’
561 2078 598 2108 ὧν
612 2081 685 2116 λέγει
700 2081 800 2117 πειρώ-

23 2131 94 2156 μενος
115 2125 166 2151 ὑπὸ
189 2126 298 2153 κόλασιν
316 2128 362 2154 καὶ
376 2127 445 2163 ἀρὰν
463 2129 549 2154 ποιεῖν
574 2128 637 2160 τοὺς
651 2128 799 2163 ἀπατωμέ-

22 2174 84 2199 νους.
102 2171 177 2205 Ἔχει
194 2171 222 2197 δὲ
236 2172 318 2198 αὑτοῦ
337 2173 350 2199 ὁ
364 2172 441 2207 λόγος
462 2173 510 2199 σὺν
529 2173 567 2208 τῷ
586 2173 685 2209 δολερῷ
699 2173 798 2209 πολλὴν

20 2211 162 2250 δεινότητα·
183 2216 223 2243 διὸ
236 2218 283 2244 σὺν
300 2219 333 2254 τῇ
350 2218 404 2254 ἀρᾷ
420 2219 466 2245 καὶ
488 2219 601 2255 πικρίας
625 2219 671 2246 καὶ
690 2219 766 2245 δόλου
783 2220 798 2245 ό

19 2257 89 2292 λόγος
100 2261 180 2288 αὑτοῦ
196 2263 381 2299 πεπλήρωται.

57 2305 226 2342 Ἑγκάθηται
237 2308 342 2342 ἐνέδρα
355 2309 431 2344 μετὰ
449 2310 608 2337 πλουσίων
621 2310 656 2337 ἐν
670 2311 798 2345 ἀποκρύ-

20 2357 89 2383 φοις,
107 2360 133 2378 κ.
154 2361 179 2379 τ.
207 2354 230 2381 ἑ.
264 2355 307 2381 Ἐν
334 2355 382 2390 μὲν
405 2356 461 2387 τοῖς
484 2355 574 2391 ἔχουσι
600 2355 655 2391 (87)
682 2355 797 2383 πλοῦτον

20 2395 146 2429 ἀγνωσίας
162 2399 209 2425 καὶ
225 2399 329 2432 ἀδικίας
343 2402 357 2427 ὁ
376 2400 497 2432 διάϐολος
510 2400 687 2436 ὲγκαΘέζεται
697 2411 703 2417 ·
725 2402 753 2428 ἐν
767 2402 796 2428 δὲ

19 2441 67 2471 τοῖς
88 2443 264 2478 κεκτημένοις
279 2445 378 2479 γνῶσιν
396 2445 443 2472 καὶ
458 2446 557 2481 ἀρετὴν
573 2445 601 2472 αἱ
619 2445 695 2480 ἅγιαι
715 2446 795 2473 δυνά-

20 2493 73 2518 μεις
86 2487 311 2522 ὲπαναπαύονται,
321 2487 358 2517 ὧν
373 2491 495 2526 σύμϐολά
508 2491 565 2517 ἐστι
577 2490 612 2518 τὰ
625 2491 735 2518 πετεινὰ
748 2492 795 2518 τοῦ

19 2531 124 2566 οὖρανοῦ
145 2537 365 2572 κατασκηνοῦντα
384 2539 412 2564 ἐν
433 2540 489 2570 τοίς
513 2538 620 2570 κλάδοις
641 2539 793 2571 σινάπεως·

19 2575 31 2600 ὂ
44 2579 163 2614 σημαίνει
177 2581 225 2617 τὴν
238 2583 442 2619 ἐνυπάρχουσαν
456 2585 520 2619 ἡμῖν
537 2584 607 2611 κατὰ
618 2584 732 2620 δύναμιν
747 2585 795 2620 βα-

20 2622 111 2651 σιλείαν
127 2627 256 2662 οὐρανῶν.

51 2672 69 2687 ¹¹
86 2673 153 2701 Psal.
174 2683 218 2708 xx,
239 2676 281 2702 1'2.
320 2676 342 2692 “
354 2676 415 2705 Job.
431 2685 450 2710 ι,
466 2678 492 2705 ’1.
532 2678 554 2693 ν’
568 2677 648 2706 Prov.
666 2685 741 2709 xvnt,
760 2678 806 2706 17.

19 2719 148 2783 “£3551
157 2724 183 2750 οὶ
195 2724 426 2757 προκόπτοντες,
440 2730 492 2752 etc.
514 2725 619 2753 Eaedem
638 2725 745 2752 scltcdae
762 2729 789 2752 et

50 2789 100 2829 (35)
119 2791 172 2819 Τοῦ
185 2793 317 2827 πονηροῦ
330 2793 363 2820 τὸ
373 2794 536 2829 στόμωμα,
553 2794 659 2823 Ειιιᾱοιιι
671 2795 788 2829 schedae,

20 2821 154 2859 Barbarus,
168 2821 320 2862 partiti-tque
332 2821 469 2856 Eusebius.

164 2873 298 2904 ΡΑτιιοι..
312 2874 370 2904 Gn.
388 2874 458 2905 XII.

869 898 1011 927 ambulans
1027 905 1111 928 totam
1130 909 1191 936 qua:
1208 903 1258 930 sub
1272 904 1342 932 coelo
1360 906 1527 936 est,adsum.
1544 916 1553 932 ι
1573 907 1654 943 Atqui

869 943 973 971 cliicere
987 953 1040 973 non
1057 946 1145 979 potuit
1164 951 1191 973 ut
1204 946 1256 974 Job
1270 949 1418 983 quidquam
1433 956 1569 985 peccaret.

904 989 1040 1024 Ejusdem.
1065 990 1093 1018 Si
1113 992 1157 1026 qui
1182 993 1336 1026 proficiunt.
1371 1001 1419 1028 per
1450 997 1653 1024 decrementuut

869 1035 979 1061 malitia:
1004 1036 1159 1070 proficiunt,
1180 1038 1247 1072 justi
1273 1039 1403 1067 dicuntur
1431 1041 1476 1074 qui
1502 1042 1651 1076 perfectum

868 1080 989 1108 habitum
1003 1081 1114 1117 justiti-aa
1129 1083 1277 1116 possident,
1294 1089 1320 1112 et
1334 1086 1379 1120 qui
1402 1086 1506 1121 absque
1528 1087 1582 1115 ullo
1601 1088 1652 1115 im-

867 1126 1021 1160 pedimento
1038 1127 1192 1162 proﬁciunt.
1221 1138 1231 1154 ι
1251 1129 1343 1158 Justus
1365 1132 1446 1164 enim,
1472 1132 1559 1167 inquit
1574 1134 1606 1167 ³⁸,
1622 1134 1649 1161 in

866 1171 1000 1206 principio
1013 1173 1145 1200 sermonis
1164 1179 1306 1202 accusator
1317 1181 1359 1204 est
1373 1178 1424 1204 sui.
1442 1187 1451 1202 ι
1469 1178 1501 1204 Et
1515 1178 1648 1212 sijustus,

864 1219 999 1254 quomodo
1023 1220 1195 1247 accusator?
1224 1221 1252 1248 Si
1283 1227 1373 1249 autem
1413 1229 1566 1256 accusator,
1596 1233 1650 1252 nou

864 1264 944 1300 plane
963 1265 1100 1299 perfectus
1115 1269 1156 1292 est
1170 1266 1268 1301 justus.
1285 1277 1294 1292 ι
1313 1267 1383 1296 Doce
1397 1269 1511 1304 justum,
1528 1275 1553 1298 et
1570 1271 1647 1298 festi-

864 1310 939 1337 nabit
954 1311 1079 1345 accipere
1103 1311 1137 1338 ".
1158 1321 1167 1338 |
1195 1313 1278 1340 Recte
1303 1314 1386 1349 igitur
1401 1315 1525 1344 diabolus
1546 1318 1648 1345 dicitur

863 1356 983 1383 omnium
1001 1357 1174 1385 inimicorum
1198 1366 1310 1386 suorum
1333 1360 1478 1392 dominari.
1503 1370 1555 1389 non
1583 1371 1646 1398 per-

863 1401 995 1429 fectorum
1014 1403 1149 1436 videlicet,
1167 1404 1213 1431 scd
1226 1412 1319 1432 eorum
1334 1407 1380 1440 qui
1396 1407 1429 1434 ad
1449 1407 1645 1441 perfectionem

863 1449 985 1475 tendunt.
996 1448 1063 1476 Nam
1077 1450 1161 1477 sinon
1174 1455 1246 1477 esset
1257 1451 1387 1479 adversus
1403 1451 1532 1480 Satanam
1541 1455 1644 1489 odium,

861 1499 888 1521 et
902 1494 1089 1530 imperfectum
1104 1501 1132 1523 ct
1149 1496 1311 1531 perfectum,
1336 1505 1389 1525 non
1418 1499 1513 1534 utique
1534 1500 1646 1528 dixisset

861 1540 945 1567 David
961 1541 981 1556 ¹⁶
998 1550 1005 1568 :
1029 1550 1038 1566 ι
1054 1541 1178 1569 Perfecto
1194 1543 1256 1571 odio
1270 1543 1381 1571 oderam
1398 1543 1468 1578 illos,
1492 1550 1518 1572 et
1539 1546 1644 1574 inimici

860 1585 922 1612 facti
937 1591 999 1614 sunt
1017 1586 1093 1615 mihi.
1110 1596 1120 1613 ι

893 1631 974 1660 Vsus.
995 1633 1021 1659 7.
1041 1633 1124 1667 Cujus
1148 1634 1332 1662 maledictione
1353 1643 1380 1663 os
1408 1636 1513 1670 plenum
1536 1642 1585 1672 est,
1616 1644 1642 1666 et

858 1679 1035 1706 amaritudine
1048 1684 1072 1706 et
1091 1679 1162 1712 dolo,
1178 1685 1231 1708 etc.
1249 1681 1289 1709 Ex
1300 1689 1348 1710 ore
1360 1683 1481 1717 perversi
1495 1684 1561 1711 niltil
1577 1685 1641 1712 boni

856 1724 958 1758 prodit.
976 1724 1023 1752 sed
1037 1733 1205 1761 quaecunque
1223 1726 1344 1754 dolorem
1371 1733 1398 1754 et
1420 1727 1542 1756 laborem
1559 1729 1642 1766 589

855 1769 1070 1804 percipientibus
1096 1772 1214 1805 pariunt.
1248 1771 1370 1799 Aliorum
1397 1780 1515 1808 quoquc,
1545 1782 1639 1803 eorum

856 1821 952 1849 nempe
976 1815 1021 1850 qui
1045 1816 1079 1843 de
1104 1816 1236 1843 Creatorc
1253 1817 1325 1844 male
1349 1818 1507 1853 loquuntur,
1525 1821 1640 1848 maledi‘

855 1859 946 1886 ctione
961 1869 968 1893 ;
982 1867 1075 1886 eorum
1089 1861 1134 1895 qui
1151 1861 1351 1896 conviciantur,
1360 1864 1491 1890 conviciis
1505 1872 1512 1896 ;
1530 1864 1639 1893 iracun-

856 1903 950 1931 dorum
969 1905 1162 1937 amaritudine,
1180 1910 1206 1933 et
1229 1905 1382 1933 dolosorum
1403 1914 1434 1934 os
1455 1907 1516 1935 dolo
1529 1908 1638 1942 plenum

853 1954 907 1977 est.

890 1995 1028 2031 Ejusdem.
1049 1996 1101 2030 Qui
1122 1992 1136 2023 ἐι
1154 1997 1299 2025 sanctitate
1313 1998 1432 2032 excidit,
1448 2004 1475 2026 et
1491 2006 1505 2025 a
1523 1999 1638 2028 veritate

854 2050 885 2070 ac
898 2043 1085 2071 benedictione
1100 2044 1276 2079 semetipsum
1299 2044 1421 2078 abduxit,
1437 2045 1459 2072 is
1474 2052 1506 2072 os
1525 2046 1634 2080 plenum

852 2087 934 2115 habet
953 2087 1151 2121 maledictione,
1171 2096 1220 2123 per
1230 2096 1261 2116 ea
1276 2096 1335 2124 quae
1350 2090 1434 2123 dicit,
1451 2095 1558 2118 tentans
1570 2099 1634 2126 stzp-

850 2133 932 2168 plieio
956 2139 984 2161 et
1008 2134 1192 2162 maledictioni
1217 2136 1345 2171 deceptos
1370 2137 1514 2171 subjicere.
1549 2136 1636 2165 Habet

815 2191 836 2219 D
851 2185 940 2207 autem
963 2187 1053 2208 sermo
1073 2180 1131 2215 eius
1153 2189 1205 2209 una
1223 2189 1283 2209 cum
1299 2182 1404 2210 fallacia
1423 2190 1545 2217 magnam
1566 2184 1636 2211 acri-

852 2226 982 2259 moniam.
1003 2226 1115 2261 ideoque
1135 2235 1225 2255 sermo
1247 2227 1307 2262 ejus
1327 2228 1397 2255 ultra
1415 2228 1633 2256 maledictionem

850 2271 1033 2299 amaritudine
1050 2276 1078 2298 et
1088 2272 1150 2299 dolo
1161 2272 1257 2307 plenus
1271 2277 1323 2300 est.

886 2317 967 2345 Vsus.
985 2318 1011 2345 8.
1032 2317 1111 2345 Sedet
1125 2319 1151 2344 in
1164 2318 1268 2345 insidiis
1292 2326 1350 2345 cum
1364 2319 1486 2346 divitibus
1502 2319 1530 2345 in
1545 2319 1633 2346 occul-

848 2364 890 2397 tis,
907 2369 959 2392 etc.
981 2363 1008 2391 In
1023 2364 1063 2392 his
1082 2365 1127 2400 qui
1141 2372 1246 2392 summa
1271 2365 1423 2400 ignorantia
1444 2370 1472 2392 et
1500 2365 1631 2400 injustitia

849 2409 996 2442 abundant,
1014 2410 1113 2437 insidet
1125 2410 1247 2438 diabolus
1265 2419 1272 2438 :
1288 2411 1314 2438 in
1337 2412 1379 2438 his
1397 2419 1462 2438 vero
1482 2412 1527 2446 qui
1541 2412 1631 2439 scien-

848 2455 914 2482 tiam
929 2460 956 2482 et
970 2455 1095 2484 virtutem
1108 2456 1160 2484 sibi
1172 2461 1382 2491 compararunt,
1395 2461 1495 2484 sanctae
1511 2461 1630 2491 potesta-

848 2505 888 2529 tes
903 2502 1096 2536 requiescunt,
1125 2509 1240 2536 quorum
1275 2502 1395 2537 symbola
1416 2506 1479 2529 sunt
1505 2501 1630 2529 volucres

847 2546 907 2574 cazli
923 2547 948 2574 in
973 2548 1057 2575 ramis
1082 2548 1170 2583 sinapi
1190 2540 1358 2576 habitantes.
1380 2548 1438 2580 Quo
1457 2547 1629 2582 signiﬁcatur

849 2598 960 2627 regnum
977 2593 1120 2627 malorum,
1138 2594 1208 2628 quod
1224 2593 1324 2620 virtute
1340 2593 1366 2620 in
1383 2592 1460 2620 nobis
1472 2596 1522 2619 est.

844 2679 865 2695 ²⁸
880 2678 960 2706 Prov.
977 2688 1015 2712 ιιι,
1030 2680 1056 2708 9.
1097 2681 1119 2696 ’⁸
1135 2680 1207 2708 Psal.
1224 2687 1354 2712 cxxxvnt,
1368 2679 1413 2706 Ἡ.

879 2726 934 2762 (86)
959 2727 986 2754 '0
1002 2727 1056 2761 τῆς
1070 2728 1226 2763 ἁγιότητος
1238 2726 1386 2759 ἐκπεσών,
1400 2730 1452 2753 ele.
1469 2725 1626 2754 Corderius.

844 2807 862 2833 Β
879 2772 934 2834 (ἒξ)
956 2773 1004 2799 Ἔν
1015 2773 1073 2808 μὲν
1081 2773 1143 2806 τοῖς
1156 2774 1273 2808 ἔχουσι,
1287 2778 1339 2802 etc.
1355 2772 1467 2801 Schedae
1481 2772 1584 2805 Grabii,
1599 2773 1627 2800 et

865 2816 895 2834 ill‘
917 2816 988 2834 arus.

865 2816 988 2834 atruarus.

1429 2875 1468 2906 38
