1860 3052
41 123 101 149 ill)?

544 118 697 147 SEHTCTA
717 119 749 146 IN
767 117 936 146 PSALMOS.
957 134 991 140 —
1011 119 1108 147 PSAL.
1121 120 1155 148 Χ.

1585 121 1653 149 “98

36 168 98 196 ἀλλὰ
113 167 159 195 καὶ
180 169 204 194 οἱ
225 167 382 198 ἀδικοῦντες
405 167 552 194 παύσονται
567 167 613 193 τοῦ
632 167 723 198 κακῶς
739 166 812 201 δρᾷν,

890 172 958 198 gere,
974 170 1001 193 et
1020 166 1038 193 ii
1061 166 1158 202 quibus
1183 166 1287 202 injuria-
1309 166 1476 200 inferuntur.
1504 167 1573 195 male
1599 169 1652 204 pali

37 214 80 240 καὶ
93 214 114 240 oi
129 213 300 248 ἀδικούμενοι
313 213 359 240 τοῦ
374 213 498 248 πάσχειν.

328 302 472 331 ΨΑΛΜΟΣ
491 303 518 329 Ι’.

68 348 123 374 Ὅτι
137 347 201 374 ιδοὺ
216 348 244 374 οι
262 347 429 382 ἁμαρτωλοὶ
451 349 603 376 ἐνέτειναν
620 348 720 381 τόξον,
738 349 818 383 ἡτοί-

33 400 129 427 μασαν
145 391 225 426 ,βέλη
243 393 287 424 είς
302 392 461 427 φαρέτραν,
476 393 528 420 τοῦ
547 394 762 425 κατατοξεῦσαι
783 395 818 421 ἐν

32 437 200 472 σκοτομήνῃ
218 437 288 471 τοὺς
301 438 398 471 εὐθεῖς
413 438 450 472 τῇ
462 439 578 473 καρδίᾳ,
594 449 620 466 κ.
635 448 660 467 τ.
676 440 698 466 ἐ.
711 440 756 475 Μὴ
770 440 817 476 ἀρ-

35 483 166 518 κούμενοι,
188 484 265 520 φησὶ,
289 485 322 520 τῇ
341 485 398 520 (95)
415 485 519 511 ἑαυτῶν
535 485 659 522 ἀπωλείᾳ
679 487 704 513 ol
727 486 816 522 ἁμαρ-

34 529 118 561 τωλοὶ,
139 529 199 556 ἀλλ’
219 530 403 566 ἐπισπώμενοι
424 531 473 563 τὰς
493 531 630 567 ἁμαρτίας
651 532 689 564 ὡς
706 533 815 568 σχοινίῳ

36 575 138 611 μακρῷ,
161 576 217 607 τοῖς
239 575 286 602 τοῦ
303 575 370 602 Θεοῦ
391 576 554 612 πολεμοῦσιν
577 577 739 613 ἀνθρώποις,
766 579 815 605 καὶ

35 620 218 653 κατατοξεύειν
238 621 337 654 αὐτοὺς
353 622 501 658 πειρῶνται
519 624 576 655 τοῖς
591 624 640 659 τῆς
656 623 745 651 αὐτῶν
765 633 814 651 κα-

35 667 91 699 κίας
108 668 167 700 ἰοῖς,
185 667 231 694 καὶ
247 667 286 702 τῷ
303 667 458 703 βασκαίνειν
474 669 563 696 αὐτῶν
579 671 611 705 τῇ
626 670 746 707 τοσαύτῃ
765 670 812 697 τοῦ

34 714 191 749 ἡγεμονικοῦ
205 714 379 750 καθαρότητι,
392 714 422 741 τὸ
437 715 531 747 σκότος
547 715 742 751 προϐάλλονται
753 716 813 743 κατ’

33 760 127 792 αὐτῶν,
145 760 183 792 ὡς
202 761 229 787 αἰ
248 760 343 796 σηπίαι
365 760 396 787 τὸ
421 760 517 795 μέλαν.
539 760 594 788 Καὶ
609 761 695 788 ταῦτα
717 761 812 797 δρῶσι,

32 805 78 837 τὰς
88 806 203 840 φυσικὰς
217 806 343 834 καὶκατὰ
354 805 434 840 φύσιν
444 805 527 841 ὀρθὰς
538 806 697 839 καθελόντες
709 807 814 840 ἐννοίας
829 816 851 844 Β

32 851 60 883 ἐξ
73 851 185 883 ἑαυτῶν,
202 851 235 883 ἃς
248 851 280 888 δὴ
302 852 367 883 Θεὺς
379 851 570 887 κατηρτίσατο.

68 896 121 923 Τοῦ
144 897 249 923 αὑτοῦ.
277 896 359 930 Τόξον
392 896 465 923 ἐστὶν
485 897 638 932 ἀκάθαρτος
664 897 725 930 νοῦς
747 898 813 934 (94).

39 941 115 975 Ἐγὼ,
132 942 224 977 φησὶν,
241 942 287 968 ἐπὶ
301 942 340 976 τῷ
357 941 452 976 Κυρίῳ
473 942 599 969 πέποιθα.
622 943 653 969 Οἱ
668 943 816 979 πολεμοῦν-

33 995 74 1018 τες
100 987 267 1023 ἁμαρτωλοί.
289 987 337 1019 Τίς
360 987 393 1015 ἂν
417 985 463 1014 οὖν
487 988 563 1024 δείσῃ
587 989 633 1015 καὶ
661 989 733 1024 φύγῃ
749 989 816 1016 Θεὸν

32 1031 97 1066 ἔχων
120 1031 227 1067 βοηθὸν,
245 1032 292 1059 καὶ
309 1032 454 1068 πολεμίους
473 1032 663 1068 ἀμαρτωλούς;
684 1042 694 1059 ι
726 1033 814 1061 Ἤτοι-

34 1085 119 1111 μασαν
144 1077 207 1114 βέλη
223 1078 264 1110 εἰς
279 1077 425 1114 φαρέτραν.
457 1087 466 1104 ι
493 1078 573 1110 Βέλος
594 1078 667 1105 ἐστὶν
688 1079 816 1114 ἐμπαθὴς

32 1121 167 1158 λογισμὸς,
191 1124 313 1159 φαρέτρα
330 1123 358 1150 δὲ
379 1123 434 1156 ἕξις
455 1123 578 1159 χειρίστη
595 1123 732 1160 λογισμῶν
746 1126 815 1152 ἀκα-

33 1168 137 1204 θάρτων
162 1169 374 1205 πεπληρωμένη.
401 1168 494 1196 Ταῦτα
513 1169 560 1196 ἐπὶ
580 1168 714 1205 δαιμόνων
737 1171 816 1198 πολε-

33 1213 152 1247 μούντων
177 1213 359 1249 λαμϐάνονται
381 1213 494 1248 νοητῶς.
520 1214 650 1250 Νοηθεῖεν
673 1214 695 1241 δ’
712 1214 744 1242 ἂν
767 1215 815 1243 καὶ

33 1259 166 1296 αἰσθητῶς
187 1261 234 1287 ἐπὶ
249 1259 384 1295 αἰσθητῶν
398 1259 511 1296 ἐχθρῶν.
532 1269 542 1286 ι
560 1261 604 1287 Ἐν
617 1261 780 1298 σκοτομήνῃ.
802 1271 811 1287 ι

34 1303 187 1340 Σκοτομήνη
211 1305 283 1332 ἐστὶν
306 1304 400 1338 ἄγνοια
424 1304 512 1339 ψυχῆς
536 1303 657 1340 λογικῆς.
685 1305 729 1332 Ἐν
753 1305 815 1331 ἀσε-

35 1348 102 1384 λήνῳ
121 1350 200 1377 νυκτί
216 1358 297 1385 φησιν
319 1349 417 1381 αὐτοὺς
434 1349 593 1385 ἐνεδρεύειν,
615 1349 702 1385 δηλῶν
719 1349 749 1377 τὸ
764 1350 813 1377 λα-

33 1393 122 1430 θραῖον
137 1396 189 1430 τῆς
208 1395 362 1431 ἐπιϐουλῆς.
385 1394 482 1427 Εὐθεῖς
495 1395 523 1421 δὲ
543 1396 576 1431 τῇ
599 1395 698 1431 καρδίᾳ
718 1395 814 1422 ἑαυτὸν

31 1439 101 1475 λέγει
124 1441 174 1468 καὶ
191 1441 254 1472 τοὺς
270 1442 328 1477 μετ’
354 1440 448 1474 αὐτοῦ,
464 1441 494 1467 οὺ
513 1441 674 1476 κομπάζων,
691 1441 748 1469 ἀλλ’
763 1441 814 1477 ἑμ-

871 211 1045 239 desisterent.

1155 303 1314 334 PSALMUS
1335 305 1368 333 X.

906 349 988 377 Vens.
1013 351 1040 378 5.
1062 349 1193 383 Quoniam
1219 359 1277 378 ecce
1304 356 1454 386 peccatores
1484 352 1652 381 intenderunt

868 402 971 427 arcum,
995 400 1155 429 paraverunt
1185 397 1297 431 sagittas
1323 404 1385 423 sua:
1412 396 1439 423 in
1464 397 1601 431 pharetra,
1624 403 1653 425 ut

866 440 992 474 sagiltent
1006 440 1034 467 in
1048 440 1158 468 obscuro
1172 446 1254 468 rectos
1266 441 1353 475 corde,
1369 446 1423 470 etc.
1443 442 1501 470 Non
1517 443 1650 474 contenti,

867 484 967 519 inquit,
984 490 1144 519 peccatores
1166 487 1270 521 scipsos
1291 494 1351 514 esse
1371 487 1509 522 perditos.
1527 488 1574 515 sed
1591 496 1653 523 pec-

868 534 927 557 cata
954 531 1030 565 quasi
1055 530 1117 558 l'tine
1146 532 1224 566 longo
1250 532 1428 566 attrahentes,
1455 533 1501 560 Dei
1530 533 1654 562 homines

868 574 1016 609 infestant,
1046 583 1147 611 eosque
1173 578 1313 605 venenatis
1340 577 1450 606 malitia:
1474 586 1529 605 sum
1555 578 1654 613 jaculis

867 619 1009 653 perfodere
1031 620 1166 654 nituntur,
1182 626 1208 648 et
1225 629 1318 648 eorum
1336 622 1443 650 eximiae
1456 623 1566 657 puritati
1585 623 1653 650 invi-

867 665 971 698 dentes,
985 667 1109 694 tenebras
1122 666 1187 702 ipsis
1200 666 1354 700 olluudunt,
1370 675 1423 695 non
1437 675 1516 696 secus
1527 676 1559 696 ac
1571 669 1653 704 sepiae

867 715 1059 739 atramentum.
1100 712 1190 746 Atque
1221 713 1273 740 hoc
1300 713 1422 746 faciunt,
1460 714 1598 742 naturales
1625 718 1654 742 et

867 757 1016 784 secundum
1040 761 1163 785 naturam
1188 763 1286 791 rectas,
1309 767 1376 794 quas
1398 759 1469 788 Deus
1488 760 1652 794 inseruerat,

867 801 1045 837 cogitationes
1058 811 1090 831 ex
1107 804 1202 839 seipsis
1221 804 1362 833 abolendo.

903 890 1038 925 Ejusdem.
1060 892 1147 920 Arcus
1175 898 1348 928 peccatorqu
1370 898 1411 921 est
1431 894 1535 929 impura
1563 902 1649 923 mens.

866 935 933 972 Ego,
966 937 1065 972 inquit,
1098 938 1124 965 in
1152 939 1266 966 Domino
1291 939 1408 967 conﬁdo.
1437 939 1487 973 Qui
1518 946 1649 975 pugnant.

865 987 1021 1017 peccatores
1038 988 1111 1011 sunt.
1129 983 1194 1018 Quis
1212 989 1302 1012 autem
1320 984 1426 1013 timebit
1440 991 1466 1013 et
1484 985 1587 1021 fugiet,
1603 986 1650 1021 qui

865 1026 1042 1061 opitulantem
1058 1027 1153 1060 Deum,
1169 1033 1195 1056 et
1206 1033 1358 1063 pugnantes
1369 1030 1467 1057 habeat
1481 1031 1651 1065 peccatores?

868 1082 877 1098 ι
900 1072 1069 1101 Paraverunt
1097 1075 1209 1109 sagittas
1233 1075 1258 1102 in
1281 1075 1419 1110 pharetra.
1435 1086 1445 1102 ι
1479 1077 1580 1111 Sagitta
1608 1083 1651 1105 est

866 1117 948 1145 animi
980 1117 1120 1146 allectibus
1152 1120 1308 1155 perturbata
1337 1121 1483 1155 cogitatio;
1522 1122 1650 1157 pharetra

866 1163 953 1192 malus
977 1164 1086 1192 habitus
1102 1170 1144 1193 est
1165 1166 1278 1201 impuris
1303 1167 1512 1202 cogitationibus
1542 1168 1648 1203 plenus.

865 1209 929 1238 Haec
943 1210 1121 1246 spiritualiter
1142 1211 1177 1239 de
1195 1212 1360 1240 dtcmonibus
1377 1213 1559 1248 pugnantibus
1570 1213 1650 1241 intel-

866 1258 995 1292 liguntur.
1011 1257 1110 1287 Verum
1133 1260 1155 1287 si
1175 1260 1208 1287 ad
1223 1268 1331 1287 sensum
1352 1261 1514 1294 referantur,
1534 1260 1650 1289 sensiles

865 1303 956 1332 bastes
971 1305 1094 1333 innuent.
1113 1315 1122 1333 ι
1139 1305 1167 1333 1η
1181 1306 1307 1334 obscuro.
1322 1317 1331 1333 ι
1345 1306 1423 1342 591
1435 1305 1591 1334 Obscuritas
1607 1311 1649 1333 est

866 1350 1020 1384 ignorantia
1038 1351 1176 1380 rationalis
1186 1352 1294 1380 animm.
1317 1352 1346 1379 In
1367 1353 1440 1380 illum
1458 1357 1538 1380 nocte
1553 1353 1590 1380 ait
1602 1359 1649 1380 eos

864 1395 1001 1430 insidiari,
1019 1397 1176 1433 significans
1187 1398 1302 1426 latentes
1315 1398 1438 1426 insidias.
1454 1398 1551 1427 Rectos
1566 1399 1650 1427 corde

865 1442 940 1474 dicit,
954 1447 980 1470 et
993 1450 1032 1475 se,
1052 1447 1079 1471 et
1093 1451 1142 1472 eos
1159 1444 1205 1479 qui
1219 1451 1310 1473 secum
1327 1448 1416 1478 erant,
1431 1451 1517 1479 neque
1533 1445 1557 1471 id
1573 1451 1650 1472 arro-

30 1486 128 1519 φαίνων
145 1487 195 1523 τὴν
218 1487 314 1513 ἑαυτοῦ
330 1487 445 1518 ἔννοιαν,
469 1486 515 1514 καὶ
538 1486 621 1522 μηδὲν
646 1487 812 1524 ἐργάσασθαι

890 1493 963 1516 mter
976 1489 1058 1522 dicit,
1073 1489 1121 1517 sed
1136 1494 1166 1517 ut
1180 1495 1298 1518 mentem
1315 1497 1393 1518 suam
1411 1491 1553 1522 ostendat.
1578 1491 1649 1526 quod

30 1532 67 1562 εἰς
78 1531 180 1566 βλάϐην
195 1531 241 1557 τοῦ
258 1531 352 1558 Σαούλ.

64 1578 171 1611 Κύριος
182 1577 217 1604 ὲν
232 1577 295 1610 ναῷ
313 1577 386 1612 ἁγίῳ
403 1577 507 1604 αὑτοῦ·
521 1577 638 1611 Κύριος,
651 1576 685 1603 ὲν
697 1577 814 1611 οὐρανῷ

30 1623 46 1649 ὁ
61 1623 166 1657 θρόνος
185 1622 288 1649 αὑτοῦ.
307 1624 340 1649 οι
360 1622 507 1657 ὀφθαλμοὶ
529 1622 622 1650 αὐτοῦ
636 1623 679 1654 εις
696 1621 750 1648 τὸν
763 1621 814 1649 πέ-

29 1675 102 1701 νητα
122 1667 348 1700 ἀποϐλέπουσι,
367 1668 403 1695 τὰ
419 1667 559 1702 ,ϐλέφαρα
576 1667 668 1694 αὐτοῦ
687 1667 814 1699 ἐξετάζει

30 1713 96 1747 τοὺς
108 1713 194 1746 υἱοὺς
208 1713 266 1740 τῶν
276 1712 449 1748 ἀνθρώπων,
466 1722 493 1740 κ.
507 1722 532 1740 τ.
548 1714 571 1740 ὲ.
590 1714 667 1740 οἰκεῖ
678 1712 743 1743 Θεὸς
757 1712 813 1748 (95)

29 1760 56 1786 ιν
70 1759 135 1796 ἁγίᾳ
148 1761 196 1787 καί
206 1759 324 1796 οὐρανίῳ
340 1760 442 1795 νοήσει,
455 1758 589 1795 οὐρανίως
604 1758 752 1793 βασιλεύων
766 1758 813 1785 καὶ

30 1804 133 1838 θεῖκῶς,
159 1806 192 1832 Δί
211 1805 239 1832 δὲ
258 1805 406 1831 ἐποπτικαὶ
421 1804 504 1831 αὐτοῦ
521 1804 648 1840 δυνάμεις
666 1803 813 1840 φρουροῦσι

29 1850 72 1877 τὸν
94 1851 210 1886 πένητα.
240 1851 284 1882 Ὠς
307 1850 409 1884 ἀγαθὸς
425 1850 453 1877 δὲ
478 1850 622 1886 βλεφάροις
642 1849 762 1883 ἐξετάζει
778 1849 813 1876 τὰ

31 1895 87 1922 καθ’
104 1897 190 1932 ἡμᾶς,
209 1896 267 1924 ἀλλ’
283 1896 334 1923 οὐκ
353 1896 511 1932 ὀφθαλμοῖς,
528 1896 566 1928 ὡς
586 1895 619 1922 ἂν
636 1896 673 1932 μὴ
690 1905 813 1932 παρατη-

30 1939 160 1976 ρούμενος
177 1941 267 1968 αὐτῶν
284 1941 371 1969 πάντα
393 1941 427 1968 τὰ
444 1941 645 1976 ἁμαρτήματα·
667 1940 746 1968 τοῦτο
759 1942 813 1978 γὰρ

28 1986 180 2022 ἀνθρώποις
200 1987 344 2023 ἀφόρητον.
376 1986 538 2022 Ὀφθαλμοῖς
551 1986 579 2013 δὲ
596 1986 688 2021 βλέπει
703 1987 749 2013 τὸν
766 1987 814 2013 πέ-

27 2040 104 2067 νητα,
122 2032 221 2068 δαψιλῆ
243 2033 292 2068 τὴν
310 2031 468 2069 εὐεργεσίαν
488 2031 658 2067 ποιούμενος,
676 2031 726 2058 κᾶν
746 2029 786 2063 εἷς
799 2032 813 2058 ὁ

28 2077 111 2113 πένης
126 2078 252 2114 ὑπάρχῃ·
271 2077 325 2105 τῶν
340 2078 368 2105 δὲ
384 2077 488 2105 πολλῶν
501 2077 549 2109 τὰς
562 2077 685 2110 κολάσεις
701 2078 812 2105 συστέλ-

25 2121 87 2154 λων,
104 2123 134 2149 αἳ
150 2124 196 2150 καὶ
211 2123 278 2150 πολὺ
292 2124 322 2150 τὺ
336 2124 526 2159 κεκρυμμένον
540 2123 655 2158 ἔχουσιν.
678 2124 722 2150 Ἐν
736 2123 764 2150 δὲ
776 2124 810 2159 τῇ

26 2167 91 2194 Θεοῦ
119 2169 240 2202 ἐξετάσει
271 2170 411 2206 παρρησία
440 2169 495 2196 τῶν
523 2169 635 2204 ἀγαθῶν
663 2169 811 2205 γινομένων

26 2214 119 2251 πολλή.
141 2225 150 2241 ι
176 2216 221 2251 Τῷ
249 2215 349 2252 βήματι
378 2226 388 2241 ι
413 2216 468 2252 γὰρ
484 2225 493 2242 ι
518 2215 600 2243 αὑτοῦ
623 2215 812 2251 φανερωθῆναι

26 2261 129 2293 πάντας
144 2262 195 2294 δεῖ,
213 2261 256 2288 ἵνα
275 2261 421 2297 κομίσηται
443 2262 557 2293 ἕκαστος
578 2261 612 2288 τὰ
627 2261 679 2288 ἴδια
694 2260 740 2287 τοῦ
757 2260 810 2287 σώ-

27 2314 120 2340 ματος,
132 2308 152 2335 ἃ
168 2308 296 2344 ἔπραξεν,
309 2308 363 2335 εἴτε
376 2308 477 2342 ἀγαθὸν
488 2307 543 2334 εἴτε
555 2307 648 2334 κακόν.
671 2316 681 2333 ι

66 2354 121 2381 Τοῦ
141 2354 245 2381 αὐτοῦ.
263 2353 408 2389 Γενώμεθα
428 2354 543 2390 πένητες
558 2352 624 2388 (96),
643 2352 687 2379 ἵνα
705 2351 809 2387 βλέπω-

25 2410 66 2428 σιν
81 2403 157 2438 ήμᾶς
175 2402 198 2428 οἱ
216 2401 263 2428 τοῦ
279 2401 382 2436 Κυρίου
396 2399 540 2436 ὀφθαλμοί.
562 2400 594 2426 Et
608 2399 636 2426 δὲ
650 2399 673 2425 οἱ
691 2397 812 2425 πλούσιοι

20 2448 71 2474 οὐκ
92 2448 148 2474 εἰσὶ
170 2447 297 2482 πένητες,
313 2447 363 2473 οὐκ
382 2446 524 2473 ὲπιῦλέπει
549 2445 613 2477 τοὺς
635 2443 778 2475 πλουσίους
798 2443 812 2470 ὁ

23 2494 135 2529 Κύριος.
154 2492 217 2524 Τοῖς
231 2492 377 2528 ὀφθαλμοῖς
392 2492 484 2527 βλέπει
507 2491 554 2517 τὸν
579 2490 691 2526 πένητα,
715 2489 811 2524 δαψιλῆ

22 2540 71 2575 τὴν
83 2539 243 2575 εὐεργεσίαν
259 2538 429 2574 ποιούμενος,
447 2537 497 2565 κᾶν
512 2536 550 2570 εἷς
562 2538 576 2564 ὁ
588 2536 735 2571 πενόμενος
747 2543 812 2569 τυγ-

23 2585 110 2619 χάνει.

61 2656 81 2672 "
101 2655 121 2682 ll
142 2654 206 2682 Cor.
227 2662 252 2687 ν,
272 2654 314 2681 l0.

57 2723 114 2757 (95)
131 2721 180 2756 Μὴ
195 2722 382 2756 ἀρκούμενοι,
407 2721 492 2755 φησὶ,
514 2719 561 2754 τῇ,
577 2725 629 2747 etc.
650 2719 809 2749 Corderius,

24 2764 49 2784 ct
65 2757 215 2784 Barbarus.

57 2793 115 2826 (94)
137 2790 228 2826 Τόξρν
243 2790 328 2817 ἐστὶν
339 2790 503 2825 ἀκάθαρτος
526 2788 609 2823 νοῦς,
629 2793 683 2816 etc.
699 2786 812 2815 Schedzc

23 2825 128 2860 Crabii,
146 2832 174 2854 et
193 2825 338 2853 Barbarus.

866 1535 934 1562 nihil
950 1543 1067 1570 unquam
1084 1536 1110 1563 in
1124 1536 1252 1564 damnum
1266 1536 1330 1565 Saul
1345 1538 1491 1572 paraverit.

901 1581 983 1609 Vens.
995 1581 1023 1609 5.
1042 1581 1171 1609 Dominus
1189 1583 1214 1609 in
1230 1581 1324 1617 templa
1336 1587 1427 1610 sancto
1437 1590 1498 1614 mo;
1511 1581 1648 1614 Dominus,

864 1626 892 1653 in
911 1626 974 1654 calo
1004 1627 1078 1655 sede;
1105 1628 1174 1663 ejus.
1191 1627 1268 1655 Oculi
1289 1628 1347 1661 ejus
1365 1628 1390 1654 in
1405 1635 1545 1662 pauperem
1566 1627 1648 1659 respi-

864 1673 948 1706 ciunl,
975 1673 1104 1708 palpebra:
1129 1674 1186 1707 eius
1211 1673 1373 1709 interrogant
1402 1673 1472 1707 ﬁlios
1504 1673 1647 1706 hominum,

863 1724 917 1747 etc.
938 1718 1048 1748 Habitat
1064 1720 1136 1747 Deus
1153 1719 1179 1747 in
1195 1724 1288 1747 sancta
1309 1723 1336 1747 et
1350 1718 1453 1746 caelesti
1470 1719 1647 1754 cogitatione.

863 1763 968 1791 caelesti
989 1771 1022 1792 ac
1037 1764 1128 1792 divino
1145 1764 1225 1792 modo
1243 1771 1371 1800 regnans.
1393 1763 1569 1798 lnspectriccs
1589 1764 1649 1799 ejus

864 1810 936 1837 vires
952 1809 1099 1837 defendunt
1116 1816 1272 1844 pauperem.
1293 1809 1327 1836 At
1349 1816 1414 1836 vero
1433 1813 1462 1836 ut
1477 1809 1574 1842 bonus,
1590 1809 1648 1844 pal-

863 1854 965 1889 pebris,
991 1862 1044 1882 non
1073 1849 1159 1882 oculis
1182 1855 1322 1882 examinat
1342 1861 1385 1881 res
1400 1858 1527 1885 nostras,
1550 1854 1648 1888 quippe

863 1900 909 1934 qui
934 1907 987 1927 non
1011 1899 1100 1926 omnia
1115 1906 1208 1926 earum
1225 1898 1320 1926 delicta
1342 1898 1469 1925 observet
1483 1905 1489 1923 :
1506 1897 1556 1924 hoc
1575 1898 1647 1924 enim

863 1945 1016 1973 hominibus
1053 1944 1222 1972 intolerabile
1256 1943 1337 1971 foret.
1377 1942 1469 1970 Oculis
1503 1949 1647 1977 pauperem

864 1991 986 2026 respicit,
1003 1991 1112 2019 uberem
1125 1990 1333 2018 beneﬁcentiam
1346 1990 1488 2021 exhibens.
1504 1992 1649 2024 quantum-

863 2038 904 2066 vis
928 2037 1024 2065 unicus
1051 2038 1074 2064 is
1099 2044 1201 2072 pauper
1228 2035 1328 2068 fuerit;
1354 2035 1530 2069 plurimorum
1557 2039 1647 2061 autem

863 2083 994 2118 supplicia
1014 2082 1155 2115 cohibens,
1173 2089 1233 2117 quas
1249 2081 1329 2109 etiam
1349 2079 1428 2107 valde
1444 2079 1550 2107 occulta
1573 2084 1645 2106 sunt.

863 2129 996 2157 Caeterum
1011 2128 1038 2155 in
1058 2127 1150 2156 divino
1172 2127 1295 2155 examine
1314 2133 1411 2160 magna
1438 2125 1490 2152 erit
1514 2124 1646 2152 bonorum

864 2175 1005 2203 securitas.
1023 2183 1033 2200 ι
1048 2173 1162 2202 Omnes»
1177 2173 1249 2201 enim
1268 2170 1448 2199 «manifestari
1467 2174 1573 2206 oportet
1584 2174 1647 2196 ante

864 2221 981 2250 tribunal
1003 2220 1071 2255 ejus,
1096 2225 1125 2248 ut
1141 2220 1239 2248 referat
1254 2220 1439 2255 unusquisque
1463 2217 1569 2253 propria
1585 2224 1646 2244 cor-

863 2269 946 2303 poris,
961 2271 1040 2302 prout
1055 2267 1147 2302 gessit,
1162 2267 1219 2294 sive
1233 2266 1344 2299 bonum,
1363 2264 1420 2292 sive
1436 2263 1534 2290 malum
1550 2262 1582 2289 ⁸⁵.
1599 2271 1608 2288 ι

898 2356 1034 2391 Eiusdem.
1063 2355 1172 2382 Fiamus
1185 2360 1316 2389 pauperes
1336 2358 1367 2380 ut
1388 2360 1437 2380 nos
1451 2351 1521 2380 oculi
1540 2351 1646 2379 Domini

864 2401 1022 2436 respiciant.
1038 2399 1066 2427 Si
1078 2398 1176 2426 divites
1191 2405 1244 2424 non
1258 2400 1322 2424 sunt
1335 2403 1479 2432 pauperes,
1491 2402 1543 2422 non
1561 2394 1647 2428 respi-

863 2447 901 2475 cit
915 2446 1013 2475 divites
1027 2445 1166 2473 Dominus.
1182 2443 1274 2471 Oculis
1288 2448 1434 2476 pauperem
1457 2440 1566 2474 respicit
1579 2440 1647 2466 ube-

863 2501 921 2520 rem
946 2491 1150 2519 benelicentiam
1170 2488 1317 2521 exhibens,
1346 2486 1470 2523 quamvis
1493 2485 1588 2513 unicus
1611 2484 1647 2511 sit

864 2545 975 2573 pauper.

898 2714 954 2747 (95)
968 2712 1049 2740 Οὶκεῖ
1065 2711 1147 2744 Θεός,
1163 2714 1215 2737 etc.
1235 2707 1326 2736 Codex
1339 2704 1530 2737 Coisliuianus,
1546 2703 1648 2732 Corde-

864 2751 932 2779 rius.
950 2748 1095 2775 Barbarus.
1193 2778 1196 2779 ν
1405 2774 1448 2779 ,,
1487 2774 1493 2779 .
1544 2772 1561 2779 ρ

867 2772 1140 2845 ""ihlbf’iismpsoa
1160 2778 1297 2813 πένητες,
1326 2781 1378 2805 etc.
1405 2774 1518 2803 Scholia:
1542 2772 1648 2806 Gt'abii,

867 2820 919 2847 Bar
940 2825 1012 2844 arus.
