  <div class='ocr_page' id='page_1' title='image "/cluster/home/n/w/nwhite01/storage/ocr_20150623/12/njp.32101077772422/645.png"; bbox 0 0 1885 3053; ppageno 0'>
   <div class='ocr_carea' id='block_1_1' title="bbox 220 97 287 125">
    <p class='ocr_par' dir='ltr' id='par_1_1' title="bbox 220 97 287 125">
     <span class='ocr_line' id='line_1_1' title="bbox 220 97 287 125; baseline -0.015 0"><span class='ocrx_word' id='word_1_1' title='bbox 220 97 287 125; x_wconf 80' lang='grc'><strong>1199</strong></span> 
     </span>
    </p>
   </div>
   <div class='ocr_carea' id='block_1_2' title="bbox 927 95 1140 123">
    <p class='ocr_par' dir='ltr' id='par_1_2' title="bbox 927 95 1140 123">
     <span class='ocr_line' id='line_1_2' title="bbox 927 95 1140 123; baseline 0 -1"><span class='ocrx_word' id='word_1_2' title='bbox 927 95 971 122; x_wconf 73' lang='lat' dir='ltr'><strong>EX</strong></span> <span class='ocrx_word' id='word_1_3' title='bbox 989 95 1140 123; x_wconf 68' lang='lat' dir='ltr'><strong>OlllGENE</strong></span> 
     </span>
    </p>
   </div>
   <div class='ocr_carea' id='block_1_3' title="bbox 1783 101 1844 131">
    <p class='ocr_par' dir='ltr' id='par_1_3' title="bbox 1783 101 1844 131">
     <span class='ocr_line' id='line_1_3' title="bbox 1783 101 1844 131; baseline 0.049 -3"><span class='ocrx_word' id='word_1_4' title='bbox 1783 101 1844 131; x_wconf 75' lang='lat' dir='ltr'><strong>I200</strong></span> 
     </span>
    </p>
   </div>
   <div class='ocr_carea' id='block_1_4' title="bbox 256 153 988 194">
    <p class='ocr_par' dir='ltr' id='par_1_4' title="bbox 256 153 987 188">
     <span class='ocr_line' id='line_1_4' title="bbox 256 153 987 188; baseline -0.003 -7"><span class='ocrx_word' id='word_1_5' title='bbox 256 155 335 183; x_wconf 70' lang='lat' dir='ltr'><strong>Vnus.</strong></span> <span class='ocrx_word' id='word_1_6' title='bbox 357 155 382 182; x_wconf 85' lang='lat'><strong>6.</strong></span> <span class='ocrx_word' id='word_1_7' title='bbox 406 154 534 182; x_wconf 77' lang='lat' dir='ltr'><strong>Dominus</strong></span> <span class='ocrx_word' id='word_1_8' title='bbox 554 155 698 188; x_wconf 76' lang='lat' dir='ltr'><strong>interrogat</strong></span> <span class='ocrx_word' id='word_1_9' title='bbox 714 153 817 188; x_wconf 75' lang='lat' dir='ltr'><strong>justum</strong></span> <span class='ocrx_word' id='word_1_10' title='bbox 839 156 862 179; x_wconf 82' lang='lat' dir='ltr'><strong>ct</strong></span> <span class='ocrx_word' id='word_1_11' title='bbox 880 153 987 187; x_wconf 82' lang='lat' dir='ltr'><strong>impium</strong></span> 
     </span>
    </p>
   </div>
   <div class='ocr_carea' id='block_1_5' title="bbox 1089 153 1843 194">
    <p class='ocr_par' dir='ltr' id='par_1_5' title="bbox 1094 154 1843 194">
     <span class='ocr_line' id='line_1_5' title="bbox 1094 154 1843 194; baseline 0.009 -14"><span class='ocrx_word' id='word_1_12' title='bbox 1094 155 1200 187; x_wconf 73' lang='grc' dir='ltr'>Κύριος</span> <span class='ocrx_word' id='word_1_13' title='bbox 1213 154 1342 186; x_wconf 73' lang='grc' dir='ltr'><strong>ἐξετάζει</strong></span> <span class='ocrx_word' id='word_1_14' title='bbox 1363 155 1417 182; x_wconf 75' lang='grc' dir='ltr'><strong>τὸν</strong></span> <span class='ocrx_word' id='word_1_15' title='bbox 1432 155 1549 183; x_wconf 76' lang='grc' dir='ltr'>δίκαιον</span> <span class='ocrx_word' id='word_1_16' title='bbox 1568 157 1617 184; x_wconf 81' lang='grc' dir='ltr'>καὶ</span> <span class='ocrx_word' id='word_1_17' title='bbox 1635 158 1688 184; x_wconf 68' lang='grc' dir='ltr'>τὼ·</span> <span class='ocrx_word' id='word_1_18' title='bbox 1703 159 1799 194; x_wconf 73' lang='grc' dir='ltr'>ἀσεεῆ</span> <span class='ocrx_word' id='word_1_19' title='bbox 1810 169 1816 176; x_wconf 84' lang='grc'><em>’</em></span> <span class='ocrx_word' id='word_1_20' title='bbox 1831 164 1843 187; x_wconf 61' lang='grc' dir='ltr'><em>ἡ</em></span> 
     </span>
    </p>
   </div>
   <div class='ocr_carea' id='block_1_6' title="bbox 217 200 1006 238">
    <p class='ocr_par' dir='ltr' id='par_1_6' title="bbox 217 200 1006 238">
     <span class='ocr_line' id='line_1_6' title="bbox 217 200 1006 238; baseline -0.006 -8"><span class='ocrx_word' id='word_1_21' title='bbox 217 204 264 238; x_wconf 86' lang='lat' dir='ltr'><strong>qui</strong></span> <span class='ocrx_word' id='word_1_22' title='bbox 285 208 373 230; x_wconf 80' lang='lat' dir='ltr'><strong>autem</strong></span> <span class='ocrx_word' id='word_1_23' title='bbox 393 203 479 237; x_wconf 82' lang='lat' dir='ltr'><strong><em>diligit</em></strong></span> <span class='ocrx_word' id='word_1_24' title='bbox 503 201 669 236; x_wconf 74' lang='lat' dir='ltr'><strong>iniquitatem</strong></span> <span class='ocrx_word' id='word_1_25' title='bbox 690 201 745 227; x_wconf 83' lang='lat' dir='ltr'><strong>odit</strong></span> <span class='ocrx_word' id='word_1_26' title='bbox 767 200 886 226; x_wconf 78' lang='lat' dir='ltr'><strong>animum</strong></span> <span class='ocrx_word' id='word_1_27' title='bbox 917 207 1006 229; x_wconf 68' lang='lat' dir='ltr'><strong>suam.</strong></span> 
     </span>
    </p>
   </div>
   <div class='ocr_carea' id='block_1_7' title="bbox 218 245 1005 281">
    <p class='ocr_par' dir='ltr' id='par_1_7' title="bbox 218 245 1005 281">
     <span class='ocr_line' id='line_1_7' title="bbox 218 245 1005 281; baseline -0.005 -6"><span class='ocrx_word' id='word_1_28' title='bbox 218 252 272 276; x_wconf 91' lang='lat' dir='ltr'><strong>ctc.</strong></span> <span class='ocrx_word' id='word_1_29' title='bbox 291 247 464 281; x_wconf 83' lang='lat' dir='ltr'><strong>Quapropter</strong></span> <span class='ocrx_word' id='word_1_30' title='bbox 482 246 570 275; x_wconf 86' lang='lat' dir='ltr'><strong>omnis</strong></span> <span class='ocrx_word' id='word_1_31' title='bbox 587 246 632 280; x_wconf 90' lang='lat' dir='ltr'><strong><em>qui</em></strong></span> <span class='ocrx_word' id='word_1_32' title='bbox 654 249 752 281; x_wconf 86' lang='lat' dir='ltr'><strong>peccat</strong></span> <span class='ocrx_word' id='word_1_33' title='bbox 767 252 820 271; x_wconf 92' lang='lat' dir='ltr'><strong>non</strong></span> <span class='ocrx_word' id='word_1_34' title='bbox 836 251 916 271; x_wconf 90' lang='lat' dir='ltr'><strong>secus</strong></span> <span class='ocrx_word' id='word_1_35' title='bbox 932 251 964 271; x_wconf 84' lang='lat' dir='ltr'><strong>ac</strong></span> <span class='ocrx_word' id='word_1_36' title='bbox 983 245 1005 271; x_wconf 91' lang='lat' dir='ltr'><strong><em>si</em></strong></span> 
     </span>
    </p>
   </div>
   <div class='ocr_carea' id='block_1_8' title="bbox 217 291 1006 327">
    <p class='ocr_par' dir='ltr' id='par_1_8' title="bbox 217 291 1006 327">
     <span class='ocr_line' id='line_1_8' title="bbox 217 291 1006 327; baseline -0.005 -5"><span class='ocrx_word' id='word_1_37' title='bbox 217 295 316 326; x_wconf 87' lang='lat' dir='ltr'><strong>oderit,</strong></span> <span class='ocrx_word' id='word_1_38' title='bbox 343 293 488 320; x_wconf 78' lang='lat' dir='ltr'><strong>insidiatur</strong></span> <span class='ocrx_word' id='word_1_39' title='bbox 507 291 624 327; x_wconf 72' lang='lat' dir='ltr'><strong>propria:</strong></span> <span class='ocrx_word' id='word_1_40' title='bbox 645 292 743 318; x_wconf 71' lang='lat' dir='ltr'><strong>animo:</strong></span> <span class='ocrx_word' id='word_1_41' title='bbox 757 303 762 318; x_wconf 85' lang='lat'><strong>;</strong></span> <span class='ocrx_word' id='word_1_42' title='bbox 778 291 1006 325; x_wconf 82' lang='lat' dir='ltr'><strong>quemadmodum</strong></span> 
     </span>
    </p>
   </div>
   <div class='ocr_carea' id='block_1_9' title="bbox 217 337 1008 374">
    <p class='ocr_par' dir='ltr' id='par_1_9' title="bbox 217 337 1008 374">
     <span class='ocr_line' id='line_1_9' title="bbox 217 337 1008 374; baseline -0.004 -7"><span class='ocrx_word' id='word_1_43' title='bbox 217 345 245 368; x_wconf 84' lang='lat' dir='ltr'><strong>et</strong></span> <span class='ocrx_word' id='word_1_44' title='bbox 260 339 305 374; x_wconf 89' lang='lat' dir='ltr'><strong>qui</strong></span> <span class='ocrx_word' id='word_1_45' title='bbox 317 339 389 373; x_wconf 82' lang='lat' dir='ltr'><strong>juste</strong></span> <span class='ocrx_word' id='word_1_46' title='bbox 405 339 471 374; x_wconf 83' lang='lat' dir='ltr'><strong>agit,</strong></span> <span class='ocrx_word' id='word_1_47' title='bbox 489 339 609 374; x_wconf 85' lang='lat' dir='ltr'><strong>scipsutn</strong></span> <span class='ocrx_word' id='word_1_48' title='bbox 627 338 725 373; x_wconf 85' lang='lat' dir='ltr'><strong>diligit,</strong></span> <span class='ocrx_word' id='word_1_49' title='bbox 747 337 810 365; x_wconf 92' lang='lat' dir='ltr'><strong>dum</strong></span> <span class='ocrx_word' id='word_1_50' title='bbox 831 337 904 364; x_wconf 87' lang='lat' dir='ltr'><strong>etde</strong></span> <span class='ocrx_word' id='word_1_51' title='bbox 916 337 1008 372; x_wconf 81' lang='lat' dir='ltr'><strong>seipso</strong></span> 
     </span>
    </p>
   </div>
   <div class='ocr_carea' id='block_1_10' title="bbox 218 383 1006 422">
    <p class='ocr_par' dir='ltr' id='par_1_10' title="bbox 218 383 1006 422">
     <span class='ocr_line' id='line_1_10' title="bbox 218 383 1006 422; baseline -0.006 -7"><span class='ocrx_word' id='word_1_52' title='bbox 218 393 246 415; x_wconf 88' lang='lat' dir='ltr'><strong>et</strong></span> <span class='ocrx_word' id='word_1_53' title='bbox 263 388 295 414; x_wconf 86' lang='lat' dir='ltr'><strong>de</strong></span> <span class='ocrx_word' id='word_1_54' title='bbox 316 387 441 422; x_wconf 75' lang='lat' dir='ltr'><strong>proximo</strong></span> <span class='ocrx_word' id='word_1_55' title='bbox 465 386 534 414; x_wconf 76' lang='lat' dir='ltr'><strong>liene</strong></span> <span class='ocrx_word' id='word_1_56' title='bbox 554 390 684 417; x_wconf 79' lang='lat' dir='ltr'><strong>tueretur,</strong></span> <span class='ocrx_word' id='word_1_57' title='bbox 708 389 854 420; x_wconf 89' lang='lat' dir='ltr'><strong>utrumque</strong></span> <span class='ocrx_word' id='word_1_58' title='bbox 873 383 954 412; x_wconf 84' lang='lat' dir='ltr'><strong>simul</strong></span> <span class='ocrx_word' id='word_1_59' title='bbox 973 384 1006 410; x_wconf 86' lang='lat' dir='ltr'><strong>ad</strong></span> 
     </span>
    </p>
   </div>
   <div class='ocr_carea' id='block_1_11' title="bbox 216 429 1006 466">
    <p class='ocr_par' dir='ltr' id='par_1_11' title="bbox 216 429 1006 466">
     <span class='ocr_line' id='line_1_11' title="bbox 216 429 1006 466; baseline -0.004 -6"><span class='ocrx_word' id='word_1_60' title='bbox 216 434 342 461; x_wconf 86' lang='lat' dir='ltr'><strong>virtutem</strong></span> <span class='ocrx_word' id='word_1_61' title='bbox 358 433 527 460; x_wconf 86' lang='lat' dir='ltr'><strong>adducendo.</strong></span> <span class='ocrx_word' id='word_1_62' title='bbox 551 431 665 466; x_wconf 89' lang='lat' dir='ltr'><strong>lmpium</strong></span> <span class='ocrx_word' id='word_1_63' title='bbox 688 437 778 458; x_wconf 89' lang='lat' dir='ltr'><strong>autem</strong></span> <span class='ocrx_word' id='word_1_64' title='bbox 801 431 867 458; x_wconf 87' lang='lat' dir='ltr'><strong>dicit</strong></span> <span class='ocrx_word' id='word_1_65' title='bbox 882 437 943 457; x_wconf 89' lang='lat' dir='ltr'><strong>eum</strong></span> <span class='ocrx_word' id='word_1_66' title='bbox 959 429 1006 464; x_wconf 86' lang='lat' dir='ltr'><strong>qui</strong></span> 
     </span>
    </p>
   </div>
   <div class='ocr_carea' id='block_1_12' title="bbox 216 475 1006 514">
    <p class='ocr_par' dir='ltr' id='par_1_12' title="bbox 216 475 1006 514">
     <span class='ocr_line' id='line_1_12' title="bbox 216 475 1006 514; baseline -0.005 -7"><span class='ocrx_word' id='word_1_67' title='bbox 216 479 352 514; x_wconf 81' lang='lat' dir='ltr'><strong>peccando</strong></span> <span class='ocrx_word' id='word_1_68' title='bbox 369 479 452 505; x_wconf 92' lang='lat' dir='ltr'><strong>Deum</strong></span> <span class='ocrx_word' id='word_1_69' title='bbox 468 478 630 510; x_wconf 82' lang='lat' dir='ltr'><strong>contemnit,</strong></span> <span class='ocrx_word' id='word_1_70' title='bbox 649 478 696 511; x_wconf 87' lang='lat' dir='ltr'><strong><em>qui</em></strong></span> <span class='ocrx_word' id='word_1_71' title='bbox 712 482 738 503; x_wconf 84' lang='lat' dir='ltr'><strong>et</strong></span> <span class='ocrx_word' id='word_1_72' title='bbox 754 484 816 504; x_wconf 90' lang='lat' dir='ltr'><strong>cum</strong></span> <span class='ocrx_word' id='word_1_73' title='bbox 838 476 911 511; x_wconf 87' lang='lat' dir='ltr'><strong>justo</strong></span> <span class='ocrx_word' id='word_1_74' title='bbox 931 475 1006 511; x_wconf 83' lang='lat' dir='ltr'><strong>judi-</strong></span> 
     </span>
    </p>
   </div>
   <div class='ocr_carea' id='block_1_13' title="bbox 215 522 1004 559">
    <p class='ocr_par' dir='ltr' id='par_1_13' title="bbox 215 522 1004 559">
     <span class='ocr_line' id='line_1_13' title="bbox 215 522 1004 559; baseline -0.005 -7"><span class='ocrx_word' id='word_1_75' title='bbox 215 531 302 557; x_wconf 77' lang='lat' dir='ltr'><strong>catur,</strong></span> <span class='ocrx_word' id='word_1_76' title='bbox 330 529 358 551; x_wconf 87' lang='lat' dir='ltr'><strong>ut</strong></span> <span class='ocrx_word' id='word_1_77' title='bbox 381 528 454 559; x_wconf 89' lang='lat' dir='ltr'><strong>patet</strong></span> <span class='ocrx_word' id='word_1_78' title='bbox 468 531 501 550; x_wconf 81' lang='lat' dir='ltr'><strong>ex</strong></span> <span class='ocrx_word' id='word_1_79' title='bbox 518 524 641 558; x_wconf 81' lang='lat' dir='ltr'><strong>pluribus</strong></span> <span class='ocrx_word' id='word_1_80' title='bbox 666 523 744 555; x_wconf 87' lang='lat' dir='ltr'><strong>locis,</strong></span> <span class='ocrx_word' id='word_1_81' title='bbox 772 527 828 549; x_wconf 88' lang='lat' dir='ltr'><strong>tuttt</strong></span> <span class='ocrx_word' id='word_1_82' title='bbox 851 522 1004 557; x_wconf 70' lang='lat' dir='ltr'><strong>praesertim</strong></span> 
     </span>
    </p>
   </div>
   <div class='ocr_carea' id='block_1_14' title="bbox 215 568 1002 604">
    <p class='ocr_par' dir='ltr' id='par_1_14' title="bbox 215 568 1002 604">
     <span class='ocr_line' id='line_1_14' title="bbox 215 568 1002 604; baseline -0.004 -7"><span class='ocrx_word' id='word_1_83' title='bbox 215 579 248 598; x_wconf 81' lang='lat' dir='ltr'><strong>ex</strong></span> <span class='ocrx_word' id='word_1_84' title='bbox 265 571 310 598; x_wconf 89' lang='lat' dir='ltr'><strong>illo</strong></span> <span class='ocrx_word' id='word_1_85' title='bbox 332 571 460 598; x_wconf 70' lang='lat' dir='ltr'><strong>Geneseot</strong></span> <span class='ocrx_word' id='word_1_86' title='bbox 476 571 497 586; x_wconf 86' lang='grc'><strong>¹⁹</strong></span> <span class='ocrx_word' id='word_1_87' title='bbox 514 579 520 598; x_wconf 92' lang='lat'>:</span> <span class='ocrx_word' id='word_1_88' title='bbox 541 580 549 595; x_wconf 91' lang='grc' dir='ltr'><strong>ι</strong></span> <span class='ocrx_word' id='word_1_89' title='bbox 564 569 597 596; x_wconf 88' lang='lat' dir='ltr'><strong>Et</strong></span> <span class='ocrx_word' id='word_1_90' title='bbox 617 569 771 604; x_wconf 89' lang='lat' dir='ltr'><strong>critjnstus</strong></span> <span class='ocrx_word' id='word_1_91' title='bbox 783 569 854 596; x_wconf 82' lang='lat' dir='ltr'><strong><em>sicut</em></strong></span> <span class='ocrx_word' id='word_1_92' title='bbox 870 568 976 603; x_wconf 90' lang='lat' dir='ltr'><strong>impius.</strong></span> <span class='ocrx_word' id='word_1_93' title='bbox 994 577 1002 594; x_wconf 83' lang='lat' dir='ltr'><strong>I</strong></span> 
     </span>
    </p>
   </div>
   <div class='ocr_carea' id='block_1_15' title="bbox 213 613 1005 653">
    <p class='ocr_par' dir='ltr' id='par_1_15' title="bbox 213 613 1005 653">
     <span class='ocr_line' id='line_1_15' title="bbox 213 613 1005 653; baseline -0.005 -9"><span class='ocrx_word' id='word_1_94' title='bbox 213 617 282 645; x_wconf 75' lang='lat' dir='ltr'><strong>Nam</strong></span> <span class='ocrx_word' id='word_1_95' title='bbox 304 617 349 651; x_wconf 90' lang='lat' dir='ltr'><strong><em>qui</em></strong></span> <span class='ocrx_word' id='word_1_96' title='bbox 374 624 486 653; x_wconf 83' lang='lat' dir='ltr'><strong>prorsus</strong></span> <span class='ocrx_word' id='word_1_97' title='bbox 505 617 563 644; x_wconf 79' lang='lat' dir='ltr'><strong>sine</strong></span> <span class='ocrx_word' id='word_1_98' title='bbox 587 615 643 643; x_wconf 85' lang='lat' dir='ltr'><strong>Deo</strong></span> <span class='ocrx_word' id='word_1_99' title='bbox 672 620 724 647; x_wconf 89' lang='lat' dir='ltr'><strong>cst,</strong></span> <span class='ocrx_word' id='word_1_100' title='bbox 752 621 805 641; x_wconf 92' lang='lat' dir='ltr'><strong>non</strong></span> <span class='ocrx_word' id='word_1_101' title='bbox 833 618 957 649; x_wconf 75' lang='lat' dir='ltr'><strong>resurget</strong></span> <span class='ocrx_word' id='word_1_102' title='bbox 979 613 1005 640; x_wconf 91' lang='lat' dir='ltr'><strong>in</strong></span> 
     </span>
    </p>
   </div>
   <div class='ocr_carea' id='block_1_16' title="bbox 211 664 325 698">
    <p class='ocr_par' dir='ltr' id='par_1_16' title="bbox 211 664 325 698">
     <span class='ocr_line' id='line_1_16' title="bbox 211 664 325 698; baseline -0.009 -7"><span class='ocrx_word' id='word_1_103' title='bbox 211 664 325 698; x_wconf 84' lang='lat' dir='ltr'><strong>judicio.</strong></span> 
     </span>
    </p>
   </div>
   <div class='ocr_carea' id='block_1_17' title="bbox 251 706 1006 745">
    <p class='ocr_par' dir='ltr' id='par_1_17' title="bbox 251 706 1006 745">
     <span class='ocr_line' id='line_1_17' title="bbox 251 706 1006 745; baseline -0.004 -9"><span class='ocrx_word' id='word_1_104' title='bbox 251 710 387 745; x_wconf 76' lang='lat' dir='ltr'><strong>Ejusdem.</strong></span> <span class='ocrx_word' id='word_1_105' title='bbox 412 708 534 737; x_wconf 68' lang='lat' dir='ltr'><strong>Tametsi</strong></span> <span class='ocrx_word' id='word_1_106' title='bbox 549 708 609 742; x_wconf 84' lang='lat' dir='ltr'><strong><em>quis</em></strong></span> <span class='ocrx_word' id='word_1_107' title='bbox 633 707 705 735; x_wconf 82' lang='lat' dir='ltr'><strong>dicat</strong></span> <span class='ocrx_word' id='word_1_108' title='bbox 721 714 751 735; x_wconf 88' lang='lat' dir='ltr'><strong>se</strong></span> <span class='ocrx_word' id='word_1_109' title='bbox 772 715 825 734; x_wconf 87' lang='lat' dir='ltr'><strong>non</strong></span> <span class='ocrx_word' id='word_1_110' title='bbox 842 706 932 734; x_wconf 79' lang='lat' dir='ltr'><strong>odisse</strong></span> <span class='ocrx_word' id='word_1_111' title='bbox 947 707 1006 733; x_wconf 88' lang='lat' dir='ltr'><strong>ani-</strong></span> 
     </span>
    </p>
   </div>
   <div class='ocr_carea' id='block_1_18' title="bbox 214 752 1005 788">
    <p class='ocr_par' dir='ltr' id='par_1_18' title="bbox 214 752 1005 788">
     <span class='ocr_line' id='line_1_18' title="bbox 214 752 1005 788; baseline -0.005 -5"><span class='ocrx_word' id='word_1_112' title='bbox 214 764 285 783; x_wconf 86' lang='lat' dir='ltr'><strong>mam</strong></span> <span class='ocrx_word' id='word_1_113' title='bbox 302 763 390 788; x_wconf 85' lang='lat' dir='ltr'><strong>suam,</strong></span> <span class='ocrx_word' id='word_1_114' title='bbox 409 755 544 782; x_wconf 79' lang='lat' dir='ltr'><strong>evincitur</strong></span> <span class='ocrx_word' id='word_1_115' title='bbox 561 760 651 782; x_wconf 74' lang='lat' dir='ltr'><strong>tamen</strong></span> <span class='ocrx_word' id='word_1_116' title='bbox 669 753 753 788; x_wconf 82' lang='lat' dir='ltr'><strong>ipsam</strong></span> <span class='ocrx_word' id='word_1_117' title='bbox 774 753 873 786; x_wconf 83' lang='lat' dir='ltr'><strong>odisse,</strong></span> <span class='ocrx_word' id='word_1_118' title='bbox 889 761 920 780; x_wconf 86' lang='lat' dir='ltr'><strong>eo</strong></span> <span class='ocrx_word' id='word_1_119' title='bbox 933 752 1005 787; x_wconf 84' lang='lat' dir='ltr'><strong><em>quod</em></strong></span> 
     </span>
    </p>
   </div>
   <div class='ocr_carea' id='block_1_19' title="bbox 214 799 1006 837">
    <p class='ocr_par' dir='ltr' id='par_1_19' title="bbox 214 799 1006 837">
     <span class='ocr_line' id='line_1_19' title="bbox 214 799 1006 837; baseline -0.004 -9"><span class='ocrx_word' id='word_1_120' title='bbox 214 802 385 837; x_wconf 74' lang='lat' dir='ltr'><strong><em>iniquitatem</em></strong></span> <span class='ocrx_word' id='word_1_121' title='bbox 405 801 499 836; x_wconf 78' lang='lat' dir='ltr'><strong>diligat</strong></span> <span class='ocrx_word' id='word_1_122' title='bbox 519 809 525 827; x_wconf 94' lang='lat'><strong>:</strong></span> <span class='ocrx_word' id='word_1_123' title='bbox 541 800 668 827; x_wconf 87' lang='lat' dir='ltr'><strong>similiter</strong></span> <span class='ocrx_word' id='word_1_124' title='bbox 682 799 764 826; x_wconf 83' lang='lat' dir='ltr'><strong>etiam</strong></span> <span class='ocrx_word' id='word_1_125' title='bbox 781 799 803 826; x_wconf 85' lang='lat' dir='ltr'><strong>is</strong></span> <span class='ocrx_word' id='word_1_126' title='bbox 820 799 865 834; x_wconf 89' lang='lat' dir='ltr'><strong>qui</strong></span> <span class='ocrx_word' id='word_1_127' title='bbox 887 799 1006 826; x_wconf 58' lang='lat' dir='ltr'><strong>incauti-</strong></span> 
     </span>
    </p>
   </div>
   <div class='ocr_carea' id='block_1_20' title="bbox 215 845 911 882">
    <p class='ocr_par' dir='ltr' id='par_1_20' title="bbox 215 845 911 882">
     <span class='ocr_line' id='line_1_20' title="bbox 215 845 911 882; baseline -0.004 -7"><span class='ocrx_word' id='word_1_128' title='bbox 215 849 335 876; x_wconf 84' lang='lat' dir='ltr'><strong><em>nentiam</em></strong></span> <span class='ocrx_word' id='word_1_129' title='bbox 348 847 447 882; x_wconf 83' lang='lat' dir='ltr'><strong>diligit,</strong></span> <span class='ocrx_word' id='word_1_130' title='bbox 464 846 505 875; x_wconf 91' lang='lat' dir='ltr'><strong>vel</strong></span> <span class='ocrx_word' id='word_1_131' title='bbox 526 846 674 880; x_wconf 66' lang='lat' dir='ltr'><strong>ignaviam,</strong></span> <span class='ocrx_word' id='word_1_132' title='bbox 689 845 730 872; x_wconf 89' lang='lat' dir='ltr'><strong>vel</strong></span> <span class='ocrx_word' id='word_1_133' title='bbox 746 845 911 872; x_wconf 79' lang='lat' dir='ltr'><strong>vecordiam.</strong></span> 
     </span>
    </p>
   </div>
   <div class='ocr_carea' id='block_1_21' title="bbox 250 890 1000 926">
    <p class='ocr_par' dir='ltr' id='par_1_21' title="bbox 250 890 1000 926">
     <span class='ocr_line' id='line_1_21' title="bbox 250 890 1000 926; baseline -0.003 -7"><span class='ocrx_word' id='word_1_134' title='bbox 250 893 330 920; x_wconf 74' lang='lat' dir='ltr'><strong>Vsus.</strong></span> <span class='ocrx_word' id='word_1_135' title='bbox 351 894 378 920; x_wconf 92' lang='lat'><strong>7.</strong></span> <span class='ocrx_word' id='word_1_136' title='bbox 409 892 486 919; x_wconf 78' lang='lat' dir='ltr'><strong>Pluel</strong></span> <span class='ocrx_word' id='word_1_137' title='bbox 516 900 595 926; x_wconf 76' lang='lat' dir='ltr'><strong>super</strong></span> <span class='ocrx_word' id='word_1_138' title='bbox 622 896 769 926; x_wconf 68' lang='lat' dir='ltr'><strong>peccatores</strong></span> <span class='ocrx_word' id='word_1_139' title='bbox 795 890 912 926; x_wconf 72' lang='lat' dir='ltr'><strong>laqueos,</strong></span> <span class='ocrx_word' id='word_1_140' title='bbox 947 895 1000 917; x_wconf 86' lang='lat' dir='ltr'><strong>etc.</strong></span> 
     </span>
    </p>
   </div>
   <div class='ocr_carea' id='block_1_22' title="bbox 214 935 1000 973">
    <p class='ocr_par' dir='ltr' id='par_1_22' title="bbox 214 935 1000 973">
     <span class='ocr_line' id='line_1_22' title="bbox 214 935 1000 973; baseline -0.006 -6"><span class='ocrx_word' id='word_1_141' title='bbox 214 939 248 968; x_wconf 89' lang='lat' dir='ltr'><strong>Ut</strong></span> <span class='ocrx_word' id='word_1_142' title='bbox 258 947 305 966; x_wconf 85' lang='lat' dir='ltr'><strong>eos</strong></span> <span class='ocrx_word' id='word_1_143' title='bbox 321 939 425 973; x_wconf 82' lang='lat' dir='ltr'><strong><em>laqueis</em></strong></span> <span class='ocrx_word' id='word_1_144' title='bbox 439 937 495 965; x_wconf 85' lang='lat' dir='ltr'><strong>suis</strong></span> <span class='ocrx_word' id='word_1_145' title='bbox 516 937 642 965; x_wconf 89' lang='lat' dir='ltr'><strong>irretiens</strong></span> <span class='ocrx_word' id='word_1_146' title='bbox 658 942 684 964; x_wconf 81' lang='lat' dir='ltr'><strong>et</strong></span> <span class='ocrx_word' id='word_1_147' title='bbox 698 937 836 971; x_wconf 81' lang='lat' dir='ltr'><strong>subjectos</strong></span> <span class='ocrx_word' id='word_1_148' title='bbox 853 935 1000 971; x_wconf 87' lang='lat' dir='ltr'><strong>accipiens,</strong></span> 
     </span>
    </p>
   </div>
   <div class='ocr_carea' id='block_1_23' title="bbox 210 984 575 1020">
    <p class='ocr_par' dir='ltr' id='par_1_23' title="bbox 210 984 575 1020">
     <span class='ocr_line' id='line_1_23' title="bbox 210 984 575 1020; baseline -0.008 -6"><span class='ocrx_word' id='word_1_149' title='bbox 210 987 335 1020; x_wconf 80' lang='lat' dir='ltr'><strong>disponat</strong></span> <span class='ocrx_word' id='word_1_150' title='bbox 354 990 480 1019; x_wconf 80' lang='lat' dir='ltr'><strong>tanquam</strong></span> <span class='ocrx_word' id='word_1_151' title='bbox 495 984 575 1011; x_wconf 85' lang='lat' dir='ltr'><strong>ﬁlios.</strong></span> 
     </span>
    </p>
   </div>
   <div class='ocr_carea' id='block_1_24' title="bbox 248 1029 1000 1065">
    <p class='ocr_par' dir='ltr' id='par_1_24' title="bbox 248 1029 1000 1065">
     <span class='ocr_line' id='line_1_24' title="bbox 248 1029 1000 1065; baseline -0.001 -8"><span class='ocrx_word' id='word_1_152' title='bbox 248 1032 329 1059; x_wconf 70' lang='lat' dir='ltr'><strong>Vsus.</strong></span> <span class='ocrx_word' id='word_1_153' title='bbox 350 1032 376 1059; x_wconf 90' lang='lat'><strong>8.</strong></span> <span class='ocrx_word' id='word_1_154' title='bbox 400 1031 532 1064; x_wconf 82' lang='lat' dir='ltr'><strong>Quoniam</strong></span> <span class='ocrx_word' id='word_1_155' title='bbox 551 1030 642 1065; x_wconf 77' lang='lat' dir='ltr'><strong>justus</strong></span> <span class='ocrx_word' id='word_1_156' title='bbox 670 1029 801 1056; x_wconf 80' lang='lat' dir='ltr'><strong>Dominus</strong></span> <span class='ocrx_word' id='word_1_157' title='bbox 834 1034 858 1057; x_wconf 84' lang='lat' dir='ltr'><strong>et</strong></span> <span class='ocrx_word' id='word_1_158' title='bbox 881 1029 1000 1064; x_wconf 72' lang='lat' dir='ltr'><strong>justitias</strong></span> 
     </span>
    </p>
   </div>
   <div class='ocr_carea' id='block_1_25' title="bbox 210 1075 1000 1111">
    <p class='ocr_par' dir='ltr' id='par_1_25' title="bbox 210 1075 1000 1111">
     <span class='ocr_line' id='line_1_25' title="bbox 210 1075 1000 1111; baseline -0.003 -7"><span class='ocrx_word' id='word_1_159' title='bbox 210 1079 313 1111; x_wconf 62' lang='lat' dir='ltr'><strong>dilexit,</strong></span> <span class='ocrx_word' id='word_1_160' title='bbox 325 1083 379 1105; x_wconf 87' lang='lat' dir='ltr'><strong>etc.</strong></span> <span class='ocrx_word' id='word_1_161' title='bbox 406 1077 542 1108; x_wconf 84' lang='lat' dir='ltr'><strong>Justitias,</strong></span> <span class='ocrx_word' id='word_1_162' title='bbox 559 1076 583 1103; x_wconf 88' lang='lat' dir='ltr'><strong>id</strong></span> <span class='ocrx_word' id='word_1_163' title='bbox 601 1080 642 1102; x_wconf 85' lang='lat' dir='ltr'><strong>est</strong></span> <span class='ocrx_word' id='word_1_164' title='bbox 659 1076 746 1109; x_wconf 81' lang='lat' dir='ltr'><strong>iustos</strong></span> <span class='ocrx_word' id='word_1_165' title='bbox 760 1082 827 1109; x_wconf 89' lang='lat' dir='ltr'><strong>quos</strong></span> <span class='ocrx_word' id='word_1_166' title='bbox 844 1075 877 1101; x_wconf 78' lang='lat' dir='ltr'><strong>alt</strong></span> <span class='ocrx_word' id='word_1_167' title='bbox 894 1075 1000 1102; x_wconf 82' lang='lat' dir='ltr'><strong>actione</strong></span> 
     </span>
    </p>
   </div>
   <div class='ocr_carea' id='block_1_26' title="bbox 209 1119 998 1158">
    <p class='ocr_par' dir='ltr' id='par_1_26' title="bbox 209 1119 998 1158">
     <span class='ocr_line' id='line_1_26' title="bbox 209 1119 998 1158; baseline -0.005 -8"><span class='ocrx_word' id='word_1_168' title='bbox 209 1124 249 1150; x_wconf 91' lang='lat' dir='ltr'><strong>sic</strong></span> <span class='ocrx_word' id='word_1_169' title='bbox 262 1122 387 1158; x_wconf 77' lang='lat' dir='ltr'><strong>appellat.</strong></span> <span class='ocrx_word' id='word_1_170' title='bbox 405 1121 563 1156; x_wconf 85' lang='lat' dir='ltr'><strong>llujusmodi</strong></span> <span class='ocrx_word' id='word_1_171' title='bbox 578 1126 618 1147; x_wconf 90' lang='lat' dir='ltr'><strong>cst</strong></span> <span class='ocrx_word' id='word_1_172' title='bbox 637 1120 702 1148; x_wconf 92' lang='lat' dir='ltr'><strong>illud</strong></span> <span class='ocrx_word' id='word_1_173' title='bbox 718 1120 740 1135; x_wconf 71' lang='grc' dir='ltr'>ἀ</span> <span class='ocrx_word' id='word_1_174' title='bbox 758 1129 766 1149; x_wconf 73' lang='grc' dir='ltr'>ι</span> <span class='ocrx_word' id='word_1_175' title='bbox 783 1130 791 1147; x_wconf 86' lang='grc' dir='ltr'><strong>ι</strong></span> <span class='ocrx_word' id='word_1_176' title='bbox 805 1119 931 1146; x_wconf 78' lang='lat' dir='ltr'><strong>Clutritas</strong></span> <span class='ocrx_word' id='word_1_177' title='bbox 947 1126 998 1146; x_wconf 91' lang='lat' dir='ltr'><strong>non</strong></span> 
     </span>
    </p>
   </div>
   <div class='ocr_carea' id='block_1_27' title="bbox 209 1166 928 1205">
    <p class='ocr_par' dir='ltr' id='par_1_27' title="bbox 209 1166 928 1205">
     <span class='ocr_line' id='line_1_27' title="bbox 209 1166 928 1205; baseline -0.008 -7"><span class='ocrx_word' id='word_1_178' title='bbox 209 1171 263 1205; x_wconf 71' lang='lat' dir='ltr'><strong>agit</strong></span> <span class='ocrx_word' id='word_1_179' title='bbox 280 1177 432 1205; x_wconf 71' lang='lat' dir='ltr'><strong>perperam,</strong></span> <span class='ocrx_word' id='word_1_180' title='bbox 449 1178 457 1194; x_wconf 77' lang='grc' dir='ltr'><strong>ι</strong></span> <span class='ocrx_word' id='word_1_181' title='bbox 475 1168 500 1195; x_wconf 90' lang='lat' dir='ltr'><strong>id</strong></span> <span class='ocrx_word' id='word_1_182' title='bbox 521 1172 573 1199; x_wconf 86' lang='lat' dir='ltr'><strong>est.</strong></span> <span class='ocrx_word' id='word_1_183' title='bbox 590 1167 636 1202; x_wconf 89' lang='lat' dir='ltr'><strong>qui</strong></span> <span class='ocrx_word' id='word_1_184' title='bbox 654 1167 735 1195; x_wconf 80' lang='lat' dir='ltr'><strong>habet</strong></span> <span class='ocrx_word' id='word_1_185' title='bbox 753 1166 928 1194; x_wconf 82' lang='lat' dir='ltr'><strong>cltaritatem.</strong></span> 
     </span>
    </p>
   </div>
   <div class='ocr_carea' id='block_1_28' title="bbox 488 1335 716 1364">
    <p class='ocr_par' dir='ltr' id='par_1_28' title="bbox 488 1335 716 1364">
     <span class='ocr_line' id='line_1_28' title="bbox 488 1335 716 1364; baseline 0 0"><span class='ocrx_word' id='word_1_186' title='bbox 488 1335 649 1364; x_wconf 79' lang='lat' dir='ltr'><strong>PSALMUS</strong></span> <span class='ocrx_word' id='word_1_187' title='bbox 670 1335 716 1364; x_wconf 82' lang='lat' dir='ltr'><strong>XI.</strong></span> 
     </span>
    </p>
   </div>
   <div class='ocr_carea' id='block_1_29' title="bbox 246 1380 998 1424">
    <p class='ocr_par' dir='ltr' id='par_1_29' title="bbox 246 1380 998 1424">
     <span class='ocr_line' id='line_1_29' title="bbox 246 1380 998 1424; baseline -0.008 -12"><span class='ocrx_word' id='word_1_188' title='bbox 246 1385 327 1424; x_wconf 75' lang='lat'><strong>592</strong></span> <span class='ocrx_word' id='word_1_189' title='bbox 340 1384 421 1412; x_wconf 75' lang='lat' dir='ltr'><strong>Vens.</strong></span> <span class='ocrx_word' id='word_1_190' title='bbox 437 1383 464 1411; x_wconf 76' lang='lat'><strong>2.</strong></span> <span class='ocrx_word' id='word_1_191' title='bbox 482 1382 591 1410; x_wconf 84' lang='lat' dir='ltr'><strong>Salvum</strong></span> <span class='ocrx_word' id='word_1_192' title='bbox 607 1390 648 1408; x_wconf 87' lang='lat' dir='ltr'><strong>me</strong></span> <span class='ocrx_word' id='word_1_193' title='bbox 661 1381 715 1416; x_wconf 78' lang='lat' dir='ltr'><strong>fac,</strong></span> <span class='ocrx_word' id='word_1_194' title='bbox 738 1380 858 1414; x_wconf 80' lang='lat' dir='ltr'><strong>Domine,</strong></span> <span class='ocrx_word' id='word_1_195' title='bbox 874 1381 998 1415; x_wconf 82' lang='lat' dir='ltr'><strong>quoniam</strong></span> 
     </span>
    </p>
   </div>
   <div class='ocr_carea' id='block_1_30' title="bbox 209 1426 999 1467">
    <p class='ocr_par' dir='ltr' id='par_1_30' title="bbox 209 1426 999 1467">
     <span class='ocr_line' id='line_1_30' title="bbox 209 1426 999 1467; baseline -0.009 -8"><span class='ocrx_word' id='word_1_196' title='bbox 209 1432 302 1467; x_wconf 77' lang='lat' dir='ltr'><strong>defecit</strong></span> <span class='ocrx_word' id='word_1_197' title='bbox 336 1435 460 1462; x_wconf 77' lang='lat' dir='ltr'><strong>sanctus,</strong></span> <span class='ocrx_word' id='word_1_198' title='bbox 496 1432 548 1455; x_wconf 81' lang='lat' dir='ltr'><strong>ctc.</strong></span> <span class='ocrx_word' id='word_1_199' title='bbox 579 1427 727 1454; x_wconf 81' lang='lat' dir='ltr'><strong>Deﬁcieutc</strong></span> <span class='ocrx_word' id='word_1_200' title='bbox 749 1431 855 1459; x_wconf 89' lang='lat' dir='ltr'><strong>sancto,</strong></span> <span class='ocrx_word' id='word_1_201' title='bbox 887 1426 999 1453; x_wconf 77' lang='lat' dir='ltr'><strong>salutem</strong></span> 
     </span>
    </p>
   </div>
   <div class='ocr_carea' id='block_1_31' title="bbox 210 1471 999 1513">
    <p class='ocr_par' dir='ltr' id='par_1_31' title="bbox 210 1471 999 1513">
     <span class='ocr_line' id='line_1_31' title="bbox 210 1471 999 1513; baseline -0.006 -10"><span class='ocrx_word' id='word_1_202' title='bbox 210 1482 348 1513; x_wconf 80' lang='lat' dir='ltr'><strong>precatur,</strong></span> <span class='ocrx_word' id='word_1_203' title='bbox 363 1481 392 1503; x_wconf 88' lang='lat' dir='ltr'><strong>ut</strong></span> <span class='ocrx_word' id='word_1_204' title='bbox 411 1475 456 1510; x_wconf 90' lang='lat' dir='ltr'><strong>qui</strong></span> <span class='ocrx_word' id='word_1_205' title='bbox 469 1473 606 1501; x_wconf 83' lang='lat' dir='ltr'><strong>diii‘tcilius</strong></span> <span class='ocrx_word' id='word_1_206' title='bbox 623 1480 756 1500; x_wconf 85' lang='lat' dir='ltr'><strong>evasurus</strong></span> <span class='ocrx_word' id='word_1_207' title='bbox 775 1473 820 1499; x_wconf 89' lang='lat' dir='ltr'><strong>sit.</strong></span> <span class='ocrx_word' id='word_1_208' title='bbox 844 1481 852 1497; x_wconf 85' lang='lat' dir='ltr'>I</span> <span class='ocrx_word' id='word_1_209' title='bbox 864 1471 999 1505; x_wconf 79' lang='lat' dir='ltr'><strong>Quoniam</strong></span> 
     </span>
    </p>
   </div>
   <div class='ocr_carea' id='block_1_32' title="bbox 209 1520 999 1553">
    <p class='ocr_par' dir='ltr' id='par_1_32' title="bbox 209 1520 999 1553">
     <span class='ocr_line' id='line_1_32' title="bbox 209 1520 999 1553; baseline -0.008 0"><span class='ocrx_word' id='word_1_210' title='bbox 209 1526 351 1553; x_wconf 59' lang='lat' dir='ltr'><strong>diminuta.</strong></span> <span class='ocrx_word' id='word_1_211' title='bbox 364 1529 428 1552; x_wconf 87' lang='lat' dir='ltr'><strong>sunt</strong></span> <span class='ocrx_word' id='word_1_212' title='bbox 438 1523 567 1550; x_wconf 73' lang='lat' dir='ltr'><strong>\‘eritnlcs</strong></span> <span class='ocrx_word' id='word_1_213' title='bbox 584 1529 597 1548; x_wconf 91' lang='lat' dir='ltr'><strong>a</strong></span> <span class='ocrx_word' id='word_1_214' title='bbox 609 1521 672 1548; x_wconf 79' lang='lat' dir='ltr'><strong>ﬁliis</strong></span> <span class='ocrx_word' id='word_1_215' title='bbox 686 1521 855 1548; x_wconf 69' lang='lat' dir='ltr'><strong>hominum.)</strong></span> <span class='ocrx_word' id='word_1_216' title='bbox 872 1520 900 1548; x_wconf 91' lang='lat' dir='ltr'><strong>Si</strong></span> <span class='ocrx_word' id='word_1_217' title='bbox 913 1520 999 1547; x_wconf 82' lang='lat' dir='ltr'><strong>Sancti</strong></span> 
     </span>
    </p>
   </div>
   <div class='ocr_carea' id='block_1_33' title="bbox 209 1566 1000 1604">
    <p class='ocr_par' dir='ltr' id='par_1_33' title="bbox 209 1566 1000 1604">
     <span class='ocr_line' id='line_1_33' title="bbox 209 1566 1000 1604; baseline -0.008 -5"><span class='ocrx_word' id='word_1_218' title='bbox 209 1572 378 1604; x_wconf 78' lang='lat' dir='ltr'><strong>deiecerunt,</strong></span> <span class='ocrx_word' id='word_1_219' title='bbox 397 1575 425 1596; x_wconf 92' lang='lat' dir='ltr'><strong>ct</strong></span> <span class='ocrx_word' id='word_1_220' title='bbox 443 1569 574 1596; x_wconf 81' lang='lat' dir='ltr'><strong>veritates</strong></span> <span class='ocrx_word' id='word_1_221' title='bbox 588 1566 726 1594; x_wconf 71' lang='lat' dir='ltr'><strong>diminutrc</strong></span> <span class='ocrx_word' id='word_1_222' title='bbox 742 1570 820 1600; x_wconf 89' lang='lat' dir='ltr'><strong>sunt,</strong></span> <span class='ocrx_word' id='word_1_223' title='bbox 837 1574 890 1594; x_wconf 93' lang='lat' dir='ltr'><strong>non</strong></span> <span class='ocrx_word' id='word_1_224' title='bbox 907 1567 1000 1600; x_wconf 85' lang='lat' dir='ltr'><strong>utique</strong></span> 
     </span>
    </p>
   </div>
   <div class='ocr_carea' id='block_1_34' title="bbox 208 1613 998 1645">
    <p class='ocr_par' dir='ltr' id='par_1_34' title="bbox 208 1613 998 1645">
     <span class='ocr_line' id='line_1_34' title="bbox 208 1613 998 1645; baseline -0.006 -1"><span class='ocrx_word' id='word_1_225' title='bbox 208 1617 235 1645; x_wconf 89' lang='lat' dir='ltr'><strong>in</strong></span> <span class='ocrx_word' id='word_1_226' title='bbox 255 1617 319 1644; x_wconf 84' lang='lat' dir='ltr'><strong>solis</strong></span> <span class='ocrx_word' id='word_1_227' title='bbox 342 1615 444 1643; x_wconf 86' lang='lat' dir='ltr'><strong>sanctis</strong></span> <span class='ocrx_word' id='word_1_228' title='bbox 463 1614 610 1645; x_wconf 82' lang='lat' dir='ltr'><strong>veritates,</strong></span> <span class='ocrx_word' id='word_1_229' title='bbox 641 1620 690 1640; x_wconf 85' lang='lat' dir='ltr'><strong>nec</strong></span> <span class='ocrx_word' id='word_1_230' title='bbox 714 1613 740 1640; x_wconf 91' lang='lat' dir='ltr'><strong>in</strong></span> <span class='ocrx_word' id='word_1_231' title='bbox 756 1613 827 1640; x_wconf 84' lang='lat' dir='ltr'><strong>veris</strong></span> <span class='ocrx_word' id='word_1_232' title='bbox 857 1613 998 1640; x_wconf 77' lang='lat' dir='ltr'><strong>sanctitas.</strong></span> 
     </span>
    </p>
   </div>
   <div class='ocr_carea' id='block_1_35' title="bbox 209 1658 999 1697">
    <p class='ocr_par' dir='ltr' id='par_1_35' title="bbox 209 1658 999 1697">
     <span class='ocr_line' id='line_1_35' title="bbox 209 1658 999 1697; baseline -0.004 -7"><span class='ocrx_word' id='word_1_233' title='bbox 209 1664 244 1690; x_wconf 87' lang='lat' dir='ltr'><strong>At</strong></span> <span class='ocrx_word' id='word_1_234' title='bbox 261 1662 390 1697; x_wconf 87' lang='lat' dir='ltr'><strong>quoniam</strong></span> <span class='ocrx_word' id='word_1_235' title='bbox 407 1660 494 1688; x_wconf 83' lang='lat' dir='ltr'><strong>sancti</strong></span> <span class='ocrx_word' id='word_1_236' title='bbox 512 1658 679 1691; x_wconf 77' lang='lat' dir='ltr'><strong>defecerunt,</strong></span> <span class='ocrx_word' id='word_1_237' title='bbox 705 1663 848 1693; x_wconf 81' lang='lat' dir='ltr'><strong>propterea</strong></span> <span class='ocrx_word' id='word_1_238' title='bbox 871 1659 999 1687; x_wconf 80' lang='lat' dir='ltr'><strong>veritates</strong></span> 
     </span>
    </p>
   </div>
   <div class='ocr_carea' id='block_1_36' title="bbox 208 1703 998 1738">
    <p class='ocr_par' dir='ltr' id='par_1_36' title="bbox 208 1703 998 1738">
     <span class='ocr_line' id='line_1_36' title="bbox 208 1703 998 1738; baseline -0.008 -2"><span class='ocrx_word' id='word_1_239' title='bbox 208 1709 349 1736; x_wconf 61' lang='lat' dir='ltr'><strong>diminuta}</strong></span> <span class='ocrx_word' id='word_1_240' title='bbox 374 1711 447 1734; x_wconf 91' lang='lat' dir='ltr'><strong>sunt.</strong></span> <span class='ocrx_word' id='word_1_241' title='bbox 482 1704 515 1731; x_wconf 84' lang='lat' dir='ltr'><strong>Et</strong></span> <span class='ocrx_word' id='word_1_242' title='bbox 540 1705 658 1732; x_wconf 83' lang='lat' dir='ltr'><strong>fortasse</strong></span> <span class='ocrx_word' id='word_1_243' title='bbox 685 1709 841 1731; x_wconf 84' lang='lat' dir='ltr'><strong>sanctorum</strong></span> <span class='ocrx_word' id='word_1_244' title='bbox 875 1703 998 1738; x_wconf 85' lang='lat' dir='ltr'><strong>paucitas</strong></span> 
     </span>
    </p>
   </div>
   <div class='ocr_carea' id='block_1_37' title="bbox 207 1749 998 1781">
    <p class='ocr_par' dir='ltr' id='par_1_37' title="bbox 207 1749 998 1781">
     <span class='ocr_line' id='line_1_37' title="bbox 207 1749 998 1781; baseline -0.005 -1"><span class='ocrx_word' id='word_1_245' title='bbox 207 1762 290 1781; x_wconf 86' lang='lat' dir='ltr'><strong>causa</strong></span> <span class='ocrx_word' id='word_1_246' title='bbox 323 1753 374 1780; x_wconf 81' lang='lat' dir='ltr'><strong>fuit.</strong></span> <span class='ocrx_word' id='word_1_247' title='bbox 398 1753 493 1779; x_wconf 81' lang='lat' dir='ltr'><strong>harum</strong></span> <span class='ocrx_word' id='word_1_248' title='bbox 521 1750 669 1777; x_wconf 84' lang='lat' dir='ltr'><strong>multarum</strong></span> <span class='ocrx_word' id='word_1_249' title='bbox 702 1749 865 1777; x_wconf 71' lang='lat' dir='ltr'><strong>Increscunt.</strong></span> <span class='ocrx_word' id='word_1_250' title='bbox 901 1749 998 1776; x_wconf 87' lang='lat' dir='ltr'><strong>Dolose</strong></span> 
     </span>
    </p>
   </div>
   <div class='ocr_carea' id='block_1_38' title="bbox 207 1795 996 1834">
    <p class='ocr_par' dir='ltr' id='par_1_38' title="bbox 207 1795 996 1834">
     <span class='ocr_line' id='line_1_38' title="bbox 207 1795 996 1834; baseline -0.006 -7"><span class='ocrx_word' id='word_1_251' title='bbox 207 1805 302 1828; x_wconf 87' lang='lat' dir='ltr'><strong>ntutuo</strong></span> <span class='ocrx_word' id='word_1_252' title='bbox 325 1799 528 1834; x_wconf 81' lang='lat' dir='ltr'><strong>colloquuntur,</strong></span> <span class='ocrx_word' id='word_1_253' title='bbox 545 1802 573 1824; x_wconf 89' lang='lat' dir='ltr'><strong>et</strong></span> <span class='ocrx_word' id='word_1_254' title='bbox 587 1804 635 1831; x_wconf 86' lang='lat' dir='ltr'><strong>per</strong></span> <span class='ocrx_word' id='word_1_255' title='bbox 658 1795 775 1831; x_wconf 78' lang='lat' dir='ltr'><strong>maligna</strong></span> <span class='ocrx_word' id='word_1_256' title='bbox 803 1795 874 1823; x_wconf 84' lang='lat' dir='ltr'><strong>labia</strong></span> <span class='ocrx_word' id='word_1_257' title='bbox 895 1795 920 1822; x_wconf 90' lang='lat' dir='ltr'><strong><em>in</em></strong></span> <span class='ocrx_word' id='word_1_258' title='bbox 949 1803 996 1822; x_wconf 86' lang='lat' dir='ltr'><strong>sua</strong></span> 
     </span>
    </p>
   </div>
   <div class='ocr_carea' id='block_1_39' title="bbox 207 1841 997 1874">
    <p class='ocr_par' dir='ltr' id='par_1_39' title="bbox 207 1841 997 1874">
     <span class='ocr_line' id='line_1_39' title="bbox 207 1841 997 1874; baseline -0.006 -1"><span class='ocrx_word' id='word_1_259' title='bbox 207 1846 322 1874; x_wconf 86' lang='lat' dir='ltr'><strong>invicem</strong></span> <span class='ocrx_word' id='word_1_260' title='bbox 335 1845 418 1872; x_wconf 85' lang='lat' dir='ltr'><strong>corda</strong></span> <span class='ocrx_word' id='word_1_261' title='bbox 431 1843 580 1871; x_wconf 85' lang='lat' dir='ltr'><strong>immittunt</strong></span> <span class='ocrx_word' id='word_1_262' title='bbox 595 1841 662 1871; x_wconf 83' lang='lat' dir='ltr'><strong>falsa</strong></span> <span class='ocrx_word' id='word_1_263' title='bbox 677 1851 683 1868; x_wconf 95' lang='lat'>:</span> <span class='ocrx_word' id='word_1_264' title='bbox 697 1849 758 1869; x_wconf 89' lang='lat' dir='ltr'><strong>cum</strong></span> <span class='ocrx_word' id='word_1_265' title='bbox 773 1846 862 1868; x_wconf 86' lang='lat' dir='ltr'><strong>autem</strong></span> <span class='ocrx_word' id='word_1_266' title='bbox 877 1841 997 1869; x_wconf 79' lang='lat' dir='ltr'><strong>scientiae</strong></span> 
     </span>
    </p>
   </div>
   <div class='ocr_carea' id='block_1_40' title="bbox 206 1886 881 1922">
    <p class='ocr_par' dir='ltr' id='par_1_40' title="bbox 206 1886 881 1922">
     <span class='ocr_line' id='line_1_40' title="bbox 206 1886 881 1922; baseline -0.007 -3"><span class='ocrx_word' id='word_1_267' title='bbox 206 1900 259 1919; x_wconf 89' lang='lat' dir='ltr'><strong>non</strong></span> <span class='ocrx_word' id='word_1_268' title='bbox 274 1890 425 1922; x_wconf 79' lang='lat' dir='ltr'><strong>studemus,</strong></span> <span class='ocrx_word' id='word_1_269' title='bbox 445 1894 508 1917; x_wconf 87' lang='lat' dir='ltr'><strong>tunc</strong></span> <span class='ocrx_word' id='word_1_270' title='bbox 526 1888 656 1916; x_wconf 84' lang='lat' dir='ltr'><strong>veritates</strong></span> <span class='ocrx_word' id='word_1_271' title='bbox 672 1886 881 1914; x_wconf 80' lang='lat' dir='ltr'><strong>imminuantur.</strong></span> 
     </span>
    </p>
   </div>
   <div class='ocr_carea' id='block_1_41' title="bbox 242 1975 997 2010">
    <p class='ocr_par' dir='ltr' id='par_1_41' title="bbox 242 1975 997 2010">
     <span class='ocr_line' id='line_1_41' title="bbox 242 1975 997 2010; baseline -0.004 -6"><span class='ocrx_word' id='word_1_272' title='bbox 242 1977 324 2004; x_wconf 70' lang='lat' dir='ltr'><strong>Vens.</strong></span> <span class='ocrx_word' id='word_1_273' title='bbox 345 1977 372 2004; x_wconf 83' lang='lat'><strong>5.</strong></span> <span class='ocrx_word' id='word_1_274' title='bbox 399 1976 473 2003; x_wconf 86' lang='lat' dir='ltr'><strong><em>Vana</em></strong></span> <span class='ocrx_word' id='word_1_275' title='bbox 485 1975 566 2003; x_wconf 83' lang='lat' dir='ltr'><strong>locuti</strong></span> <span class='ocrx_word' id='word_1_276' title='bbox 583 1980 643 2002; x_wconf 76' lang='lat' dir='ltr'><strong>sunt</strong></span> <span class='ocrx_word' id='word_1_277' title='bbox 664 1975 841 2010; x_wconf 74' lang='lat' dir='ltr'><strong>unusquisque</strong></span> <span class='ocrx_word' id='word_1_278' title='bbox 854 1975 888 2001; x_wconf 84' lang='lat' dir='ltr'><strong>ad</strong></span> <span class='ocrx_word' id='word_1_279' title='bbox 906 1976 997 2009; x_wconf 75' lang='lat' dir='ltr'><strong>praxi-</strong></span> 
     </span>
    </p>
   </div>
   <div class='ocr_carea' id='block_1_42' title="bbox 205 2021 996 2056">
    <p class='ocr_par' dir='ltr' id='par_1_42' title="bbox 205 2021 996 2056">
     <span class='ocr_line' id='line_1_42' title="bbox 205 2021 996 2056; baseline -0.003 -6"><span class='ocrx_word' id='word_1_280' title='bbox 205 2032 276 2051; x_wconf 88' lang='lat' dir='ltr'><strong>mum</strong></span> <span class='ocrx_word' id='word_1_281' title='bbox 300 2031 387 2054; x_wconf 83' lang='lat' dir='ltr'><strong>suum.</strong></span> <span class='ocrx_word' id='word_1_282' title='bbox 407 2027 460 2049; x_wconf 90' lang='lat' dir='ltr'><strong>etc.</strong></span> <span class='ocrx_word' id='word_1_283' title='bbox 481 2021 626 2056; x_wconf 79' lang='lat' dir='ltr'><strong>Propterea</strong></span> <span class='ocrx_word' id='word_1_284' title='bbox 645 2028 732 2055; x_wconf 89' lang='lat' dir='ltr'><strong>neque</strong></span> <span class='ocrx_word' id='word_1_285' title='bbox 750 2025 852 2048; x_wconf 88' lang='lat' dir='ltr'><strong>temere</strong></span> <span class='ocrx_word' id='word_1_286' title='bbox 879 2021 996 2048; x_wconf 89' lang='lat' dir='ltr'><strong>otiosum</strong></span> 
     </span>
    </p>
   </div>
   <div class='ocr_carea' id='block_1_43' title="bbox 1058 200 1844 239">
    <p class='ocr_par' dir='ltr' id='par_1_43' title="bbox 1058 200 1844 239">
     <span class='ocr_line' id='line_1_43' title="bbox 1058 200 1844 239; baseline 0.006 -13"><span class='ocrx_word' id='word_1_287' title='bbox 1058 200 1092 226; x_wconf 77' lang='grc' dir='ltr'>δὲ</span> <span class='ocrx_word' id='word_1_288' title='bbox 1117 200 1241 234; x_wconf 79' lang='grc' dir='ltr'><strong>ἀγαπῶν</strong></span> <span class='ocrx_word' id='word_1_289' title='bbox 1264 201 1384 228; x_wconf 76' lang='grc' dir='ltr'><strong>ἀδικίαν</strong></span> <span class='ocrx_word' id='word_1_290' title='bbox 1405 201 1489 236; x_wconf 83' lang='grc' dir='ltr'>μισεῖ</span> <span class='ocrx_word' id='word_1_291' title='bbox 1515 201 1573 236; x_wconf 78' lang='grc' dir='ltr'><strong>τὴν</strong></span> <span class='ocrx_word' id='word_1_292' title='bbox 1597 203 1709 230; x_wconf 78' lang='grc' dir='ltr'>ἑαυτοῦ</span> <span class='ocrx_word' id='word_1_293' title='bbox 1734 205 1844 239; x_wconf 61' lang='grc' dir='ltr'><strong>ψυχὴν,</strong></span> 
     </span>
    </p>
   </div>
   <div class='ocr_carea' id='block_1_44' title="bbox 1057 245 1845 284">
    <p class='ocr_par' dir='ltr' id='par_1_44' title="bbox 1057 245 1845 284">
     <span class='ocr_line' id='line_1_44' title="bbox 1057 245 1845 284; baseline 0.008 -13"><span class='ocrx_word' id='word_1_294' title='bbox 1057 253 1084 272; x_wconf 87' lang='grc' dir='ltr'>κ.</span> <span class='ocrx_word' id='word_1_295' title='bbox 1102 254 1127 272; x_wconf 86' lang='grc' dir='ltr'>τ.</span> <span class='ocrx_word' id='word_1_296' title='bbox 1145 245 1168 272; x_wconf 82' lang='grc' dir='ltr'>ὲ.</span> <span class='ocrx_word' id='word_1_297' title='bbox 1185 245 1231 272; x_wconf 73' lang='grc' dir='ltr'><strong>Διὸ</strong></span> <span class='ocrx_word' id='word_1_298' title='bbox 1248 247 1301 278; x_wconf 83' lang='grc' dir='ltr'><strong>πᾶς</strong></span> <span class='ocrx_word' id='word_1_299' title='bbox 1317 247 1332 273; x_wconf 82' lang='grc' dir='ltr'>ὁ</span> <span class='ocrx_word' id='word_1_300' title='bbox 1346 247 1510 283; x_wconf 77' lang='grc' dir='ltr'><strong>ἁμαρτάνων</strong></span> <span class='ocrx_word' id='word_1_301' title='bbox 1527 247 1582 283; x_wconf 81' lang='grc'>(97)</span> <span class='ocrx_word' id='word_1_302' title='bbox 1601 248 1640 280; x_wconf 84' lang='grc' dir='ltr'>ὡς</span> <span class='ocrx_word' id='word_1_303' title='bbox 1658 249 1692 276; x_wconf 83' lang='grc' dir='ltr'>ἄν</span> <span class='ocrx_word' id='word_1_304' title='bbox 1707 258 1752 281; x_wconf 79' lang='grc' dir='ltr'><strong>τις</strong></span> <span class='ocrx_word' id='word_1_305' title='bbox 1767 251 1845 284; x_wconf 65' lang='lat' dir='ltr'><strong>uas-th</strong></span> 
     </span>
    </p>
   </div>
   <div class='ocr_carea' id='block_1_45' title="bbox 1056 291 1845 331">
    <p class='ocr_par' dir='ltr' id='par_1_45' title="bbox 1056 291 1845 331">
     <span class='ocr_line' id='line_1_45' title="bbox 1056 291 1845 331; baseline 0.008 -14"><span class='ocrx_word' id='word_1_306' title='bbox 1056 291 1224 318; x_wconf 81' lang='grc' dir='ltr'>ἐπιϐουλεύει</span> <span class='ocrx_word' id='word_1_307' title='bbox 1239 294 1271 328; x_wconf 85' lang='grc' dir='ltr'>τῇ</span> <span class='ocrx_word' id='word_1_308' title='bbox 1292 292 1344 328; x_wconf 82' lang='grc' dir='ltr'>ἰδίᾳ</span> <span class='ocrx_word' id='word_1_309' title='bbox 1359 292 1443 328; x_wconf 82' lang='grc' dir='ltr'><strong>ψυχῇ.</strong></span> <span class='ocrx_word' id='word_1_310' title='bbox 1464 293 1568 330; x_wconf 72' lang='grc' dir='ltr'>’Ὠσπερ</span> <span class='ocrx_word' id='word_1_311' title='bbox 1583 294 1630 321; x_wconf 72' lang='grc' dir='ltr'>οὖν</span> <span class='ocrx_word' id='word_1_312' title='bbox 1645 297 1659 322; x_wconf 82' lang='grc' dir='ltr'><strong><em>ὁ</em></strong></span> <span class='ocrx_word' id='word_1_313' title='bbox 1678 297 1806 331; x_wconf 71' lang='grc' dir='ltr'>πράττων</span> <span class='ocrx_word' id='word_1_314' title='bbox 1821 298 1845 324; x_wconf 72' lang='grc' dir='ltr'>τὸ</span> 
     </span>
    </p>
   </div>
   <div class='ocr_carea' id='block_1_46' title="bbox 1056 338 1845 378">
    <p class='ocr_par' dir='ltr' id='par_1_46' title="bbox 1056 338 1845 378">
     <span class='ocr_line' id='line_1_46' title="bbox 1056 338 1845 378; baseline 0.008 -14"><span class='ocrx_word' id='word_1_315' title='bbox 1056 338 1159 365; x_wconf 84' lang='grc' dir='ltr'>δίκαιον</span> <span class='ocrx_word' id='word_1_316' title='bbox 1183 339 1263 366; x_wconf 79' lang='grc' dir='ltr'>αὐτὸν</span> <span class='ocrx_word' id='word_1_317' title='bbox 1289 339 1394 375; x_wconf 82' lang='grc' dir='ltr'>ἀγαπᾷ,</span> <span class='ocrx_word' id='word_1_318' title='bbox 1418 340 1514 367; x_wconf 80' lang='grc' dir='ltr'>ἑαυτόν</span> <span class='ocrx_word' id='word_1_319' title='bbox 1539 350 1570 368; x_wconf 87' lang='grc' dir='ltr'><strong>τε</strong></span> <span class='ocrx_word' id='word_1_320' title='bbox 1592 342 1640 368; x_wconf 74' lang='grc' dir='ltr'>καὶ</span> <span class='ocrx_word' id='word_1_321' title='bbox 1664 342 1712 369; x_wconf 64' lang='grc' dir='ltr'><strong>τον</strong></span> <span class='ocrx_word' id='word_1_322' title='bbox 1740 343 1845 378; x_wconf 69' lang='grc' dir='ltr'>πλησίον</span> 
     </span>
    </p>
   </div>
   <div class='ocr_carea' id='block_1_47' title="bbox 1057 384 1844 422">
    <p class='ocr_par' dir='ltr' id='par_1_47' title="bbox 1057 384 1844 422">
     <span class='ocr_line' id='line_1_47' title="bbox 1057 384 1844 422; baseline 0.006 -11"><span class='ocrx_word' id='word_1_323' title='bbox 1057 384 1219 421; x_wconf 79' lang='grc' dir='ltr'><strong>εὐεργετῶν,</strong></span> <span class='ocrx_word' id='word_1_324' title='bbox 1242 385 1282 421; x_wconf 81' lang='grc' dir='ltr'>τῷ</span> <span class='ocrx_word' id='word_1_325' title='bbox 1297 387 1337 417; x_wconf 84' lang='grc' dir='ltr'>εῑς</span> <span class='ocrx_word' id='word_1_326' title='bbox 1353 386 1453 422; x_wconf 73' lang='grc' dir='ltr'>ἀρετὴν</span> <span class='ocrx_word' id='word_1_327' title='bbox 1478 386 1560 414; x_wconf 72' lang='grc' dir='ltr'>αὑτὸν</span> <span class='ocrx_word' id='word_1_328' title='bbox 1584 388 1662 421; x_wconf 82' lang='grc' dir='ltr'><strong>ἄγειν</strong></span> <span class='ocrx_word' id='word_1_329' title='bbox 1681 388 1721 420; x_wconf 77' lang='grc' dir='ltr'><strong>ὡς</strong></span> <span class='ocrx_word' id='word_1_330' title='bbox 1746 389 1844 416; x_wconf 71' lang='grc' dir='ltr'>ἑαυτὸν.</span> 
     </span>
    </p>
   </div>
   <div class='ocr_carea' id='block_1_48' title="bbox 1063 430 1846 470">
    <p class='ocr_par' dir='ltr' id='par_1_48' title="bbox 1063 430 1846 470">
     <span class='ocr_line' id='line_1_48' title="bbox 1063 430 1846 470; baseline 0.006 -14"><span class='ocrx_word' id='word_1_331' title='bbox 1063 430 1160 466; x_wconf 76' lang='grc' dir='ltr'><strong>’Λσεῦῆ</strong></span> <span class='ocrx_word' id='word_1_332' title='bbox 1172 431 1200 457; x_wconf 83' lang='grc' dir='ltr'>δὲ</span> <span class='ocrx_word' id='word_1_333' title='bbox 1214 430 1262 458; x_wconf 76' lang='grc' dir='ltr'>νῦν</span> <span class='ocrx_word' id='word_1_334' title='bbox 1277 431 1350 466; x_wconf 79' lang='grc' dir='ltr'>λέγει</span> <span class='ocrx_word' id='word_1_335' title='bbox 1365 431 1411 458; x_wconf 81' lang='grc' dir='ltr'>τὸν</span> <span class='ocrx_word' id='word_1_336' title='bbox 1423 431 1466 458; x_wconf 78' lang='grc' dir='ltr'>διὰ</span> <span class='ocrx_word' id='word_1_337' title='bbox 1480 432 1510 458; x_wconf 83' lang='grc' dir='ltr'>τὸ</span> <span class='ocrx_word' id='word_1_338' title='bbox 1525 433 1696 467; x_wconf 81' lang='grc' dir='ltr'><strong>ἁμαρτάνειν</strong></span> <span class='ocrx_word' id='word_1_339' title='bbox 1713 442 1846 470; x_wconf 66' lang='grc' dir='ltr'>καταφρο-</span> 
     </span>
    </p>
   </div>
   <div class='ocr_carea' id='block_1_49' title="bbox 1056 475 1846 514">
    <p class='ocr_par' dir='ltr' id='par_1_49' title="bbox 1056 475 1846 514">
     <span class='ocr_line' id='line_1_49' title="bbox 1056 475 1846 514; baseline 0.005 -12"><span class='ocrx_word' id='word_1_340' title='bbox 1056 475 1153 503; x_wconf 78' lang='grc' dir='ltr'>νοῦντα</span> <span class='ocrx_word' id='word_1_341' title='bbox 1168 475 1247 510; x_wconf 79' lang='grc' dir='ltr'>Θεοῦ,</span> <span class='ocrx_word' id='word_1_342' title='bbox 1268 477 1298 508; x_wconf 82' lang='grc' dir='ltr'>ὃς</span> <span class='ocrx_word' id='word_1_343' title='bbox 1320 477 1367 504; x_wconf 76' lang='grc' dir='ltr'>καὶ</span> <span class='ocrx_word' id='word_1_344' title='bbox 1383 478 1504 514; x_wconf 80' lang='grc' dir='ltr'><strong>κρίνεται</strong></span> <span class='ocrx_word' id='word_1_345' title='bbox 1525 478 1594 513; x_wconf 86' lang='grc' dir='ltr'><strong>μετά</strong></span> <span class='ocrx_word' id='word_1_346' title='bbox 1607 479 1656 505; x_wconf 75' lang='grc' dir='ltr'><strong>τοῦ</strong></span> <span class='ocrx_word' id='word_1_347' title='bbox 1680 479 1798 512; x_wconf 77' lang='grc' dir='ltr'>δικαίου,</span> <span class='ocrx_word' id='word_1_348' title='bbox 1812 481 1846 512; x_wconf 87' lang='grc' dir='ltr'><strong>ὡς</strong></span> 
     </span>
    </p>
   </div>
   <div class='ocr_carea' id='block_1_50' title="bbox 1057 522 1844 558">
    <p class='ocr_par' dir='ltr' id='par_1_50' title="bbox 1057 522 1844 558">
     <span class='ocr_line' id='line_1_50' title="bbox 1057 522 1844 558; baseline 0.005 -10"><span class='ocrx_word' id='word_1_349' title='bbox 1057 522 1221 558; x_wconf 80' lang='grc' dir='ltr'>πολλαχόθεν</span> <span class='ocrx_word' id='word_1_350' title='bbox 1245 523 1335 558; x_wconf 85' lang='grc' dir='ltr'>δῆλον,</span> <span class='ocrx_word' id='word_1_351' title='bbox 1356 525 1404 550; x_wconf 71' lang='grc' dir='ltr'><strong>καὶ</strong></span> <span class='ocrx_word' id='word_1_352' title='bbox 1426 524 1458 550; x_wconf 75' lang='grc' dir='ltr'>ἐκ</span> <span class='ocrx_word' id='word_1_353' title='bbox 1482 523 1529 550; x_wconf 81' lang='grc' dir='ltr'>τοῦ</span> <span class='ocrx_word' id='word_1_354' title='bbox 1545 525 1573 551; x_wconf 84' lang='grc' dir='ltr'>ἐν</span> <span class='ocrx_word' id='word_1_355' title='bbox 1601 525 1748 552; x_wconf 69' lang='grc' dir='ltr'><strong>Γενέσει·</strong></span> <span class='ocrx_word' id='word_1_356' title='bbox 1767 535 1776 550; x_wconf 89' lang='grc' dir='ltr'><strong>ι</strong></span> <span class='ocrx_word' id='word_1_357' title='bbox 1797 527 1844 552; x_wconf 70' lang='grc' dir='ltr'>Καὶ</span> 
     </span>
    </p>
   </div>
   <div class='ocr_carea' id='block_1_51' title="bbox 1058 568 1845 606">
    <p class='ocr_par' dir='ltr' id='par_1_51' title="bbox 1058 568 1845 606">
     <span class='ocr_line' id='line_1_51' title="bbox 1058 568 1845 606; baseline 0.005 -12"><span class='ocrx_word' id='word_1_358' title='bbox 1058 568 1134 594; x_wconf 76' lang='grc' dir='ltr'>ἔσται</span> <span class='ocrx_word' id='word_1_359' title='bbox 1149 569 1252 601; x_wconf 85' lang='grc' dir='ltr'>δίκαιος</span> <span class='ocrx_word' id='word_1_360' title='bbox 1271 569 1308 601; x_wconf 85' lang='grc' dir='ltr'>ὼς</span> <span class='ocrx_word' id='word_1_361' title='bbox 1331 570 1345 596; x_wconf 82' lang='grc' dir='ltr'>ὁ</span> <span class='ocrx_word' id='word_1_362' title='bbox 1370 570 1488 605; x_wconf 76' lang='grc' dir='ltr'>ἀσεϐής’</span> <span class='ocrx_word' id='word_1_363' title='bbox 1516 580 1526 596; x_wconf 74' lang='grc' dir='ltr'>ι</span> <span class='ocrx_word' id='word_1_364' title='bbox 1550 571 1565 597; x_wconf 83' lang='grc' dir='ltr'><strong>ὁ</strong></span> <span class='ocrx_word' id='word_1_365' title='bbox 1582 570 1637 606; x_wconf 75' lang='grc' dir='ltr'><strong>γὰρ</strong></span> <span class='ocrx_word' id='word_1_366' title='bbox 1662 571 1754 606; x_wconf 81' lang='grc' dir='ltr'><strong>πάντη</strong></span> <span class='ocrx_word' id='word_1_367' title='bbox 1775 572 1845 603; x_wconf 72' lang='grc' dir='ltr'>ἄθεος</span> 
     </span>
    </p>
   </div>
   <div class='ocr_carea' id='block_1_52' title="bbox 1055 615 1456 652">
    <p class='ocr_par' dir='ltr' id='par_1_52' title="bbox 1055 615 1456 652">
     <span class='ocr_line' id='line_1_52' title="bbox 1055 615 1456 652; baseline 0.005 -12"><span class='ocrx_word' id='word_1_368' title='bbox 1055 615 1106 642; x_wconf 88' lang='grc' dir='ltr'>οὐκ</span> <span class='ocrx_word' id='word_1_369' title='bbox 1121 615 1301 650; x_wconf 78' lang='grc' dir='ltr'><strong>ἀναστήσεται</strong></span> <span class='ocrx_word' id='word_1_370' title='bbox 1314 617 1343 643; x_wconf 83' lang='grc' dir='ltr'>ἐν</span> <span class='ocrx_word' id='word_1_371' title='bbox 1357 616 1456 652; x_wconf 79' lang='grc' dir='ltr'>κρίσει.</span> 
     </span>
    </p>
   </div>
   <div class='ocr_carea' id='block_1_53' title="bbox 1094 704 1843 742">
    <p class='ocr_par' dir='ltr' id='par_1_53' title="bbox 1094 704 1843 742">
     <span class='ocr_line' id='line_1_53' title="bbox 1094 704 1843 742; baseline -0.001 -10"><span class='ocrx_word' id='word_1_372' title='bbox 1094 705 1148 732; x_wconf 78' lang='grc' dir='ltr'><strong>Τοῦ</strong></span> <span class='ocrx_word' id='word_1_373' title='bbox 1164 704 1266 732; x_wconf 82' lang='grc' dir='ltr'>αὑτοῦ.</span> <span class='ocrx_word' id='word_1_374' title='bbox 1287 705 1348 732; x_wconf 73' lang='grc' dir='ltr'>Κᾶν</span> <span class='ocrx_word' id='word_1_375' title='bbox 1369 705 1406 741; x_wconf 79' lang='grc' dir='ltr'>μὴ</span> <span class='ocrx_word' id='word_1_376' title='bbox 1426 705 1493 742; x_wconf 79' lang='grc' dir='ltr'>λέγῃ</span> <span class='ocrx_word' id='word_1_377' title='bbox 1509 714 1550 738; x_wconf 80' lang='grc' dir='ltr'><strong>τις</strong></span> <span class='ocrx_word' id='word_1_378' title='bbox 1565 705 1631 741; x_wconf 71' lang='lat'><strong>(98),</strong></span> <span class='ocrx_word' id='word_1_379' title='bbox 1650 706 1690 732; x_wconf 80' lang='grc' dir='ltr'>ὅτι</span> <span class='ocrx_word' id='word_1_380' title='bbox 1711 707 1787 741; x_wconf 77' lang='grc' dir='ltr'>μισεῖ</span> <span class='ocrx_word' id='word_1_381' title='bbox 1801 705 1843 741; x_wconf 77' lang='grc' dir='ltr'>τὴν</span> 
     </span>
    </p>
   </div>
   <div class='ocr_carea' id='block_1_54' title="bbox 1056 751 1843 788">
    <p class='ocr_par' dir='ltr' id='par_1_54' title="bbox 1056 751 1843 788">
     <span class='ocr_line' id='line_1_54' title="bbox 1056 751 1843 788; baseline 0 -11"><span class='ocrx_word' id='word_1_382' title='bbox 1056 751 1152 778; x_wconf 74' lang='grc' dir='ltr'>ἑαυτοῦ</span> <span class='ocrx_word' id='word_1_383' title='bbox 1169 751 1270 788; x_wconf 78' lang='grc' dir='ltr'>ψυχὴν,</span> <span class='ocrx_word' id='word_1_384' title='bbox 1298 752 1439 787; x_wconf 78' lang='grc' dir='ltr'>ἐλέγχεται</span> <span class='ocrx_word' id='word_1_385' title='bbox 1463 753 1506 779; x_wconf 84' lang='grc' dir='ltr'><strong>διὰ</strong></span> <span class='ocrx_word' id='word_1_386' title='bbox 1533 752 1580 779; x_wconf 76' lang='grc' dir='ltr'>τοῦ</span> <span class='ocrx_word' id='word_1_387' title='bbox 1604 753 1715 780; x_wconf 78' lang='grc' dir='ltr'>ἀδικίαν</span> <span class='ocrx_word' id='word_1_388' title='bbox 1741 753 1843 787; x_wconf 62' lang='grc' dir='ltr'>ἀγαπᾷν</span> 
     </span>
    </p>
   </div>
   <div class='ocr_carea' id='block_1_55' title="bbox 1057 797 1842 833">
    <p class='ocr_par' dir='ltr' id='par_1_55' title="bbox 1057 797 1842 833">
     <span class='ocr_line' id='line_1_55' title="bbox 1057 797 1842 833; baseline 0 -9"><span class='ocrx_word' id='word_1_389' title='bbox 1057 797 1143 832; x_wconf 80' lang='grc' dir='ltr'>μισῶν</span> <span class='ocrx_word' id='word_1_390' title='bbox 1168 798 1263 833; x_wconf 83' lang='grc' dir='ltr'>αὐτήν·</span> <span class='ocrx_word' id='word_1_391' title='bbox 1287 799 1386 833; x_wconf 81' lang='grc' dir='ltr'>ὁμοίως</span> <span class='ocrx_word' id='word_1_392' title='bbox 1409 799 1437 825; x_wconf 78' lang='grc' dir='ltr'>δὲ</span> <span class='ocrx_word' id='word_1_393' title='bbox 1457 799 1503 826; x_wconf 68' lang='grc' dir='ltr'>καὶ</span> <span class='ocrx_word' id='word_1_394' title='bbox 1517 800 1532 826; x_wconf 83' lang='grc' dir='ltr'><strong><em>ὁ</em></strong></span> <span class='ocrx_word' id='word_1_395' title='bbox 1553 799 1702 826; x_wconf 73' lang='grc' dir='ltr'>ἀκολασίαν</span> <span class='ocrx_word' id='word_1_396' title='bbox 1722 799 1842 833; x_wconf 81' lang='grc' dir='ltr'>ἀγαπῶν,</span> 
     </span>
    </p>
   </div>
   <div class='ocr_carea' id='block_1_56' title="bbox 1020 833 1414 881">
    <p class='ocr_par' dir='ltr' id='par_1_56' title="bbox 1020 833 1414 881">
     <span class='ocr_line' id='line_1_56' title="bbox 1020 833 1414 881; baseline 0.003 -10"><span class='ocrx_word' id='word_1_397' title='bbox 1020 833 1041 861; x_wconf 74' lang='grc' dir='ltr'><strong>Β</strong></span> <span class='ocrx_word' id='word_1_398' title='bbox 1056 844 1071 880; x_wconf 86' lang='grc' dir='ltr'>ἢ</span> <span class='ocrx_word' id='word_1_399' title='bbox 1088 845 1197 877; x_wconf 86' lang='grc' dir='ltr'>δειλίαν,</span> <span class='ocrx_word' id='word_1_400' title='bbox 1213 845 1229 881; x_wconf 86' lang='grc' dir='ltr'>ἢ</span> <span class='ocrx_word' id='word_1_401' title='bbox 1248 845 1414 881; x_wconf 78' lang='grc' dir='ltr'>ἀφροσύνην.</span> 
     </span>
    </p>
   </div>
   <div class='ocr_carea' id='block_1_57' title="bbox 1096 890 1843 927">
    <p class='ocr_par' dir='ltr' id='par_1_57' title="bbox 1096 890 1843 927">
     <span class='ocr_line' id='line_1_57' title="bbox 1096 890 1843 927; baseline -0.001 -10"><span class='ocrx_word' id='word_1_402' title='bbox 1096 891 1259 925; x_wconf 77' lang='grc' dir='ltr'><strong>Ἔπιΰρέξει</strong></span> <span class='ocrx_word' id='word_1_403' title='bbox 1278 892 1327 918; x_wconf 75' lang='grc' dir='ltr'><strong>ἐπὶ</strong></span> <span class='ocrx_word' id='word_1_404' title='bbox 1352 892 1545 926; x_wconf 79' lang='grc' dir='ltr'>ἁμαρτωλοὺς</span> <span class='ocrx_word' id='word_1_405' title='bbox 1568 892 1709 927; x_wconf 76' lang='grc' dir='ltr'>παγίδας,</span> <span class='ocrx_word' id='word_1_406' title='bbox 1728 900 1756 917; x_wconf 83' lang='grc' dir='ltr'>κ.</span> <span class='ocrx_word' id='word_1_407' title='bbox 1782 900 1805 917; x_wconf 87' lang='grc' dir='ltr'><strong>τ.</strong></span> <span class='ocrx_word' id='word_1_408' title='bbox 1823 890 1843 916; x_wconf 82' lang='grc' dir='ltr'><strong>ἑ.</strong></span> 
     </span>
    </p>
   </div>
   <div class='ocr_carea' id='block_1_58' title="bbox 1055 936 1844 973">
    <p class='ocr_par' dir='ltr' id='par_1_58' title="bbox 1055 936 1844 973">
     <span class='ocr_line' id='line_1_58' title="bbox 1055 936 1844 973; baseline 0.006 -12"><span class='ocrx_word' id='word_1_409' title='bbox 1055 936 1113 962; x_wconf 87' lang='grc' dir='ltr'>Ἵνα</span> <span class='ocrx_word' id='word_1_410' title='bbox 1134 937 1186 963; x_wconf 73' lang='grc' dir='ltr'><strong>ὑπὸ</strong></span> <span class='ocrx_word' id='word_1_411' title='bbox 1209 938 1257 969; x_wconf 76' lang='grc' dir='ltr'><strong>τὰς</strong></span> <span class='ocrx_word' id='word_1_412' title='bbox 1278 937 1375 965; x_wconf 78' lang='grc' dir='ltr'>ἑαυτοῦ</span> <span class='ocrx_word' id='word_1_413' title='bbox 1396 938 1513 972; x_wconf 80' lang='grc' dir='ltr'>παγίδας</span> <span class='ocrx_word' id='word_1_414' title='bbox 1527 938 1582 973; x_wconf 82' lang='grc'><strong>(99)</strong></span> <span class='ocrx_word' id='word_1_415' title='bbox 1599 939 1719 973; x_wconf 77' lang='grc' dir='ltr'>ποιήσας</span> <span class='ocrx_word' id='word_1_416' title='bbox 1741 938 1844 968; x_wconf 50' lang='lat'><strong>(16109;.</strong></span> 
     </span>
    </p>
   </div>
   <div class='ocr_carea' id='block_1_59' title="bbox 1054 981 1743 1019">
    <p class='ocr_par' dir='ltr' id='par_1_59' title="bbox 1054 981 1743 1019">
     <span class='ocr_line' id='line_1_59' title="bbox 1054 981 1743 1019; baseline 0.001 -11"><span class='ocrx_word' id='word_1_417' title='bbox 1054 981 1100 1008; x_wconf 72' lang='grc' dir='ltr'>καὶ</span> <span class='ocrx_word' id='word_1_418' title='bbox 1115 981 1203 1008; x_wconf 77' lang='grc' dir='ltr'>λαϐὼν</span> <span class='ocrx_word' id='word_1_419' title='bbox 1216 983 1399 1018; x_wconf 79' lang='grc' dir='ltr'><strong>ὑποχειρίους,</strong></span> <span class='ocrx_word' id='word_1_420' title='bbox 1413 984 1580 1019; x_wconf 78' lang='grc' dir='ltr'>οἰκονομήσῃ</span> <span class='ocrx_word' id='word_1_421' title='bbox 1594 983 1633 1014; x_wconf 80' lang='grc' dir='ltr'>ὡς</span> <span class='ocrx_word' id='word_1_422' title='bbox 1647 983 1743 1013; x_wconf 73' lang='grc' dir='ltr'>ἰδίους.</span> 
     </span>
    </p>
   </div>
   <div class='ocr_carea' id='block_1_60' title="bbox 1089 1027 1845 1063">
    <p class='ocr_par' dir='ltr' id='par_1_60' title="bbox 1089 1027 1845 1063">
     <span class='ocr_line' id='line_1_60' title="bbox 1089 1027 1845 1063; baseline 0.003 -10"><span class='ocrx_word' id='word_1_423' title='bbox 1089 1027 1153 1053; x_wconf 82' lang='grc' dir='ltr'>’⁷Οτι</span> <span class='ocrx_word' id='word_1_424' title='bbox 1177 1027 1292 1061; x_wconf 78' lang='grc' dir='ltr'>δίκαιος</span> <span class='ocrx_word' id='word_1_425' title='bbox 1315 1029 1422 1063; x_wconf 79' lang='grc' dir='ltr'>Κύριος</span> <span class='ocrx_word' id='word_1_426' title='bbox 1439 1029 1488 1056; x_wconf 78' lang='grc' dir='ltr'>καὶ</span> <span class='ocrx_word' id='word_1_427' title='bbox 1509 1029 1711 1061; x_wconf 78' lang='grc' dir='ltr'>δικαιοσύνας</span> <span class='ocrx_word' id='word_1_428' title='bbox 1735 1028 1845 1062; x_wconf 68' lang='grc' dir='ltr'><strong>ἠγάπη-</strong></span> 
     </span>
    </p>
   </div>
   <div class='ocr_carea' id='block_1_61' title="bbox 1053 1073 1845 1109">
    <p class='ocr_par' dir='ltr' id='par_1_61' title="bbox 1053 1073 1845 1109">
     <span class='ocr_line' id='line_1_61' title="bbox 1053 1073 1845 1109; baseline 0 -10"><span class='ocrx_word' id='word_1_429' title='bbox 1053 1080 1119 1105; x_wconf 63' lang='grc' dir='ltr'>σεν,</span> <span class='ocrx_word' id='word_1_430' title='bbox 1141 1081 1167 1100; x_wconf 83' lang='grc' dir='ltr'>κ.</span> <span class='ocrx_word' id='word_1_431' title='bbox 1193 1082 1218 1100; x_wconf 85' lang='grc' dir='ltr'>τ.</span> <span class='ocrx_word' id='word_1_432' title='bbox 1244 1074 1267 1100; x_wconf 79' lang='grc' dir='ltr'>ὲ.</span> <span class='ocrx_word' id='word_1_433' title='bbox 1293 1074 1471 1105; x_wconf 83' lang='grc' dir='ltr'>Δικαιοσύνας</span> <span class='ocrx_word' id='word_1_434' title='bbox 1489 1073 1528 1109; x_wconf 80' lang='grc' dir='ltr'><strong>(Ι)</strong></span> <span class='ocrx_word' id='word_1_435' title='bbox 1548 1075 1611 1106; x_wconf 80' lang='grc' dir='ltr'>τοὺς</span> <span class='ocrx_word' id='word_1_436' title='bbox 1635 1073 1760 1105; x_wconf 73' lang='grc' dir='ltr'><strong>δικαίους</strong></span> <span class='ocrx_word' id='word_1_437' title='bbox 1778 1073 1845 1107; x_wconf 79' lang='grc' dir='ltr'>λέγει</span> 
     </span>
    </p>
   </div>
   <div class='ocr_carea' id='block_1_62' title="bbox 1053 1118 1844 1156">
    <p class='ocr_par' dir='ltr' id='par_1_62' title="bbox 1053 1118 1844 1156">
     <span class='ocr_line' id='line_1_62' title="bbox 1053 1118 1844 1156; baseline 0 -11"><span class='ocrx_word' id='word_1_438' title='bbox 1053 1118 1107 1145; x_wconf 65' lang='grc' dir='ltr'><strong>ἀπὸ</strong></span> <span class='ocrx_word' id='word_1_439' title='bbox 1133 1119 1183 1154; x_wconf 81' lang='grc' dir='ltr'>τῆς</span> <span class='ocrx_word' id='word_1_440' title='bbox 1206 1119 1332 1155; x_wconf 76' lang='grc' dir='ltr'>πράξεως</span> <span class='ocrx_word' id='word_1_441' title='bbox 1357 1120 1455 1151; x_wconf 76' lang='grc' dir='ltr'>αὐτοὺς</span> <span class='ocrx_word' id='word_1_442' title='bbox 1479 1121 1626 1156; x_wconf 80' lang='grc' dir='ltr'>ὀνομάσας.</span> <span class='ocrx_word' id='word_1_443' title='bbox 1650 1120 1781 1147; x_wconf 74' lang='grc' dir='ltr'>Τοιοῦτον</span> <span class='ocrx_word' id='word_1_444' title='bbox 1792 1120 1844 1147; x_wconf 74' lang='grc' dir='ltr'>καῖ’</span> 
     </span>
    </p>
   </div>
   <div class='ocr_carea' id='block_1_63' title="bbox 1057 1165 1844 1201">
    <p class='ocr_par' dir='ltr' id='par_1_63' title="bbox 1057 1165 1844 1201">
     <span class='ocr_line' id='line_1_63' title="bbox 1057 1165 1844 1201; baseline 0 -11"><span class='ocrx_word' id='word_1_445' title='bbox 1057 1173 1064 1189; x_wconf 93' lang='grc' dir='ltr'><strong>ι</strong></span> <span class='ocrx_word' id='word_1_446' title='bbox 1096 1165 1128 1190; x_wconf 82' lang='lat' dir='ltr'><strong>&#39;ll</strong></span> <span class='ocrx_word' id='word_1_447' title='bbox 1145 1165 1239 1200; x_wconf 82' lang='grc' dir='ltr'>ἀγάπη</span> <span class='ocrx_word' id='word_1_448' title='bbox 1251 1166 1280 1191; x_wconf 88' lang='grc' dir='ltr'>οὐ</span> <span class='ocrx_word' id='word_1_449' title='bbox 1296 1165 1496 1201; x_wconf 81' lang='grc' dir='ltr'>περισσεύεται,</span> <span class='ocrx_word' id='word_1_450' title='bbox 1516 1175 1525 1191; x_wconf 79' lang='grc' dir='ltr'>ι</span> <span class='ocrx_word' id='word_1_451' title='bbox 1539 1166 1599 1192; x_wconf 79' lang='grc' dir='ltr'>ἀντὶ</span> <span class='ocrx_word' id='word_1_452' title='bbox 1612 1165 1673 1198; x_wconf 77' lang='grc' dir='ltr'>τοῦ,</span> <span class='ocrx_word' id='word_1_453' title='bbox 1685 1167 1701 1192; x_wconf 79' lang='grc' dir='ltr'><strong>ὁ</strong></span> <span class='ocrx_word' id='word_1_454' title='bbox 1717 1166 1787 1200; x_wconf 72' lang='grc' dir='ltr'>ἔχων</span> <span class='ocrx_word' id='word_1_455' title='bbox 1800 1165 1844 1200; x_wconf 74' lang='grc' dir='ltr'>τὴν</span> 
     </span>
    </p>
   </div>
   <div class='ocr_carea' id='block_1_64' title="bbox 1055 1211 1172 1245">
    <p class='ocr_par' dir='ltr' id='par_1_64' title="bbox 1055 1211 1172 1245">
     <span class='ocr_line' id='line_1_64' title="bbox 1055 1211 1172 1245; baseline 0 -9"><span class='ocrx_word' id='word_1_456' title='bbox 1055 1211 1172 1245; x_wconf 75' lang='grc' dir='ltr'>ἀγάπην.</span> 
     </span>
    </p>
   </div>
   <div class='ocr_carea' id='block_1_65' title="bbox 1339 1328 1558 1363">
    <p class='ocr_par' dir='ltr' id='par_1_65' title="bbox 1339 1328 1558 1363">
     <span class='ocr_line' id='line_1_65' title="bbox 1339 1328 1558 1363; baseline 0 -1"><span class='ocrx_word' id='word_1_457' title='bbox 1339 1328 1484 1363; x_wconf 63' lang='lat' dir='ltr'><strong>summa:</strong></span> <span class='ocrx_word' id='word_1_458' title='bbox 1508 1337 1558 1362; x_wconf 89' lang='lat' dir='ltr'><strong>lA&#39;.</strong></span> 
     </span>
    </p>
   </div>
   <div class='ocr_carea' id='block_1_66' title="bbox 1087 1381 1840 1416">
    <p class='ocr_par' dir='ltr' id='par_1_66' title="bbox 1087 1381 1840 1416">
     <span class='ocr_line' id='line_1_66' title="bbox 1087 1381 1840 1416; baseline 0.003 -8"><span class='ocrx_word' id='word_1_459' title='bbox 1087 1381 1192 1408; x_wconf 83' lang='grc' dir='ltr'><strong>Σὼσόν</strong></span> <span class='ocrx_word' id='word_1_460' title='bbox 1204 1390 1252 1416; x_wconf 79' lang='grc' dir='ltr'><strong>με,</strong></span> <span class='ocrx_word' id='word_1_461' title='bbox 1268 1383 1365 1416; x_wconf 79' lang='grc' dir='ltr'>Κύριε,</span> <span class='ocrx_word' id='word_1_462' title='bbox 1379 1382 1422 1409; x_wconf 70' lang='grc' dir='ltr'>ὅτι</span> <span class='ocrx_word' id='word_1_463' title='bbox 1432 1381 1612 1409; x_wconf 70' lang='grc' dir='ltr'>ἐκλέλοιπεν</span> <span class='ocrx_word' id='word_1_464' title='bbox 1623 1383 1722 1415; x_wconf 77' lang='grc' dir='ltr'>ὅσιος,</span> <span class='ocrx_word' id='word_1_465' title='bbox 1737 1392 1763 1410; x_wconf 84' lang='grc' dir='ltr'>κ.</span> <span class='ocrx_word' id='word_1_466' title='bbox 1782 1392 1806 1410; x_wconf 78' lang='grc' dir='ltr'>τ.</span> <span class='ocrx_word' id='word_1_467' title='bbox 1820 1384 1840 1410; x_wconf 86' lang='grc' dir='ltr'>ὲ.</span> 
     </span>
    </p>
   </div>
   <div class='ocr_carea' id='block_1_67' title="bbox 1058 1427 1840 1464">
    <p class='ocr_par' dir='ltr' id='par_1_67' title="bbox 1058 1427 1840 1464">
     <span class='ocr_line' id='line_1_67' title="bbox 1058 1427 1840 1464; baseline 0.004 -11"><span class='ocrx_word' id='word_1_468' title='bbox 1058 1427 1243 1459; x_wconf 78' lang='grc' dir='ltr'>Ἐκλείποντος</span> <span class='ocrx_word' id='word_1_469' title='bbox 1254 1427 1328 1456; x_wconf 75' lang='grc' dir='ltr'>ὁσίου</span> <span class='ocrx_word' id='word_1_470' title='bbox 1347 1428 1395 1463; x_wconf 72' lang='grc' dir='ltr'><strong>(Ξ),</strong></span> <span class='ocrx_word' id='word_1_471' title='bbox 1414 1427 1552 1463; x_wconf 84' lang='grc' dir='ltr'><strong>σωτηρίας</strong></span> <span class='ocrx_word' id='word_1_472' title='bbox 1567 1428 1654 1455; x_wconf 80' lang='grc' dir='ltr'>δεῖται</span> <span class='ocrx_word' id='word_1_473' title='bbox 1670 1429 1710 1460; x_wconf 74' lang='grc' dir='ltr'>ὡς</span> <span class='ocrx_word' id='word_1_474' title='bbox 1723 1429 1840 1464; x_wconf 74' lang='grc' dir='ltr'>χαλεπώ-</span> 
     </span>
    </p>
   </div>
   <div class='ocr_carea' id='block_1_68' title="bbox 1050 1474 1839 1510">
    <p class='ocr_par' dir='ltr' id='par_1_68' title="bbox 1050 1474 1839 1510">
     <span class='ocr_line' id='line_1_68' title="bbox 1050 1474 1839 1510; baseline 0 -10"><span class='ocrx_word' id='word_1_475' title='bbox 1050 1482 1130 1509; x_wconf 83' lang='grc' dir='ltr'>τερον</span> <span class='ocrx_word' id='word_1_476' title='bbox 1143 1475 1363 1509; x_wconf 79' lang='grc' dir='ltr'>περιγενόμενος.</span> <span class='ocrx_word' id='word_1_477' title='bbox 1382 1484 1390 1500; x_wconf 90' lang='grc' dir='ltr'><strong>ι</strong></span> <span class='ocrx_word' id='word_1_478' title='bbox 1409 1475 1469 1501; x_wconf 86' lang='grc' dir='ltr'><strong>Ὅτι</strong></span> <span class='ocrx_word' id='word_1_479' title='bbox 1481 1474 1661 1510; x_wconf 82' lang='grc' dir='ltr'>ὼλιγώθησαν</span> <span class='ocrx_word' id='word_1_480' title='bbox 1679 1477 1707 1502; x_wconf 77' lang='grc' dir='ltr'>αἱ</span> <span class='ocrx_word' id='word_1_481' title='bbox 1725 1475 1839 1510; x_wconf 62' lang='grc' dir='ltr'>ἀλήθευε</span> 
     </span>
    </p>
   </div>
   <div class='ocr_carea' id='block_1_69' title="bbox 1051 1519 1841 1556">
    <p class='ocr_par' dir='ltr' id='par_1_69' title="bbox 1051 1519 1841 1556">
     <span class='ocr_line' id='line_1_69' title="bbox 1051 1519 1841 1556; baseline 0.001 -11"><span class='ocrx_word' id='word_1_482' title='bbox 1051 1519 1105 1545; x_wconf 78' lang='grc' dir='ltr'>ἀπὸ</span> <span class='ocrx_word' id='word_1_483' title='bbox 1121 1519 1174 1546; x_wconf 80' lang='grc' dir='ltr'>τῶν</span> <span class='ocrx_word' id='word_1_484' title='bbox 1189 1520 1253 1546; x_wconf 75' lang='grc' dir='ltr'>υἱῶν</span> <span class='ocrx_word' id='word_1_485' title='bbox 1265 1519 1318 1547; x_wconf 82' lang='grc' dir='ltr'>τῶν</span> <span class='ocrx_word' id='word_1_486' title='bbox 1335 1519 1495 1555; x_wconf 81' lang='grc' dir='ltr'>ἀνθρώπων.</span> <span class='ocrx_word' id='word_1_487' title='bbox 1516 1530 1524 1546; x_wconf 74' lang='grc' dir='ltr'>ι</span> <span class='ocrx_word' id='word_1_488' title='bbox 1542 1521 1573 1547; x_wconf 79' lang='grc' dir='ltr'><strong>Εἰ</strong></span> <span class='ocrx_word' id='word_1_489' title='bbox 1584 1521 1609 1546; x_wconf 83' lang='grc' dir='ltr'>οἱ</span> <span class='ocrx_word' id='word_1_490' title='bbox 1625 1521 1676 1556; x_wconf 83' lang='grc' dir='ltr'>μὲν</span> <span class='ocrx_word' id='word_1_491' title='bbox 1691 1522 1761 1548; x_wconf 79' lang='grc' dir='ltr'>ὅσιοι</span> <span class='ocrx_word' id='word_1_492' title='bbox 1771 1520 1841 1547; x_wconf 77' lang='grc' dir='ltr'>ἐκλε-</span> 
     </span>
    </p>
   </div>
   <div class='ocr_carea' id='block_1_70' title="bbox 1050 1565 1841 1602">
    <p class='ocr_par' dir='ltr' id='par_1_70' title="bbox 1050 1565 1841 1602">
     <span class='ocr_line' id='line_1_70' title="bbox 1050 1565 1841 1602; baseline 0 -11"><span class='ocrx_word' id='word_1_493' title='bbox 1050 1565 1185 1597; x_wconf 83' lang='grc' dir='ltr'>λοίπασιν,</span> <span class='ocrx_word' id='word_1_494' title='bbox 1204 1567 1231 1592; x_wconf 71' lang='grc' dir='ltr'>αἱ</span> <span class='ocrx_word' id='word_1_495' title='bbox 1246 1565 1274 1592; x_wconf 82' lang='grc' dir='ltr'>δὲ</span> <span class='ocrx_word' id='word_1_496' title='bbox 1290 1565 1416 1601; x_wconf 81' lang='grc' dir='ltr'>ἀλήθειαι</span> <span class='ocrx_word' id='word_1_497' title='bbox 1430 1566 1620 1601; x_wconf 79' lang='grc' dir='ltr'>ὡλιγώθησαν,</span> <span class='ocrx_word' id='word_1_498' title='bbox 1634 1567 1685 1592; x_wconf 74' lang='grc' dir='ltr'>οὐκ</span> <span class='ocrx_word' id='word_1_499' title='bbox 1704 1567 1734 1593; x_wconf 84' lang='grc' dir='ltr'>ὲν</span> <span class='ocrx_word' id='word_1_500' title='bbox 1754 1567 1841 1602; x_wconf 77' lang='grc' dir='ltr'>μόνοις</span> 
     </span>
    </p>
   </div>
   <div class='ocr_carea' id='block_1_71' title="bbox 1050 1611 1842 1648">
    <p class='ocr_par' dir='ltr' id='par_1_71' title="bbox 1050 1611 1842 1648">
     <span class='ocr_line' id='line_1_71' title="bbox 1050 1611 1842 1648; baseline 0.001 -10"><span class='ocrx_word' id='word_1_501' title='bbox 1050 1614 1106 1644; x_wconf 81' lang='grc' dir='ltr'>τοῖς</span> <span class='ocrx_word' id='word_1_502' title='bbox 1131 1612 1215 1644; x_wconf 81' lang='grc' dir='ltr'>ὁσίοις</span> <span class='ocrx_word' id='word_1_503' title='bbox 1243 1613 1270 1638; x_wconf 71' lang='grc' dir='ltr'>αἱ</span> <span class='ocrx_word' id='word_1_504' title='bbox 1294 1611 1429 1647; x_wconf 84' lang='grc' dir='ltr'>ἀλήθειαι,</span> <span class='ocrx_word' id='word_1_505' title='bbox 1453 1612 1500 1639; x_wconf 81' lang='grc' dir='ltr'>καὶ</span> <span class='ocrx_word' id='word_1_506' title='bbox 1523 1613 1573 1638; x_wconf 79' lang='grc' dir='ltr'>οὐκ</span> <span class='ocrx_word' id='word_1_507' title='bbox 1589 1612 1619 1639; x_wconf 83' lang='grc' dir='ltr'>ὲν</span> <span class='ocrx_word' id='word_1_508' title='bbox 1637 1614 1695 1644; x_wconf 80' lang='grc' dir='ltr'>τοῖς</span> <span class='ocrx_word' id='word_1_509' title='bbox 1718 1612 1842 1648; x_wconf 60' lang='grc' dir='ltr'>ἀληθέσιν</span> 
     </span>
    </p>
   </div>
   <div class='ocr_carea' id='block_1_72' title="bbox 1050 1657 1843 1695">
    <p class='ocr_par' dir='ltr' id='par_1_72' title="bbox 1050 1657 1843 1695">
     <span class='ocr_line' id='line_1_72' title="bbox 1050 1657 1843 1695; baseline -0.001 -10"><span class='ocrx_word' id='word_1_510' title='bbox 1050 1659 1168 1695; x_wconf 77' lang='grc' dir='ltr'>ὁσιότης.</span> <span class='ocrx_word' id='word_1_511' title='bbox 1190 1658 1245 1684; x_wconf 79' lang='grc' dir='ltr'><strong>Καὶ</strong></span> <span class='ocrx_word' id='word_1_512' title='bbox 1262 1657 1355 1693; x_wconf 77' lang='grc' dir='ltr'>ἐπειδὴ</span> <span class='ocrx_word' id='word_1_513' title='bbox 1371 1659 1396 1684; x_wconf 74' lang='grc' dir='ltr'>οἱ</span> <span class='ocrx_word' id='word_1_514' title='bbox 1412 1658 1479 1684; x_wconf 82' lang='grc' dir='ltr'>ὅσιοι</span> <span class='ocrx_word' id='word_1_515' title='bbox 1502 1657 1685 1690; x_wconf 81' lang='grc' dir='ltr'>ἐκλελοίπασι,</span> <span class='ocrx_word' id='word_1_516' title='bbox 1703 1658 1747 1684; x_wconf 78' lang='grc' dir='ltr'>διὰ</span> <span class='ocrx_word' id='word_1_517' title='bbox 1768 1658 1843 1685; x_wconf 75' lang='grc' dir='ltr'>τοῦτο</span> 
     </span>
    </p>
   </div>
   <div class='ocr_carea' id='block_1_73' title="bbox 1049 1703 1842 1740">
    <p class='ocr_par' dir='ltr' id='par_1_73' title="bbox 1049 1703 1842 1740">
     <span class='ocr_line' id='line_1_73' title="bbox 1049 1703 1842 1740; baseline 0 -10"><span class='ocrx_word' id='word_1_518' title='bbox 1049 1704 1228 1740; x_wconf 84' lang='grc' dir='ltr'>ὠλιγώθησαν</span> <span class='ocrx_word' id='word_1_519' title='bbox 1252 1704 1280 1730; x_wconf 81' lang='grc' dir='ltr'>αἱ</span> <span class='ocrx_word' id='word_1_520' title='bbox 1299 1703 1433 1739; x_wconf 79' lang='grc' dir='ltr'>ἀλήθειαι.</span> <span class='ocrx_word' id='word_1_521' title='bbox 1457 1704 1512 1730; x_wconf 81' lang='grc' dir='ltr'>Καὶ</span> <span class='ocrx_word' id='word_1_522' title='bbox 1527 1703 1598 1738; x_wconf 83' lang='grc' dir='ltr'>τάχα</span> <span class='ocrx_word' id='word_1_523' title='bbox 1624 1705 1641 1739; x_wconf 84' lang='grc' dir='ltr'>ὴ</span> <span class='ocrx_word' id='word_1_524' title='bbox 1667 1704 1767 1736; x_wconf 79' lang='grc' dir='ltr'>σπάνις</span> <span class='ocrx_word' id='word_1_525' title='bbox 1791 1704 1842 1732; x_wconf 73' lang='grc' dir='ltr'>τῶν</span> 
     </span>
    </p>
   </div>
   <div class='ocr_carea' id='block_1_74' title="bbox 1049 1749 1841 1786">
    <p class='ocr_par' dir='ltr' id='par_1_74' title="bbox 1049 1749 1841 1786">
     <span class='ocr_line' id='line_1_74' title="bbox 1049 1749 1841 1786; baseline 0.001 -9"><span class='ocrx_word' id='word_1_526' title='bbox 1049 1751 1130 1777; x_wconf 81' lang='grc' dir='ltr'>ὁσίων</span> <span class='ocrx_word' id='word_1_527' title='bbox 1158 1749 1231 1777; x_wconf 84' lang='grc' dir='ltr'>αἰτία</span> <span class='ocrx_word' id='word_1_528' title='bbox 1248 1750 1342 1784; x_wconf 78' lang='grc' dir='ltr'>γέγονε</span> <span class='ocrx_word' id='word_1_529' title='bbox 1370 1751 1423 1777; x_wconf 85' lang='grc' dir='ltr'>τῶν</span> <span class='ocrx_word' id='word_1_530' title='bbox 1445 1750 1550 1778; x_wconf 83' lang='grc' dir='ltr'>πολλῶν</span> <span class='ocrx_word' id='word_1_531' title='bbox 1575 1749 1678 1777; x_wconf 79' lang='grc' dir='ltr'>τούτων</span> <span class='ocrx_word' id='word_1_532' title='bbox 1698 1751 1841 1786; x_wconf 74' lang='grc' dir='ltr'>αἱρέσεων.</span> 
     </span>
    </p>
   </div>
   <div class='ocr_carea' id='block_1_75' title="bbox 1049 1796 1842 1833">
    <p class='ocr_par' dir='ltr' id='par_1_75' title="bbox 1049 1796 1842 1833">
     <span class='ocr_line' id='line_1_75' title="bbox 1049 1796 1842 1833; baseline -0.001 -10"><span class='ocrx_word' id='word_1_533' title='bbox 1049 1796 1125 1824; x_wconf 81' lang='grc' dir='ltr'>Μετὰ</span> <span class='ocrx_word' id='word_1_534' title='bbox 1140 1796 1215 1823; x_wconf 79' lang='grc' dir='ltr'>δόλου</span> <span class='ocrx_word' id='word_1_535' title='bbox 1239 1796 1363 1832; x_wconf 78' lang='grc' dir='ltr'>ἀλλήλοις</span> <span class='ocrx_word' id='word_1_536' title='bbox 1379 1797 1630 1832; x_wconf 78' lang='grc' dir='ltr'>προσδιαλέγονται,</span> <span class='ocrx_word' id='word_1_537' title='bbox 1651 1796 1696 1823; x_wconf 81' lang='grc' dir='ltr'><strong>διὰ</strong></span> <span class='ocrx_word' id='word_1_538' title='bbox 1717 1797 1842 1833; x_wconf 72' lang='grc' dir='ltr'>πονηρῶν</span> 
     </span>
    </p>
   </div>
   <div class='ocr_carea' id='block_1_76' title="bbox 1049 1842 1843 1878">
    <p class='ocr_par' dir='ltr' id='par_1_76' title="bbox 1049 1842 1843 1878">
     <span class='ocr_line' id='line_1_76' title="bbox 1049 1842 1843 1878; baseline -0.001 -9"><span class='ocrx_word' id='word_1_539' title='bbox 1049 1843 1160 1878; x_wconf 85' lang='grc' dir='ltr'>χειλέων</span> <span class='ocrx_word' id='word_1_540' title='bbox 1181 1843 1221 1874; x_wconf 82' lang='grc' dir='ltr'><strong>είς</strong></span> <span class='ocrx_word' id='word_1_541' title='bbox 1243 1842 1291 1878; x_wconf 81' lang='grc' dir='ltr'>τὴν</span> <span class='ocrx_word' id='word_1_542' title='bbox 1309 1842 1431 1878; x_wconf 74' lang='grc' dir='ltr'>ἀλλήλων</span> <span class='ocrx_word' id='word_1_543' title='bbox 1456 1842 1569 1878; x_wconf 86' lang='grc' dir='ltr'>καρδίαν</span> <span class='ocrx_word' id='word_1_544' title='bbox 1588 1842 1623 1869; x_wconf 88' lang='grc' dir='ltr'><strong>τά</strong></span> <span class='ocrx_word' id='word_1_545' title='bbox 1645 1842 1733 1878; x_wconf 73' lang='grc' dir='ltr'>ψευδῆ</span> <span class='ocrx_word' id='word_1_546' title='bbox 1756 1851 1843 1878; x_wconf 81' lang='grc' dir='ltr'>παρα-</span> 
     </span>
    </p>
   </div>
   <div class='ocr_carea' id='block_1_77' title="bbox 1049 1887 1840 1924">
    <p class='ocr_par' dir='ltr' id='par_1_77' title="bbox 1049 1887 1840 1924">
     <span class='ocr_line' id='line_1_77' title="bbox 1049 1887 1840 1924; baseline 0 -9"><span class='ocrx_word' id='word_1_547' title='bbox 1049 1889 1220 1924; x_wconf 78' lang='grc' dir='ltr'>πέμποντες·</span> <span class='ocrx_word' id='word_1_548' title='bbox 1244 1888 1288 1915; x_wconf 81' lang='grc' dir='ltr'>ὅτε</span> <span class='ocrx_word' id='word_1_549' title='bbox 1311 1888 1339 1914; x_wconf 83' lang='grc' dir='ltr'>δὲ</span> <span class='ocrx_word' id='word_1_550' title='bbox 1357 1888 1422 1924; x_wconf 77' lang='grc' dir='ltr'>περὶ</span> <span class='ocrx_word' id='word_1_551' title='bbox 1443 1887 1542 1922; x_wconf 72' lang='grc' dir='ltr'>γνῶσιν</span> <span class='ocrx_word' id='word_1_552' title='bbox 1566 1888 1616 1914; x_wconf 82' lang='grc' dir='ltr'>οὐκ</span> <span class='ocrx_word' id='word_1_553' title='bbox 1639 1889 1840 1924; x_wconf 59' lang='grc' dir='ltr'>ἀηολοόμεθα.</span> 
     </span>
    </p>
   </div>
   <div class='ocr_carea' id='block_1_78' title="bbox 1048 1932 1392 1969">
    <p class='ocr_par' dir='ltr' id='par_1_78' title="bbox 1048 1932 1392 1969">
     <span class='ocr_line' id='line_1_78' title="bbox 1048 1932 1392 1969; baseline 0 -10"><span class='ocrx_word' id='word_1_554' title='bbox 1048 1933 1200 1968; x_wconf 74' lang='grc' dir='ltr'>ὀλιγοῦνται</span> <span class='ocrx_word' id='word_1_555' title='bbox 1217 1934 1245 1960; x_wconf 85' lang='grc' dir='ltr'>αῐ</span> <span class='ocrx_word' id='word_1_556' title='bbox 1257 1932 1392 1969; x_wconf 84' lang='grc' dir='ltr'>ἁλήθειαι.</span> 
     </span>
    </p>
   </div>
   <div class='ocr_carea' id='block_1_79' title="bbox 1083 1978 1840 2016">
    <p class='ocr_par' dir='ltr' id='par_1_79' title="bbox 1083 1978 1840 2016">
     <span class='ocr_line' id='line_1_79' title="bbox 1083 1978 1840 2016; baseline 0.005 -11"><span class='ocrx_word' id='word_1_557' title='bbox 1083 1978 1198 2006; x_wconf 83' lang='grc' dir='ltr'>Μάταια</span> <span class='ocrx_word' id='word_1_558' title='bbox 1218 1978 1372 2012; x_wconf 74' lang='grc' dir='ltr'>ἐλάλησεν</span> <span class='ocrx_word' id='word_1_559' title='bbox 1389 1979 1518 2012; x_wconf 75' lang='grc' dir='ltr'>ἕκαστος</span> <span class='ocrx_word' id='word_1_560' title='bbox 1537 1980 1614 2014; x_wconf 77' lang='grc' dir='ltr'>πρὸς</span> <span class='ocrx_word' id='word_1_561' title='bbox 1634 1980 1690 2008; x_wconf 81' lang='grc' dir='ltr'><strong>τὸν</strong></span> <span class='ocrx_word' id='word_1_562' title='bbox 1706 1982 1840 2016; x_wconf 67' lang='grc' dir='ltr'>πλησίον</span> 
     </span>
    </p>
   </div>
   <div class='ocr_carea' id='block_1_80' title="bbox 1047 2024 1837 2062">
    <p class='ocr_par' dir='ltr' id='par_1_80' title="bbox 1047 2024 1837 2062">
     <span class='ocr_line' id='line_1_80' title="bbox 1047 2024 1837 2062; baseline 0.003 -10"><span class='ocrx_word' id='word_1_563' title='bbox 1047 2025 1151 2057; x_wconf 80' lang='grc' dir='ltr'>αὐτοῦ,</span> <span class='ocrx_word' id='word_1_564' title='bbox 1164 2034 1191 2052; x_wconf 88' lang='grc' dir='ltr'><strong>κ.</strong></span> <span class='ocrx_word' id='word_1_565' title='bbox 1205 2034 1230 2052; x_wconf 82' lang='grc' dir='ltr'>τ.</span> <span class='ocrx_word' id='word_1_566' title='bbox 1250 2025 1272 2052; x_wconf 78' lang='grc' dir='ltr'>ὲ.</span> <span class='ocrx_word' id='word_1_567' title='bbox 1287 2025 1336 2051; x_wconf 87' lang='grc' dir='ltr'><strong>Διὰ</strong></span> <span class='ocrx_word' id='word_1_568' title='bbox 1348 2024 1426 2051; x_wconf 79' lang='grc' dir='ltr'>τοῦτο</span> <span class='ocrx_word' id='word_1_569' title='bbox 1440 2025 1477 2061; x_wconf 80' lang='grc'><strong>(5)</strong></span> <span class='ocrx_word' id='word_1_570' title='bbox 1491 2026 1559 2061; x_wconf 89' lang='grc' dir='ltr'>μήτε</span> <span class='ocrx_word' id='word_1_571' title='bbox 1573 2026 1659 2060; x_wconf 77' lang='grc' dir='ltr'>λόγον</span> <span class='ocrx_word' id='word_1_572' title='bbox 1669 2027 1756 2062; x_wconf 76' lang='grc' dir='ltr'>ἀργὸν</span> <span class='ocrx_word' id='word_1_573' title='bbox 1771 2028 1837 2062; x_wconf 78' lang='grc' dir='ltr'>εικῆ.</span> 
     </span>
    </p>
   </div>
   <div class='ocr_carea' id='block_1_81' title="bbox 205 2068 988 2107">
    <p class='ocr_par' dir='ltr' id='par_1_81' title="bbox 205 2068 988 2103">
     <span class='ocr_line' id='line_1_81' title="bbox 205 2068 988 2103; baseline -0.004 -5"><span class='ocrx_word' id='word_1_574' title='bbox 205 2077 368 2102; x_wconf 85' lang='lat' dir='ltr'><strong>sermonem,</strong></span> <span class='ocrx_word' id='word_1_575' title='bbox 383 2076 468 2102; x_wconf 87' lang='lat' dir='ltr'><strong>neque</strong></span> <span class='ocrx_word' id='word_1_576' title='bbox 485 2068 671 2102; x_wconf 86' lang='lat' dir='ltr'><strong>blaspltemum</strong></span> <span class='ocrx_word' id='word_1_577' title='bbox 686 2088 693 2100; x_wconf 88' lang='lat'><strong>,</strong></span> <span class='ocrx_word' id='word_1_578' title='bbox 710 2075 798 2102; x_wconf 90' lang='lat' dir='ltr'><strong>neque</strong></span> <span class='ocrx_word' id='word_1_579' title='bbox 815 2068 925 2096; x_wconf 92' lang='lat' dir='ltr'><strong>omnino</strong></span> <span class='ocrx_word' id='word_1_580' title='bbox 948 2071 988 2103; x_wconf 80' lang='lat' dir='ltr'><strong><em>qu‘</em></strong></span> 
     </span>
    </p>
   </div>
   <div class='ocr_carea' id='block_1_82' title="bbox 1089 2068 1839 2107">
    <p class='ocr_par' dir='ltr' id='par_1_82' title="bbox 1089 2069 1839 2107">
     <span class='ocr_line' id='line_1_82' title="bbox 1089 2069 1839 2107; baseline 0.004 -11"><span class='ocrx_word' id='word_1_581' title='bbox 1089 2079 1117 2097; x_wconf 84' lang='grc' dir='ltr'><strong>τε</strong></span> <span class='ocrx_word' id='word_1_582' title='bbox 1130 2070 1298 2105; x_wconf 79' lang='grc' dir='ltr'>βλάσφημον,</span> <span class='ocrx_word' id='word_1_583' title='bbox 1312 2069 1328 2105; x_wconf 86' lang='grc' dir='ltr'>ἢ</span> <span class='ocrx_word' id='word_1_584' title='bbox 1340 2069 1406 2102; x_wconf 78' lang='grc' dir='ltr'>ὅλως</span> <span class='ocrx_word' id='word_1_585' title='bbox 1417 2070 1566 2105; x_wconf 73' lang='grc' dir='ltr'>ἐπίληπτον</span> <span class='ocrx_word' id='word_1_586' title='bbox 1583 2071 1771 2107; x_wconf 80' lang='grc' dir='ltr'>προσάγωμεν</span> <span class='ocrx_word' id='word_1_587' title='bbox 1787 2075 1839 2104; x_wconf 73' lang='grc' dir='ltr'>τοῖς</span> 
     </span>
    </p>
   </div>
   <div class='ocr_carea' id='block_1_83' title="bbox 206 2114 994 2150">
    <p class='ocr_par' dir='ltr' id='par_1_83' title="bbox 206 2114 994 2150">
     <span class='ocr_line' id='line_1_83' title="bbox 206 2114 994 2150; baseline -0.001 -7"><span class='ocrx_word' id='word_1_588' title='bbox 206 2115 281 2150; x_wconf 90' lang='lat' dir='ltr'><strong>carpi</strong></span> <span class='ocrx_word' id='word_1_589' title='bbox 295 2115 391 2149; x_wconf 80' lang='lat' dir='ltr'><strong>possit,</strong></span> <span class='ocrx_word' id='word_1_590' title='bbox 405 2114 529 2149; x_wconf 85' lang='lat' dir='ltr'><strong>proximo</strong></span> <span class='ocrx_word' id='word_1_591' title='bbox 546 2114 713 2149; x_wconf 78' lang='lat' dir='ltr'><strong>ingeramus.</strong></span> <span class='ocrx_word' id='word_1_592' title='bbox 732 2123 741 2140; x_wconf 87' lang='grc' dir='ltr'><strong>ι</strong></span> <span class='ocrx_word' id='word_1_593' title='bbox 756 2114 840 2142; x_wconf 84' lang='lat' dir='ltr'><strong>Labia</strong></span> <span class='ocrx_word' id='word_1_594' title='bbox 859 2115 949 2142; x_wconf 83' lang='lat' dir='ltr'><strong>dolosa</strong></span> <span class='ocrx_word' id='word_1_595' title='bbox 967 2116 994 2143; x_wconf 91' lang='lat' dir='ltr'><strong><em>in</em></strong></span> 
     </span>
    </p>
   </div>
   <div class='ocr_carea' id='block_1_84' title="bbox 206 2159 992 2196">
    <p class='ocr_par' dir='ltr' id='par_1_84' title="bbox 206 2159 992 2196">
     <span class='ocr_line' id='line_1_84' title="bbox 206 2159 992 2196; baseline 0 -7"><span class='ocrx_word' id='word_1_596' title='bbox 206 2163 286 2189; x_wconf 87' lang='lat' dir='ltr'><strong>corde</strong></span> <span class='ocrx_word' id='word_1_597' title='bbox 296 2165 325 2189; x_wconf 89' lang='lat' dir='ltr'><strong>et</strong></span> <span class='ocrx_word' id='word_1_598' title='bbox 336 2161 417 2188; x_wconf 88' lang='lat' dir='ltr'><strong>corde</strong></span> <span class='ocrx_word' id='word_1_599' title='bbox 430 2159 512 2187; x_wconf 90' lang='lat' dir='ltr'><strong>locuti</strong></span> <span class='ocrx_word' id='word_1_600' title='bbox 529 2164 602 2187; x_wconf 81' lang='lat' dir='ltr'><strong>Sunt.</strong></span> <span class='ocrx_word' id='word_1_601' title='bbox 619 2169 629 2186; x_wconf 70' lang='grc' dir='ltr'>ι</span> <span class='ocrx_word' id='word_1_602' title='bbox 649 2160 784 2194; x_wconf 83' lang='lat' dir='ltr'><strong>Quoniam</strong></span> <span class='ocrx_word' id='word_1_603' title='bbox 807 2161 900 2189; x_wconf 90' lang='lat' dir='ltr'><strong>dolosa</strong></span> <span class='ocrx_word' id='word_1_604' title='bbox 918 2161 992 2196; x_wconf 73' lang='lat' dir='ltr'><strong>cogi-</strong></span> 
     </span>
    </p>
   </div>
   <div class='ocr_carea' id='block_1_85' title="bbox 205 2205 772 2242">
    <p class='ocr_par' dir='ltr' id='par_1_85' title="bbox 205 2205 772 2242">
     <span class='ocr_line' id='line_1_85' title="bbox 205 2205 772 2242; baseline 0.002 -8"><span class='ocrx_word' id='word_1_605' title='bbox 205 2212 341 2240; x_wconf 80' lang='lat' dir='ltr'><strong>taverunt,</strong></span> <span class='ocrx_word' id='word_1_606' title='bbox 360 2211 504 2242; x_wconf 87' lang='lat' dir='ltr'><strong>propterea</strong></span> <span class='ocrx_word' id='word_1_607' title='bbox 519 2213 588 2232; x_wconf 87' lang='lat' dir='ltr'><strong>vana</strong></span> <span class='ocrx_word' id='word_1_608' title='bbox 602 2205 683 2234; x_wconf 87' lang='lat' dir='ltr'><strong>locuti</strong></span> <span class='ocrx_word' id='word_1_609' title='bbox 697 2213 772 2235; x_wconf 88' lang='lat' dir='ltr'><strong>sunt.</strong></span> 
     </span>
    </p>
   </div>
   <div class='ocr_carea' id='block_1_86' title="bbox 241 2252 992 2288">
    <p class='ocr_par' dir='ltr' id='par_1_86' title="bbox 241 2252 992 2288">
     <span class='ocr_line' id='line_1_86' title="bbox 241 2252 992 2288; baseline 0 -7"><span class='ocrx_word' id='word_1_610' title='bbox 241 2253 323 2281; x_wconf 72' lang='lat' dir='ltr'><strong>Vsus.</strong></span> <span class='ocrx_word' id='word_1_611' title='bbox 333 2253 360 2280; x_wconf 73' lang='grc'><strong>4.</strong></span> <span class='ocrx_word' id='word_1_612' title='bbox 375 2252 514 2288; x_wconf 69' lang='lat' dir='ltr'><strong>Ditperdat</strong></span> <span class='ocrx_word' id='word_1_613' title='bbox 529 2253 656 2280; x_wconf 80' lang='lat' dir='ltr'><strong>Dominus</strong></span> <span class='ocrx_word' id='word_1_614' title='bbox 669 2253 790 2280; x_wconf 73' lang='lat' dir='ltr'><strong>universa</strong></span> <span class='ocrx_word' id='word_1_615' title='bbox 804 2253 876 2280; x_wconf 79' lang='lat' dir='ltr'><strong>labia</strong></span> <span class='ocrx_word' id='word_1_616' title='bbox 889 2253 992 2287; x_wconf 74' lang='lat' dir='ltr'><strong>dolosa,</strong></span> 
     </span>
    </p>
   </div>
   <div class='ocr_carea' id='block_1_87' title="bbox 204 2299 993 2336">
    <p class='ocr_par' dir='ltr' id='par_1_87' title="bbox 204 2299 993 2336">
     <span class='ocr_line' id='line_1_87' title="bbox 204 2299 993 2336; baseline 0.003 -10"><span class='ocrx_word' id='word_1_617' title='bbox 204 2304 229 2327; x_wconf 80' lang='lat' dir='ltr'><strong><em>et</em></strong></span> <span class='ocrx_word' id='word_1_618' title='bbox 246 2300 362 2336; x_wconf 77' lang='lat' dir='ltr'><strong>linguam</strong></span> <span class='ocrx_word' id='word_1_619' title='bbox 381 2299 587 2335; x_wconf 83' lang='lat' dir='ltr'><strong>magniloquam,</strong></span> <span class='ocrx_word' id='word_1_620' title='bbox 602 2304 654 2328; x_wconf 91' lang='lat' dir='ltr'><strong>etc.</strong></span> <span class='ocrx_word' id='word_1_621' title='bbox 669 2300 736 2327; x_wconf 92' lang='lat' dir='ltr'><strong>Dum</strong></span> <span class='ocrx_word' id='word_1_622' title='bbox 753 2300 825 2328; x_wconf 88' lang='lat' dir='ltr'><strong>enim</strong></span> <span class='ocrx_word' id='word_1_623' title='bbox 847 2308 906 2335; x_wconf 63' lang='lat' dir='ltr'><strong><em>quae</em></strong></span> <span class='ocrx_word' id='word_1_624' title='bbox 920 2301 993 2328; x_wconf 85' lang='lat' dir='ltr'><strong>dete-</strong></span> 
     </span>
    </p>
   </div>
   <div class='ocr_carea' id='block_1_88' title="bbox 207 2345 995 2381">
    <p class='ocr_par' dir='ltr' id='par_1_88' title="bbox 207 2345 995 2381">
     <span class='ocr_line' id='line_1_88' title="bbox 207 2345 995 2381; baseline 0.003 -8"><span class='ocrx_word' id='word_1_625' title='bbox 207 2346 278 2373; x_wconf 85' lang='lat' dir='ltr'><strong>riora</strong></span> <span class='ocrx_word' id='word_1_626' title='bbox 294 2349 368 2379; x_wconf 88' lang='lat' dir='ltr'><strong>suut,</strong></span> <span class='ocrx_word' id='word_1_627' title='bbox 389 2345 519 2375; x_wconf 87' lang='lat' dir='ltr'><strong>Dominus</strong></span> <span class='ocrx_word' id='word_1_628' title='bbox 539 2346 629 2377; x_wconf 77' lang='lat' dir='ltr'><strong>delet,</strong></span> <span class='ocrx_word' id='word_1_629' title='bbox 661 2346 718 2380; x_wconf 80' lang='lat' dir='ltr'><strong>ipsa</strong></span> <span class='ocrx_word' id='word_1_630' title='bbox 746 2346 885 2381; x_wconf 77' lang='lat' dir='ltr'><strong>dispertiit,</strong></span> <span class='ocrx_word' id='word_1_631' title='bbox 910 2351 941 2374; x_wconf 94' lang='lat' dir='ltr'><strong>ut</strong></span> <span class='ocrx_word' id='word_1_632' title='bbox 961 2347 995 2375; x_wconf 83' lang='lat' dir='ltr'><strong><em>iis</em></strong></span> 
     </span>
    </p>
   </div>
   <div class='ocr_carea' id='block_1_89' title="bbox 205 2392 992 2427">
    <p class='ocr_par' dir='ltr' id='par_1_89' title="bbox 205 2392 992 2427">
     <span class='ocr_line' id='line_1_89' title="bbox 205 2392 992 2427; baseline 0.004 -9"><span class='ocrx_word' id='word_1_633' title='bbox 205 2399 266 2427; x_wconf 63' lang='lat' dir='ltr'><strong>quae</strong></span> <span class='ocrx_word' id='word_1_634' title='bbox 282 2392 479 2427; x_wconf 81' lang='lat' dir='ltr'><strong>superveniunt</strong></span> <span class='ocrx_word' id='word_1_635' title='bbox 492 2392 598 2426; x_wconf 83' lang='lat' dir='ltr'><strong>deletis,</strong></span> <span class='ocrx_word' id='word_1_636' title='bbox 625 2393 712 2427; x_wconf 87' lang='lat' dir='ltr'><strong>pritna</strong></span> <span class='ocrx_word' id='word_1_637' title='bbox 734 2392 781 2420; x_wconf 90' lang='lat' dir='ltr'><strong>Dei</strong></span> <span class='ocrx_word' id='word_1_638' title='bbox 802 2398 927 2421; x_wconf 85' lang='lat' dir='ltr'><strong>creatura</strong></span> <span class='ocrx_word' id='word_1_639' title='bbox 950 2394 992 2423; x_wconf 90' lang='lat' dir='ltr'><strong>cui</strong></span> 
     </span>
    </p>
   </div>
   <div class='ocr_carea' id='block_1_90' title="bbox 204 2438 849 2474">
    <p class='ocr_par' dir='ltr' id='par_1_90' title="bbox 204 2438 849 2474">
     <span class='ocr_line' id='line_1_90' title="bbox 204 2438 849 2474; baseline 0.002 -9"><span class='ocrx_word' id='word_1_640' title='bbox 204 2438 341 2466; x_wconf 75' lang='lat' dir='ltr'><strong>deteriora</strong></span> <span class='ocrx_word' id='word_1_641' title='bbox 355 2442 582 2472; x_wconf 81' lang='lat' dir='ltr'><strong>supervenerant,</strong></span> <span class='ocrx_word' id='word_1_642' title='bbox 598 2438 694 2466; x_wconf 86' lang='lat' dir='ltr'><strong>altiora</strong></span> <span class='ocrx_word' id='word_1_643' title='bbox 708 2438 849 2474; x_wconf 85' lang='lat' dir='ltr'><strong>suscipiat.</strong></span> 
     </span>
    </p>
   </div>
   <div class='ocr_carea' id='block_1_91' title="bbox 243 2558 811 2593">
    <p class='ocr_par' dir='ltr' id='par_1_91' title="bbox 243 2558 811 2593">
     <span class='ocr_line' id='line_1_91' title="bbox 243 2558 811 2593; baseline -0.002 -6"><span class='ocrx_word' id='word_1_644' title='bbox 243 2559 264 2575; x_wconf 86' lang='lat'><strong>&quot;</strong></span> <span class='ocrx_word' id='word_1_645' title='bbox 280 2558 348 2587; x_wconf 86' lang='lat' dir='ltr'><strong>Gen.</strong></span> <span class='ocrx_word' id='word_1_646' title='bbox 370 2565 447 2593; x_wconf 81' lang='lat' dir='ltr'><strong>xvnt,</strong></span> <span class='ocrx_word' id='word_1_647' title='bbox 466 2559 513 2586; x_wconf 76' lang='lat'><strong>25.</strong></span> <span class='ocrx_word' id='word_1_648' title='bbox 551 2559 574 2575; x_wconf 84' lang='grc'><strong>¹⁰</strong></span> <span class='ocrx_word' id='word_1_649' title='bbox 594 2558 603 2585; x_wconf 96' lang='lat' dir='ltr'>I</span> <span class='ocrx_word' id='word_1_650' title='bbox 623 2559 686 2586; x_wconf 87' lang='lat' dir='ltr'><strong>Cor.</strong></span> <span class='ocrx_word' id='word_1_651' title='bbox 705 2566 763 2593; x_wconf 81' lang='lat' dir='ltr'><strong>tun,</strong></span> <span class='ocrx_word' id='word_1_652' title='bbox 784 2559 811 2586; x_wconf 76' lang='grc'><strong>4.</strong></span> 
     </span>
    </p>
   </div>
   <div class='ocr_carea' id='block_1_92' title="bbox 241 2637 989 2680">
    <p class='ocr_par' dir='ltr' id='par_1_92' title="bbox 241 2637 989 2680">
     <span class='ocr_line' id='line_1_92' title="bbox 241 2637 989 2680; baseline 0.004 -16"><span class='ocrx_word' id='word_1_653' title='bbox 241 2637 298 2680; x_wconf 56' lang='lat'><strong>(97)</strong></span> <span class='ocrx_word' id='word_1_654' title='bbox 314 2638 363 2680; x_wconf 79' lang='grc' dir='ltr'><strong>Διρ</strong></span> <span class='ocrx_word' id='word_1_655' title='bbox 374 2637 434 2678; x_wconf 75' lang='grc' dir='ltr'><strong>πᾶς</strong></span> <span class='ocrx_word' id='word_1_656' title='bbox 451 2639 468 2665; x_wconf 86' lang='grc' dir='ltr'><em>ὁ</em></span> <span class='ocrx_word' id='word_1_657' title='bbox 488 2638 674 2674; x_wconf 65' lang='grc' dir='ltr'>ἁμαρτάνω,</span> <span class='ocrx_word' id='word_1_658' title='bbox 689 2643 741 2666; x_wconf 89' lang='lat' dir='ltr'><strong>etc.</strong></span> <span class='ocrx_word' id='word_1_659' title='bbox 762 2638 862 2666; x_wconf 87' lang='lat' dir='ltr'><strong>Catena</strong></span> <span class='ocrx_word' id='word_1_660' title='bbox 883 2639 989 2675; x_wconf 79' lang='lat' dir='ltr'><strong>collegii</strong></span> 
     </span>
    </p>
   </div>
   <div class='ocr_carea' id='block_1_93' title="bbox 205 2680 451 2700">
    <p class='ocr_par' dir='ltr' id='par_1_93' title="bbox 205 2680 451 2700">
     <span class='ocr_line' id='line_1_93' title="bbox 205 2680 451 2700; baseline 0 0"><span class='ocrx_word' id='word_1_661' title='bbox 205 2681 265 2700; x_wconf 79' lang='grc' dir='ltr'>ηυνι</span> <span class='ocrx_word' id='word_1_662' title='bbox 279 2680 451 2700; x_wconf 70' lang='grc' dir='ltr'>υιοιιιειιειθ.</span> 
     </span>
    </p>
   </div>
   <div class='ocr_carea' id='block_1_94' title="bbox 251 2707 811 2743">
    <p class='ocr_par' dir='ltr' id='par_1_94' title="bbox 251 2707 811 2743">
     <span class='ocr_line' id='line_1_94' title="bbox 251 2707 811 2743; baseline 0.005 -9"><span class='ocrx_word' id='word_1_663' title='bbox 251 2709 295 2741; x_wconf 84' lang='lat'><strong>98)</strong></span> <span class='ocrx_word' id='word_1_664' title='bbox 306 2708 370 2734; x_wconf 82' lang='grc' dir='ltr'><strong>Κᾶν</strong></span> <span class='ocrx_word' id='word_1_665' title='bbox 379 2707 423 2743; x_wconf 79' lang='grc' dir='ltr'>μὴ</span> <span class='ocrx_word' id='word_1_666' title='bbox 436 2708 511 2743; x_wconf 75' lang='grc' dir='ltr'>λέγῃ</span> <span class='ocrx_word' id='word_1_667' title='bbox 525 2717 579 2742; x_wconf 88' lang='grc' dir='ltr'>τις,</span> <span class='ocrx_word' id='word_1_668' title='bbox 591 2715 642 2737; x_wconf 89' lang='lat' dir='ltr'><strong>etc.</strong></span> <span class='ocrx_word' id='word_1_669' title='bbox 655 2709 811 2737; x_wconf 87' lang='lat' dir='ltr'><strong>Corderius.</strong></span> 
     </span>
    </p>
   </div>
   <div class='ocr_carea' id='block_1_95' title="bbox 249 2743 989 2780">
    <p class='ocr_par' dir='ltr' id='par_1_95' title="bbox 249 2743 989 2780">
     <span class='ocr_line' id='line_1_95' title="bbox 249 2743 989 2780; baseline 0.004 -11"><span class='ocrx_word' id='word_1_670' title='bbox 249 2743 294 2780; x_wconf 75' lang='lat'><strong>9_9)_</strong></span> <span class='ocrx_word' id='word_1_671' title='bbox 308 2744 514 2780; x_wconf 18' lang='lat' dir='ltr'><strong>“Irajxortgc</strong></span> <span class='ocrx_word' id='word_1_672' title='bbox 531 2744 640 2771; x_wconf 75' lang='grc' dir='ltr'>ἑαυτοῦ</span> <span class='ocrx_word' id='word_1_673' title='bbox 654 2744 791 2780; x_wconf 71' lang='grc' dir='ltr'>παγίδας,</span> <span class='ocrx_word' id='word_1_674' title='bbox 805 2750 858 2772; x_wconf 87' lang='lat' dir='ltr'><strong>ctc.</strong></span> <span class='ocrx_word' id='word_1_675' title='bbox 876 2744 989 2772; x_wconf 63' lang='lat' dir='ltr'><strong>Scltedtn</strong></span> 
     </span>
    </p>
   </div>
   <div class='ocr_carea' id='block_1_96' title="bbox 205 2777 619 2807">
    <p class='ocr_par' dir='ltr' id='par_1_96' title="bbox 205 2777 619 2807">
     <span class='ocr_line' id='line_1_96' title="bbox 205 2777 619 2807; baseline 0.007 -4"><span class='ocrx_word' id='word_1_676' title='bbox 205 2777 307 2807; x_wconf 62' lang='lat' dir='ltr'><strong>Gritliii.</strong></span> <span class='ocrx_word' id='word_1_677' title='bbox 323 2784 349 2804; x_wconf 91' lang='lat' dir='ltr'><strong>et</strong></span> <span class='ocrx_word' id='word_1_678' title='bbox 365 2777 459 2804; x_wconf 72' lang='lat' dir='ltr'><strong>Daniel</strong></span> <span class='ocrx_word' id='word_1_679' title='bbox 474 2779 619 2807; x_wconf 81' lang='lat' dir='ltr'><strong>Barbarus.</strong></span> 
     </span>
    </p>
   </div>
   <div class='ocr_carea' id='block_1_97' title="bbox 239 2812 986 2847">
    <p class='ocr_par' dir='ltr' id='par_1_97' title="bbox 239 2812 986 2847">
     <span class='ocr_line' id='line_1_97' title="bbox 239 2812 986 2847; baseline 0.007 -10"><span class='ocrx_word' id='word_1_680' title='bbox 239 2812 277 2847; x_wconf 79' lang='lat' dir='ltr'><strong>(t)</strong></span> <span class='ocrx_word' id='word_1_681' title='bbox 292 2813 499 2846; x_wconf 80' lang='grc' dir='ltr'>Δικαιοσύνας,</span> <span class='ocrx_word' id='word_1_682' title='bbox 526 2819 578 2841; x_wconf 84' lang='lat' dir='ltr'><strong>etc.</strong></span> <span class='ocrx_word' id='word_1_683' title='bbox 595 2814 701 2841; x_wconf 78' lang='lat' dir='ltr'><strong>Etedcm</strong></span> <span class='ocrx_word' id='word_1_684' title='bbox 724 2815 840 2847; x_wconf 74' lang='lat' dir='ltr'><strong>scltedae,</strong></span> <span class='ocrx_word' id='word_1_685' title='bbox 864 2822 896 2842; x_wconf 80' lang='lat' dir='ltr'><strong>ac</strong></span> <span class='ocrx_word' id='word_1_686' title='bbox 918 2814 986 2842; x_wconf 81' lang='lat' dir='ltr'><strong>Bar-</strong></span> 
     </span>
    </p>
   </div>
   <div class='ocr_carea' id='block_1_98' title="bbox 1047 2113 1838 2153">
    <p class='ocr_par' dir='ltr' id='par_1_98' title="bbox 1047 2113 1838 2153">
     <span class='ocr_line' id='line_1_98' title="bbox 1047 2113 1838 2153; baseline 0.003 -12"><span class='ocrx_word' id='word_1_687' title='bbox 1047 2115 1171 2150; x_wconf 82' lang='grc' dir='ltr'>πλησῐον.</span> <span class='ocrx_word' id='word_1_688' title='bbox 1202 2124 1211 2141; x_wconf 72' lang='grc' dir='ltr'><strong>ι</strong></span> <span class='ocrx_word' id='word_1_689' title='bbox 1238 2114 1321 2149; x_wconf 83' lang='grc' dir='ltr'>Χείλη</span> <span class='ocrx_word' id='word_1_690' title='bbox 1345 2113 1420 2142; x_wconf 82' lang='grc' dir='ltr'>δόλια</span> <span class='ocrx_word' id='word_1_691' title='bbox 1442 2115 1471 2141; x_wconf 82' lang='grc' dir='ltr'>ὲν</span> <span class='ocrx_word' id='word_1_692' title='bbox 1498 2114 1598 2150; x_wconf 66' lang='grc' dir='ltr'>καρδίᾳ</span> <span class='ocrx_word' id='word_1_693' title='bbox 1615 2115 1664 2142; x_wconf 76' lang='grc' dir='ltr'>καὶ</span> <span class='ocrx_word' id='word_1_694' title='bbox 1689 2117 1720 2143; x_wconf 78' lang='grc' dir='ltr'>ὲν</span> <span class='ocrx_word' id='word_1_695' title='bbox 1743 2117 1838 2153; x_wconf 60' lang='grc' dir='ltr'>χαρείᾳ</span> 
     </span>
    </p>
   </div>
   <div class='ocr_carea' id='block_1_99' title="bbox 1047 2161 1835 2198">
    <p class='ocr_par' dir='ltr' id='par_1_99' title="bbox 1047 2161 1835 2198">
     <span class='ocr_line' id='line_1_99' title="bbox 1047 2161 1835 2198; baseline 0.004 -11"><span class='ocrx_word' id='word_1_696' title='bbox 1047 2161 1190 2197; x_wconf 80' lang='grc' dir='ltr'>ἐλάλησαν.</span> <span class='ocrx_word' id='word_1_697' title='bbox 1204 2171 1213 2187; x_wconf 87' lang='grc'><strong>›</strong></span> <span class='ocrx_word' id='word_1_698' title='bbox 1224 2161 1332 2197; x_wconf 81' lang='grc' dir='ltr'>Ἐπειδὴ</span> <span class='ocrx_word' id='word_1_699' title='bbox 1347 2161 1421 2189; x_wconf 85' lang='grc' dir='ltr'>δόλια</span> <span class='ocrx_word' id='word_1_700' title='bbox 1443 2162 1599 2198; x_wconf 82' lang='grc' dir='ltr'>ὲνενύησαν,</span> <span class='ocrx_word' id='word_1_701' title='bbox 1622 2162 1668 2189; x_wconf 89' lang='grc' dir='ltr'><strong>διά</strong></span> <span class='ocrx_word' id='word_1_702' title='bbox 1685 2163 1765 2190; x_wconf 79' lang='grc' dir='ltr'>τοῦτο</span> <span class='ocrx_word' id='word_1_703' title='bbox 1780 2164 1835 2190; x_wconf 58' lang='lat' dir='ltr'><strong>siui-</strong></span> 
     </span>
    </p>
   </div>
   <div class='ocr_carea' id='block_1_100' title="bbox 1046 2207 1339 2243">
    <p class='ocr_par' dir='ltr' id='par_1_100' title="bbox 1046 2207 1339 2243">
     <span class='ocr_line' id='line_1_100' title="bbox 1046 2207 1339 2243; baseline 0 -9"><span class='ocrx_word' id='word_1_704' title='bbox 1046 2207 1132 2243; x_wconf 86' lang='grc' dir='ltr'>λησαν</span> <span class='ocrx_word' id='word_1_705' title='bbox 1146 2208 1339 2243; x_wconf 82' lang='grc' dir='ltr'>ματαιότητας.</span> 
     </span>
    </p>
   </div>
   <div class='ocr_carea' id='block_1_101' title="bbox 1089 2254 1836 2290">
    <p class='ocr_par' dir='ltr' id='par_1_101' title="bbox 1089 2254 1836 2290">
     <span class='ocr_line' id='line_1_101' title="bbox 1089 2254 1836 2290; baseline 0.003 -10"><span class='ocrx_word' id='word_1_706' title='bbox 1089 2254 1314 2288; x_wconf 69' lang='grc' dir='ltr'>Ἐξολοθρεύσαι</span> <span class='ocrx_word' id='word_1_707' title='bbox 1333 2254 1443 2288; x_wconf 83' lang='grc' dir='ltr'><strong>Κύριος</strong></span> <span class='ocrx_word' id='word_1_708' title='bbox 1461 2254 1560 2281; x_wconf 80' lang='grc' dir='ltr'>πάντα</span> <span class='ocrx_word' id='word_1_709' title='bbox 1578 2255 1615 2282; x_wconf 86' lang='grc' dir='ltr'>τὰ</span> <span class='ocrx_word' id='word_1_710' title='bbox 1634 2256 1727 2290; x_wconf 71' lang='grc' dir='ltr'>χείλη</span> <span class='ocrx_word' id='word_1_711' title='bbox 1742 2256 1779 2283; x_wconf 81' lang='grc' dir='ltr'>τὰ</span> <span class='ocrx_word' id='word_1_712' title='bbox 1793 2256 1836 2282; x_wconf 73' lang='grc' dir='ltr'>διῖ-</span> 
     </span>
    </p>
   </div>
   <div class='ocr_carea' id='block_1_102' title="bbox 1046 2299 1833 2337">
    <p class='ocr_par' dir='ltr' id='par_1_102' title="bbox 1046 2299 1833 2337">
     <span class='ocr_line' id='line_1_102' title="bbox 1046 2299 1833 2337; baseline 0.004 -11"><span class='ocrx_word' id='word_1_713' title='bbox 1046 2301 1107 2332; x_wconf 78' lang='grc' dir='ltr'>λια,</span> <span class='ocrx_word' id='word_1_714' title='bbox 1121 2299 1169 2326; x_wconf 79' lang='grc' dir='ltr'>καὶ</span> <span class='ocrx_word' id='word_1_715' title='bbox 1187 2299 1331 2335; x_wconf 78' lang='grc' dir='ltr'>γλῶσσαν</span> <span class='ocrx_word' id='word_1_716' title='bbox 1341 2300 1599 2335; x_wconf 63' lang='grc' dir='ltr'>μεγωίορῤἠμονα,</span> <span class='ocrx_word' id='word_1_717' title='bbox 1616 2310 1644 2328; x_wconf 85' lang='grc' dir='ltr'><strong>κ.</strong></span> <span class='ocrx_word' id='word_1_718' title='bbox 1658 2310 1684 2328; x_wconf 88' lang='grc' dir='ltr'><strong>τ.</strong></span> <span class='ocrx_word' id='word_1_719' title='bbox 1701 2303 1726 2329; x_wconf 81' lang='grc' dir='ltr'><strong>ὲ.</strong></span> <span class='ocrx_word' id='word_1_720' title='bbox 1747 2303 1776 2328; x_wconf 86' lang='grc' dir='ltr'><strong>ὐ</strong></span> <span class='ocrx_word' id='word_1_721' title='bbox 1787 2302 1833 2337; x_wconf 75' lang='grc' dir='ltr'>γὰρ</span> 
     </span>
    </p>
   </div>
   <div class='ocr_carea' id='block_1_103' title="bbox 1045 2344 1832 2382">
    <p class='ocr_par' dir='ltr' id='par_1_103' title="bbox 1045 2344 1832 2382">
     <span class='ocr_line' id='line_1_103' title="bbox 1045 2344 1832 2382; baseline 0.003 -12"><span class='ocrx_word' id='word_1_722' title='bbox 1045 2344 1146 2380; x_wconf 83' lang='grc' dir='ltr'>Κύριος</span> <span class='ocrx_word' id='word_1_723' title='bbox 1162 2344 1198 2379; x_wconf 70' lang='grc'><strong>(4)</strong></span> <span class='ocrx_word' id='word_1_724' title='bbox 1213 2344 1380 2380; x_wconf 76' lang='grc' dir='ltr'>ἐξαφανίζων</span> <span class='ocrx_word' id='word_1_725' title='bbox 1391 2345 1425 2371; x_wconf 80' lang='grc' dir='ltr'><strong>τά</strong></span> <span class='ocrx_word' id='word_1_726' title='bbox 1438 2346 1558 2381; x_wconf 72' lang='grc' dir='ltr'>χείρονα,</span> <span class='ocrx_word' id='word_1_727' title='bbox 1573 2346 1746 2382; x_wconf 78' lang='grc' dir='ltr'>ὲξολοθρεύει</span> <span class='ocrx_word' id='word_1_728' title='bbox 1758 2347 1832 2379; x_wconf 65' lang='grc' dir='ltr'>αὐτὰ,</span> 
     </span>
    </p>
   </div>
   <div class='ocr_carea' id='block_1_104' title="bbox 1044 2389 1830 2428">
    <p class='ocr_par' dir='ltr' id='par_1_104' title="bbox 1044 2389 1830 2428">
     <span class='ocr_line' id='line_1_104' title="bbox 1044 2389 1830 2428; baseline 0.005 -12"><span class='ocrx_word' id='word_1_729' title='bbox 1044 2389 1087 2416; x_wconf 79' lang='grc' dir='ltr'><strong>ἵνα</strong></span> <span class='ocrx_word' id='word_1_730' title='bbox 1107 2390 1244 2427; x_wconf 82' lang='grc' dir='ltr'>ἀνακύψῃ,</span> <span class='ocrx_word' id='word_1_731' title='bbox 1269 2390 1470 2425; x_wconf 81' lang='grc' dir='ltr'>ἀφανισθέντων</span> <span class='ocrx_word' id='word_1_732' title='bbox 1489 2391 1545 2419; x_wconf 82' lang='grc' dir='ltr'>τῶν</span> <span class='ocrx_word' id='word_1_733' title='bbox 1561 2392 1830 2428; x_wconf 73' lang='grc' dir='ltr'>ὲπισυμὸεὸηκὸτων.</span> 
     </span>
    </p>
   </div>
   <div class='ocr_carea' id='block_1_105' title="bbox 1042 2433 1830 2474">
    <p class='ocr_par' dir='ltr' id='par_1_105' title="bbox 1042 2433 1830 2474">
     <span class='ocr_line' id='line_1_105' title="bbox 1042 2433 1830 2474; baseline 0.001 -12"><span class='ocrx_word' id='word_1_734' title='bbox 1042 2435 1073 2462; x_wconf 84' lang='grc' dir='ltr'><strong>τὺ</strong></span> <span class='ocrx_word' id='word_1_735' title='bbox 1096 2436 1203 2472; x_wconf 85' lang='grc' dir='ltr'>πρῶτον</span> <span class='ocrx_word' id='word_1_736' title='bbox 1225 2437 1327 2472; x_wconf 84' lang='grc' dir='ltr'>κτίσμα</span> <span class='ocrx_word' id='word_1_737' title='bbox 1353 2436 1400 2464; x_wconf 83' lang='grc' dir='ltr'>τοῦ</span> <span class='ocrx_word' id='word_1_738' title='bbox 1424 2436 1504 2469; x_wconf 81' lang='grc' dir='ltr'>Θεοῦ,</span> <span class='ocrx_word' id='word_1_739' title='bbox 1524 2433 1548 2470; x_wconf 82' lang='grc' dir='ltr'>ᾧ</span> <span class='ocrx_word' id='word_1_740' title='bbox 1570 2438 1779 2474; x_wconf 72' lang='grc' dir='ltr'>ὲπισυμϐἐὸηγῖ</span> <span class='ocrx_word' id='word_1_741' title='bbox 1802 2437 1830 2464; x_wconf 77' lang='grc' dir='ltr'>ἰὰ</span> 
     </span>
    </p>
   </div>
   <div class='ocr_carea' id='block_1_106' title="bbox 1041 2482 1162 2518">
    <p class='ocr_par' dir='ltr' id='par_1_106' title="bbox 1041 2482 1162 2518">
     <span class='ocr_line' id='line_1_106' title="bbox 1041 2482 1162 2518; baseline 0.017 -10"><span class='ocrx_word' id='word_1_742' title='bbox 1041 2482 1162 2518; x_wconf 85' lang='grc' dir='ltr'>χείρονα.</span> 
     </span>
    </p>
   </div>
   <div class='ocr_carea' id='block_1_107' title="bbox 1042 2641 1134 2670">
    <p class='ocr_par' dir='ltr' id='par_1_107' title="bbox 1042 2641 1134 2670">
     <span class='ocr_line' id='line_1_107' title="bbox 1042 2641 1134 2670; baseline 0.022 -2"><span class='ocrx_word' id='word_1_743' title='bbox 1042 2641 1074 2668; x_wconf 82' lang='lat' dir='ltr'><strong>ba</strong></span> <span class='ocrx_word' id='word_1_744' title='bbox 1080 2649 1134 2670; x_wconf 89' lang='lat' dir='ltr'><strong>rus.</strong></span> 
     </span>
    </p>
   </div>
   <div class='ocr_carea' id='block_1_108' title="bbox 1041 2677 1827 2739">
    <p class='ocr_par' dir='ltr' id='par_1_108' title="bbox 1041 2677 1827 2739">
     <span class='ocr_line' id='line_1_108' title="bbox 1041 2677 1827 2739; baseline 0 -35"><span class='ocrx_word' id='word_1_745' title='bbox 1041 2677 1348 2739; x_wconf 49' lang='lat' dir='ltr'><strong>Ba(3))a;g:llelxowoc</strong></span> <span class='ocrx_word' id='word_1_746' title='bbox 1362 2677 1460 2712; x_wconf 82' lang='grc' dir='ltr'>ὁσίου,</span> <span class='ocrx_word' id='word_1_747' title='bbox 1482 2682 1536 2706; x_wconf 88' lang='lat' dir='ltr'><strong>etc.</strong></span> <span class='ocrx_word' id='word_1_748' title='bbox 1555 2677 1673 2707; x_wconf 71' lang='lat' dir='ltr'><strong>Schedze</strong></span> <span class='ocrx_word' id='word_1_749' title='bbox 1691 2679 1790 2711; x_wconf 84' lang='lat' dir='ltr'><strong>Grabii.</strong></span> <span class='ocrx_word' id='word_1_750' title='bbox 1805 2683 1827 2705; x_wconf 83' lang='lat' dir='ltr'><strong>ct</strong></span> 
     </span>
    </p>
   </div>
   <div class='ocr_carea' id='block_1_109' title="bbox 1087 2746 1609 2778">
    <p class='ocr_par' dir='ltr' id='par_1_109' title="bbox 1087 2746 1609 2778">
     <span class='ocr_line' id='line_1_109' title="bbox 1087 2746 1609 2778; baseline 0.006 -6"><span class='ocrx_word' id='word_1_751' title='bbox 1087 2747 1114 2778; x_wconf 78' lang='lat'><strong>3)</strong></span> <span class='ocrx_word' id='word_1_752' title='bbox 1127 2746 1177 2773; x_wconf 82' lang='grc' dir='ltr'><strong>Διὰ</strong></span> <span class='ocrx_word' id='word_1_753' title='bbox 1189 2747 1286 2778; x_wconf 86' lang='grc' dir='ltr'>τοῦτο.</span> <span class='ocrx_word' id='word_1_754' title='bbox 1302 2752 1354 2775; x_wconf 89' lang='lat' dir='ltr'><strong>etc.</strong></span> <span class='ocrx_word' id='word_1_755' title='bbox 1369 2747 1475 2775; x_wconf 62' lang='lat' dir='ltr'><strong>Eaedem</strong></span> <span class='ocrx_word' id='word_1_756' title='bbox 1489 2747 1609 2775; x_wconf 60' lang='lat' dir='ltr'><strong>schedia.</strong></span> 
     </span>
    </p>
   </div>
   <div class='ocr_carea' id='block_1_110' title="bbox 1039 2749 1825 2844">
    <p class='ocr_par' dir='ltr' id='par_1_110' title="bbox 1039 2749 1825 2844">
     <span class='ocr_line' id='line_1_110' title="bbox 1087 2749 1609 2778; baseline 0.006 -6"><span class='ocrx_word' id='word_1_757' title='bbox 1087 2749 1104 2773; x_wconf 74' lang='lat'><strong>3</strong></span> <span class='ocrx_word' id='word_1_758' title='bbox 1127 2749 1177 2773; x_wconf 82' lang='grc' dir='ltr'><strong>Διὰ</strong></span> <span class='ocrx_word' id='word_1_759' title='bbox 1189 2749 1286 2778; x_wconf 86' lang='grc' dir='ltr'>τοῦτο.</span> <span class='ocrx_word' id='word_1_760' title='bbox 1302 2752 1354 2775; x_wconf 89' lang='lat' dir='ltr'><strong>etc.</strong></span> <span class='ocrx_word' id='word_1_761' title='bbox 1370 2749 1475 2775; x_wconf 64' lang='lat' dir='ltr'><strong>Eaedem</strong></span> <span class='ocrx_word' id='word_1_762' title='bbox 1489 2749 1609 2775; x_wconf 60' lang='lat' dir='ltr'><strong>schedia.</strong></span> 
     </span>
     <span class='ocr_line' id='line_1_111' title="bbox 1039 2749 1825 2844; baseline 0.008 -38"><span class='ocrx_word' id='word_1_763' title='bbox 1039 2749 1161 2844; x_wconf 47' lang='lat' dir='ltr'><strong>ba§t35.&#39;0</strong></span> <span class='ocrx_word' id='word_1_764' title='bbox 1176 2782 1231 2817; x_wconf 55' lang='lat' dir='ltr'><strong>mp</strong></span> <span class='ocrx_word' id='word_1_765' title='bbox 1248 2783 1365 2817; x_wconf 79' lang='grc' dir='ltr'>Κύριος,</span> <span class='ocrx_word' id='word_1_766' title='bbox 1387 2788 1439 2811; x_wconf 87' lang='lat' dir='ltr'><strong>etc.</strong></span> <span class='ocrx_word' id='word_1_767' title='bbox 1455 2782 1561 2811; x_wconf 62' lang='lat' dir='ltr'><strong>Eadem</strong></span> <span class='ocrx_word' id='word_1_768' title='bbox 1579 2783 1702 2818; x_wconf 63' lang='lat' dir='ltr'><strong>schedz,</strong></span> <span class='ocrx_word' id='word_1_769' title='bbox 1721 2792 1751 2812; x_wconf 85' lang='lat' dir='ltr'><strong>ac</strong></span> <span class='ocrx_word' id='word_1_770' title='bbox 1767 2784 1825 2812; x_wconf 72' lang='lat' dir='ltr'><strong>Bar-</strong></span> 
     </span>
    </p>
   </div>
  </div>
