1885 3053
227 134 293 164 νιος

499 192 657 222 PSALMUS
676 191 734 221 Xll.

263 249 343 278 Vens.
369 251 395 279 l.
422 249 569 285 Usquequo,
598 249 720 282 Domine,
745 248 904 276 Oblivisceris
924 256 964 275 me
984 248 1012 274 in

224 298 305 332 ﬁnem
315 297 327 324 7
339 302 393 325 etc.
408 296 489 323 Forte
501 303 553 323 non
566 294 725 330 simpliciter
735 294 942 326 dicitoblivisci,
951 294 1010 325 sed,

224 341 251 370 in
276 342 355 369 ﬂuent
380 341 514 369 oblivisci.
540 341 572 368 Et
597 341 624 368 in
651 340 705 368 alio
727 339 832 375 psalmo
855 340 1011 366 nominatur

223 387 351 414 oblivioni
375 386 482 414 tradita.
508 395 518 412 ‹
535 386 681 422 Usquequo
703 390 809 413 avertes
826 385 921 412 faciem
938 390 1010 412 tuam

223 441 238 459 a
263 433 323 460 me?
340 443 349 459 ι
379 432 453 460 Hane
479 432 577 460 faciem
608 439 716 467 semper
742 432 831 466 angeli
860 431 1009 458 intuentur.

223 478 336 512 Quando
364 479 435 506 enim
458 478 550 513 capaci
569 478 667 505 animm
692 482 829 512 aspectum
852 476 930 504 faciei
955 483 1011 503 suae

223 524 342 552 ostendit
357 524 437 557 Deus,
450 528 514 552 tunc
526 525 559 551 ab
570 531 601 551 ea
617 527 706 552 cessat
721 528 845 551 avertere
857 527 884 550 et
898 523 1012 550 abscon-

225 571 289 598 dere
309 569 406 598 faciem
421 578 509 598 suam.
525 569 600 603 Quod
614 574 641 598 et
654 577 716 604 erga
732 569 850 604 Moysem
866 568 1011 603 aliquando

224 617 353 650 faciebat,
370 625 423 645 non
436 617 528 644 sinens
542 616 635 643 faciem
650 623 726 643 suam
740 615 774 643 ab
787 615 909 644 eovideri
924 621 1011 649 quan-

224 664 269 690 diu
285 664 364 690 homo
380 668 448 691 erat.
457 663 562 690 Avertit
574 662 643 689 Deus
656 661 752 689 faciem
767 669 845 689 suam
860 661 1011 689 oeconomia

223 709 353 743 quadam,
363 708 470 743 quando
478 708 585 743 indigna
594 707 651 743 ejus
658 707 798 743 praeceptis
805 707 1010 735 committimus.

225 753 281 781 Iloc
294 758 384 781 autem
396 753 471 786 facit,
486 758 515 781 ut
528 761 577 781 nos
592 754 624 780 ad
634 761 663 781 se
679 758 797 781 revocet.
813 753 871 786 Vel,
883 753 1011 788 quoniam

224 799 309 827 facies
333 799 432 831 Patris,
449 799 532 827 Filius
554 805 605 832 est,
633 803 660 826 et
683 799 751 834 petit
768 807 848 834 quam
871 799 1013 827 celerrimo

225 845 312 880 ipsum
323 852 431 873 carnem
443 852 560 878 sumere,
579 845 640 873 ideo
653 846 710 873 ha>c
723 846 804 873 verba
823 845 923 881 posuit.

261 986 342 1014 Vens.
357 987 384 1014 2.
400 987 525 1020 Quandiu
542 996 639 1022 ponam
660 988 771 1016 concilia
786 988 813 1015 in
832 989 921 1015 anima
934 989 1013 1017 mea?

224 1038 278 1061 etc.
304 1033 420 1061 Consilia
448 1034 529 1060 multa
561 1035 676 1068 primum
700 1035 835 1061 inanima
857 1042 904 1061 sua
931 1034 1012 1071 59EI

222 1079 357 1114 quispiam
380 1080 464 1114 ponit,
483 1079 579 1107 deinde
591 1080 616 1106 in
632 1080 684 1107 line
696 1087 822 1116 magnum
843 1080 869 1108 in
885 1082 1011 1109 omnibus

224 1125 270 1153 Dei
297 1125 450 1159 consilium,
468 1125 545 1160 cujus
567 1126 679 1161 spiritus
708 1127 733 1153 in
764 1127 838 1161 virga
868 1125 944 1155 Iesse
969 1135 1011 1154 rev

222 1170 334 1206 quierit.

261 1226 342 1255 Vens.
358 1227 384 1254 4.
409 1227 539 1255 “Iumina
554 1228 643 1255 oculos
660 1237 740 1263 meos,
753 1237 784 1256 ne
796 1229 902 1265 quando
920 1228 1012 1255 obdor-

223 1273 304 1300 miam
326 1274 353 1300 in
377 1280 470 1308 morie,
491 1279 543 1301 etc.
566 1283 575 1300 ι
592 1275 742 1302 Accendite
767 1275 793 1302 in
818 1275 895 1302 vobis
919 1274 1010 1301 lumen

223 1318 388 1345 scientia".
410 1328 419 1345 ι
438 1319 464 1346 1η
483 1320 605 1347 tenebris
624 1325 662 1348 tot
677 1320 878 1348 calamitatibus
890 1328 1009 1355 premor,

164 1367 170 1373 '
224 1367 252 1390 ut
267 1364 289 1390 si
303 1363 432 1391 auxilium
445 1370 518 1392 tuum
530 1365 678 1398 distuleris,
689 1371 716 1394 et
728 1366 925 1402 desperationis
945 1374 1012 1394 mete

225 1409 351 1437 tenebras
379 1416 431 1436 non
456 1409 590 1444 abegeris,
617 1411 644 1438 in
670 1416 784 1439 mortem
813 1412 957 1439 vertendus
976 1412 1011 1439 sit

933 132 976 160 EX
995 130 1149 160 ORIGENE

1784 128 1840 156 HM

1348 187 1494 215 ΨΔΛΜΟΣ
1512 187 1560 214 ιη’.

1102 247 1179 280 Ἕως
1188 246 1268 278 πότε,
1278 247 1373 279 Κύριε,
1382 243 1514 278 ἐπιλήσῃ
1523 252 1582 278 μου
1591 243 1635 275 εὶς
1643 241 1734 275 τέλος
1743 249 1751 273 ;
1761 250 1786 268 κ.
1794 251 1814 268 τ.
1822 242 1841 268 ὲ.

1065 293 1177 327 Μήποτε
1202 292 1241 324 ὡς
1261 291 1329 327 πρὸς
1348 291 1379 317 τδ
1407 290 1481 321 τέλος
1502 289 1557 325 (10)
1581 288 1655 322 λέγει
1681 287 1841 322 ἐπιλελῆσθαι

1064 338 1146 365 αὐτοῦ
1162 337 1207 364 τὸν
1221 337 1288 364 Θεὸν
1298 357 1305 369 ,
1321 336 1367 363 καὶ
1381 336 1430 371 οὐχ
1445 335 1536 366 ἁπλῶς
1553 334 1741 369 ἐπιλελῆσθαι.
1756 334 1808 360 Καὶ
1821 335 1842 359 ἐν

1064 384 1136 419 ἄλλῳ
1151 383 1251 419 ψαλμῷ
1275 382 1474 418 ὲπιλελησμένη
1488 381 1654 416 ὠνόμασται.
1680 380 1769 411 (Ἕως
1789 379 1843 405 πότε

1063 429 1244 466 ἀποστρέψεις
1258 429 1289 455 τὸ
1308 428 1453 464 πρόσωπόν
1467 435 1514 454 σου
1529 426 1576 453 ἀπ’
1594 425 1660 461 ἐμοῦ
1674 433 1683 457 ;
1703 435 1712 450 ι
1726 425 1807 452 Τοῦτο
1821 424 1844 451 τὺ

1064 475 1209 510 πρόσωπον
1218 476 1243 502 οἱ
1259 474 1368 509 ἄγγελοι
1387 473 1514 509 βλέπουσι
1531 472 1688 503 διαπαντός.
1704 472 1787 498 ’Όταν
1800 471 1845 506 γὰρ

1064 506 1160 548 ἑαυτὸν
1182 506 1318 556 apsenti,
1336 519 1375 556 τῷ
1387 506 1543 555 ἰχωρητικῷ
1560 518 1610 552 τῆς
1626 517 1691 549 θέας
1710 517 1758 544 τοῦ
1772 506 1857 553 προφξ

1065 566 1139 594 ώπου
1160 567 1241 594 αὑτοῦ
1259 568 1273 593 ὁ
1291 567 1367 598 Θεὸς,
1391 565 1525 593 παύσεται
1540 564 1723 599 ἀποστρέφων
1742 565 1788 590 ἀπ’
1805 564 1846 590 αὐ-

1065 612 1125 645 τοῦ,
1148 613 1194 639 καὶ
1211 611 1340 647 κρύπτων
1354 611 1385 638 τὸ
1398 611 1543 648 πρόσωπον
1556 611 1669 637 ἑαυτοῦ·
1686 610 1756 645 ὅπᾳ
1771 610 1846 636 ἐποίει

1064 659 1129 685 ποτὲ
1144 658 1190 684 καὶ
1204 658 1250 684 ἐπὶ
1266 658 1416 689 Μωῡπέως,
1439 657 1595 692 φειδόμενος
1608 656 1693 683 αὐτο-’5
1703 677 1711 689 ,
1733 657 1784 687 ἕως
1808 657 1847 683 ἄν·

1066 704 1174 740 θρωπος
1191 702 1235 739 ἦν.
1255 704 1433 739 Ἀποστρέφει
1447 705 1461 730 ὁ
1473 703 1539 734 Θεὸς
1557 703 1588 729 τὺ
1613 703 1761 738 πρόσωπον
1774 703 1847 729 αὑτοῦ

1067 749 1261 784 κηδεμονικῶς,
1276 749 1338 775 ὅταν
1358 749 1455 782 ἀνάξια
1469 748 1523 776 τῶν
1541 748 1654 775 ἐντολῶν
1674 748 1758 775 αὐτοῦ
1771 749 1848 784 πράτ-

1066 804 1166 830 τωμεν.
1190 795 1265 821 Ποιεῖ
1286 795 1314 821 δὲ
1336 794 1414 821 τοῦτο
1443 795 1486 822 ἵνα
1503 795 1576 830 ἡμᾶς
1600 795 1797 829 ἐπισπάσηται.
1819 795 1848 821 Ἦ

1065 840 1125 867 ἐπεὶ
1142 841 1286 876 πρόσωπον
1306 840 1354 867 τοῦ
1371 841 1477 876 Πατρὺς
1496 841 1561 872 Υῑὺς
1573 861 1580 873 ,
1605 841 1677 867 αἰτεῖ
1710 840 1848 876 ταχύτερον

1065 887 1147 914 αὐτοῦ
1169 887 1294 922 γενέσθαι
1307 886 1356 922 τὴν
1371 887 1517 922 σάρκωσιν,
1540 887 1570 913 τὸ
1587 885 1692 913 τοιοῦτο
1716 887 1796 922 ῥητὸν
1812 887 1848 913 τέ-

1066 932 1166 959 θεικεν.

1102 988 1176 1021 Ἕως
1195 988 1277 1021 τινος
1302 987 1431 1022 θήσομαι
1454 986 1574 1020 ,ϐουλὰς
1602 987 1638 1014 ὲν
1664 987 1755 1022 ψυχῇ
1779 996 1847 1022 μετ,

1065 1041 1093 1061 κ.
1115 1041 1140 1059 τ.
1164 1033 1188 1059 ἑ.
1208 1032 1310 1064 Βουλὰς
1324 1032 1428 1059 τίθεταί
1442 1041 1483 1064 τις
1495 1033 1551 1067 (Η)
1568 1032 1678 1068 πρῶτον
1691 1032 1813 1063 πλείονας
1824 1034 1849 1058 ἐν

1064 1080 1096 1114 τῇ
1114 1079 1184 1114 ψυχῇ
1203 1078 1285 1106 αὐτοῦ
1296 1099 1302 1111 ,
1319 1076 1378 1105 εἶτα
1389 1078 1435 1104 ἐπὶ
1447 1079 1519 1105 τέλει
1535 1077 1583 1113 τὴν
1595 1078 1641 1105 ἐπὶ
1651 1079 1719 1104 πᾶσι
1736 1079 1849 1113 μεγάλῃ-δ

1065 1123 1160 1160 βουλὴν
1177 1124 1226 1160 τὴν
1245 1123 1292 1150 τοῦ
1310 1123 1389 1155 Θεοῦ,
1415 1121 1449 1160 ἧς
1465 1124 1495 1150 τὸ
1514 1123 1623 1159 πνεῦμα
1647 1124 1850 1150 suave-micam

1064 1171 1111 1197 ὲπὶ
1126 1170 1176 1205 τὴν
1193 1169 1222 1202 ἐξ
1244 1170 1343 1196 Ἰεσσαὶ
1360 1170 1466 1205 ῥάϐδον.

1100 1227 1232 1255 Φώτισον
1242 1227 1313 1262 τοὺς
1326 1228 1498 1263 ὀφθαλμούς
1509 1237 1579 1262 μου,
1587 1227 1629 1262 μή
1640 1234 1714 1254 ποτε
1729 1226 1850 1254 ὑπνώσω

1064 1274 1108 1306 εἷς
1125 1273 1265 1307 θάνατον,
1284 1283 1311 1302 κ.
1327 1283 1351 1301 τ.
1372 1274 1394 1301 ὲ.
1417 1284 1426 1299 ι
1443 1273 1579 1300 Φωτίσατε
1601 1274 1709 1305 ἑαυτοῖς
1730 1273 1784 1308 (12)
1800 1273 1850 1307 φῶς

1066 1318 1203 1352 γνώσεως.
1217 1328 1226 1344 ι
1248 1319 1292 1351 Ὧς
1312 1319 1341 1346 ὲν
1361 1318 1451 1345 σκότει
1467 1320 1527 1350 ταῖς
1545 1320 1702 1354 συμφοραῖς
1729 1318 1850 1354 περιέχο-

1066 1372 1132 1399 μαι,
1157 1365 1205 1391 καὶ
1221 1365 1244 1391 εἰ
1261 1365 1298 1401 μή
1321 1373 1371 1400 μου
1388 1366 1418 1390 τὸ
1431 1365 1479 1400 τῆς
1498 1365 1616 1400 ἀθυμίας
1636 1364 1779 1400 ἀπελάσῃς
1794 1364 1850 1390 σιξ-

1063 1418 1119 1442 τος,
1134 1410 1191 1437 ἀλλ’
1209 1411 1314 1446 ὑπερϐῇ
1342 1411 1390 1446 τὴν
1409 1410 1544 1446 βοήθειαν,
1561 1412 1601 1442 εἰς
1614 1410 1732 1437 θάνατον
1746 1412 1760 1437 ὁ
1775 1411 1851 1442 ὕπνος

225 1462 346 1489 somnus,
364 1464 426 1484 cum
439 1457 548 1485 tristitia
566 1465 678 1493 prorsus
691 1459 810 1486 animam
826 1466 914 1487 meatu
925 1466 1010 1487 occu-

1081 1456 1313 1492 ιεταῦληθήσεται,
1331 1457 1380 1491 τῆς
1398 1456 1486 1492 λύπης
1505 1455 1644 1488 παντελῶς
1661 1456 1710 1483 τοῦ
1728 1455 1848 1491 λογισμοῦ

225 1502 339 1535 paverit.

262 1557 344 1585 Vens.
355 1558 382 1585 5.
396 1557 549 1594 Nequanda
561 1559 631 1586 dicat
644 1560 765 1587 inimicus
778 1569 868 1588 meus:
881 1560 1011 1588 Prwcalui

225 1603 350 1630 adversus
369 1612 438 1631 eum.
464 1604 574 1638 Quoties
596 1613 750 1640 peccamus,
772 1607 852 1634 toties
867 1607 933 1634 dicit
959 1607 1012 1634 iui-

226 1648 331 1675 Inicus:
347 1658 356 1674 ‹
377 1648 506 1676 Ρτωνιιιιιί
521 1649 650 1677 adversus
668 1657 742 1678 eum.
758 1652 808 1684 Qui
824 1652 955 1679 tribulaot
969 1659 1011 1680 me

224 1693 432 1722 cxsultabuut.si
448 1698 539 1722 motus
554 1694 642 1722 fuero.
662 1704 672 1721 ι
688 1696 783 1731 Angeli
799 1697 916 1731 gaudent
931 1705 1012 1732 super

224 1739 428 1773 paenitentibus,
442 1739 578 1768 daemones
587 1748 666 1776 super
678 1743 853 1776 peccantibus
863 1743 1010 1771 exsultant.

225 1783 264 1810 Illi
279 1784 351 1811 enim
370 1785 487 1818 virtutis,
503 1785 529 1812 hi
551 1787 662 1813 malitiae
682 1793 818 1815 amatores
835 1793 908 1815 sunt.
920 1788 947 1816 In
962 1795 1010 1816 ex-

224 1830 370 1857 sultatione
387 1835 414 1857 et
429 1831 521 1858 laetitia
540 1837 630 1864 erunt.
647 1833 669 1860 si
683 1833 762 1861 modo
774 1833 891 1861 viderint
907 1842 951 1862 me
976 1835 1011 1861 ab

223 1881 256 1902 ea
273 1882 331 1910 quae
343 1875 369 1903 in
388 1881 413 1903 te
428 1881 480 1910 est,
493 1884 541 1912 spe
552 1877 654 1913 lapsum
665 1884 692 1906 et
708 1879 908 1914 desperantem.

205 1981 210 1993 ι
259 1975 399 2011 Ejusdem.
414 1976 489 2004 Licet
503 1984 556 2004 non
574 1976 686 2005 omnino
698 1977 806 2011 cadam,
823 1977 903 2005 modo
922 1983 1010 2005 tamen

226 2026 315 2048 motus
335 2020 421 2053 fuero,
444 2022 676 2057 exsultabuntqui
694 2022 824 2049 tribulant
844 2030 898 2056 me,
924 2022 1009 2057 inquit

223 2066 365 2100 Propheta.
395 2065 429 2093 Et
458 2071 488 2093 ut
509 2067 641 2101 Pr0pheta
667 2067 734 2094 dicit
762 2067 788 2095 in
811 2067 1010 2102 septuagesimo

224 2110 346 2138 secundo
367 2110 472 2146 psalmo
484 2111 507 2127 ³³
524 2119 532 2138 :
547 2121 556 2136 ι
576 2111 626 2138 Mei
650 2116 739 2138 autem
768 2119 836 2146 pene
860 2113 924 2140 moti
949 2117 1011 2140 sunt

225 2155 317 2190 pedes.

260 2211 398 2247 Ejusdem.
420 2212 541 2248 Magnam
556 2213 596 2241 eis
609 2213 728 2241 laetitiam
745 2213 823 2241 affert
840 2214 953 2241 aliorum
969 2215 1011 2241 la-

224 2266 299 2293 psus,
314 2259 359 2294 qui
373 2259 509 2286 tristitiam
521 2259 611 2295 potius
621 2267 718 2294 parere
729 2259 848 2287 deberet.
865 2259 940 2293 Quod
952 2260 1012 2295 qui-

225 2306 285 2333 dem
307 2310 351 2332 tua
370 2305 456 2333 fretus
470 2305 656 2333 misericordia
672 2313 726 2333 non
740 2306 838 2341 patiar.
852 2305 918 2332 Nam
938 2306 1013 2333 salu-

226 2357 284 2379 tare
296 2356 372 2379 tuum
384 2356 520 2386 exspecto.
532 2351 558 2379 in
569 2359 623 2387 quo
634 2352 739 2379 [zelatur
747 2353 791 2385 qui
803 2352 916 2380 salutem
928 2359 942 2378 a
956 2351 1012 2379 Deo

225 2403 354 2433 expertus
369 2402 420 2425 est.
434 2396 566 2425 Caeterum
580 2398 720 2432 prophetia
735 2398 770 2424 de
789 2397 896 2425 Christo
913 2397 938 2425 id
951 2405 1013 2425 esse

225 2448 330 2478 potest,
348 2443 475 2479 quoniam
499 2451 558 2471 cum
581 2443 616 2470 ad
642 2443 733 2470 mundi
754 2444 867 2471 salutem
883 2443 1010 2477 venisset,

225 2488 398 2521 illuminavit,
419 2494 446 2516 et
462 2489 595 2516 destruxit
618 2495 679 2515 eum
697 2489 743 2522 qui
766 2488 882 2523 superbe
898 2489 931 2516 de
940 2488 1013 2523 ‘alio-

226 2543 284 2564 rum
300 2536 501 2564 calamitatibus
517 2536 662 2572 gaudebat.
678 2536 836 2571 Respiciens
847 2537 920 2564 enim
932 2537 1013 2565 adve-

260 2628 283 2645 ⁸²
296 2631 373 2657 Osee.
391 2637 417 2661 x,
435 2629 476 2656 12.
515 2629 537 2645 ³⁸
552 2628 623 2656 Psal.
637 2637 720 2662 uxn,
732 2629 759 2656 ‘2.

339 2734 460 2775 Mliffccs
485 2735 525 2767 ὼς
549 2734 624 2769 πρὸς
640 2734 673 2761 τὸ
696 2734 793 2768 τέλος,
817 2741 870 2763 etc.
899 2735 1012 2763 Schedze

226 2766 328 2801 Graltii,
346 2766 536 2796 acBarlmrub.

262 2803 284 2843 (ς
294 2803 317 2837 I)
329 2804 567 2846 Πουέὶφιτίθεταί
579 2814 631 2838 τις,
644 2809 695 2832 ctc.
708 2804 819 2832 Schcdae
829 2805 933 2838 Grabii,
943 2805 1011 2833 Cor-

227 2838 329 2870 derius,
348 2845 375 2865 et
393 2838 536 2866 Bzﬁbarus.

1065 1501 1251 1538 κρατησάσης.

1101 1558 1149 1593 Μή
1159 1567 1231 1585 ποτε
1246 1559 1325 1586 εἴποι
1341 1561 1358 1586 ὁ
1370 1559 1477 1594 ἐχθρός
1488 1567 1558 1593 ,κου’
1576 1559 1705 1593 Ἵσχυσα
1715 1559 1792 1593 πρὸς
1803 1560 1851 1586 αὺ-

1063 1604 1126 1631 τόν.
1151 1604 1260 1636 Ὁσάκις
1274 1605 1477 1641 ἁμαρτάνομεν,
1502 1604 1665 1637 τοσαυτάκις
1685 1605 1761 1639 λέγει
1780 1605 1854 1632 τοῦτο

1063 1649 1078 1675 6
1102 1650 1208 1686 ἐχθρόςσ
1236 1660 1244 1676 ι
1260 1651 1372 1686 Ἴσχυσα
1391 1651 1459 1686 πρὸς
1480 1651 1570 1678 αὐτόν.
1599 1652 1631 1677 υῑ
1660 1651 1800 1684 θλίϐοντες
1825 1661 1854 1686 με

1063 1695 1283 1729 ἀταλλιάσονται,
1300 1695 1347 1721 ἐὰν
1362 1694 1495 1722 σαλευθῶ.
1514 1704 1524 1720 ι
1541 1695 1572 1722 0i
1587 1694 1699 1729 ἄγγελοι
1716 1696 1854 1731 χαίρουσιν

1065 1741 1112 1768 ἰπὶ
1129 1743 1186 1773 τοῖς
1209 1741 1394 1777 μετανοοῦσιν,
1412 1742 1436 1768 οἱ
1458 1741 1585 1776 δαίμονες
1599 1741 1647 1768 ἐπὶ
1660 1743 1719 1772 τοῖς
1732 1741 1856 1777 ἁμαρτά-

1062 1795 1152 1814 νουσιν
1169 1787 1338 1821 ἀγάλλονται.
1355 1788 1386 1814 Oi
1402 1787 1452 1822 μὲν
1466 1787 1520 1823 γάρ
1535 1787 1563 1815 τέ
1578 1787 1648 1814 εἰσιν
1665 1787 1782 1822 ἀρετῆς.
1796 1789 1821 1814 οἱ
1831 1788 1854 1813 δὲ

1062 1831 1162 1863 κακίας
1180 1832 1303 1867 ἐρασταί.
1326 1833 1370 1859 Ἐν
1381 1832 1542 1867 ἀγαλλιάσει
1558 1831 1666 1858 ἔσονται
1684 1833 1736 1859 καὶ
1760 1833 1855 1868 εὐφρο-

1063 1876 1142 1912 σύνῃ,
1158 1877 1205 1904 ἐὰν
1216 1877 1296 1912 μόνον
1307 1877 1382 1904 ἴδωσί
1397 1886 1431 1913 με
1442 1878 1491 1913 τῆς
1505 1879 1546 1909 εἰς
1559 1877 1589 1904 σὲ
1600 1877 1708 1909 ἐλπίδος
1720 1879 1855 1905 summa»

1066 1922 1133 1949 κότα
1146 1922 1194 1949 καὶ
1209 1922 1408 1950 ἀπελπίσαντα.

1099 1977 1154 2004 Τοῦ
1167 1978 1270 2005 αὑτοῦ.
1288 1978 1347 2005 Κᾶν
1361 1979 1399 2014 μὴ
1414 1978 1554 2010 παντελῶς
1566 1978 1654 2011 πέσω,
1664 1979 1754 2014 μόνον
1769 1980 1799 2006 δὲ
1814 1988 1854 2006 σι-

1061 2023 1158 2057 λευθῶ,
1172 2026 1196 2052 οἱ
1215 2025 1350 2058 θλίϐοντες
1368 2034 1401 2061 με
1421 2025 1641 2060 ἀγαλλιάσονται,
1661 2027 1747 2061 φησὶν
1762 2027 1778 2053 ὁ
1794 2028 1854 2062 Προ-

1062 2071 1159 2106 φήτης.
1177 2072 1231 2098 Καὶ
1241 2071 1279 2103 ὡς
1292 2072 1306 2098 ὀ
1318 2072 1462 2108 Προφήτης
1479 2072 1561 2107 φησὶν
1572 2073 1600 2098 ὲν
1613 2071 1653 2107 τῷ
1664 2072 1854 2107 ἑϐδομηκοπῴ

1028 2130 1050 2158 D
1061 2115 1179 2151 δευτέρῳ
1192 2116 1301 2152 ψαλμῷ·
1324 2126 1333 2142 ι
1356 2117 1438 2153 Ἑμοῦ
1457 2117 1486 2144 δὲ
1500 2117 1574 2153 παρὰ
1590 2118 1690 2154 μικρὸν
1712 2118 1854 2151 ἐσαλεύθη·

1064 2169 1114 2187 σαν
1127 2162 1151 2188 οἱ
1166 2161 1254 2193 πόδες.
1274 2172 1283 2188 ι
1507 2177 1510 2180 ‹

1102 2217 1156 2244 Τοῦ
1171 2218 1274 2245 αὐτοῦ.
1297 2218 1482 2254 Ἐπιχαερουσι
1498 2219 1552 2254 γὰρ
1574 2218 1707 2246 πίπτουσι
1726 2220 1804 2254 (l3).
1819 2220 1853 2245 λυ-

1065 2261 1172 2289 πεῖσθαι
1190 2263 1259 2290 δέον.
1274 2263 1363 2299 Ὅπερ
1377 2264 1406 2290 οὐ
1419 2263 1549 2298 πείσομαι
1564 2263 1632 2290 ἐλέει
1648 2264 1688 2299 τῷ
1705 2264 1756 2299 σῷ.
1770 2265 1853 2300 Προσ-

1062 2307 1133 2334 δοκῶ
1153 2308 1208 2344 γάρ
1232 2317 1278 2335 σου
1299 2309 1328 2334 τὸ
1350 2309 1482 2344 σωτήριον
1494 2328 1501 2340 ,
1519 2309 1562 2343 ἐφ’
1580 2305 1603 2342 ᾧ
1616 2318 1660 2341 τις
1680 2310 1853 2345 εὐφραίνεται

1064 2354 1161 2389 πεῖραν
1175 2353 1242 2380 Θεοῦ
1257 2354 1393 2390 σωτηρίας
1412 2355 1491 2390 ἔχων.
1505 2355 1622 2382 Δύναται
1639 2355 1667 2381 δὲ
1686 2356 1734 2382 καὶ
1753 2363 1853 2390 προςη-

1063 2399 1124 2425 τεία
1148 2397 1217 2426 εἶναι
1234 2400 1298 2435 περὶ
1314 2399 1444 2435 Χριστοῶ
1468 2399 1552 2427 ἐλθὼν
1568 2400 1624 2436 γὰρ
1646 2401 1694 2427 ἐπὶ
1721 2401 1852 2436 σωτηρὶαν

1065 2446 1178 2481 κόσμου,
1192 2447 1308 2482 ὲφώτισέ
1322 2456 1352 2474 τε
1363 2447 1410 2474 καὶ
1424 2447 1531 2475 καθεῖλε
1542 2448 1589 2475 τὸν
1599 2449 1787 2485 ὑπερηφάνως
1800 2449 1851 2474 sm-

1064 2492 1194 2527 χαίροντα
1211 2494 1267 2525 τοῖς
1283 2493 1481 2530 κλονουμένοις.
1506 2494 1672 2529 Ἐπιϐλὲψας
1693 2495 1749 2530 γὰρ
1764 2493 1849 2527 ἐπεδή-

1067 2548 1164 2575 μησεν.
1183 2540 1212 2567 '0
1230 2541 1258 2567 δὲ
1274 2541 1399 2568 εὐπαθῶν
1414 2541 1545 2568 ἐπινίκιον
1560 2541 1647 2576 ὕμνον
1660 2542 1795 2577 προσάγει

1101 2733 1158 2769 (Η)
1173 2732 1321 2769 murique}
1334 2731 1461 2769 ἑαυτοῖς,
1483 2734 1537 2759 etc.
1555 2729 1576 2757 E
1589 2731 1688 2759 codice
1709 2731 1850 2767 Anglicani)

1066 2767 1124 2796 haec
1136 2767 1279 2802 exscripsit
1289 2767 1417 2795 Grabius.

1101 2804 1157 2837 (I5)
1177 2801 1378 2836 Ἐπιχαίρουσι
1400 2801 1455 2836 τὰρ
1471 2801 1630 2834 πίπτοιθσι,
1645 2807 1700 2829 etc.
1714 2801 1734 2828 Ε
1758 2801 1849 2828 Catena

1069 2839 1177 2873 Collegii
1190 2838 1250 2866 novi
1267 2837 1440 2865 anuiensis.
