1885 3053
98 113 171 142 Η.ιό

604 111 758 139 SELECTA
780 111 811 138 IN
831 110 1152 141 ['S:\L.\IOS.—-PSAL.
1173 111 1228 140 XV.

1660 114 1728 142 12H

91 171 172 206 μίαν
188 179 247 205 μου
273 168 348 205 ἐμοὶ,
379 177 407 196 κ.
431 176 456 196 τ.
475 169 498 196 ὲ.
518 167 695 204 κληρονομία
709 169 816 204 φύσεως
838 169 874 205 (5(

969 171 1094 199 :creditas
1117 176 1220 199 naturae
1234 170 1339 198 ratione
1360 170 1460 198 utentis
1474 174 1514 198 est
1527 171 1727 205 praeteritorum

96 214 213 250 λογικῆς
225 215 299 241 ἐστιν
315 214 331 250 ἡ
355 213 456 248 θεωρία
473 213 526 239 τῶν
542 214 694 248 γεγονότων
715 215 762 241 καὶ
779 215 831 241 τῶν
845 223 891 248 γε-

95 260 256 296 νησομένων
266 259 373 286 αἰώνων
385 268 392 274 ·
409 259 575 296 κληρονομία
587 259 615 286 δὲ
627 260 746 295 Χριστοῦ
761 261 777 296 ἠ
791 261 891 295 γνῶσις

94 306 145 333 τοῦ
166 305 243 332 Θεοῦ.
269 306 313 337 Ὠς
326 305 471 341 ἀρχιερεὺς
484 305 571 332 ταῦτά
587 314 669 341 φησιν
685 307 699 332 6
717 307 844 342 Χριστὸς,
859 305 890 334 οὗ

97 352 180 389 μερὶς
201 351 312 388 Κύριος.
328 351 360 378 Εἰ
378 351 455 387 μερὶς
469 352 598 387 ποτηρίου
614 352 726 389 Κύριος,
747 353 764 389 ἢ
786 351 890 386 οὗτινος

93 399 112 425 ό
129 397 241 434 Κύριος,
254 397 373 433 Χριστοῦ
390 398 468 433 μερὶς
486 397 534 433 μὲν
546 397 596 433 τῆς
609 398 790 435 κληρονομίας
804 401 819 426 ὁ
833 401 889 427 Πα-

91 444 161 479 τὴρ,
176 445 192 479 ἡ
210 443 325 479 μείνασα
343 443 432 478 αὐτῷ·
455 443 545 470 λοιπὸν
561 444 588 470 δὲ
609 445 658 480 τῆς
674 445 856 481 κληρονομίας
874 446 888 472 6

93 489 353 524 ἀποκαθιστάμενος
374 489 448 525 αὐτῷ
469 489 532 522 λαὸς
550 491 605 517 ἀπὸ
617 490 661 517 τοῦ
676 491 754 518 Θεοῦ.
771 491 887 519 Δύναται

92 534 124 561 δὲ
137 534 202 570 περὶ
216 534 263 561 τοῦ
284 535 390 571 Πατρὺς
404 536 547 572 ἀμφότερα
562 536 699 571 λέγεσθαι,
715 538 762 564 καὶ
776 537 805 564 τὸ
818 536 887 565 εἶναι

92 581 179 608 αὑτὸν
193 581 414 608 ἀποκαθιστάντα
432 581 613 618 κληρονομίαν
638 582 725 618 ἑαυτῷ
745 582 814 618 μετὰ
836 583 886 618 τὴν

92 627 222 653 κένωσιν.
250 626 296 653 Ἥ·
323 626 460 662 ’Υπερὸὰς
480 627 598 654 διαθέσει
622 627 667 654 τὸν
689 628 801 663 κόσμον,
825 628 886 655 τίνα

92 673 166 708 σχῇς
188 673 285 708 μερίδα
301 672 371 708 πλὴν
387 672 434 700 τοῦ
450 673 569 708 Κυρίου;
586 672 639 700 Τοῦ
655 673 709 709 γὰρ
724 674 806 701 πᾶσιν
819 675 885 701 ἀπο-

89 718 263 753 τασσομένου
285 719 316 745 τὸ
336 719 435 753 λέγειν’
461 728 469 744 ι
489 719 577 754 Μερίς
600 728 651 755 μου
665 720 679 745 6
695 719 760 751 Θεὸς
782 720 821 751 εἰς
839 720 885 746 τὸν

90 763 191 790 αίῶνα.
213 773 222 790 ›
240 764 345 791 Γίνεται
361 764 388 791 δὲ
403 765 448 792 καὶ
462 765 543 800 ἄρτος
555 765 569 791 6
579 763 690 800 Κύριος,
704 764 832 800 παρέχων
846 765 885 791 δι-

88 809 252 841 δασκαλίαν,
272 811 319 837 καὶ
333 810 468 847 στηρίζων
481 810 528 837 τοῦ
545 810 679 842 ἐσθίοντος
691 810 740 845 τὴν
758 810 881 846 καρδίαν-

89 856 224 892 ποτήριον
236 856 262 882 δὲ
277 856 347 883 κατὰ
359 856 473 892 θεωρίαν
490 856 539 891 τῆς
554 856 691 892 ἀληθείας,
708 856 826 891 παρέχον
840 856 882 882 εὑ-

91 902 233 938 ςῖςοσύνην
257 903 305 938 τῆς
327 902 454 937 γνώσεως
473 902 512 938 τῷ
532 903 576 929 διὰ
593 902 817 937 συγκαταθέσεως
835 902 882 928 πί-

89 956 176 975 νοντι.
199 948 319 983 Χορηγεῖ
332 948 359 975 δὲ
374 947 453 974 τοῦτο
473 948 594 983 ἄμπελος
615 949 631 984 ή
645 947 769 983 ἀληθινὴ,
784 948 820 980 ὡς
837 948 882 975 τὸν

91 993 190 1020 πιόντα
207 994 297 1028 λέγειν
324 994 518 1031 χαριστηρίωςσ
544 1004 552 1020 ι
574 995 697 1027 Ἔδωκας
713 995 882 1031 εὐφροσύνην

89 1039 131 1071 εἰς
145 1039 193 1075 τὴν
208 1039 321 1076 καρδίαν
338 1049 398 1076 μου.
413 1050 422 1066 r

127 1087 251 1120 Σχοινέα
264 1086 417 1113 ὲπέπεσὰν
429 1096 480 1121 μοι
497 1087 532 1113 ἐν
547 1087 609 1119 τοῖς
624 1087 809 1121 καλλίστοις,
831 1087 880 1114 καὶ

90 1133 148 1166 γὰρ
162 1132 181 1165 ή
192 1133 376 1167 κληρονομία
386 1142 444 1167 μου
453 1133 602 1167 καλλίστη
608 1142 659 1167 μοι
668 1133 763 1165 ἐστὶν,
779 1142 805 1160 κ.
817 1142 843 1160 τ.
857 1133 879 1159 ὲ.

90 1177 124 1202 Εἰ
140 1176 171 1203 τὸ
193 1177 308 1212 σχοινίον
326 1177 381 1213 (51)
399 1177 496 1213 μέτρον
517 1178 584 1210 ἐστὶ,
603 1178 661 1209 πῶς
684 1178 836 1214 γέγραπται
852 1179 881 1204 ἐν

89 1221 129 1256 τῷ
146 1221 216 1248 κατὰ
234 1222 359 1257 Ἰωάννην
374 1222 548 1258 Εὐαγγελίῳ·
574 1233 582 1248 ι
599 1223 635 1249 Οὐ
651 1223 704 1258 γὰρ
727 1225 759 1250 ὲκ
781 1223 880 1259 μέτρου

88 1267 198 1294 δίδωσιν
211 1269 226 1294 ὁ
241 1268 306 1299 Θεὸς
320 1268 349 1294 τὺ
360 1268 477 1303 πνεῦμα·
495 1278 503 1294 ι
521 1269 567 1295 καὶ
579 1269 618 1301 τὺ,
632 1279 640 1294 ι
659 1269 761 1304 Ἐκχεῶ
771 1269 824 1296 ἀπὸ
833 1269 880 1296 τοῦ

87 1313 245 1348 τωεύματός
264 1322 313 1349 μου
327 1322 333 1346 ;
352 1323 360 1339 ι
378 1315 412 1340 *Π
428 1314 497 1349 τάχα
511 1314 541 1341 τὺ
556 1315 655 1351 μέτρον
667 1315 697 1341 οὐ
711 1315 780 1351 πρὸς
795 1315 880 1350 αὐτὴν

85 1359 140 1394 τὴν
150 1359 250 1393 γνῶσιν
264 1359 433 1394 ὀνομάζεται,
445 1360 511 1387 ἀλλὰ
524 1361 600 1396 παρὰ
612 1360 657 1387 τὸν
673 1361 878 1397 ὑποδεχόμενον,

87 1403 132 1439 τῷ
145 1404 182 1440 μὴ
195 1402 264 1431 εἶναι
273 1405 353 1431 αὑτὸν
368 1405 491 1440 μείζονος
502 1405 634 1433 δεκτικόν.
645 1407 699 1433 Καὶ
709 1407 761 1443 γὰρ
775 1408 788 1434 6
803 1408 879 1440 ὑετὸς

85 1449 172 1481 αὐτὸς
186 1450 234 1485 μὲν
251 1450 369 1486 ἄμετρος
385 1451 453 1483 ἐστι,
473 1452 612 1486 μετρεῖται
623 1452 651 1478 δὲ
670 1453 698 1478 ἐν
715 1453 771 1484 τοῖς
784 1453 880 1480 ὑποδε-

85 1494 214 1539 χομένοις
227 1495 308 1521 αὑτὸν
325 1495 455 1530 ἀγγείοις.
477 1496 690 1539 ’ῌκληροδοτήθη
704 1497 732 1524 δέ
751 1507 806 1533 μοι⁷
824 1507 877 1534 φη-
892 1509 914 1539 c

85 1538 142 1570 σὶν,
157 1537 252 1574 ὥσπερ
266 1540 298 1565 ὲκ
315 1539 414 1575 μέτρου
434 1540 470 1575 γῆ
532 1541 578 1567 καὶ
599 1541 746 1577 ἀρκοῦμαι,
768 1543 815 1570 καὶ
834 1543 877 1570 διὲι

83 1584 143 1610 τῶν
163 1585 313 1611 καλλίστων
333 1594 395 1620 μου,
415 1586 461 1612 τοῦ
483 1595 511 1612 τε
542 1586 628 1622 Ἰησοῦ
651 1588 758 1615 καὶτοῦ
777 1589 875 1616 Χάλεϐ.

125 1670 182 1698 Τοῦ
200 1671 303 1698 αὑτοῦ.
321 1671 414 1703 Οὕτως
426 1672 541 1708 ἐγενήθη
554 1672 609 1707 (3‘2)
623 1673 766 1709 σχοίνιτμα
781 1674 831 1710 κλη
837 1683 878 1710 ρο-

81 1715 184 1750 νομίας
202 1715 284 1742 αὐτοῦ
313 1716 433 1752 Ἰσραήλ
448 1716 572 1744 Εὑδοκῶν
588 1717 616 1744 δὲ
627 1719 660 1753 τῇ
676 1718 729 1754 ἰδία
749 1719 877 1755 κληρονο-

84 1761 149 1797 μίᾳ,
165 1761 203 1793 ὠς
220 1761 363 1797 κρατίστῃ,
380 1761 466 1789 ταῦτά
482 1771 557 1798 φησι.

122 1807 289 1842 Εὐλογνήσω
300 1808 354 1834 τὸν
367 1808 476 1842 Κύριον
487 1808 539 1835 τὸν
549 1808 753 1836 συνετίσαντά
768 1819 815 1845 με·
831 1811 874 1838 ἔτι

81 1852 119 1879 δὲ
134 1853 184 1880 καὶ
199 1853 254 1886 ἕως
267 1854 377 1887 νυκτὸς
394 1853 579 1881 ἐπαίὸωσάν
595 1863 633 1889 με
646 1857 672 1882 οἱ
689 1857 793 1890 νεφροί
803 1866 874 1891 μου,

82 1907 112 1924 κ.
125 1907 150 1925 τ.
167 1899 191 1924 ἑ.
206 1898 318 1932 Εὑλογεῖ
328 1907 371 1930 τις
384 1899 430 1925 τὸν
446 1899 546 1934 Κύριον
562 1899 616 1934 (55)
630 1901 780 1934 φαντασίας
797 1901 876 1935 ἐγγε-

79 1943 201 1979 νομένης
219 1944 257 1979 τῷ
279 1944 326 1979 νῷ.
349 1945 415 1971 Ἀπὸ
434 1945 580 1980 προσώπου
599 1946 653 1982 γὰρ
670 1947 752 1973 αὐτοῦ
773 1947 876 1981 γνῶσις

80 1990 132 2017 καὶ
148 1989 265 2022 σύνεσις.
283 1990 360 2017 Οὕτω
374 1991 419 2017 τὸν
432 1991 481 2023 τὰς
497 1991 606 2023 ἐντολὰς
621 1992 756 2027 τηροῦντα
771 1993 874 2020 συνετί-

80 2037 125 2069 Cat
144 2038 160 2063 ὀ
184 2037 296 2073 Κύριος.
322 2039 389 2074 Περὶ
411 2039 517 2074 νεφρῶν
539 2039 568 2065 δὲ
590 2039 675 2073 λέγει,
693 2039 747 2066 τῶν
770 2039 818 2066 σὺν
839 2041 872 2076 τῇ

78 2083 184 2119 καρδίᾳ
205 2083 411 2119 ὀνομαζομένων
433 2085 462 2110 ὲν
490 2084 544 2120 τῷ’
578 2095 586 2110 ι
617 2085 736 2117 Ἐτάξων
762 2086 874 2121 καρδίας

77 2129 130 2156 καὶ
148 2130 263 2164 νεφροὺς
278 2130 292 2156 ὁ
309 2130 383 2161 Θεὸς.
402 2140 411 2155 ι
431 2125 522 2162 Οὗτοι,
548 2131 737 2162 τελειωθέντες
753 2131 797 2158 διὰ
811 2131 873 2167 νοή-

941 220 969 242 et
991 215 1142 242 futurorum
1167 215 1327 242 saeculorum
1345 215 1559 250 contemplatio;
1582 216 1728 242 htrreditas

941 268 1004 287 vero
1020 260 1123 288 Christi
1140 265 1181 288 est
1196 260 1316 296 cognitio
1331 261 1387 287 Dei.
1403 259 1461 287 lloc
1476 261 1540 287 dicit
1551 260 1675 287 Christus
1699 265 1728 287 ut
1773 281 1780 290 .

940 314 1063 334 summus
1081 308 1219 340 sacerdos,
1237 307 1314 341 cujus
1329 314 1391 341 pars
1406 306 1537 333 Dominus
1553 311 1604 334 est.
1623 305 1651 333 Si
1665 315 1729 341 pars

940 351 1032 380 calicis
1048 358 1089 380 est
1103 352 1244 385 Dominus,
1263 353 1304 379 vel
1321 353 1343 380 is
1359 351 1436 386 cujus
1453 356 1495 379 est
1510 351 1656 385 Dominus,
1673 354 1727 379 lue-

941 397 1062 426 redilatis
1073 399 1180 434 quidem
1190 398 1290 426 Christi
1299 407 1362 434 pars
1374 405 1434 432 qua:
1450 398 1483 425 ab
1501 399 1558 432 ipso
1576 397 1658 433 599
1673 406 1725 424 non

939 442 1086 475 divellitur,
1098 448 1139 470 est
1154 442 1252 474 Pater;
1265 442 1373 470 residua
1384 448 1472 470 autem
1487 443 1652 470 hzcreditatis
1665 451 1727 477 pars

939 493 980 516 est
995 489 1108 523 popttlus
1119 489 1165 523 qui
1184 488 1208 516 ei
1223 495 1238 515 a
1253 487 1338 515 Patre
1350 488 1510 515 restituitur.
1527 487 1618 516 Potest
1634 493 1726 514 autem

938 535 970 562 de
986 534 1066 561 Patre
1082 539 1226 569 utrumque
1241 534 1305 567 dici,
1321 534 1463 569 ipsumque
1477 541 1538 561 esse
1556 535 1601 568 qui
1616 534 1666 562 sibi
1683 541 1726 561 re-

939 581 1027 608 stituit
1044 580 1241 614 hatreditatem,
1254 585 1395 615 postquam
1410 580 1454 607 illa
1471 580 1601 615 spoliatus
1612 584 1662 608 est.
1676 580 1724 608 Vel

937 627 976 654 sic
989 636 995 654 :
1011 627 1077 654 Cum
1093 631 1118 654 te
1131 634 1213 661 supra
1228 627 1356 654 mundum
1368 626 1466 654 aﬁectu
1477 626 1615 659 extuleris,
1630 634 1726 660 quam-

936 681 997 700 nam
1015 673 1128 701 habebis
1144 678 1259 708 partem,
1273 673 1324 700 nisi
1339 672 1499 700 Dominum?
1511 672 1575 707 Ejus
1592 673 1662 700 enim
1679 673 1724 707 qui

935 719 1061 746 omnibus
1078 714 1200 746 nuntium
1222 719 1342 751 remisit,
1358 723 1399 746 est
1415 719 1528 747 dicere:
1548 728 1557 744 ι
1581 719 1646 746 Pars
1663 727 1723 746 mea

936 764 1007 791 Deus
1022 763 1048 790 in
1063 768 1204 791 aeternum.
1222 773 1230 790 ι
1246 763 1290 790 Fit
1310 767 1401 790 autem
1428 764 1509 791 etiam
1531 764 1608 798 panis
1632 764 1723 790 Domi-

936 816 1000 839 nus,
1017 808 1147 835 exhibens
1169 808 1341 840 doctrinam,
1359 813 1386 835 et
1404 808 1570 835 conﬁrmans
1585 815 1632 834 cor
1646 815 1723 834 mall-

935 854 1088 887 tlucantis;
1115 854 1185 881 calix
1211 861 1276 880 vero
1295 854 1442 881 secundum
1467 853 1723 888 contemplationem

934 897 1067 933 veritatis,
1085 900 1206 935 prarbens
1224 900 1344 927 laetitiam
1359 899 1482 927 scientia:
1499 899 1536 926 illi
1553 899 1598 934 qui
1612 907 1645 926 ex
1660 899 1725 926 alle-

934 950 977 972 ctu
996 945 1074 973 bibit.
1091 945 1207 973 Calicem
1223 945 1295 972 hunc
1315 945 1442 980 propinat
1458 944 1521 972 vitis
1535 952 1616 976 vera,
1634 950 1663 971 ut
1676 945 1723 980 qui

933 992 1012 1024 bibit,
1030 999 1091 1018 cum
1109 991 1258 1026 gratiarum
1275 990 1383 1018 actione
1397 991 1489 1017 dicat:
1510 999 1518 1016 ι
1540 991 1639 1018 Dedisti
1656 990 1724 1018 laeti-

935 1036 998 1063 tiam
1015 1036 1041 1063 in
1059 1036 1143 1063 corde
1159 1043 1228 1063 tneo.
1246 1045 1255 1061 ι

968 1082 1049 1109 Vens.
1068 1082 1094 1109 6.
1114 1081 1204 1109 Funes
1221 1081 1372 1108 reciderunt
1392 1081 1454 1108 milii
1478 1081 1503 1108 in
1517 1081 1662 1116 princ/uris,
1684 1087 1723 1108 et-

932 1127 999 1154 enim
1013 1127 1153 1154 hreredilas
1169 1135 1226 1153 mea
1237 1127 1368 1161 pra'clara
1390 1132 1425 1153 est
1440 1126 1513 1159 mihi,
1530 1133 1583 1154 etc.
1605 1127 1631 1153 Si
1648 1127 1719 1154 funis

931 1181 1058 1202 tnensura
1079 1179 1138 1207 est,
1161 1174 1294 1208 quomodo
1317 1173 1448 1207 scriptum
1470 1179 1511 1201 est
1529 1174 1555 1200 in
1574 1173 1720 1207 Evangelii»

932 1219 1079 1246 secundum
1092 1218 1225 1247 Jonnnem
1239 1219 1261 1234 "
1276 1227 1282 1246 :
1304 1227 1313 1243 ι
1328 1216 1384 1244 Non
1400 1219 1471 1245 enim
1488 1226 1520 1245 ex
1537 1225 1661 1245 mensura
1674 1219 1719 1244 dat

932 1264 1001 1292 Deus
1021 1266 1157 1300 spiritum,
1176 1274 1185 1290 ι
1203 1269 1230 1292 ct
1251 1263 1315 1291 illud
1327 1264 1368 1291 “:
1390 1275 1398 1290 ι
1419 1264 1560 1292 ElTundatn
1575 1264 1607 1291 de
1621 1264 1718 1298 spiritu

932 1311 1008 1338 meo?
1024 1320 1034 1337 ι
1047 1311 1094 1338 Vel
1112 1311 1182 1338 forte
1199 1319 1324 1338 mensura
1338 1319 1389 1338 non
1406 1315 1516 1346 propter
1529 1311 1613 1345 ipsam
1630 1310 1718 1337 scien-

931 1355 995 1382 tiam
1012 1355 1183 1389 nominatur,
1200 1357 1247 1383 sed
1263 1361 1372 1392 propter
1384 1364 1445 1383 eum
1463 1356 1509 1390 qui
1532 1356 1605 1383 illam
1627 1356 1717 1383 susci-

931 1401 979 1436 pit,
992 1403 1063 1436 quod
1075 1409 1173 1437 nempe
1186 1403 1296 1436 majoris
1312 1411 1365 1430 non
1379 1403 1415 1429 sit
1431 1410 1528 1437 capax.
1540 1402 1645 1429 Etenim
1659 1402 1717 1436 ipsa

930 1448 1020 1482 pluvia
1045 1455 1201 1476 mensuram
1223 1450 1332 1477 excedit
1346 1470 1353 1482 ,
1380 1449 1530 1476 metiuntur
1552 1453 1639 1475 tamen
1655 1455 1715 1474 eam

931 1499 994 1520 vasa
1028 1493 1054 1520 in
1085 1494 1184 1528 quibus
1212 1495 1351 1530 recipitur.
1379 1495 1442 1522 Mihi
1476 1499 1586 1526 autem,
1614 1494 1716 1528 inquit,

929 1545 978 1565 cett
1004 1538 1029 1566 in
1055 1547 1180 1567 mensura
1206 1541 1351 1569 ltzcretlitas
1373 1546 1470 1573 terrae,
1494 1549 1547 1575 qua
1572 1545 1716 1568 contentus

929 1590 999 1616 sum,
1020 1584 1081 1612 data
1102 1590 1143 1612 est
1161 1593 1209 1620 per
1228 1586 1374 1621 pricclaros
1394 1593 1468 1614 meos
1484 1586 1577 1614 Jesum
1599 1590 1626 1614 et
1644 1586 1716 1613 Cha-

929 1629 982 1656 leb.

965 1675 1101 1708 Eiusdem.
1115 1676 1160 1704 Sic
1169 1677 1256 1706 factus
1273 1683 1314 1705 est
1326 1677 1462 1706 funiculus
1477 1678 1645 1706 luereditatis
1656 1679 1715 1714 ejus

928 1721 1020 1749 Israel.
1038 1723 1096 1750 Sibi
1118 1728 1208 1750 autem
1224 1724 1396 1758 complacens
1421 1725 1448 1752 in
1470 1725 1580 1760 propria
1599 1725 1715 1752 haeredi-

927 1771 983 1794 tate
998 1772 1026 1794 ttt
1040 1767 1181 1801 praeclara,
1198 1769 1254 1795 lure
1269 1770 1316 1797 ait.

967 1812 1049 1840 Vens.
1065 1813 1091 1840 7.
1104 1812 1260 1841 Benedicam
1275 1814 1414 1842 Dominum
1426 1815 1471 1850 qui
1486 1816 1578 1842 tribuit
1594 1817 1658 1843 milii
1674 1817 1714 1843 in-

926 1859 1056 1886 tellectum
1068 1866 1078 1886 :
1092 1860 1198 1894 insuper
1211 1865 1234 1886 et
1257 1868 1337 1895 usque
1359 1861 1394 1887 ad
1411 1867 1510 1889 nectent
1528 1862 1712 1896 increpuerqu

926 1913 966 1932 me
981 1913 1054 1931 renes
1069 1905 1128 1937 mei,
1140 1910 1191 1933 etc.
1208 1906 1349 1933 Benedicit
1364 1907 1460 1941 aliquis
1477 1907 1631 1941 Dominum,
1649 1917 1710 1936 cum

925 1948 983 1983 ejus
1006 1950 1088 1977 menti
1115 1951 1220 1984 species
1239 1951 1382 1986 ingeritur.
1401 1952 1423 1979 Α
1447 1952 1515 1980 facie
1536 1954 1608 1980 enim
1624 1954 1710 1989 ipsius

924 1995 1039 2022 scicntia
1057 2001 1085 2024 et
1101 1996 1266 2025 intellectus.
1287 1998 1333 2025 Sic
1350 1999 1373 2025 ei
1389 1999 1435 2033 qui
1447 2000 1566 2027 custodit
1581 2001 1709 2026 mandata

923 2041 983 2076 eius
1001 2041 1169 2070 intellectum
1183 2043 1276 2070 tribuit
1289 2043 1369 2071 Deus.
1389 2044 1425 2071 De
1444 2046 1553 2072 rentibus
1567 2050 1655 2073 autem
1669 2045 1708 2072 lo-

923 2086 1036 2121 quitur,
1056 2087 1102 2122 qui
1121 2095 1174 2114 ttua
1200 2095 1262 2116 cum
1280 2090 1361 2116 corde
1387 2091 1562 2118 nominantur
1584 2091 1625 2117 his
1646 2098 1708 2117 ver-

923 2132 966 2159 bis
976 2132 1017 2160 ":
1037 2141 1046 2159 ι
1064 2133 1196 2161 Scrutans
1220 2135 1300 2161 corda
1322 2139 1350 2162 et
1370 2143 1448 2164 renes
1466 2136 1547 2164 Deus.
1569 2146 1577 2162 ι
1597 2136 1628 2163 lli
1644 2144 1705 2163 cunt

77 2183 161 2206 σεως,
180 2174 336 2202 παιδεύουσι
353 2175 398 2202 τὸν
414 2176 602 2209 ὲφιστάνοντα,
628 2177 686 2210 φῶς
704 2177 871 2212 παρέχοντες

966 2177 1035 2205 rfecti
1052 2178 1152 2206 fuerint
1168 2179 1357 2216 intelligentia,
1369 2182 1499 2209 erudiunt
1513 2184 1708 2214 attendentem,

75 2219 218 2256 γνώσεως,
235 2221 315 2256 μέχρι
331 2221 398 2257 λυθῇ
411 2222 460 2256 τῆς
473 2221 583 2256 ἀγνοίας
597 2223 614 2257 ἡ
629 2221 687 2255 νύξ.
704 2223 736 2248 Et
752 2222 780 2249 δὲ
796 2223 872 2258 δηλοῖ

75 2266 127 2293 καὶ
147 2265 181 2292 τὰ
200 2266 335 2302 βαθύτερα
355 2266 408 2294 τῶν
432 2267 575 2302 νοημάτων
599 2268 615 2302 ἡ
632 2266 690 2299 νὺξ,
711 2267 778 2294 καθὸ
793 2267 871 2302 λόγος

74 2313 187 2348 εἴρηται
204 2313 340 2344 σκοτεινὸς
352 2313 366 2338 ὀ
384 2313 523 2348 μυστικὸς,
540 2313 666 2348 φανερὸν,
684 2313 725 2339 ὅτι
739 2313 792 2344 ἕως
804 2314 870 2340 ταύ-

73 2367 128 2393 της
145 2358 301 2385 παιδεύουσι
315 2359 365 2394 τῆς
379 2359 475 2390 νυκτὸς
498 2359 523 2385 οί
542 2359 646 2395 νεφροὶ,
667 2359 702 2386 τὰ
723 2360 870 2395 ἀπόκρυφα

74 2404 124 2430 καὶ
142 2403 327 2440 αἰνιγματώδη
347 2404 550 2439 σαφηνίζοντες.
569 2405 754 2441 Μετείληπται
769 2405 797 2432 δὲ
815 2406 868 2433 ἀπὸ

73 2448 131 2476 τῶν
148 2449 266 2484 νεφρῶν,
283 2450 311 2476 ὲν
328 2447 368 2481 οἷς
383 2450 460 2484 γοναὶ
475 2450 523 2477 καὶ
538 2451 725 2487 σπερματικαὶ
739 2451 868 2486 δυνάμεις

75 2494 262 2526 συνίστανται,
293 2497 349 2526 τοῖς
374 2497 543 2532 γεννητικοῖς
569 2496 735 2532 χορηγοῦσαι
761 2497 864 2532 πόροις.

73 2539 138 2566 Κάν
155 2540 187 2574 τῇ
203 2539 275 2575 ψυχῇ
288 2540 377 2566 τοίνυν
391 2540 450 2567 ἐστὶ
462 2540 586 2576 νοήματά
597 2550 658 2568 τινα
673 2543 728 2573 τοῖς
742 2542 866 2577 σπέρμα-

74 2593 120 2611 σιν
134 2584 265 2620 ἀνάλογα,
288 2585 358 2613 κατὰ
381 2586 415 2612 τὰ
431 2586 504 2613 ἔνδον
517 2588 675 2623 γεννήματα
691 2589 720 2614 ὲν
748 2588 865 2622 ἀγαθαῖς

923 2227 948 2250 et
964 2222 1053 2250 httnen
1073 2224 1194 2251 scientiae
1212 2226 1350 2260 prmbcnt,
1371 2228 1458 2255 donec
1478 2229 1635 2263 ignorantiae
1654 2235 1708 2256 nox

921 2267 1095 2297 dissolvatur.
1110 2269 1186 2303 Quod
1199 2271 1220 2298 si
1236 2279 1284 2306 per
1301 2277 1408 2299 noctem
1423 2274 1505 2300 etiam
1521 2273 1708 2308 profundiores

921 2314 1100 2348 cogitationes
1114 2315 1307 2351 designantur,
1326 2325 1377 2352 qua
1399 2318 1598 2353 signiﬁcatione
1613 2320 1708 2354 mysti-

920 2366 968 2386 cus
984 2367 1073 2387 sermo
1086 2367 1200 2388 vocatur
1220 2362 1365 2396 obscurus,
1386 2363 1470 2398 liquet
1489 2364 1520 2390 ad
1539 2364 1609 2391 hanc
1623 2371 1708 2399 usque

920 2410 1027 2432 ttoctem
1043 2414 1120 2434 renes
1136 2408 1255 2441 erudire,
1272 2415 1334 2436 cum
1350 2409 1458 2437 occulta
1471 2414 1499 2436 et
1512 2409 1602 2436 abdita
1616 2409 1707 2437 decla-

921 2454 992 2476 rant.
1010 2450 1165 2486 Metaphora
1182 2459 1271 2481 autem
1288 2454 1369 2482 ducta
1385 2459 1426 2482 est
1445 2461 1460 2480 a
1478 2454 1588 2482 renibus
1606 2455 1706 2489 quibus

918 2496 1020 2523 sentina
1036 2502 1062 2524 et
1074 2499 1219 2527 seminales
1232 2500 1304 2528 vires
1317 2501 1420 2534 insunt,
1432 2508 1493 2536 qua:
1506 2502 1577 2528 vasis
1589 2509 1706 2536 genera-

919 2542 983 2569 tioui
1006 2543 1078 2577 aptis
1099 2545 1263 2574 inserviunt.
1282 2547 1353 2574 Sunt
1378 2547 1460 2581 igitur
1475 2547 1555 2574 etiatn
1573 2547 1598 2574 in
1615 2547 1704 2574 anima

918 2596 1015 2618 sensus
1031 2591 1139 2625 quidam
1155 2593 1201 2629 qui
1219 2594 1368 2622 seminibus
1382 2594 1499 2629 quadam
1514 2593 1619 2621 ratione
1631 2601 1706 2621 com-

108 2655 134 2672 "
147 2653 226 2682 Joan.
240 2663 337 2689 xum,
351 2655 395 2683 54.
434 2656 456 2672 ⁸⁸
473 2656 542 2685 Jocl.
557 2665 587 2690 tt,
603 2657 648 2685 28.
688 2657 709 2673 ⁵⁷
726 2657 797 2685 Psal.
809 2666 858 2691 vn,
874 2658 916 2686 10.

113 2725 170 2766 (3p)
186 2728 375 2766 κληρονομία
393 2729 523 2766 φύσεως,
554 2734 607 2766 etc.
631 2730 742 2758 Schedae
759 2730 864 2763 Grabii,

77 2762 233 2795 partimque
250 2762 396 2793 Barbarus,
408 2769 434 2789 et
451 2763 609 2791 (lorderius.

79 2795 172 2857 ru(3|)
190 2797 224 2823 Et
235 2796 266 2823 τὸ
280 2798 429 2831 σχοινίον,
445 2802 498 2826 ctc.
513 2800 626 2827 Scheda:
643 2799 748 2834 Grabii,
767 2801 865 2828 Barba-

111 2840 135 2858 5-

953 2732 1009 2769 (5})
1022 2733 1119 2767 οὕτως
1136 2733 1274 2769 ἐγενήθη,
1288 2739 1340 2761 ctc.
1354 2734 1510 2762 Cordcrius.

918 2803 937 2829 Β
959 2768 1014 2829 (ῑῶ)
1029 2769 1155 2803 Εὔλςγεῑ
1168 2778 1212 2803 τις
1231 2770 1282 2797 τὸν
1299 2770 1419 2804 Κύριον,
1443 2775 1498 2798 etc.
1521 2769 1609 2798 Codex
1637 2769 1702 2803 Bue,

940 2811 969 2830 .H'
982 2811 1063 2830 )ill‘IlS.
