1885 3053
53 126 112 153 ιξει

520 121 674 149 διίΙᾸςυΤΑ
692 121 724 149 IN
743 121 913 149 PSALMOS.
934 137 967 142 -—
988 121 1086 150 PSAL.
1106 122 1176 151 XVI.

1605 129 1674 157 1222

53 189 138 214 Ἐνδον
151 187 228 219 ὄντας
245 187 299 222 (49)
313 186 342 212 οὺ
359 185 569 221 περικυκλοῦσιν
583 188 607 214 at
620 187 721 223 ἐχθροὶ,
737 187 766 214 οὺ
779 189 825 224 γὰρ

918 196 954 219 ηι,
977 192 1030 216 etc.
1052 187 1104 215 Eos
1120 189 1165 222 qui
1184 189 1256 216 intus
1269 193 1341 221 sunt,
1362 195 1413 215 nou
1436 189 1603 219 circumdant
1623 193 1674 220 ini«

49 234 175 265 δύνανται,
199 233 254 259 ἀλλ’
267 233 331 259 ὅταν
355 232 455 259 ἔσωθεν
471 232 632 260 ἐκϐάλωσιν.
649 233 704 259 Καὶ
728 233 829 266 ἔθεντο,

50 280 134 315 φησὶν,
150 279 250 306 ἑαυτῶν
270 279 334 310 τοὺς
357 278 512 314 ὀφθαλμοὺς
527 279 566 310 είς
583 279 613 305 τὸ
635 279 685 314 ἐμὲ
708 279 830 306 ἐκκλῖναι

49 326 92 352 ἀπ’
107 324 218 360 οὐρανοῦ
230 324 258 350 ὲν
270 324 302 359 τῇ
315 324 361 359 γῇ,
379 323 516 350 τουτέστιν
531 324 559 350 ἐν
568 325 601 359 τῇ
614 324 674 360 ὕλῃ.
696 325 757 351 Ἐπὶ
769 324 831 360 βλά-

50 371 80 407 ϐῃ
95 371 120 397 δὲ
137 369 343 406 περικυκλοῦσιν
359 369 491 396 ἀπολέσαι
511 370 535 396 οί
551 369 695 405 ζητοῦντες
713 370 743 397 τὸ
763 371 831 406 πρὸς

49 416 95 450 γῆν
106 416 170 451 ὁρᾷν
183 415 228 441 καὶ
240 415 352 441 σκοπεῖν
366 414 434 449 μόνα
448 414 483 441 τὰ
497 415 661 450 πρόσκαιρα,
678 415 830 443 ἐκκλίνουσι

47 461 72 487 δὲ
96 460 311 496 παρανομοῦντες
335 460 384 495 τὴν
409 459 517 486 εὐθεῖαν
543 460 602 487 ὁδὸν
615 460 661 487 καὶ
682 461 719 496 μὴ
737 461 830 496 βουλό-

50 515 127 541 μενοι.

81 550 132 578 Τοῦ
148 551 249 578 αὑτοῦ.
268 550 369 578 Τοῦτον
379 550 523 578 κυκλοῦσιν
537 552 561 578 οἱ
585 551 710 587 δαίμονες
726 552 781 588 (50)
800 552 829 580 ὃν

47 596 197 623 ἐκϐάλλουσι
211 596 260 632 τῆς
273 597 382 633 ἀρετῆς*
400 596 440 623 διὸ
456 596 547 628 καλῶς
564 596 720 631 λέγεταιτό·
740 607 748 623 ι
767 598 829 624 Ἐὰν

48 643 147 677 πνεῦμα
166 642 212 669 τοῦ
236 641 437 674 ἐξουσιάζοντος
453 642 538 678 ἀναϐῇ
555 643 601 668 ἐπὶ
624 642 664 674 σὲ,
685 643 766 670 τόπον
782 652 828 670 σου

48 688 80 723 μὴ
95 689 172 723 ἀφῇς·
194 697 203 714 ι
216 687 263 714 καὶ
279 687 319 714 τό·
338 697 347 713 ι
370 688 416 723 Μὴ
441 687 508 714 δῶτε
523 688 604 715 τόπον
617 688 657 724 τῷ
680 687 801 724 πονηρῷ·
816 698 825 714 ι

46 734 105 760 ὡσεὶ
126 733 225 767 ἔλεγεν·
254 733 317 760 Ἐὰν
340 733 448 769 πνεῦμα
466 735 593 770 πορνείας
606 734 691 769 ἀναϐῇ
711 734 757 760 ἐπὶ
787 734 826 765 σὲ,

47 778 214 814 σωφροσύνην
228 787 274 805 σου
291 778 328 814 μὴ
345 779 425 813 ἀφῇς¹
441 779 488 805 καὶ
503 779 611 813 πνεῦμα
629 779 723 813 μίσους
740 778 826 814 ἀναϐῇ

46 825 87 850 ἐπὶ
98 825 134 856 σὲ,
149 825 257 860 ἀγάπην
271 833 316 850 σου
330 825 366 859 μὴ
383 825 464 860 ἀφῇς.
477 824 551 859 Πλὴν
570 824 733 860 προσεκτέον
749 824 828 850 πότε-

47 877 88 904 ρον
101 869 114 895 6
128 869 179 896 ἀπὸ
196 870 291 896 πασῶν
306 869 359 896 τῶν
376 869 481 905 ἀρετῶν
499 869 623 897 ἐκπεσὼν
636 869 790 902 κυκλοῦται,
807 870 824 906 ἥ
842 858 862 886 Β

45 914 93 940 ἀπὸ
105 914 217 947 πολλῶν,
232 914 248 950 ἢ
264 915 317 941 ἀπὸ
336 916 410 950 μιᾶς,
423 915 479 941 Καὶ
493 914 539 941 ἐὰν
554 915 602 950 μὲν
613 915 826 942 ἀντακολουθοῦ-

47 967 84 986 σιν
99 960 223 995 ἀλλήλαις
237 962 264 987 αἶ
274 960 370 987 κακίαι
385 960 478 997 ὥσπερ
490 961 536 987 καὶ
546 961 652 997 ἀρεταὶ,
669 962 684 987 6
700 961 754 988 ἀπὸ
762 961 827 996 μιᾶς

45 1006 160 1033 ἐκπεσὼν
185 1007 286 1042 ἀρετῆς
308 1006 463 1034 κυκλοῦται·
490 1006 538 1034 ἐὰν
562 1007 589 1033 δέ
606 1007 643 1043 μὴ
664 1007 827 1035 ἀντακολου-

46 1051 128 1078 θοῦσιν
141 1052 268 1088 ἀλλήλαις
286 1054 313 1079 αί
330 1053 434 1085 κακίαι,
449 1053 497 1088 οὐχ
514 1053 528 1079 ὁ
541 1053 594 1080 ἀπὸ
609 1054 672 1088 μιᾶς
686 1054 827 1090 ἐκϐληθεὶς

46 1095 136 1130 ἀρετῆς
151 1096 306 1129 κυκλοῦται,
319 1097 375 1123 ἀλλ’
392 1097 406 1124 6
424 1098 477 1124 ἀπὺ
490 1097 595 1125 πασῶν.
615 1099 651 1124 Ἦ
665 1098 737 1134 τάχα
751 1097 828 1136 ἧστι-

45 1141 85 1172 v6;
93 1150 133 1173 τις
145 1142 242 1178 ἀρετῆς
259 1143 398 1179 ἐκπίπτει,
415 1143 467 1171 ὺπῦ
479 1143 528 1179 τῆς
542 1144 733 1180 ἀντικειμένης
740 1144 825 1182 ταύτῃ

45 1188 135 1219 κακίας
151 1187 306 1215 κυκλοῦται.

81 1278 235 1305 Ὑπέλαϐὀν
244 1287 283 1314 με
298 1279 369 1306 ὡσεί
381 1279 459 1307 λέων
468 1279 583 1314 ἕτοιμος
596 1281 640 1313 εἰς
653 1279 758 1314 θήραν,
777 1280 824 1307 καὶ

45 1323 109 1351 ὡσεί
122 1325 257 1359 σκύμνος
271 1325 360 1352 οὶκῶν
378 1325 413 1352 ὲν
431 1325 626 1360 ἀποκρύψας,
644 1335 670 1353 κ.
695 1335 720 1353 τ.
737 1327 760 1354 ἐ.
782 1327 826 1354 Ἐν

45 1370 202 1407 ἀποκρύφοις
214 1372 270 1407 (5i)
287 1371 341 1407 γὰρ
353 1372 399 1399 καὶ
414 1371 594 1408 ἀπροοράτως
607 1373 672 1408 ἡμῖν
689 1371 826 1399 ποιοῦνται

45 1414 88 1446 τὰς
100 1416 156 1442 καθ’
170 1416 249 1451 ἡμῶν
262 1415 372 1452 ἐνέδρας
382 1417 419 1448 ὼς
431 1417 549 1452 σκύμνος
561 1417 586 1443 οἱ
601 1417 702 1452 ἐχθροί.

78 1460 128 1487 Τοῦ
153 1461 256 1488 αὑτοῦ.
286 1461 336 1487 Διά
365 1461 411 1488 τοῦ
435 1462 590 1498 ἀκαθάρτου
616 1462 672 1498 (52)
696 1462 826 1498 λογισμοῦ

44 1506 219 1541 ὑπολαμϐάνει
232 1506 277 1533 τὸν
285 1506 346 1533 νοῦν
358 1507 435 1543 ἡμῶν
445 1508 458 1534 6
470 1508 658 1542 ἀντικείμενος
673 1509 739 1543 ἡμῖν
747 1508 825 1535 λέων.

44 1551 75 1578 Τὸ
89 1552 191 1586 λογικὸν
209 1553 262 1588 τῆς
274 1552 381 1587 φύσεως
399 1553 601 1589 ἀπορρίψαντες
614 1553 697 1590 θηρία
711 1554 826 1590 μιμοῦν-

43 1605 82 1623 ται
97 1599 196 1634 τροφῆς
207 1598 351 1634 ἐφιέμενα,
367 1598 415 1627 καὶ
426 1599 529 1635 ταύτην
548 1600 767 1635 περισκοποῦντα
780 1601 827 1628 καὶ

44 1643 163 1680 ἐξαπίνης
177 1645 317 1681 ὁρμῶντα.

840 1530 861 1558 C

81 1688 240 1724 Ἀνάστηθι,
251 1690 350 1724 Κύριε,
363 1689 540 1724 πρόφθασον
552 1690 673 1723 αὐτοὺς,
690 1691 738 1717 καὶ
752 1692 827 1719 ὑπο-

44 1731 181 1761 σκέλισόν
193 1734 316 1767 αὐτοὺς-
322 1735 415 1769 ῥῦσαι
426 1734 482 1769 τὴν
493 1735 598 1770 ψυχήν
608 1745 668 1770 μου
684 1736 743 1763 ἀπὸ
757 1737 828 1764 ἀσε-

42 1778 118 1811 ἰυῦς,
143 1780 299 1814 ῥομφαίαν
330 1787 388 1807 σου
417 1781 476 1808 ἀπὸ
503 1781 618 1815 ἐχθρῶν
649 1781 704 1816 τῆς
729 1783 828 1817 χειρός

45 1830 106 1857 σου,
120 1833 145 1851 κ.
161 1833 186 1852 τ.
201 1826 226 1852 ἑ.
243 1825 300 1860 Τὴν
313 1826 450 1861 ῥομφαίαν
464 1826 519 1862 (55)
533 1826 581 1853 τοῦ
596 1827 663 1853 θεοῦ
676 1827 731 1853 ἔσθ’
744 1829 788 1854 ὅτε
803 1829 827 1855 οί

45 1870 129 1906 ἐχθροὶ
145 1872 194 1908 τῆς
218 1872 312 1908 χειρὸς
329 1872 411 1899 αὑτοῦ
427 1872 647 1908 ἀναλαμϐάνουσι
661 1873 721 1900 καθ’
735 1874 826 1909 ἡμῶν.

46 1915 143 1953 Ταύτην
157 1916 203 1945 οὖν
225 1917 359 1954 ρυσθῆναι
379 1918 427 1944 καὶ
453 1918 568 1954 ἀρθῆναι
587 1918 640 1946 ἀπδ
655 1919 708 1946 τῶν
723 1920 828 1956 ἐχθρῶν

42 1960 143 1996 εὔχεται
156 1962 195 1998 τῷ
203 1963 275 1998 Θεῷ.

78 2007 129 2034 Τοῦ
139 2008 246 2035 αὐτοῦ.
268 2008 371 2044 Ὠσπερ
396 2007 455 2034 Ἰὼϐ
479 2008 536 2044 (54)
553 2009 603 2044 τὴν
626 2009 768 2045 πλήξασαν
785 2010 829 2037 αὺ-

44 2052 84 2078 τδν
100 2053 213 2089 δύναμιν
225 2055 306 2090 χεῖρα
319 2053 393 2088 λέγει
413 2053 491 2080 Θεοῦ·
508 2062 517 2079 t
536 2054 583 2089 Μή
603 2062 636 2089 με
651 2053 798 2089 στροϐείτω
816 2063 825 2080 ι

44 2099 101 2135 γὰρ,
112 2100 203 2136 φησὶν,
227 2110 237 2126 ι
258 2101 275 2135 ἡ
293 2099 354 2136 χείρ
371 2108 428 2126 σου·
452 2110 461 2126 ι
488 2099 561 2126 οὕτω
576 2100 697 2132 καὶτοὺς
715 2100 829 2135 ἐχθροὺς

43 2145 86 2180 τῆς
104 2147 280 2183 εὐεργετικῆς
296 2146 387 2182 χειρὸς
407 2145 453 2172 τοῦ
467 2145 544 2177 Θεοῦ,
561 2146 698 2182 ῥομφαίαν
717 2147 731 2173 6
747 2145 829 2173 Δαυῒδ

43 2190 114 2236 κα)ξῖ
124 2191 170 2218 τοῦ
182 2191 262 2217 Θεοῦ.
281 2191 448 2226 Εὑεργετικὴ
464 2190 492 2217 δὲ
508 2190 568 2226 χεὶρ
581 2192 604 2217 οι
619 2191 691 2236 ἀγιοι
706 2191 826 2225 ἄγγελοι,
844 2208 865 2236 D

42 2231 116 2262 δι’ὦν
128 2237 142 2263 6
154 2236 221 2268 Θεδς
243 2237 398 2270 προνοεῖται
414 2235 461 2262 τοῦ
480 2236 593 2271 κόσμου,
606 2233 646 2267 οἷς
662 2236 828 2263 ὰντίκεινται

44 2279 169 2315 δαίμονες,
185 2282 209 2308 οἱ
229 2281 268 2317 μὴ
286 2281 441 2317 βουλόμενοι
459 2281 547 2308 πάντα
559 2281 701 2316 ἄνθρωπον
716 2282 756 2313 είς
769 2281 828 2308 ἐπί-

47 2332 134 2358 γνωσιν
148 2327 279 2363 ἀληθείας
297 2326 393 2354 ἐλθεῖν.
410 2327 479 2362 Χεὶρ
489 2325 557 2353 Θεοῦ
566 2328 580 2353 6
593 2326 739 2362 μονογενὴς
752 2327 826 2358 Υἱός·

45 2372 198 2406 ῥομφαίαιδέ
213 2374 231 2409 ἡ
249 2373 336 2408 ίσχὺς,
357 2374 373 2409 ἢ
395 2373 518 2409 δύναμις,
537 2373 553 2409 ἡ
571 2373 689 2405 ἐξουσία.
711 2373 829 2408 Ἐκάστη

42 2417 109 2454 ψυχὴ
117 2419 208 2446 δικαία
217 2419 334 2446 ἕλκουσα
347 2419 410 2450 τοὺς
422 2419 600 2455 ἁμαρτωλοὺς
617 2419 646 2451 ἐξ
656 2419 780 2451 ἀσεϐείας
790 2420 830 2451 είς

44 2462 201 2498 θεοσέϐειαν,
220 2465 342 2501 ῥομφαία
361 2465 419 2491 ἐστὶ
436 2465 503 2492 Θεοῦ
517 2465 673 2500 ὴκονημένη
689 2465 759 2491 κατὰ
774 2464 828 2492 τῶν

44 2511 200 2545 πνευμάτων
215 2511 267 2545 τῆς
283 2511 424 2547 πονηρίας.
445 2510 553 2545 Ταύτην
572 2508 617 2537 οὖν
631 2511 679 2545 τὴν
693 2509 829 2546 ῥομφαίαν

45 2562 86 2581 σου
102 2557 180 2591 ῥῦσαι
199 2557 255 2584 ἀπὸ
269 2557 373 2593 ἐχθρῶν
395 2566 442 2584 σου
457 2557 511 2583 τῶν
527 2556 731 2592 ἀνθισταμένων
744 2557 776 2592 τῇ
790 2557 830 2588 εἰς

44 2599 85 2627 τὸν
98 2602 236 2638 Move-{svi}
249 2603 350 2631 πίστει,

75 2682 97 2699 ⁸⁷
109 2683 196 2712 Eccle.
216 2693 244 2717 ιι,
258 2684 284 2711 4.
321 2684 343 2700 ⁵⁸
356 2684 456 2720 Ephes.
468 2691 504 2716 ιν,
515 2683 562 2710 27.
600 2683 622 2699 ⁸⁹
635 2682 696 2710 Job.
709 2690 746 2714 Ix,
759 2682 803 2710 54.

145 2740 255 2779 Ἔνρον
268 2739 366 2779 ὄντας,
381 2744 434 2779 etc.
452 2739 622 2779 codex'koe.
681 2777 685 2779 Δ
733 2771 752 2779 η

45 2772 266 2837 ὼςξὲξμΤητότυΥ
282 2774 448 2802 κυκλοῦσιν
461 2775 488 2801 οὶ
500 2773 649 2808 δαίμονες.
663 2777 716 2801 etc.
732 2772 824 2801 Codex

79 2844 131 2880 (51)
150 2846 199 2873 Ἐν
215 2845 413 2881 ἀποκρύφοις,
426 2849 479 2873 etc.
494 2844 584 2873 Codex
600 2843 668 2871 lioc.

883 232 957 263 mici,
976 240 1028 259 non
1043 234 1115 260 enim
1133 238 1254 267 possunt,
1268 235 1314 261 sed
1330 235 1440 268 quando
1460 241 1535 263 extra
1551 237 1671 271 cjicittnt.

883 277 916 304 Et
929 283 1094 312 statuerunt,
1119 279 1217 314 inquit,
1234 280 1329 307 oculos
1344 287 1408 307 suos
1434 281 1460 308 in
1476 290 1519 309 me
1534 282 1673 311 declinare

883 329 897 348 a
914 322 984 349 caelo
1000 323 1026 349 itt
1042 327 1150 356 terram,
1170 324 1220 351 hoc
1238 329 1279 351 est
1293 324 1318 351 in
1344 326 1498 353 materiam.
1518 327 1557 354 Ad
1573 335 1673 356 nocen-

882 367 944 393 dttm
960 372 1048 394 autem
1064 372 1090 394 et
1105 369 1270 402 perdendum
1286 370 1455 396 circumdant
1471 372 1516 405 qui
1534 372 1602 400 nillil
1619 373 1672 400 nisi

883 416 991 439 terrena
1014 417 1042 440 et
1067 417 1238 448 temporanea
1265 415 1355 442 videre
1378 421 1511 450 qna-runt,
1535 417 1672 445 declinant

881 459 955 484 vero‘
971 458 1018 492 qui
1046 463 1148 485 rectam
1175 459 1245 486 viam
1272 465 1439 494 pervertunt,
1461 462 1541 488 etiam
1565 462 1669 497 impru-

881 503 989 531 dentes.

917 549 1053 584 Ejtudem.
1087 550 1164 578 llttuc
1188 552 1362 579 circumdant
1390 553 1526 582 dwmones
1548 562 1628 589 quem
1655 563 1671 583 ο

879 595 980 622 virtute
999 596 1138 631 tlcjiciunt.
1157 597 1342 630 Quamobrem
1370 599 1481 633 pulchre
1509 601 1609 628 dicitur
1621 601 1644 618 ⁵⁷
1661 610 1669 629 :

885 649 893 666 t
908 640 937 668 Si
953 641 1064 675 spiritus
1080 647 1240 676 potestatem
1256 643 1383 670 habentis
1407 645 1563 672 ascenderit
1589 645 1615 672 in
1631 649 1669 678 te,

880 686 968 714 locmn
997 691 1070 713 tuum
1099 695 1133 714 ne
1157 688 1280 716 deseras.
1301 698 1311 714 ι
1332 687 1366 716 Et
1390 689 1455 716 illud
1468 690 1491 706 "
1514 698 1522 717 :
1551 700 1560 716 ι
1582 691 1670 720 Nolite

879 732 943 760 dare
956 733 1043 760 locum
1056 732 1185 766 maligno.
1199 741 1207 759 ι
1220 733 1301 766 Quasi
1315 735 1414 761 diceret
1428 744 1435 762 :
1450 735 1477 761 Si
1491 736 1602 770 spiritus
1616 735 1671 764 for-

879 777 1024 805 nicationis
1036 778 1188 805 ascenderit
1200 778 1226 805 in
1240 783 1275 809 te,
1287 779 1480 806 continentiam
1495 786 1567 806 tuam
1580 789 1613 808 ne
1623 782 1669 808 de-

880 830 964 851 seras.
977 823 1009 851 Et
1019 823 1043 850 si
1056 824 1166 858 spiritus
1177 824 1233 851 odii
1247 826 1402 853 ascenderit
1417 827 1441 853 in
1460 831 1495 860 te,
1508 827 1668 854 charitatem

878 872 950 895 tuam
968 875 1001 895 ne
1012 869 1132 896 deseras.
1141 869 1273 896 leerum
1285 871 1509 899 considerandum
1520 877 1562 899 est
1575 881 1608 900 an
1622 873 1668 908 qui

879 913 913 939 ab
923 913 1049 940 omnibus
1064 914 1210 940 virtutibus
1223 915 1331 947 decidit,
1343 916 1535 948 circumdatur,
1545 925 1578 944 an
1591 919 1635 952 qui
1653 925 1668 945 a

878 957 979 990 multis,
997 965 1031 985 an
1054 959 1100 993 qui
1115 959 1149 986 ab
1166 967 1230 986 una.
1259 959 1288 987 Si
1305 968 1364 988 sese
1380 962 1495 989 invicem
1518 967 1670 997 sequuntttr

878 1001 1000 1034 malitiae,
1014 1003 1240 1036 quemadmodum
1256 1009 1283 1031 et
1299 1005 1424 1040 virtutes,
1440 1007 1484 1041 qui
1504 1008 1537 1034 ab
1550 1015 1602 1035 una
1619 1008 1670 1035 vir-

878 1050 934 1073 tute
949 1047 1059 1079 ereidit,
1085 1047 1279 1076 circumdatur.
1311 1049 1339 1077 Si
1358 1055 1448 1078 autem
1466 1059 1527 1079 sese
1552 1053 1667 1080 invicem

877 1099 930 1118 llOn
943 1097 1104 1126 sequuntur,
1119 1102 1172 1121 non
1187 1096 1232 1130 qui
1252 1096 1285 1122 ab
1297 1103 1350 1123 una
1365 1097 1466 1124 virtute
1482 1099 1594 1130 excidit,
1611 1100 1666 1125 cir-

875 1137 1031 1171 cumdatur,
1052 1140 1097 1166 sed
1121 1141 1165 1174 qtti
1182 1142 1216 1168 ab
1234 1142 1371 1169 omnibus.
1395 1143 1440 1170 Vel
1466 1144 1537 1171 forte
1559 1153 1574 1172 e
1596 1153 1666 1180 qua-

874 1192 982 1220 cunque
1003 1186 1104 1214 virtute
1128 1188 1189 1222 quis
1207 1188 1320 1222 excidit,
1335 1190 1369 1217 ab
1383 1197 1414 1217 ea
1437 1198 1496 1225 quae
1514 1191 1552 1218 illi
1570 1193 1664 1220 adver-

876 1237 964 1266 satur,
981 1233 1083 1260 malitia
1097 1234 1293 1261 circumdatur.

914 1277 994 1305 Vtzlts.
1013 1278 1056 1306 l2.
1088 1279 1263 1313 Susceperunt
1288 1288 1329 1306 me
1353 1281 1418 1307 sicut
1441 1281 1479 1308 leo
1502 1286 1610 1315 paratus
1632 1282 1666 1308 ad

875 1324 994 1357 pra'dam
1009 1331 1019 1350 :
1034 1329 1056 1350 et
1068 1325 1136 1351 sicut
1153 1324 1257 1351 catulus
1273 1325 1355 1353 leonis
1373 1326 1494 1353 habitans
1516 1327 1541 1353 in
1560 1328 1666 1360 abditis,

877 1373 930 1397 etc.
951 1369 980 1397 lu
995 1369 1120 1397 obscuris
1137 1371 1211 1398 enim
1237 1376 1260 1398 et
1282 1371 1358 1399 nobis
1381 1372 1584 1407 inopinantibus
1599 1373 1666 1400 insi-

877 1414 988 1443 diantur
1005 1415 1108 1443 iniutici
1126 1416 1197 1443 sicut
1209 1416 1315 1444 catulus
1330 1416 1424 1444 leonis.

914 1460 1052 1495 Ejusdem.
1092 1461 1144 1488 l’er
1170 1462 1325 1490 immundus
1350 1463 1529 1498 cogitationes
1552 1465 1667 1499 suscipit

879 1513 999 1534 mentem
1019 1512 1139 1534 nostram
1165 1509 1337 1536 adversarius
1359 1513 1452 1537 noster
1475 1510 1525 1537 leo.
1553 1509 1665 1544 Abjecta

878 1553 994 1580 naturali
1020 1554 1126 1580 ratione
1152 1553 1227 1581 feras
1252 1554 1393 1582 imitantur
1410 1563 1469 1590 quae
1484 1555 1609 1582 alimenta
1630 1557 1665 1583 ita

878 1605 1006 1634 appetunt
1032 1604 1061 1627 ut
1085 1600 1110 1627 in
1132 1607 1163 1627 ea
1182 1601 1266 1628 semel
1289 1607 1433 1637 conspecta
1459 1602 1548 1629 subito
1566 1602 1666 1637 impetu

878 1646 902 1673 l'e
907 1654 952 1673 ran
957 1651 983 1672 tu
988 1654 1010 1673 r.

915 1692 995 1719 Vens.
1012 1692 1056 1724 l5,
1069 1691 1111 1718 14.
1142 1692 1272 1728 Exsurge,
1298 1692 1420 1725 Domine,
1443 1693 1558 1727 pra'veni
1578 1700 1621 1719 eos
1642 1697 1667 1719 et

877 1738 1017 1771 supplantat
1034 1744 1096 1768 eos;
1113 1739 1182 1771 eripe
1196 1738 1312 1764 animant
1339 1745 1423 1764 meam
1444 1737 1477 1764 ult
1494 1739 1582 1771 impio,
1610 1738 1668 1772 [ra-

878 1791 962 1809 nteam
979 1788 1051 1810 tuam
1071 1784 1103 1811 a6
1123 1784 1238 1810 inimicis
1258 1791 1353 1809 manus
1379 1788 1441 1814 tum,
1463 1787 1516 1810 etc.
1539 1782 1585 1809 Dei
1613 1783 1668 1810 [τίη-4

879 1835 964 1854 meatu
976 1829 1120 1864 aliquando
1133 1828 1234 1856 inimici
1242 1835 1338 1854 manus
1349 1827 1408 1861 ejus
1421 1833 1562 1854 assumunt
1571 1828 1667 1854 adver-

878 1881 936 1902 sum
952 1881 1011 1901 nos.
1031 1874 1053 1901 Α
1073 1875 1127 1902 Deo
1143 1874 1224 1909 igitur
1240 1873 1306 1908 petit
1328 1873 1397 1900 hanc
1414 1873 1448 1900 ab
1467 1872 1584 1900 inimicis
1596 1872 1666 1907 eripi

878 1925 905 1947 et
920 1919 1032 1947 auferri.

915 2010 1051 2045 Ejusdem.
1080 2009 1314 2044 Quemadmodum
1330 2008 1380 2036 Job
1397 2008 1451 2035 vim
1466 2009 1551 2043 ipsum
1573 2007 1664 2041 ﬂagel-

879 2057 978 2084 lantem
997 2056 1043 2083 Dei
1067 2063 1174 2083 manum
1197 2055 1314 2090 appellat
1333 2064 1340 2082 :
1361 2065 1369 2081 t
1388 2054 1445 2082 Non
1461 2062 1517 2087 me,
1530 2055 1618 2089 inquit
1629 2055 1664 2086 ",

880 2106 1006 2137 torqueat
1019 2109 1114 2128 manus
1131 2106 1193 2134 tua;
1206 2110 1215 2126 ι
1232 2101 1270 2127 sic
1283 2106 1310 2128 et
1329 2101 1453 2128 inimicos
1467 2099 1596 2128 henellcte
1611 2107 1667 2126 ma-

881 2155 930 2175 nus
943 2148 1000 2180 Dei,
1019 2147 1149 2174 frameam
1166 2147 1212 2173 Dei
1229 2152 1308 2173 vocat
1320 2147 1414 2173 David.
1435 2145 1560 2173 Benelica
1573 2151 1665 2173 autem

880 2200 976 2220 manus
991 2192 1048 2224 Dei,
1063 2192 1148 2218 sancti
1165 2190 1252 2226 angeli
1269 2195 1342 2223 sunt,
1358 2199 1406 2225 per
1420 2198 1489 2225 quos
1505 2191 1575 2218 Deus
1592 2198 1668 2217 mun-

879 2238 913 2264 do
931 2237 1065 2272 providet,
1083 2241 1110 2264 et
1134 2237 1234 2271 quibus
1251 2237 1388 2264 daunones
1412 2237 1604 2269 adversantur,
1619 2236 1666 2270 qui

881 2283 976 2310 nolunt
993 2290 1087 2310 omnes
1112 2283 1237 2310 homines
1254 2282 1287 2310 ad
1311 2281 1433 2309 veritatis
1451 2282 1575 2308 notitiam
1589 2288 1667 2309 acce-

880 2330 954 2356 dere.
976 2329 1070 2356 Manus
1093 2329 1150 2359 Dei.
1178 2329 1334 2364 unigenitus
1358 2327 1442 2354 Filius
1467 2331 1524 2354 est:
1551 2326 1665 2358 framea,

881 2375 977 2408 virtus,
1000 2376 1041 2402 vis
1056 2379 1081 2401 et
1099 2380 1227 2410 potestas.
1257 2374 1390 2408 Quaelibet
1411 2372 1500 2399 anima
1517 2371 1588 2405 iusta
1607 2379 1668 2404 quze

881 2426 1038 2456 peccatores
1063 2422 1147 2448 trahit
1170 2421 1203 2447 ab
1216 2420 1355 2454 impietate
1376 2419 1408 2446 ad
1433 2418 1571 2453 pietatem,
1585 2417 1668 2453 604

881 2467 981 2494 framea
998 2467 1043 2494 Dei
1060 2471 1101 2494 est
1116 2471 1194 2492 acuta
1211 2470 1305 2492 contra
1322 2465 1433 2499 spiritus
1450 2463 1569 2490 malitizc.
1592 2462 1667 2488 lianc

881 2511 961 2546 igitur
974 2511 1102 2538 frameam
1117 2515 1189 2537 luant
1206 2511 1280 2545 eripe
1295 2510 1328 2537 ab
1342 2509 1458 2536 inimicis
1470 2508 1533 2540 tuis,
1545 2506 1589 2541 qui
1606 2505 1667 2533 ﬁdei

882 2558 908 2584 itt
928 2556 1102 2593 Unigenitutn
1117 2557 1307 2584 adversantur.

912 2735 969 2769 (Si)
984 2734 1034 2761 Διὰ
1045 2734 1097 2760 τοῦ
1112 2731 1292 2766 ἀκαθάρτου,
1304 2736 1357 2769 etc.
1369 2731 1459 2769 Codex
1470 2728 1667 2757 Coislinianus.

916 2767 972 2813 iii)
990 2769 1050 2813 ἴξιν
1062 2767 1465 2813 ῥομὲξιίανκωῖς⁴ἐ⁰τί¹ἓτέ¹¹ῧ·
1580 2797 1611 2813 ιιι
1645 2804 1658 2813 ..

883 2840 904 2868 Β
992 2797 1107 2838 Ὠοᾰεέ
1121 2797 1189 2836 Ἶώϐ,
1208 2797 1260 2830 etc.
1273 2801 1364 2830 Codex
1377 2799 1558 2829 Coisliniauus
1580 2797 1623 2831 ιο,
1644 2801 1671 2824 ct

907 2849 937 2867 .tr
957 2847 1031 2867 artis.
