1860 3052
204 129 265 157 12:1

885 128 929 155 EX
947 128 1097 157 ORIGENE

1765 133 1823 160 ΙΞΞΞ

199 197 248 224 per
271 188 397 224 fulgura,
414 188 511 216 divinae
536 187 737 222 praedicationis
762 188 924 223 splendores
944 190 975 216 in-

1059 189 1081 214 ιὶ
1094 189 1143 220 τὰς
1154 188 1348 225 λαμπρότητας
1359 189 1406 217 τοῦ
1423 190 1495 217 θείου
1508 190 1690 227 κηρύγματος
1703 192 1738 219 δι’
1754 190 1785 219 ὦ
1797 195 1823 219 τζι

200 235 338 269 teiligere,
355 241 408 269 qua
437 234 555 261 obscura
576 233 775 269 prophetarum
805 234 889 261 verba
919 234 982 262 illu-

199 285 331 309 strantur.

235 325 371 360 Ejusdem.
389 323 441 351 Per
459 323 548 351 fontes
564 323 690 360 intelligit
706 325 820 352 virtutes
833 332 866 352 ex
883 325 982 359 quibus

200 371 318 406 cognitio
331 369 459 404 procedit.
475 378 484 394 ι
496 367 570 398 Beati
582 379 592 396 ι
605 372 694 403 enim,
710 371 795 405 inquit
807 371 842 403 ⁷⁸,
860 379 869 396 ι
882 371 982 398 mundo

199 417 296 449 corde,
309 417 436 451 quoniam
454 417 504 452 ipsi
521 417 603 444 Deum
619 417 759 443 videbunt.
770 426 783 442 -ι

234 462 433 496 Vens.l7,18.
450 462 525 489 Misit
550 463 583 489 de
605 470 708 489 summa
723 467 746 488 et
771 462 870 496 accepit
893 469 934 487 me
957 465 981 488 et

196 506 338 541 assumpsit
346 507 507 542 medeaquis
520 508 622 535 multis.
637 507 737 542 Eripiet
761 516 801 534 me
817 507 849 534 de
866 507 980 534 inimicis

197 553 261 580 meis
276 552 440 586 fortissimis,
455 558 478 580 et
493 553 525 580 ab
540 553 581 580 his
594 553 639 587 qui
653 553 764 580 oderunt
778 560 840 579 me:
856 553 979 588 quoniam

197 598 341 633 confortati
351 603 413 625 sunt
425 607 504 633 super
518 607 568 630 me,
584 603 637 625 etc.
664 598 722 632 ipse
736 598 769 625 de
784 605 890 625 summo
904 604 981 624 acce-

197 644 237 679 pit
248 652 307 677 me,
322 652 383 671 cttm
397 652 439 671 me
451 644 553 679 lapsum
566 644 843 680 assumpsitdeaquis
857 643 981 670 humana:

196 690 274 722 vitm,
286 694 313 717 et
325 689 424 724 eripuit
448 690 482 717 de
505 689 623 716 inimicis
638 689 700 716 odio
719 688 886 716 fortissimis.
900 688 982 716 (Σπιθ-

196 744 254 763 rum
270 737 384 764 observa
406 740 531 770 potentes
548 735 602 762 dici
624 735 764 762 inimicos.
781 734 862 762 Forte
889 740 979 761 autern

196 786 223 809 ct
239 781 388 816 impietatis
403 781 529 816 dogmata
543 785 606 808 sunt
633 788 711 815 aqua:
737 779 826 807 multa:
847 787 907 815 quae
927 787 979 807 non

195 831 309 862 possunt
320 827 496 861 exstinguere
509 826 679 853 charitatem.
691 825 795 852 inimici
809 832 873 852 vero
891 825 981 852 fortis-

195 873 256 901 simi
271 878 355 906 sunt,
372 877 428 900 tum
442 872 460 900 ii
474 873 520 907 qui
534 870 684 898 invisibiles
696 875 768 902 sunt,
787 875 845 897 tum
855 870 979 898 homines

194 920 241 954 qui
259 925 307 954 per
323 918 390 946 falso
405 918 622 954 cognominatam
637 915 778 944 scientiam
792 915 978 951 deceptionem

194 969 352 1000 operantur.

231 1011 368 1046 Ejusdem.
394 1009 432 1037 Ex
467 1009 510 1036 his
535 1009 724 1044 cognoscimus
749 1009 884 1036 daemones
915 1011 979 1035 ante

195 1056 345 1085 Salvatoris
371 1055 516 1083 adventum
542 1054 621 1082 nobis
634 1073 642 1087 ,
660 1061 732 1082 nunc
752 1058 842 1081 autem
860 1060 909 1080 nos
925 1052 978 1080 illis

193 1102 320 1130 fortiores
336 1108 395 1129 esse
406 1121 414 1134 ,
437 1100 534 1135 quibus
555 1100 631 1127 dedit
641 1100 766 1127 Christus
789 1108 799 1124 ‹
816 1103 977 1134 potestatem

193 1147 313 1175 calcandi
340 1153 422 1182 supra
446 1151 587 1181 serpentes
614 1150 641 1173 et
655 1146 827 1180 scorpiones,
846 1150 873 1172 ct
897 1151 978 1180 super

193 1200 302 1220 onmem
319 1193 444 1219 virtutem
461 1191 565 1218 inimici
579 1191 611 1218 7'.
629 1200 639 1217 ι

228 1239 307 1266 Vens.
325 1237 369 1271 l9,
384 1237 430 1264 20.
455 1236 646 1264 Prmenerunt‘
662 1245 702 1264 me
724 1237 751 1264 in
773 1237 815 1264 die
830 1237 977 1272 aﬂlittionis

191 1293 255 1313 rnett:
264 1305 272 1317 ,
284 1290 307 1312 et
318 1284 404 1319 factus
417 1288 453 1310 est
467 1283 595 1310 Dominus
602 1288 732 1318 proleetor
746 1292 828 1311 metu.
842 1283 876 1310 Et
883 1284 976 1311 eduxit

192 1339 233 1358 me
246 1331 274 1357 in
287 1329 471 1360 latitudinem,
486 1327 587 1355 salvum
605 1336 644 1356 me
667 1329 766 1363 faciet,
782 1329 909 1364 quoniam
932 1337 977 1356 vo-

192 1377 240 1403 luit
258 1383 315 1406 me,
329 1379 382 1402 etc.
405 1374 456 1407 Qui
477 1374 679 1401 tribulationem
702 1375 860 1409 patiuntur,
875 1379 904 1402 et
924 1382 977 1402 non

191 1421 379 1456 angustiantur
392 1439 399 1453 ,
415 1420 504 1447 sciant
526 1427 556 1447 se
580 1426 595 1446 a
611 1419 785 1448 tribulatione
809 1419 976 1452 liberandos,

191 1473 219 1496 et
243 1469 276 1495 ad
293 1470 414 1495 sanctam
433 1466 485 1493 Dei
507 1465 677 1493 latitudinem
704 1465 882 1493 adducendos
895 1473 975 1499 esse;

1035 234 1159 261 σκοτεινά
1177 235 1231 261 τῶν
1253 236 1400 271 προφητῶν
1413 238 1524 272 ῥήματα
1538 237 1761 273 διηυγάσθησαν.

1070 325 1126 352 Τοῦ
1144 325 1248 352 αὐτοῦ.
1264 326 1360 361 Πηγὰς
1382 326 1431 358 τὰς
1447 327 1548 362 ἀρετὰς
1565 327 1622 362 (77)
1646 327 1726 361 λέγει
1745 328 1774 361 ἐξ
1792 324 1823 354 ἐν

1033 369 1170 405 ἐξέρχεται
1185 370 1296 404 γνῶσις.
1314 381 1323 397 ι
1340 372 1477 407 Μακάριοι
1489 372 1553 408 γὰρ,
1565 373 1661 407 φησὶν,
1673 374 1699 399 οἱ
1712 374 1822 409 καθαμὶ

1031 414 1064 448 τῇ
1081 414 1189 450 καρδίᾳ,
1203 415 1243 441 ὅτι
1260 416 1336 442 αὐτοὶ
1348 416 1394 442 τὸν
1408 416 1473 443 Θεὸν
1483 417 1605 451 ὅψονται.
1623 427 1633 443 ι

1074 458 1302 490 Ὲξαπέστειλεν
1315 460 1350 492 ἐξ
1361 461 1458 495 ὕψους
1473 462 1523 489 καὶ
1539 462 1630 488 ἐλαΕέ
1641 470 1683 496 με
1694 483 1702 494 ,
1718 470 1823 496 προσε-

1031 502 1138 530 λάϐετό
1147 512 1186 538 με
1198 504 1233 537 ἐξ
1258 505 1376 532 ὑδάτων
1396 505 1529 533 πολλῶν.
1562 507 1706 534 Ῥύσεται
1730 517 1771 543 με
1791 509 1821 540 ἐξ

1030 548 1145 582 ἐχθρῶν
1153 559 1213 584 μου
1229 550 1376 584 δυνατῶν,
1393 552 1441 579 καὶ
1454 553 1489 579 ἐκ
1507 552 1566 579 τῶν
1575 554 1757 587 μισούντων
1769 562 1820 588 με’

1030 592 1076 620 ὅτι
1091 594 1317 629 ἐστερεώθησαν
1335 596 1413 630 ὑπὲρ
1433 597 1486 631 ἐμὲ
1499 617 1506 629 ,
1526 606 1553 623 κ.
1579 606 1605 625 τ.
1633 598 1658 624 ὲ.
1680 598 1771 629 Αὐτὸς
1794 598 1821 630 ἐξ

1031 636 1114 671 ὕψους
1129 638 1207 665 ἔλαϐέ
1222 648 1255 674 με
1273 640 1340 675 (78),
1354 641 1399 667 τὸν
1412 641 1570 669 καταϐάντα
1599 642 1821 677 προσλαῆὁμενος

1030 683 1084 709 ἀπὸ
1099 684 1202 711 πολλῶν
1223 685 1325 713 ὑδάτων
1336 685 1383 712 τοῦ
1399 686 1569 722 ἀνθρωπίνου
1585 687 1656 722 βίον,
1675 688 1725 714 καὶ
1742 689 1822 723 ῥυσά-

1032 738 1112 764 μενος
1123 730 1153 762 ὲξ
1164 731 1267 767 ἐχθρῶν
1281 733 1309 759 ὲν
1317 732 1355 767 τῷ
1371 733 1523 768 ὲχθραίνειν
1535 733 1745 769 δυνατῶν.’ορα
1762 735 1821 769 μέν-

1029 783 1114 809 τοιγε,
1132 777 1173 803 ὅτι
1188 777 1295 804 δυνατοὶ
1316 775 1384 805 εἶναι
1412 780 1436 805 oi
1462 779 1554 815 ἐχθροὶ
1578 780 1821 816 μεμαρτύρηπαι.

1033 821 1112 853 Ἴσως
1124 822 1152 848 δὲ
1165 822 1256 849 καὶτὰ
1275 824 1325 859 τῆς
1349 823 1495 860 ἀθεότητος
1515 824 1641 859 δόγματα
1667 825 1744 861 ὕδωρ
1765 826 1824 852 ἐστὶ

994 857 1016 887 Β
1030 867 1108 899 πολὺ,
1125 867 1156 894 οὐ
1168 857 1316 903 δυνάμενον
1330 869 1424 897 σῦέααι
1443 857 1496 906 τὴν
1514 857 1635 906 ἀγάπην.
1656 857 1771 906 Ἐχθροὶ
1796 871 1823 898 ἑὲ

1024 910 1148 944 δυνατοὶ,
1165 912 1191 938 οἴ
1199 921 1229 938 τε
1242 912 1363 948 ἀόρατοι,
1377 913 1424 940 καὶ
1433 913 1570 950 ἄνθρωποι
1590 915 1613 940 οἱ
1625 914 1669 940 διὰ
1682 914 1822 949 ψευδωνὺ-

1030 964 1081 991 μου
1100 956 1226 991 γνώσεως
1237 958 1287 993 τὴν
1309 958 1418 994 ἀπάτην
1429 959 1623 994 ἐργαζόμενοι.
1802 957 1808 963 ’

1066 1001 1122 1028 Τοῦ
1140 1003 1243 1029 αὑτοῦ.
1264 1003 1403 1030 Ἐντεῦθεν
1419 1003 1588 1038 γινώσκομεν
1612 1004 1681 1039 (79),
1704 1005 1748 1031 ὃιι
1772 1005 1822 1041 πρὸ

1028 1046 1078 1081 τῆς
1091 1047 1239 1083 ἐπιδημίας
1253 1048 1300 1075 τοῦ
1315 1048 1442 1085 Σωτῆρος
1457 1050 1626 1085 ἰσχυρότεροι
1643 1050 1726 1085 ἡμῶν
1752 1049 1822 1086 ἦσαν

1027 1094 1052 1119 οἱ
1067 1092 1202 1128 δαίμονες,
1219 1094 1265 1121 νῦν
1275 1094 1304 1121 δὲ
1317 1095 1419 1121 τούτων
1434 1097 1514 1130 ἡμεῖς
1526 1097 1769 1132 ἐπικρατέστεροι,
1784 1094 1822 1128 οἷς

1028 1138 1126 1166 ἔδωκεν
1140 1140 1154 1165 ὁ
1164 1140 1279 1175 Χριστὸς
1295 1150 1305 1166 ι
1323 1142 1417 1168 πατεῖν
1432 1141 1525 1168 ἐπάνω
1543 1142 1632 1176 ὕφεων
1655 1142 1707 1168 καὶ
1738 1150 1822 1178 mp-

1029 1183 1107 1217 πίων,
1124 1185 1171 1211 καὶ
1187 1184 1234 1211 ἐπὶ
1247 1186 1337 1212 πᾶσαν
1355 1185 1404 1221 τὴν
1417 1186 1530 1222 δύναμιν
1543 1187 1591 1213 τοῦ
1608 1186 1720 1223 ἐχθροῦ.
1730 1196 1741 1212 ι

1063 1229 1261 1264 Προέφθασὰν
1271 1239 1309 1265 με
1328 1230 1363 1258 ἐν
1382 1231 1477 1265 ἡμέρᾳ
1497 1231 1656 1264 κακώσεώς
1676 1241 1754 1266 μου,
1776 1232 1821 1258 και

1027 1274 1145 1308 ἐγένετο
1155 1275 1262 1309 Κύριος
1272 1275 1486 1311 ἀντιστήριγμά
1506 1285 1575 1311 μου.
1602 1277 1659 1303 Καὶ
1690 1276 1822 1311 ἐξήγαγέ

1024 1327 1063 1352 με
1073 1319 1117 1351 εις
1128 1319 1320 1354 πλατυσμὸν,
1327 1321 1454 1354 ῥύσεται
1470 1329 1508 1355 με
1518 1340 1525 1352 ,
1544 1320 1591 1347 ὅτι
1613 1321 1758 1354 ἠθέλησέ
1776 1331 1820 1356 με.

1028 1373 1054 1391 κ.
1071 1373 1095 1391 τ.
1109 1365 1131 1391 ἑ.
1144 1365 1175 1391 Οἱ
1186 1365 1335 1400 θλιϐόμενοι
1349 1366 1404 1402 (80)
1422 1367 1469 1394 καὶ
1493 1367 1529 1402 μὴ
1557 1367 1811 1403 στενοχωρούμενοι

1029 1410 1145 1437 ἴστωσαν
1163 1410 1372 1447 ὲξαχθησόμενοι
1392 1412 1448 1439 ἀπὸ
1476 1413 1525 1448 τῆς
1555 1413 1675 1447 θλίψεως
1706 1415 1760 1441 καὶ
1786 1415 1820 1445 εἰς

1028 1455 1104 1489 ἆγιον
1124 1455 1171 1482 τοῦ
1186 1456 1253 1482 Θεοῦ
1265 1456 1421 1492 πλατυσμὸν
1437 1457 1619 1493 ἀχθήσεσθαι·
1638 1458 1669 1484 ἐν
1679 1459 1742 1494 γὰρ
1762 1459 1822 1494 ἡμὲ-

192 1515 266 1542 illum
282 1513 353 1541 enim
370 1513 415 1547 qui
430 1512 456 1540 in
473 1512 515 1540 die
524 1511 677 1539 alllictionis
690 1512 723 1538 ad
736 1512 822 1546 ipsum
839 1511 974 1546 confugit,

1059 1510 1063 1528 ι
1084 1502 1232 1533 κακώσεως
1245 1502 1291 1529 τὸν
1313 1503 1381 1538 πρὸς
1401 1503 1481 1529 αὐτὸν
1510 1503 1726 1538 καταφεύγοντα
1752 1505 1821 1532 ἀντι-

1068 1555 1072 1556 ,
1101 1547 1125 1556 ρ..
1168 1548 1187 1556 η
1204 1548 1211 1556 .
1268 1548 1274 1556 .
1318 1548 1329 1556 .
1392 1549 1398 1556 .
1445 1548 1455 1556 ς
1511 1549 1547 1556 ...
1692 1551 1698 1556 .
1810 1552 1817 1556 .

191 1561 336 1588 confirmat
354 1559 424 1587 Deus
435 1578 442 1592 ,
457 1565 491 1586 ne
504 1557 583 1585 malis
596 1564 745 1586 concussus
758 1558 935 1586 succumbat:
948 1562 975 1585 et

1059 1547 1149 1582 ηρίζει
1167 1548 1242 1581 Θεὸς,
1260 1548 1298 1580 ὼς
1315 1548 1348 1575 ἂν
1369 1549 1406 1584 μὴ
1427 1548 1569 1583 κλονηθεὶς
1588 1551 1760 1587 κατάπερ-η’
1781 1552 1822 1577 καὶ

190 1607 218 1634 in
236 1605 454 1635 tribulationibus
465 1608 632 1639 gementem,
655 1604 687 1631 ad
711 1604 882 1631 latitudinem
910 1602 977 1630 edu-

190 1654 243 1687 cit,
253 1653 330 1688 juxta
343 1652 408 1680 illud
421 1651 465 1677 7':
485 1660 494 1677 ι
511 1651 538 1678 ln
551 1650 725 1678 tribulatione
736 1650 854 1678 dilatasti
869 1649 948 1678 mihi.
963 1658 973 1675 ι

191 1700 268 1734 Quod
292 1699 322 1726 fit
341 1698 441 1731 etiam,
459 1698 522 1725 dum
545 1704 598 1725 non
621 1696 733 1724 omnino
756 1696 906 1730 liberatur,
924 1695 974 1724 sed

190 1751 320 1780 generose
334 1744 459 1772 sustinet.

227 1790 306 1818 Vens.
320 1790 365 1817 2i.
383 1790 415 1817 Et
424 1789 549 1817 retribuet
561 1789 624 1816 mihi
634 1788 762 1816 Dominus
771 1788 915 1816 secundum
928 1788 970 1821 ju-

188 1836 287 1863 stitiam
296 1841 419 1868 meam,et
426 1834 569 1861 secundum
574 1834 714 1868 puritatem
723 1842 848 1860 manuum
858 1840 977 1860 mearum

189 1874 312 1909 retribuet
327 1880 403 1912 mihi,
412 1880 538 1915 quoniam
553 1879 680 1906 custodivi
695 1879 751 1906 vias
764 1878 846 1914 609
858 1878 974 1911 Domini,

190 1933 244 1956 etc.
260 1926 311 1960 Qui
325 1925 424 1953 attollit
437 1928 546 1952 sanctas
564 1931 660 1951 manus
675 1923 808 1958 audetque
831 1923 920 1950 dicere
934 1923 974 1950 τί

195 1983 204 1999 ι
223 1972 343 2000 Elevatio
357 1978 485 1999 manuum
500 1977 621 1997 mearum
634 1991 642 2003 ,
661 1970 826 1997 sacrilicium
841 1969 976 2004 vesperti-

190 2027 255 2047 num
266 2040 274 2053 ,
291 2029 301 2046 ι
320 2019 467 2054 puritatem
486 2025 594 2052 quoque
612 2025 739 2045 manttum
754 2024 783 2045 se
793 2017 895 2045 habere
909 2024 976 2052 pro-

191 2064 321 2092 litebitur.
350 2063 401 2090 Hie
416 2069 507 2089 sermo
521 2067 562 2089 cst
575 2061 633 2095 ejus
652 2062 698 2096 qui
727 2061 859 2097 perspicit
878 2069 976 2088 unum-

189 2110 315 2144 quodque
338 2115 399 2136 cum
419 2107 522 2142 judicio
544 2106 614 2134 fieri.
644 2107 715 2134 Sunt
735 2111 824 2133 autem
849 2106 974 2140 quaedam

190 2154 236 2182 Dei
250 2151 356 2188 judicia
370 2152 442 2180 circa
456 2150 595 2186 quodlibet
616 2155 768 2186 peceatum.
796 2150 912 2184 Quando
926 2151 976 2185 igi-

1026 1594 1220 1630 ἀντιστηρίζων
1239 1594 1351 1630 ἐκφέρει
1374 1597 1414 1626 εις
1444 1594 1545 1627 πλάτός
1568 1595 1616 1622 τὸν
1639 1597 1821 1632 στενούμενιπ

1026 1642 1085 1672 ταῖς
1100 1640 1216 1675 θλίψει-τι,
1229 1641 1299 1667 κατά
1315 1641 1356 1667 τό.
1375 1650 1385 1666 ι
1397 1641 1441 1668 Ἐν
1456 1640 1543 1675 θλίψει
1569 1642 1731 1674 ὲπλάτυνὰς
1747 1651 1782 1678 με
1794 1652 1799 1657 ·
1811 1653 1820 1668 ι

1025 1686 1095 1723 ὅπερ
1107 1687 1222 1721 γίνεται,
1239 1688 1270 1714 οὐ
1288 1687 1397 1719 πάντως
1407 1687 1648 1723 ἀπαλλαττομένου
1661 1709 1669 1721 ,
1687 1690 1822 1724 γενναίως

1026 1731 1055 1758 δὲ
1070 1732 1208 1768 φέροντος.

1061 1789 1116 1817 Καὶ
1128 1789 1333 1818 ἁνταετοὸώσει
1343 1800 1394 1826 μοι
1411 1791 1515 1825 Κύριος
1538 1791 1615 1818 κατὰ
1631 1791 1694 1826 τὴν
1713 1792 1823 1819 δικαιο-

1027 1836 1127 1870 σύνην
1138 1845 1209 1870 μου,
1226 1837 1274 1863 καὶ
1292 1837 1367 1863 κατὰ
1383 1835 1441 1870 τὴν
1459 1838 1661 1870 καθαριότητα
1683 1837 1748 1864 τῶν
1767 1847 1823 1872 χει-

1023 1881 1087 1915 ρῶν
1111 1890 1169 1916 μου
1197 1881 1402 1909 ἀνταποδώσω
1427 1891 1498 1916 μοι,
1522 1881 1566 1908 ὅτι
1591 1881 1739 1915 ἐφύλαξα
1774 1883 1823 1914 τὰς

1027 1926 1118 1960 ὁδοὺς
1131 1927 1253 1961 Κυρίου,
1264 1936 1291 1954 κ.
1306 1936 1330 1953 τ.
1343 1927 1366 1953 ὲ.
1385 1927 1414 1953 '0
1432 1926 1552 1962 ἐπαίρων
1567 1927 1661 1958 ὁσίους
1681 1927 1742 1962 (81)
1773 1929 1825 1962 χεῖ-

1028 1981 1087 2008 ρας,
1101 1973 1148 1999 καὶ
1164 1972 1271 2008 θαρρῶν
1285 1973 1388 1999 εἰπεῖν·
1405 1981 1414 1999 ι
1430 1973 1566 2008 Ἐπαρσις
1579 1973 1636 1999 τῶν
1653 1975 1761 2009 χειρῶν
1778 1983 1823 2009 με)

1028 2017 1107 2045 θυσία
1122 2018 1263 2054 ἐσπερινὴ,
1285 2027 1294 2044 t
1315 2018 1362 2045 καὶ
1385 2017 1558 2053 καθαρότητα
1572 2018 1676 2053 χειρῶν
1691 2020 1825 2054 ὁμολῡτή⁴

1028 2071 1069 2089 σει
1079 2063 1161 2099 ἔχειν.
1176 2063 1348 2098 Θεωροῦντος
1363 2064 1392 2090 δὲ
1404 2063 1441 2095 ὡς
1460 2063 1576 2090 ἕκαστον
1595 2065 1694 2100 κρίσει
1719 2066 1822 2099 γίνεται

1025 2107 1115 2141 λόγος.
1131 2108 1208 2134 Ἔστι
1223 2107 1251 2134 δέ
1265 2116 1326 2134 τινα
1341 2108 1461 2143 κρίματα
1476 2107 1523 2134 τοῦ
1534 2107 1602 2134 Θεοῦ
1623 2109 1694 2144 περ)⁵
1707 2110 1823 2136 ἑκάστω

1025 2152 1082 2179 τῶν
1095 2153 1336 2188 ἁμαρτανομένων.
1356 2153 1440 2180 Ἐπάν
1452 2150 1499 2180 οὖν
1510 2152 1544 2179 τὰ
1559 2153 1625 2188 περὶ
1637 2154 1757 2181 πάντων
1775 2154 1823 2179 τῶν

189 2205 234 2227 tur
257 2199 317 2234 quis
334 2198 425 2226 omnia
442 2197 476 2225 de
499 2197 619 2232 peccatis
641 2197 769 2223 omnibus
779 2195 883 2230 judicia
909 2201 973 2223 ante

1059 2197 1231 2232 ιαρτημάτων
1245 2198 1368 2233 κρίματα
1379 2198 1468 2226 πάντα
1480 2197 1533 2233 πρὸ
1541 2198 1697 2233 ὀφθαλμῶν
1711 2207 1757 2231 τις
1769 2199 1822 2233 ἔχῃ.

188 2244 282 2272 oculos
297 2244 396 2276 habet,
420 2242 509 2270 dicet:
528 2251 538 2268 ι
554 2240 652 2269 Omnia
665 2240 768 2275 judicia
782 2241 840 2275 ejus
864 2241 890 2269 in
906 2249 972 2269 eon-

188 2294 282 2326 spectu
295 2296 367 2318 meo.
381 2298 391 2316 ι
414 2288 548 2316 Caeterum
567 2288 612 2322 qui
635 2287 693 2314 hate
715 2286 796 2318 dicit,
812 2287 838 2314 in
857 2287 930 2314 nulla
946 2295 974 2315 re

189 2337 308 2372 seipsum
325 2335 501 2363 condemnat.
526 2332 603 2361 Unde
617 2332 673 2359 hatc
691 2332 773 2359 etiam
795 2333 828 2360 ad
848 2332 972 2360 Salvato-

189 2391 246 2411 rcm
263 2381 405 2410 referenda
418 2384 498 2414 sunt,
523 2379 622 2414 quippe
643 2387 652 2404 ι
670 2382 803 2406 tentatum
817 2386 865 2414 per
879 2379 972 2406 omnia

187 2437 236 2465 pro
250 2426 427 2463 similitudine
440 2426 544 2460 absque
559 2427 669 2459 peccato
679 2423 712 2451 ⁷⁵.
730 2433 738 2449 ι

224 2474 358 2509 Ejusdem.
376 2472 483 2499 Puritas
499 2471 597 2499 mentis
618 2474 660 2498 est
686 2469 829 2497 affectuum
851 2469 971 2497 carentia

187 2525 219 2546 ex
237 2517 321 2554 gratia
345 2515 405 2549 Dei,
432 2514 523 2542 addito
543 2514 624 2542 etiam
647 2513 763 2542 hominis
778 2513 878 2540 studio.
895 2514 974 2541 Puri-

1026 2244 1101 2278 ἐρεῖο
1116 2252 1126 2269 ι
1142 2243 1233 2270 Πάντα
1243 2243 1276 2270 τὰ
1288 2243 1410 2279 κρίματα
1426 2243 1509 2270 αὑτοῦ
1520 2242 1637 2269 ἐνώπιόν
1657 2252 1725 2279 μου.
1742 2254 1753 2270 »
1775 2245 1825 2270 Καὶ

1023 2288 1111 2320 ἄλλως
1124 2289 1225 2315 οὐδὲνὸ
1246 2289 1331 2316 ταῦτα
1361 2289 1445 2323 λέγων
1476 2288 1574 2316 ἑαυτοῦ
1603 2290 1823 2324 καταγινώσκει.

1026 2333 1108 2360 Ὅθεν
1121 2334 1168 2360 καὶ
1189 2335 1235 2362 ἐπὶ
1253 2334 1299 2362 τὸν
1319 2335 1435 2371 Σωτῆρα
1466 2335 1534 2362 αὐτὰ
1561 2335 1602 2361 δεῖ
1621 2335 1823 2370 ἀναφέρεσθαι.

1025 2387 1034 2403 ι
1057 2379 1105 2405 τὸν
1127 2380 1345 2415 πεπειρασμένον
1378 2380 1449 2407 κατά
1468 2380 1557 2407 πάντα
1586 2379 1649 2407 καθ’
1674 2381 1824 2416 ὁμοιότητα

1022 2425 1108 2460 χωρὶς
1120 2425 1265 2461 ἁμαρτίας.
1285 2436 1295 2452 ι

1064 2469 1120 2497 Τοῦ
1140 2471 1242 2498 αὑτοῦ.
1268 2471 1455 2507 Καθαρειότης
1475 2472 1563 2507 ψυχῆς
1576 2471 1631 2507 (82)
1650 2472 1733 2499 ἐστιν
1757 2472 1824 2499 ἀπρὶ-

1025 2516 1086 2543 est:
1110 2517 1141 2542 ἐκ
1159 2517 1270 2552 χάριτος
1290 2517 1370 2550 Θεοῦ,
1398 2516 1616 2552 προσγινομένης
1633 2518 1687 2544 καὶ
1708 2518 1824 2550 σπουδῆς

239 2600 261 2616 ’ί
277 2599 373 2626 Matth.
387 2606 412 2631 ν,
427 2598 453 2626 8.
490 2599 514 2614 ⁷³
531 2597 597 2625 Luc.
613 2605 639 2630 ιι,
656 2597 699 2624 l9.
738 2596 761 2612 ⁷³
773 2596 818 2624 Ps.
833 2604 869 2630 tv,
882 2597 910 2624 2.
948 2597 970 2614 'l

1059 2606 1098 2625 ιιι.
1112 2617 1119 2630 ,
1137 2597 1164 2623 2.
1203 2597 1226 2612 "
1243 2596 1325 2624 llebr.
1341 2604 1384 2630 tv,
1401 2596 1445 2623 15.

190 2670 280 2731 B"('lb7)
294 2670 395 2705 Πηγὰς
408 2669 462 2703 τὰς
475 2670 592 2705 ἀρετάς,
607 2672 665 2697 etc.‘
684 2668 791 2697 Eaedem
814 2669 933 2703 schedae,
945 2675 971 2699 ct

211 2723 216 2730 .
229 2714 239 2730 Ι·
261 2713 334 2731 ιιι-υς.

211 2706 388 2774 ῃίἵὺῶΐὲῗτὸς
400 2739 433 2771 ἐξ
447 2739 546 2773 ὕψους
559 2739 648 2766 ἔλαϐέ
661 2748 710 2774 με,
729 2744 786 2768 etc.
799 2739 890 2767 Codex
903 2739 969 2773 Roe,

189 2770 334 2800 Cortlérius
346 2770 434 2801 autem
446 2770 525 2801 habet
534 2770 670 2808 tauquam
680 2770 817 2808 anonymi.

225 2808 279 2841 (79)
297 2808 450 2834 Ἐντεῦθεν
463 2807 647 2842 γινώσκομεν
659 2829 666 2842 ,
681 2814 734 2837 etc.
748 2807 862 2837 Schcdae
876 2808 966 2837 Grabii

190 2849 222 2868 ac
235 2842 378 2868 Barbarus.

1074 2669 1117 2703 80)
1133 2670 1165 2695 Ol
1180 2669 1360 2703 θλιϐόμενοι,
1372 2673 1427 2696 etc.
1439 2667 1600 2703 Corderius.

1071 2701 1116 2738 8|)
1136 2704 1168 2731 '0
1180 2701 1310 2738 ἐπαίρων
1326 2703 1442 2736 ὁσίους,
1455 2708 1510 2731 etc.
1524 2702 1615 2730 Codex
1632 2701 1705 2729 Roe.
1724 2701 1820 2729 Conle-

1023 2738 1080 2768 rius
1096 2738 1183 2766 autem
1200 2745 1335 2773 anonymo
1352 2738 1458 2773 tribuit.

1057 2775 1114 2806 (Ωὲ)
1129 2771 1327 2807 Καθσρειότης
1341 2771 1456 2807 ψυχῆς,
1472 2778 1526 2801 etc.
1545 2772 1661 2801 Scltcdae
1671 2772 1785 2809 Grabii,
1798 2773 1818 2798 ει

1024 2812 1166 2840 Barbarus.
