1860 3052
55 125 123 154 1355

553 125 708 155 SELECTA
727 126 759 154 IN
779 118 945 155 psatuos.
966 142 1000 147 —
1020 127 1118 156 PSAL.
1139 127 1218 155 xvn.

1613 127 1678 156 (ἓὅῦ

51 185 98 213 τοῦ
109 184 264 221 ἀνθρώπου.
285 184 502 221 Καθαρειάτηταν
517 185 617 221 χειρῶν
631 185 680 218 τὰς
702 194 834 222 προφητι-

914 190 970 214 tem
986 193 1125 219 manuum,
1140 186 1333 221 prophetarum
1346 189 1425 212 vocat
1439 189 1561 212 actiones
1575 191 1633 219 qua:
1645 185 1680 212 ab

51 233 103 264 κάς
119 240 200 268 φησιν
212 232 353 268 ἐνεργείας
366 232 531 268 ἀμολύντους
545 231 628 265 οὔσας
647 233 701 259 ἀπὸ
714 233 763 268 τῆς
780 233 840 268 βελ-

51 277 145 312 τίστης
162 277 256 310 ἕξεως.

85 323 140 350 Kal
156 322 262 357 ἔσομαι
275 323 395 358 ἄμωμος
406 323 469 358 μετ’
484 323 588 355 αὐτοῦ,
601 323 651 350 καὶ
669 323 840 358 φυλάξομαι

50 368 110 395 ἀπὸ
121 368 175 403 τῆς
185 369 311 403 ἀνομίας
324 377 395 403 μου,
411 377 437 395 κ.
447 378 473 396 τ.
491 369 514 396 ἐ.
530 369 622 404 Χωρὶς
638 368 703 395 Θεοῦ
721 368 776 404 (85)
790 369 840 395 οὑκ

53 415 126 441 ἔστιν
149 412 218 441 εἶναι
244 414 373 450 ἄμωμον·
402 415 460 450 μετ’
476 415 554 449 ὀλίγα
578 412 624 442 οὖν
647 423 730 450 φησι’
749 425 758 441 ι
785 415 839 442 Καὶ

53 458 128 486 ἔθετο
147 458 260 494 ἄμωμον
272 459 321 494 τὴν
339 459 398 486 ὁδόν
409 468 470 494 μου.
489 469 497 485 ι
516 460 572 486 Οὐκ
592 459 649 486 ἔστι
665 459 693 485 δὲ
707 459 777 486 κατὰ
794 459 840 486 τὸν

52 505 164 539 λέγοντα
191 505 231 532 τό.
253 515 263 531 ι
283 505 480 532 Ἀνταποδώσει
508 514 552 541 μοι
573 506 675 542 Κύριος
696 506 766 532 κατὰ
791 506 839 542 τὴν

49 549 222 586 δικαυοσύνην
239 559 302 586 μου,
319 561 328 576 ›
345 551 392 578 καὶ
406 551 437 577 τὸ
456 551 530 586 ἑξῆς,
546 551 619 586 ἔχειν
638 552 763 587 ἀνομίαν.
785 551 841 578 Καὶ

49 597 93 623 τό.
108 606 116 622 ι
132 596 287 632 Φυλάξομαι
302 597 356 623 ἀπὸ
367 597 418 633 τῆς
432 598 546 633 ἀνομίας
561 607 638 633 pou,»
654 598 764 625 δύναται
779 598 840 624 ἁνα-

52 642 183 677 φέρεσθαι
200 643 246 668 ἐπὶ
262 643 293 669 τὸ
314 642 459 678 λεγόμενον
472 643 503 670 τὸ
522 644 550 670 ὲν
566 644 632 679 ἡμῖν
646 644 750 676 σκότος,
768 643 839 670 κατὰ

52 686 97 713 τό·
117 697 125 712 ι
145 688 176 714 El
192 686 239 715 οὖν
251 688 282 714 τὸ
301 688 358 723 φῶς
368 688 399 715 τὸ
413 689 442 715 ὲν
455 689 496 715 σοὶ
508 689 604 721 σκότος
615 690 684 722 ἐστὶ,
699 689 730 716 τὸ
744 689 839 722 σκότος

50 732 132 760 πόσον
143 741 150 766 ;
169 743 178 758 ι

88 831 141 858 Τοῦ
157 832 262 859 αὑτοῦ.
282 832 413 868 Ἀμωμός
426 833 499 860 ἐστιν
513 833 567 870 (84)
587 835 601 862 ὁ
616 835 685 871 ἔχων
700 836 728 863 ὲν
749 837 838 872 ἑαυτῷ

891 235 992 269 optimo
1008 233 1102 261 habitu
1117 234 1224 260 munda:
1237 237 1263 259 et
1274 231 1488 267 incoinquinatae
1501 235 1588 259 erant.

926 333 1011 360 Vsus.
1029 331 1075 358 ει.
1094 330 1130 358 Et
1148 339 1193 359 ero
1209 330 1397 358 immaculatus
1416 337 1476 357 cum
1493 337 1533 361 eo,
1550 334 1572 356 et
1586 329 1678 356 obser-

889 379 953 406 vabo
969 387 1010 406 me
1026 378 1057 405 ab
1074 377 1210 412 iniquitate
1233 385 1302 409 mea,
1321 381 1374 404 etc.
1395 375 1506 410 Absque
1523 375 1578 402 Deo
1598 381 1677 402 nemo

889 428 979 459 potest
995 430 1056 451 esse
1071 423 1273 450 immaculatus.
1288 420 1379 454 Quare
1393 420 1473 456 paulo
1486 424 1547 455 post
1563 419 1616 447 ait:
1627 429 1635 445 ι
1646 419 1679 446 Ει

891 470 978 505 posuit
1001 469 1203 496 immaculatam
1221 468 1292 495 viam
1319 474 1418 494 meam.
1432 476 1441 492 ι
1466 465 1525 493 Non
1549 465 1678 494 convenit

890 519 980 542 autem
995 514 1032 542 illi
1044 514 1090 549 qui
1102 514 1161 541 ait:
1178 512 1347 540 «Retribuat
1359 511 1425 539 mihi
1441 511 1571 539 Dominus
1580 517 1678 538 secun-

889 559 953 587 dum
964 559 1100 595 jusritiam
1118 566 1217 591 meam,
1233 567 1242 584 ι
1261 562 1335 590 ete.,
1353 561 1383 584 ut
1407 556 1489 584 ullam
1508 556 1607 584 habeat
1624 555 1678 583 ini-

889 605 1034 641 quitatem.
1055 605 1088 632 Et
1107 605 1172 633 illud
1188 613 1197 632 :
1215 614 1224 631 ι
1238 603 1396 632 Obsert'abo
1412 611 1456 630 me
1476 602 1510 630 ab
1533 602 1679 637 iniquitate

888 659 960 685 mea,
982 662 992 678 ι
1011 651 1110 680 referri
1133 655 1222 686 potest
1239 651 1272 679 ad
1294 650 1360 678 illud
1377 649 1450 684 quod
1465 649 1491 676 in
1507 649 1584 676 nobis
1597 656 1679 676 voea-

889 701 933 724 tur
957 697 1086 730 tenebraz,
1108 696 1184 731 juxta
1202 696 1268 724 illud
1280 696 1304 712 "
1319 704 1326 723 :
1342 704 1352 721 ι
1368 694 1396 722 Si
1416 702 1483 730 ergo
1498 694 1589 722 lumen
1606 693 1677 729 quod

889 743 916 770 in
946 746 971 770 te
997 746 1058 774 est,
1086 742 1205 770 tenebrae
1230 741 1296 774 sint,
1328 741 1394 776 ipsa:
1420 741 1541 768 tenebrae
1569 743 1678 775 quanta:

888 787 984 814 erunt?
1001 798 1012 813 ι

924 832 1064 868 Ejusdem.
1091 832 1283 860 lmmaculatus
1308 836 1351 860 est
1365 831 1411 859 ille
1426 831 1472 866 qui
1487 832 1558 859 viam
1585 831 1630 858 Dei
1650 831 1677 858 in

46 877 99 913 τὴν
112 878 171 904 ὁδὸν
184 878 230 904 τοῦ
250 878 328 910 Θεοῦ,
344 879 390 905 τὸν
407 879 534 915 Χριστόν.
550 890 558 905 ι
579 880 648 915 Ἐγὼ
664 881 728 917 γὰρ,
742 882 834 917 φησὶν,

914 889 917 905 ξ
934 879 1027 912 habet,
1042 878 1182 906 Christum
1199 878 1316 907 scilicet.
1339 878 1414 913 «Ego
1426 877 1509 910 enim,
1528 876 1617 912 inquit
1632 877 1655 892 "'
1667 896 1675 908 .

45 923 108 958 εἰμὶ
131 924 147 958 ἡ
174 923 242 955 ὁδός.
275 933 283 949 ι
307 924 439 959 ’Λμωμον
461 925 490 952 δὲ
510 925 612 961 ταύτην
638 927 687 962 τὴν
709 927 768 954 ὁδὸν
789 928 836 954 καὶ

46 965 130 998 αὐτὸς
142 966 155 992 ὁ
167 967 248 994 Δαυῖὸ
263 966 314 1003 ἔφη
332 967 420 1002 λέγων
433 978 439 984 ·
462 979 471 995 ι
495 969 523 997 '0
536 970 602 1002 Θεός
614 979 674 1006 μου,
690 971 805 1007 ἄμωμος
819 972 837 1008 ὴ

45 1011 108 1042 ὁδός
125 1019 181 1037 σου.
204 1021 212 1036 1

84 1057 137 1084 Kal
155 1057 363 1086 ἁνταποδὼσει
379 1069 430 1095 μοι
452 1061 562 1095 Κύριος
573 1062 647 1090 κατὰ
661 1062 718 1097 τὴν
728 1063 838 1091 δικαιο-

44 1103 148 1137 σύνην
160 1111 230 1138 μου,
247 1113 273 1132 κ.
291 1113 317 1131 τ.
333 1106 356 1132 ἑ.
377 1115 386 1131 ι
414 1103 490 1140 Ένῷ
508 1107 599 1144 μέτρῳ
619 1108 675 1144 (85)
701 1111 836 1146 μετρεῖτε,

44 1149 311 1185 ἀντιμετρηθήσεται
328 1151 402 1186 ὑμῖν.
429 1161 438 1177 ι
460 1152 558 1188 ’Λγίων
579 1154 608 1180 δὲ
635 1154 737 1191 αὕτηὴ
761 1156 837 1192 φωνὴ

43 1193 101 1219 τῶν
113 1193 156 1220 διὰ
172 1194 271 1229 πολλὴν
285 1196 440 1231 παρῤησίαν
450 1196 605 1233 δυναμένων
617 1199 716 1234 λέγειν·
732 1211 740 1226 ι
761 1202 836 1228 Ἀντ-

44 1239 145 1272 απόδος
165 1239 204 1275 τῷ
221 1240 306 1276 δούλῳ
324 1250 380 1268 σου.
409 1251 417 1267 ι
436 1243 613 1280 Δικαιοσύνην
632 1245 706 1279 λέγει
734 1246 784 1282 τὴν
805 1248 838 1274 ὲκ

43 1284 167 1317 πίστεως
185 1286 271 1321 Ἰησοῦ
297 1287 422 1322 Χριστοῦ,
435 1288 496 1323 ἥτις
510 1290 698 1326 πεφανέρωται
715 1293 754 1324 είς
770 1293 837 1320 πάν-

43 1339 98 1362 τας
111 1331 174 1363 τοὺς
196 1331 387 1365 πιστεύοντας·
404 1335 461 1366 τοῖς
477 1335 531 1371 γὰρ
554 1336 642 1372 ὀρθῶς
663 1338 836 1367 πιστεύουσιν

43 1377 62 1412 ἡ
81 1376 171 1409 πίστις
182 1378 222 1410 εἰς
236 1378 407 1414 δικαιοσύνην
423 1380 569 1414 λογίζεται.

82 1422 163 1448 Μετὰ
173 1422 259 1449 ὁσίου
273 1415 436 1459 ὀσιοίθήσῃ.
453 1425 501 1452 καὶ
514 1427 590 1461 μετὰ
606 1427 716 1463 ἀνδρὸς
739 1430 836 1458 ἀθὼου

41 1466 143 1500 (δθῶος
165 1467 233 1502 ἔσῃ.
256 1467 305 1494 καὶ
327 1469 403 1503 μετὰ
429 1470 573 1499 ἑκλεκτοῦ
599 1473 743 1507 ἐκλεκτὸς
763 1475 834 1511 ἔσῃ,

42 1513 97 1540 καὶ
107 1513 183 1548 μετὰ
198 1515 346 1548 στρεϐλοῦ
368 1516 567 1552 ὃιαστρέψεις,
587 1528 613 1546 κ.
629 1528 655 1546 τ.
672 1521 695 1548 ὲ.
719 1522 761 1553 Ὡς
774 1522 834 1549 ἐσο-

44 1568 98 1595 μαι
116 1559 172 1596 (86)
189 1560 304 1596 ἄμωμος
319 1563 377 1597 μετ’
390 1562 472 1590 αὐτοῦ
484 1563 531 1590 τοῦ
548 1564 626 1598 Θεοῦ,
639 1566 725 1598 οὕτως
741 1568 755 1594 ὁ
768 1569 835 1601 Θεὸς
848 1559 869 1587 C

42 1605 120 1641 μετὰ
145 1606 217 1633 deiet)
243 1607 436 1644 ὀσιωθήσεται,
464 1609 510 1636 καὶ
535 1610 603 1645 μετὰ
632 1610 720 1638 ἀθὼου
748 1613 835 1646 ἀθῶος

41 1651 133 1683 ἔσται,
143 1651 190 1678 καὶ
203 1651 272 1686 μετὰ
286 1652 413 1679 ἐκλεκτοῦ
427 1654 554 1686 ἐκλεκτὸς
564 1654 640 1682 ἔσται
655 1655 745 1688 αὐτός.
758 1657 835 1684 Μετὰ

41 1696 177 1730 στρεϐλοῦ
192 1696 219 1722 δὲ
230 1696 289 1732 οὐχὶ
310 1698 436 1733 στρεϐλὸς
449 1698 523 1725 ἔσται
538 1699 608 1734 (οὐδὲ
632 1699 685 1736 γὰρ
702 1701 834 1738 θεμιτὸν),

38 1740 115 1768 ἀλλὰ
126 1741 307 1777 διαστρέψεις,
321 1743 359 1774 ὼς
377 1744 446 1778 μετὰ
459 1744 569 1780 Φαραώ.

84 1783 139 1814 Τοῦ
159 1787 262 1814 αὑτοῦ.
285 1788 330 1815 Ἐν
355 1789 404 1823 μὲν
419 1791 475 1821 τοῖς
491 1790 574 1822 ὁσίοις
591 1791 648 1826 (87)
669 1792 743 1824 ὅσιός
759 1794 834 1820 ἐστιν

36 1833 57 1860 ὀ
70 1832 148 1864 Θεὸς,
167 1833 195 1859 ὲν
210 1832 238 1860 δὲ
253 1835 308 1866 τοῖς
323 1834 422 1867 ἀθώοις
429 1835 527 1868 tam,
541 1837 570 1863 ἐν
585 1837 613 1864 δὲ
627 1839 684 1870 τοῖς
698 1838 834 1872 ἐκλεκτοῖς

38 1879 185 1912 ἐκλεκτὸς,
205 1880 234 1906 ὲν
258 1879 287 1906 δὲ
306 1881 363 1911 τοῖς
384 1881 524 1916 πρεόλοῖς
548 1882 578 1909 οὐ
605 1883 742 1918 στρεϐλὺς,
765 1885 832 1911 ἀλλὰ

38 1924 296 1960 συστρεδλούμενος
313 1926 405 1957 αὐτοῖς
424 1925 468 1953 διὰ
489 1925 520 1953 τὸ
544 1926 675 1963 εὔφημον.
700 1929 833 1963 Στρεϐλὸν

33 1969 98 2006 γὰρ
111 1970 158 1996 τὸν
169 1970 234 1997 Θεὸν
245 1973 331 1998 εἰπεῖν
343 1971 504 2006 ἐφυλάξατο.
517 1973 634 2005 Τούτους
648 1975 711 2006 τοὺς
726 1975 833 2010 στίχους

33 2017 64 2043 οι
79 2016 262 2052 ἁπλούστεροι
278 2017 324 2043 ἐπὶ
342 2017 396 2044 τῶν
415 2017 567 2054 ἀνθρώπων
583 2018 712 2052 πολλάκις
728 2019 833 2055 λαμϐά-

32 2070 146 2090 νουσιν.
162 2061 239 2089 Οὕτω
252 2063 281 2089 δὲ
292 2064 500 2099 συστρεὸλοῦται
512 2063 587 2096 Θεὸς.
596 2063 633 2097 ὠς
647 2065 676 2092 ὲν
687 2065 725 2101 τῷ
738 2066 834 2092 Δευτε-

32 2108 164 2144 ρονομίῳ
179 2107 268 2143 λέγει·
297 2118 306 2134 ι
323 2109 386 2136 Ἐὰν
406 2109 595 2145 εἰσελεύσησθε
618 2111 686 2146 πρὸς
704 2111 737 2147 μὲ
763 2112 832 2140 πλά-

29 2161 107 2188 γιοι.
120 2152 307 2188 εἰσελεύσομαι
316 2153 393 2188 κάγὼ
405 2155 472 2190 πρὸς
482 2155 554 2190 ὑμᾶς
569 2155 597 2182 ἐν
607 2155 683 2191 Θυμῷ
697 2156 829 2192 πλαγίῳ.»

76 2198 136 2226 Τοῦ
151 2199 254 2225 αὑτοῦ.
266 2198 338 2234 Πρὸς
353 2199 403 2232 τὰς
414 2199 525 2236 γνώμας
541 2201 594 2237 (88)
613 2201 666 2228 τῶν
681 2202 834 2237 ἀνθρώπων.

26 2245 189 2283 ἀρμόττεις
205 2246 254 2278 τὰς
265 2247 423 2279 ἀντιδόσεις,
440 2244 463 2274 ὦ
477 2248 608 2276 Δέσποτα.
625 2249 760 2285 Παρέχεις
775 2250 830 2286 γὰρ

26 2294 98 2324 τοῖς
115 2293 200 2324 ὁσίοις
216 2293 251 2319 τὰ
265 2294 402 2330 ὸσιότητος
425 2294 497 2327 ἄξια,
522 2296 578 2326 τοῖς
603 2295 758 2327 ἀνευθύνοις
782 2297 829 2324 καὶ

25 2338 159 2370 δικαίοις
174 2338 207 2365 τὰ
220 2339 371 2376 πρόσφορα,
386 2340 433 2366 καὶ
445 2341 500 2372 τοῖς
510 2339 647 2372 ἐκλεκτοῖς
660 2340 706 2366 καὶ
718 2341 830 2374 τελείοις

26 2384 72 2411 τὰ
90 2383 198 2410 τέλεια·
215 2385 271 2415 τοῖς
289 2384 318 2410 δὲ
340 2385 499 2420 ἐκτραπεῖσι
522 2386 568 2412 καὶ
586 2384 635 2420 τὴν
659 2386 782 2413 ἐναντίαν
802 2388 829 2414 ὀ-

23 2429 151 2457 δεύουσι
182 2429 346 2465 κατάλληλον
372 2431 590 2466 παρασκευάζεις
620 2431 671 2466 τῆς
709 2432 768 2459 ὁδοῦ
799 2433 829 2460 τὸ

25 2481 127 2512 τέλος.
145 2480 199 2507 Καὶ
224 2480 284 2508 τίνα
304 2481 420 2516 τρόποη
444 2491 452 2507 ι
475 2480 535 2508 Ὀτι
560 2480 591 2507 σὺ
617 2479 680 2508 λαὸν
703 2479 829 2506 ταπεινὸν

25 2526 151 2556 σώσεις.
169 2534 178 2550 ι

72 2592 98 2608 ⁷⁸
120 2591 216 2619 Matth.
232 2593 315 2625 vt,9.3.
361 2593 383 2609 ⁷⁷
398 2593 478 2621 Joan.
491 2601 546 2624 xtv.
558 2592 586 2620 6.

23 2635 116 2659 xxvt,
137 2627 230 2659 27,28.

72 2697 135 2732 (85)
149 2697 244 2731 Χωρὶς
259 2681 344 2730 Θεοῦ(
355 2703 408 2726 etc.
424 2698 514 2726 Codex
526 2698 591 2726 Rue.
605 2697 751 2726 Corderius
765 2706 828 2726 vero

20 2741 32 2762 ι
40 2741 172 2766 nnquam
189 2732 285 2759 incerti
300 2733 391 2760 habet.

71 2767 133 2802 (84)
151 2768 284 2802 Ἀμωμός
299 2767 395 2802 ἐστιν,
420 2772 473 2796 clc.
502 2768 615 2796 Sehedze
640 2767 745 2802 Grabii,
762 2768 826 2796 Bar-

16 2806 133 2874 ιηῖἓέ)
155 2838 207 2865 Ἐν
217 2835 241 2874 ᾧ
252 2837 357 2874 μέτρῳ,
371 2842 423 2866 etc.
438 2837 549 2866 Sehcdm
563 2837 666 2873 G'rabii,
678 2839 823 2867 Barbarus.

846 2236 868 2263 D

642 2593 665 2610 ’⁸
677 2593 720 2620 Ps.
731 2600 797 2626 xvn,
810 2593 855 2621 3|.

887 933 946 953 sum
959 926 1014 953 via.
1027 934 1036 952 ι
1062 925 1266 952 immaculatum
1290 924 1360 951 hanc
1383 924 1457 950 viam
1471 928 1500 950 et
1516 923 1572 958 ipse
1592 923 1678 950 David

888 970 1006 1006 appellat
1024 970 1115 998 dicens
1130 969 1174 998 7‘:
1195 978 1204 995 ι
1221 969 1291 997 Deus
1320 976 1407 1002 meus,
1430 967 1604 996 immaculata
1632 967 1676 995 via

888 1021 944 1043 tua.
963 1026 974 1043 ι

927 1061 1006 1089 Vsus.
1027 1061 1073 1088 25.
1101 1061 1133 1088 Et
1159 1061 1283 1088 retribuet
1303 1060 1367 1087 mihi
1388 1060 1519 1087 Dominus
1533 1060 1678 1087 secundum

884 1107 1018 1142 justitiam
1034 1114 1130 1138 meum,
1149 1110 1201 1134 etc.
1221 1115 1229 1131 ι
1246 1105 1304 1139 Qua
1328 1112 1455 1132 mensura
1481 1105 1567 1132 mensi
1593 1104 1676 1131 fueri-

889 1153 935 1185 tis,
952 1154 1111 1182 remetietur
1128 1158 1155 1181 et
1170 1153 1249 1180 vobis
1267 1153 1299 1179 τ’.
1313 1162 1322 1178 ι
1339 1152 1500 1179 Sanctorum
1517 1155 1607 1178 autem
1620 1151 1677 1178 haec

887 1207 939 1226 vox
958 1199 1063 1235 εει,ςυὶ
1090 1206 1145 1234 pra:
1172 1198 1274 1233 ingenti
1300 1197 1396 1225 ﬁducia
1424 1196 1513 1224 dicere
1539 1200 1674 1231 possunt:

890 1254 899 1270 (
915 1245 1046 1272 Retribue
1062 1251 1141 1272 servo
1160 1248 1205 1272 tuo
1220 1244 1253 1270 ⁸ο.
1266 1253 1276 1270 ι
1292 1243 1428 1271 Justitiam
1445 1250 1510 1271 vero
1522 1249 1581 1271 eam
1599 1241 1674 1273 dicit,

887 1299 947 1327 qua:
964 1297 1053 1319 estex
1069 1290 1123 1319 ﬁde
1142 1291 1205 1319 Jesu
1227 1290 1341 1324 Christi,
1367 1297 1428 1325 qua:
1443 1290 1615 1318 manifestata
1634 1294 1676 1316 est

888 1338 914 1365 in
936 1345 1030 1365 onmes
1057 1337 1201 1365 credentes
1220 1346 1226 1364 :
1243 1344 1305 1364 nam
1331 1336 1364 1364 iis
1385 1336 1430 1372 qui
1448 1341 1524 1364 recte
1540 1336 1654 1364 credunt
1666 1355 1675 1367 ,

887 1384 955 1412 ﬁdes
968 1384 1001 1412 ad
1011 1383 1145 1419 justitiam
1162 1387 1312 1418 reputatur.

923 1429 1005 1458 Vens.
1020 1429 1067 1463 26,
1083 1429 1129 1457 27.
1141 1428 1206 1456 Cum
1219 1433 1310 1455 sancto
1324 1432 1429 1455 sanctus
1440 1436 1503 1461 em,
1515 1433 1608 1455 etcum
1620 1427 1684 1454 viro.

887 1475 1024 1503 innocente
1042 1477 1165 1503 innocens
1181 1475 1249 1507 erit;
1271 1478 1295 1501 et
1312 1482 1372 1501 cum
1392 1474 1472 1502 electa
1495 1474 1592 1501 electu:
1611 1473 1675 1505 eris,

887 1525 912 1548 et
933 1529 989 1548 cum
1009 1528 1128 1555 perverso
1161 1520 1332 1555 perveneris,
1356 1524 1408 1547 etc.
1441 1517 1673 1553 Quemadmodum

887 1566 1078 1594 immaculatus
1099 1573 1148 1593 ero
1174 1572 1235 1592 cum
1259 1565 1317 1599 ipso
1341 1565 1412 1599 Deo,
1436 1565 1477 1593 sic
1499 1565 1582 1593 etiam
1604 1566 1675 1592 Dens

886 1620 947 1640 cum
972 1617 1067 1640 sancto
1085 1611 1320 1644 sanctiﬁeabitur,
1344 1616 1371 1638 et
1394 1618 1455 1638 cum
1472 1611 1618 1639 innocente
1631 1610 1673 1636 in-

886 1665 986 1686 nocens
1013 1657 1075 1690 erit,
1100 1661 1127 1685 et
1154 1664 1215 1684 cum
1242 1655 1329 1684 electo
1351 1656 1464 1685 electus.
1489 1657 1587 1685 Verum
1612 1665 1675 1685 cum

886 1711 1018 1738 perverso
1034 1709 1204 1738 nequaquam
1220 1709 1365 1737 perversus
1390 1703 1442 1730 erit
1460 1703 1523 1737 (hoc
1536 1703 1608 1731 enim
1624 1710 1674 1731 ne-

887 1747 949 1783 l’as),
965 1748 1011 1775 sed
1026 1748 1202 1783 pervertet-is,
1215 1752 1246 1774 ut
1255 1755 1316 1775 cum
1334 1747 1485 1776 Pharaone.

921 1793 1061 1829 Ejusdem.
1087 1793 1115 1820 In
1131 1794 1232 1821 sanctis
1249 1796 1360 1820 sanctus
1379 1798 1420 1821 est
1439 1794 1522 1828 Deus,
1548 1795 1575 1822 in
1593 1795 1672 1823 inno-

885 1840 1012 1868 centibus
1037 1840 1186 1872 innocens,
1204 1839 1230 1866 in
1252 1839 1344 1866 electis
1361 1839 1476 1872 electus,
1495 1839 1520 1866 in
1537 1842 1673 1874 perversis

885 1895 939 1914 non
954 1893 1111 1921 pervorsus,
1128 1886 1174 1912 sed
1189 1885 1269 1913 simul
1282 1890 1413 1917 mutatus,
1423 1885 1505 1920 idque
1513 1887 1672 1914 reverentia

884 1939 967 1960 causa
983 1931 1093 1959 dicitur.
1111 1931 1273 1959 Perversum
1286 1932 1370 1967 διο
1393 1932 1466 1959 enim
1486 1932 1569 1960 Deum
1586 1940 1621 1959 ne
1633 1933 1674 1959 di-

884 1983 969 2012 ceret,
989 1979 1071 2007 cavit.
1094 1977 1149 2005 llos
1167 1985 1261 2005 versus
1291 1978 1473 2013 simpliciores
1501 1978 1535 2006 de
1553 1979 1672 2007 homini-

884 2024 934 2052 bus
948 2032 1020 2059 swpe
1038 2024 1185 2059 accipiunt.
1198 2024 1268 2052 Deus
1283 2029 1374 2052 autem
1386 2025 1565 2057 convertitur,
1578 2032 1672 2059 quem-

883 2071 1029 2099 admodum
1047 2071 1072 2098 in
1090 2071 1300 2099 Deuteronomio
1322 2071 1388 2099 dicit
1405 2071 1427 2087 ⁸¹
1446 2080 1453 2098 :
1471 2081 1481 2098 ι
1500 2071 1528 2099 Si
1554 2071 1671 2107 ingressi

884 2117 991 2146 fueritis
1007 2117 1041 2145 ad
1057 2126 1101 2146 me
1118 2118 1250 2153 perversi,
1266 2118 1403 2154 ingrediar
1420 2123 1447 2146 et
1463 2125 1513 2155 ego
1528 2119 1561 2146 ad
1579 2126 1626 2147 vos
1643 2118 1670 2146 in

883 2166 924 2191 ira
943 2171 1082 2199 perversa.
1101 2173 1110 2189 ›

919 2210 1056 2245 Ejusdem.
1073 2209 1127 2238 Pro
1140 2209 1239 2238 mentis
1250 2210 1347 2238 atreetu
1365 2208 1520 2239 nominibus
1536 2217 1610 2239 vnces
1626 2217 1672 2238 re-

883 2256 989 2291 pendis,
1007 2264 1024 2284 o
1042 2256 1164 2284 Domine.
1182 2256 1251 2284 Nam
1277 2257 1381 2284 sanctis
1404 2264 1464 2292 quae
1493 2257 1670 2285 sanctitatem

884 2302 991 2335 decent,
1007 2303 1200 2331 innocentibus
1214 2307 1241 2331 et
1253 2303 1334 2337 justis
1348 2303 1556 2337 convenientia,
1576 2303 1671 2332 electis

884 2353 910 2376 et
940 2347 1068 2383 perlectis
1087 2347 1207 2382 perfecta
1226 2348 1343 2381 tribuis;
1362 2348 1395 2376 iis
1410 2353 1501 2376 autem
1519 2349 1565 2384 qui
1583 2349 1669 2376 decli-

883 2399 948 2422 nant
963 2402 978 2422 a
994 2394 1034 2421 via
1048 2414 1056 2427 .
1078 2399 1106 2422 et
1125 2395 1294 2422 cantrarium
1327 2394 1378 2421 iter
1410 2395 1577 2428 ambulant,
1603 2403 1669 2424 con-

882 2448 979 2474 gruum
995 2441 1058 2468 vita:
1077 2441 1157 2468 linem
1174 2441 1374 2468 accommodas.
1395 2440 1447 2469 Sed
1464 2449 1517 2476 qua
1537 2442 1644 2469 ratione
1657 2443 1670 2469 τ

883 2495 892 2512 ι
910 2486 1043 2521 Quoniam
1060 2492 1090 2515 tu
1105 2487 1232 2523 populum
1250 2487 1380 2515 humilem
1401 2488 1504 2516 salvum
1519 2487 1615 2516 facies.
1632 2498 1640 2514 I

912 2594 934 2611 7’
945 2594 1044 2623 Matth.
1065 2602 1112 2626 ru,
1134 2594 1160 2622 2.
1217 2594 1240 2610 ³ο
1255 2593 1300 2622 Ps.
1324 2601 1419 2627 cxvm,
1446 2593 1488 2621 l7.
1545 2593 1566 2610 ⁸¹
1581 2592 1667 2621 Levil.

996 2700 1044 2733 Ὧς
1058 2701 1175 2736 ἔσομαι,
1191 2704 1244 2728 etc.
1259 2699 1418 2728 Corderius.

918 2701 976 2770 (86)
996 2701 1044 2733 Ὧς
1058 2701 1175 2736 ἔσομαι,
1191 2704 1244 2728 etc.
1259 2701 1418 2728 Corderius.

918 2737 962 2770 (8‘7
993 2737 1045 2763 Ἐν
1054 2736 1112 2770 μὲν
1124 2736 1185 2769 τοῖς
1204 2737 1310 2768 όσιοις,
1335 2741 1387 2763 etc.
1408 2735 1499 2763 Codex
1521 2735 1666 2764 Coislinia-

917 2700 976 2771 ἓξὲξ

881 2779 931 2798 nus
948 2771 990 2798 10.

915 2806 970 2842 (88)
987 2807 1065 2840 Hptw;
1081 2807 1131 2840 τὰς
1147 2805 1272 2842 γνώμας,
1291 2810 1342 2834 etc.
1363 2806 1475 2834 Scitcda:
1490 2806 1594 2835 Grabii.
