1860 3052
195 103 265 129 1237

864 99 910 126 EX
928 98 1077 127 ORIGENE

1750 96 1817 126 132R

193 163 263 187 (Itur
281 159 403 186 Christus
426 157 520 184 sedere
542 162 622 192 super
643 155 767 183 throutnn
790 155 874 183 David
899 158 976 191 patris

1055 157 1079 182 ἓν
1095 155 1201 190 λέγεται
1217 153 1379 186 καθέζεσθαι
1395 154 1440 181 ἐπὶ
1459 155 1552 191 θρόνου
1567 155 1650 183 Δαυῖδ
1658 157 1706 184 τοῦ
1714 151 1819 186 πατβς

231 250 315 278 Vnus.
331 250 357 280 8,
371 249 397 276 9.
413 249 547 275 Commota
562 251 598 275 est
614 250 638 273 et
654 247 903 274 contramuitlerrn:
917 247 978 281 [un-

197 299 320 323 dantenla
334 294 459 321 montium
472 292 627 319 conturbata
637 297 696 318 sunt
707 312 714 325 ,
729 297 751 318 et
766 298 894 318 commota
906 297 976 323 sunt,

195 341 318 375 quoniam
337 340 419 366 iratus
436 343 471 364 est
489 338 525 364 eis
540 337 619 364 Deus.
636 337 760 364 Ascendit
783 337 870 371 fumus
888 338 914 364 in
937 339 978 364 ira

194 386 261 418 eius,
275 389 298 411 et
314 384 381 418 ignis
393 391 409 409 a
425 383 493 418 [acie
508 382 565 416 ejus
579 382 692 414 exarsit;
712 383 836 409 carbones
861 383 978 409 succensi

195 434 255 457 stttll
273 430 305 456 ab
319 437 364 459 eo.
391 433 444 455 etc.
471 427 560 454 Slanli
589 428 697 461 quidem
721 432 774 454 stat
798 428 885 460 Deus,
904 432 977 455 moto

194 478 283 501 autem
301 477 440 504 movetur.
459 472 497 498 uti
517 471 550 497 ad
563 471 682 506 Moysem
696 472 796 498 dictum
818 476 875 499 est:
897 480 906 497 ι
927 472 975 499 Sta

193 527 285 547 coram
303 518 454 546 Pharaone.
474 527 483 544 ι
509 517 624 551 Quando
639 525 704 545 vero
721 517 774 545 Deo
787 525 839 544 non
860 517 978 544 obedivit

193 565 294 596 Adam,
310 564 356 591 sed
372 563 460 599 potius
477 563 553 590 uxori
580 570 681 590 morem
698 563 796 598 gessit,
820 567 884 590 tunc
899 563 976 589 antli-

195 611 231 637 vit
250 610 393 637 Dominum
410 609 494 636 Deum
515 608 749 636 deambulantem:
770 608 820 642 ipsi
836 608 907 635 enim
923 616 976 635 non

194 655 310 690 amplius
337 655 427 682 stabat
446 653 534 686 Deus,
553 658 633 688 atque
658 658 687 680 ut
701 653 787 681 bonus
812 653 893 687 judex
923 661 976 680 non

195 701 294 728 stabat.
310 700 442 728 Castorum
462 699 518 726 Deo
532 706 560 726 se
578 703 704 727 movente
719 699 907 726 contremiscit
924 706 975 726 non

193 747 306 779 caelum,
320 746 366 773 sed
384 750 471 778 terra,
486 749 513 771 et
527 744 705 771 fundamenta
719 744 851 771 montium
863 748 975 771 contur-

193 792 311 823 bantur;
342 798 402 825 quae
434 790 564 817 montium
600 789 775 816 fundamenta
804 789 977 816 conturbabit

1029 198 1121 225 αὑτοῦ.

1064 244 1119 270 Καὶ
1137 243 1296 277 ἐσαλεύθη,
1311 243 1359 270 καὶ
1375 244 1517 279 ἔντρομος
1528 246 1657 281 ἐγενήθη
1671 247 1692 281 ἡ
1704 246 1756 282 τῆ,
1773 249 1817 275 κηι

1029 288 1065 315 τὰ
1076 288 1196 323 θεμέλια
1214 288 1273 314 τῶν
1287 288 1379 322 ὀρέων
1392 289 1612 324 ἐταράχθησαν,
1626 292 1677 318 καὶ
1688 292 1817 320 ἐσαλεύε

1029 334 1136 366 θησαν,
1145 333 1188 360 ὅτι
1202 333 1332 368 ὠργίσθη
1351 334 1453 366 αὐτοῖς
1468 335 1485 361 ό
1495 336 1574 368 Θεός.
1587 336 1687 370 Ἀνέϐη
1702 338 1819 369 mariq-

1028 379 1063 405 ἐν
1078 378 1150 413 ὀργῇ
1171 379 1277 411 αὑτοῦ,
1298 379 1346 405 καὶ
1368 380 1428 414 πῦρ
1454 380 1513 408 ἀπὸ
1535 381 1701 415 προσώπου
1726 383 1819 410 αὐτοῦ

1028 425 1261 459 κατεφλόγισεν·
1279 424 1425 459 ἄνθρακες
1436 426 1618 460 ἀνήφθησαν
1639 427 1692 454 ἀπ’
1712 428 1817 457 αὐτοῦ,

1028 478 1055 496 κ.
1067 478 1092 496 τ.
1107 470 1130 496 ἐ.
1149 469 1194 504 Τῷ
1211 470 1259 504 μὲν
1272 469 1397 505 ἑστηκότι
1415 471 1470 506 (70)
1484 471 1598 505 ἕστηκεν
1617 473 1632 498 ὁ
1645 471 1723 503 Θεὸς,
1741 472 1781 506 τῷ
1794 472 1818 498 δὲ

1029 515 1199 550 σαλευομὲνῳ
1215 514 1365 546 σαλεύεται,
1382 515 1420 547 ὼς
1435 516 1548 542 Μωῦσεῖ
1563 516 1672 551 λέγεται
1683 526 1690 531 ·
1710 527 1718 542 ι
1739 518 1818 553 Στῆθι

1028 561 1147 588 ἐναντίον
1163 560 1274 596 Φαραώ.
1292 570 1301 586 ι
1319 561 1383 587 Ὅτε
1407 561 1530 596 μέντοιγε
1553 562 1640 598 Ἀδὰμ
1658 565 1817 599 παρήκουσε

1027 606 1074 633 τοῦ
1088 606 1165 639 Θεοῦ,
1179 606 1278 641 μᾶλλον
1286 606 1313 632 δὲ
1325 607 1373 642 τῆς
1385 607 1512 640 γυναικὸς
1524 608 1635 643 ἢκουσε,
1644 609 1707 635 τότε
1720 610 1818 644 ἧκουπ

1028 651 1129 687 Κυρίου
1151 651 1198 677 τοῦ
1216 650 1282 678 Θεοῦ
1303 652 1528 687 περιπατοῦντος·
1551 654 1644 680 οὐκέτι
1667 654 1724 690 γὰρ
1748 654 1818 689 αὐτῷ

1028 698 1136 732 ἑστήκει
1146 698 1159 724 ὁ
1173 697 1248 729 Θεὸς,
1263 697 1310 724 καὶ
1325 697 1361 729 ὡς
1377 697 1477 732 ἀγαθὸς
1487 699 1515 725 δὲ
1531 700 1544 725 ὁ
1558 699 1661 735 κρίνων
1677 701 1728 736 οὐχ
1739 700 1819 735 ἕστη-

1028 752 1069 770 κε.
1082 743 1263 778 Σαλευομένου
1276 744 1303 770 δὲ
1316 743 1382 770 Θεοῦ
1399 743 1528 780 ἔντρομος
1543 746 1646 779 γίνεται
1668 746 1720 773 οὐκ
1741 746 1819 782 οὖρα-

1028 790 1082 822 νὸς,
1096 789 1162 816 ἀλλὰ
1177 790 1194 824 ἡ
1210 789 1256 824 γῆ,
1274 789 1321 816 καὶ
1342 789 1452 824 θεμέλια
1466 790 1520 817 τῶν
1535 791 1621 825 ὀρέων
1638 792 1818 827 ταράσσεται,

193 837 264 872 ignis
281 837 326 872 qui
348 844 381 865 ex
406 836 495 863 furore
514 835 619 862 Domini
638 835 821 862 succenditur.
852 844 861 860 ι
881 833 975 861 Vultus

1055 844 1099 870 περ
1116 834 1226 869 θεμέλια
1240 834 1293 861 τῶν
1307 834 1391 869 ὁρέων
1404 835 1514 870 ταράξει
1526 836 1557 862 τὸ
1566 825 1748 871 ἐκκαιόμενον
1764 836 1819 872 πῦρ

194 888 283 909 autem
306 882 413 910 Domini
430 889 511 916 super
532 882 662 908 facientes
688 880 757 906 mala
773 881 812 912 ⁶⁸;
842 890 851 906 ι
872 884 979 907 sanctos

193 929 263 955 enim
290 928 443 961 illuminat,
472 927 550 962 juxta
578 926 680 953 illud“
701 935 707 952 :
727 935 736 951 ι
768 925 907 960 Signatum
937 929 979 952 est

193 981 275 1009 super
289 981 339 1002 nos
359 973 449 1001 lumen
463 973 555 1000 vultus
572 972 620 998 tui.
639 981 648 998 ι

229 1063 364 1098 Ejusdem.
387 1071 395 1088 ι
414 1061 447 1088 Ει
464 1061 534 1095 ignis
548 1069 562 1087 a
579 1060 648 1088 facie
660 1060 718 1094 ejus
733 1060 852 1092 exarsit,
870 1070 878 1086 ι
904 1067 978 1087 com-

192 1110 293 1137 burens
315 1109 403 1143 ligna,
429 1107 549 1137 foenum.
566 1106 709 1141 stipulam,
726 1107 778 1134 huc
798 1111 858 1138 cst,
878 1114 977 1134 consu-

193 1162 272 1182 mens
291 1153 375 1180 malos
391 1153 510 1180 habitus.
534 1151 579 1179 Sic
597 1153 660 1179 olim
689 1152 836 1180 combussit
858 1152 978 1187 publica-

193 1207 257 1226 num
273 1198 437 1230 ltlattlrmum,
454 1196 566 1224 Paulum
578 1201 780 1232 persecutorem
798 1201 825 1224 et
837 1201 980 1224 contume-

193 1245 300 1272 liosum.

229 1290 364 1323 Ejusdem.
403 1288 474 1316 Deus
499 1291 627 1321 tanquam
661 1286 748 1314 bonus
775 1291 914 1318 movetur,
943 1293 978 1314 ne

192 1335 307 1369 amplius
339 1339 411 1362 terra
438 1333 526 1369 ipsum
554 1336 724 1364 contemnat,
749 1331 796 1358 sed
822 1337 852 1358 ut
871 1334 977 1366 patrem

195 1383 365 1411 revereatur,
385 1383 412 1406 et
443 1385 476 1405 ne
500 1377 614 1411 amplius
644 1376 817 1404 fundamenta
842 1378 975 1403 montium

193 1426 306 1453 immota
323 1425 395 1456 sint.
411 1424 458 1452 sed
480 1422 685 1451 conturbantur.
703 1422 772 1455 Quin
789 1423 872 1450 etiam
893 1422 975 1456 Deus,

193 1477 329 1505 tamquam
354 1472 458 1501 bonus,
485 1473 526 1497 est
547 1468 616 1503 ignis
643 1475 825 1502 consumens,
847 1470 892 1504 qui
918 1468 1010 1517 pri-C

191 1524 265 1543 mum
281 1515 431 1543 ascendens
453 1514 554 1540 fumum
573 1511 702 1544 resolvit,
722 1512 819 1539 deinde
841 1512 975 1540 carbones

192 1560 346 1592 succendit,
363 1559 480 1593 denique
496 1558 635 1585 descendit
661 1557 792 1585 inclinans
807 1558 926 1591 cmlum;
943 1565 975 1585 ac

192 1610 285 1641 postea
313 1604 481 1632 demonstrat
502 1602 646 1636 caliginem
672 1610 731 1637 quae
745 1607 787 1630 est
800 1603 850 1630 sul)
864 1603 975 1638 pedibus

192 1651 261 1686 ejus.
278 1650 379 1677 Deinde
399 1655 480 1684 super
506 1648 646 1675 cherubim
671 1648 821 1675 ascendens
843 1648 934 1682 volat,
948 1653 976 1676 et

193 1697 267 1724 volat
281 1703 362 1730 super
379 1701 481 1729 pennas
493 1697 647 1720 ventorum.
664 1693 715 1720 Per
727 1700 867 1720 aseensum
885 1699 974 1720 autem

192 1746 220 1769 et
233 1741 392 1770 descensum
410 1738 589 1772 intelligenda:
609 1742 672 1765 sunt
687 1739 769 1767 variae
790 1738 849 1771 ejus
867 1739 977 1772 dispen-

192 1787 330 1820 sationes;
352 1785 479 1821 quoniam
495 1785 569 1812 Deus
593 1783 706 1811 cuilibet
727 1787 754 1811 et
782 1783 881 1819 ubique
907 1792 974 1818 prae-

193 1839 257 1860 sens
269 1836 320 1859 est.

226 1877 365 1913 Ejusdem.
383 1877 453 1904 Deus
465 1876 491 1903 in
506 1875 608 1903 sanctis
615 1875 770 1902 hominibus
786 1875 935 1909 inhabitat,
948 1879 975 1903 et

191 1924 345 1952 deambulat
358 1945 366 1958 ,
381 1923 454 1950 volat
468 1926 558 1950 autem
574 1929 655 1956 super
674 1921 826 1949 cherubim.
853 1921 929 1955 Quod
951 1921 973 1949 si

191 1976 286 1998 ventos
306 1969 353 2005 qui
373 1967 488 1996 sensiles
500 1972 563 1995 sunt
587 1967 722 2002 accipias,
739 1968 906 2003 providentia
924 1975 973 1995 sua

191 2015 314 2044 ascendit
328 2022 410 2049 super
423 2013 500 2046 illos,
517 2013 619 2040 ducens
635 2017 716 2047 prout
730 2012 799 2040 vult.

227 2101 311 2128 Vsus.
329 2101 372 2128 52.
391 2100 425 2128 Et
440 2102 525 2136 posuit
546 2102 663 2129 tenebras
679 2102 818 2130 latibulum
836 2112 931 2136 suum,
947 2104 972 2130 in

1030 881 1062 906 ἐκ
1076 880 1122 906 τοῦ
1137 879 1223 915 θυμοῦ
1235 879 1281 906 τοῦ
1298 879 1376 906 Θεοῦ.
1393 889 1402 904 t
1423 880 1572 915 Πρόσωπον
1585 881 1614 907 δὲ
1639 882 1746 916 Κυρίου
1772 881 1818 907 ἐπὶ

1029 925 1171 958 ποιοῦντας
1200 926 1295 952 κακά·
1325 934 1335 951 ι
1370 926 1464 959 ἁγίους
1492 925 1547 961 γὰρ
1576 926 1706 961 φωτίζει.
1743 925 1816 954 οἷον⁸

1032 981 1041 997 ‹
1069 970 1237 1006 Ἐσημειώθη
1262 971 1304 1005 ἐφ’
1335 972 1408 1006 ἡμᾶς
1437 971 1466 997 τὸ
1497 971 1555 1006 φῶς
1591 972 1638 998 τοῦ
1668 973 1817 1008 προσώπυ

1030 1022 1085 1040 σου,
1108 1023 1117 1039 ι

1066 1059 1121 1086 Τοῦ
1134 1059 1237 1086 αὑτοῦ.
1262 1069 1271 1085 ι
1289 1060 1343 1086 Καὶ
1355 1059 1410 1096 πῦρ
1426 1061 1479 1087 ἀπὸ
1494 1061 1640 1096 προσώπου
1656 1061 1715 1097 (7|)
1732 1063 1817 1090 αὐτοῦ

1029 1105 1232 1140 κατεφλόγισεν,
1248 1116 1257 1131 ι
1282 1108 1429 1133 κατακαῖον
1447 1107 1527 1140 ξύλα,
1546 1108 1651 1143 χόρτον,
1676 1108 1816 1145 καλάμην.

1028 1150 1163 1178 τουτέστιν
1178 1151 1322 1178 ἀναλίσκον
1339 1152 1388 1183 τὰς
1402 1153 1522 1188 πονηρὰς
1539 1153 1619 1187 ἔξεις,
1636 1154 1717 1181 Οὕτω
1734 1156 1817 1182 κατέ-

1027 1195 1112 1222 καυσὲ
1126 1205 1191 1222 ποτε
1207 1196 1326 1232 τελώνην
1344 1197 1392 1232 μὲν
1406 1197 1469 1224 ὄντα
1482 1198 1528 1224 τὸν
1541 1199 1690 1231 Ματθαῖον,
1709 1200 1818 1227 Παῦλον

1027 1240 1055 1267 δὲ
1066 1240 1182 1276 διώκτην
1197 1243 1243 1268 καὶ
1258 1241 1400 1277 ὑϐριστήν.

1065 1286 1120 1313 Τοῦ
1135 1286 1239 1314 αὐτοῦ.
1256 1287 1299 1318 Ὠς
1313 1287 1413 1321 ἀγαθὸς
1428 1288 1517 1320 ὁθεὸς
1534 1288 1589 1324 (72)
1604 1289 1759 1322 σαλεύεται,
1776 1291 1816 1316 ἵνα

1029 1331 1153 1366 μηκέτιὴ
1168 1331 1204 1367 γῆ
1218 1332 1301 1359 αὐτοῦ
1316 1335 1473 1370 καταφρονῇ
1485 1354 1493 1367 ,
1515 1335 1571 1361 ἀλλ’
1585 1335 1623 1367 ὡς
1640 1336 1748 1371 πατέρα
1770 1344 1817 1370 φο·

1027 1375 1107 1410 ὕῆται
1124 1376 1225 1403 αὐτόν·
1252 1376 1299 1402 καὶ
1325 1377 1368 1403 ἵνα
1398 1379 1495 1413 μηκέτι
1517 1378 1632 1414 ἀκίνητα
1703 1380 1737 1407 τὰ
1763 1381 1814 1409 τῶν

1027 1419 1111 1455 ὀρέων
1133 1420 1258 1455 θεμέλια,
1271 1420 1328 1447 ἀλλ’
1347 1422 1376 1448 ὲν
1389 1425 1506 1458 ταραχῇ.
1531 1424 1588 1450 Καὶ
1609 1425 1647 1456 ὼς
1672 1425 1777 1458 ἀγαθὸς
1801 1426 1815 1452 ὁ

1027 1465 1093 1498 Θεὸς
1117 1466 1194 1493 καῖον
1217 1466 1272 1502 πῦρ
1302 1468 1508 1502 καταναλίσκον,
1538 1470 1645 1505 πρῶτον
1667 1471 1813 1498 ἀναϐαῖνον

1026 1512 1139 1539 ἀπολύει
1153 1513 1265 1546 καπνὸν,
1283 1510 1342 1540 εἶτα
1354 1513 1467 1540 ἀνάπτει
1482 1514 1619 1551 ἄνθρακας
1629 1536 1636 1547 ,
1654 1513 1715 1543 εἶτα
1731 1526 1814 1544 κατα-

1027 1559 1112 1586 ϐαίνει
1128 1559 1220 1591 κλίνας
1236 1559 1359 1594 οὐραγὸν,
1376 1560 1422 1586 καὶ
1440 1561 1508 1595 μετὰ
1522 1560 1600 1588 τοῦτο
1619 1561 1742 1589 δείκνυσι
1771 1563 1814 1589 τὸν

1027 1604 1078 1631 ὑπὸ
1089 1605 1151 1637 τοὺς
1167 1604 1249 1636 πόδας
1262 1604 1344 1631 αὑτοῦ
1363 1605 1472 1640 γνόφον.
1487 1604 1554 1633 Εἶτα
1573 1606 1670 1638 ἐπιϐὰς
1691 1607 1748 1634 τῶν
1773 1617 1815 1643 χε-

1028 1650 1126 1686 ρουϐὶμ
1142 1649 1266 1681 πέταται,
1282 1649 1329 1676 καὶ
1345 1650 1459 1677 πέταται
1473 1651 1519 1678 ἐπὶ
1534 1651 1678 1687 πτερύγων
1693 1653 1814 1688 ἀνέμων,

1032 1695 1174 1722 Ἀνάϐασιν
1185 1695 1212 1721 δὲ
1222 1695 1270 1722 καὶ
1285 1695 1437 1722 κατάϐασιν
1453 1696 1495 1722 δεῖ
1510 1698 1579 1723 νοεῖν
1592 1697 1643 1728 τὰς
1665 1698 1814 1734 διαφόρους

1026 1740 1105 1766 αὑτοῦ
1119 1740 1272 1775 οἰκονομίας
1287 1748 1292 1754 ·
1311 1739 1372 1766 ἐπεὶ
1388 1741 1402 1767 ὁ
1416 1740 1481 1772 Θεὸς
1499 1741 1579 1769 παντὶ
1602 1741 1649 1768 καὶ
1674 1743 1814 1778 πανταχοῦ

1026 1785 1168 1821 παρέστω.

1062 1875 1118 1902 Τοῦ
1134 1875 1236 1902 αὑτοῦ.
1255 1875 1283 1903 '0
1295 1875 1361 1908 Θεὸς
1382 1876 1412 1902 ὲν
1436 1876 1484 1911 μὲν
1505 1876 1561 1908 τοῖς
1579 1875 1667 1910 ἁγίοις
1686 1875 1746 1910 (73)
1769 1877 1813 1902 ἀκτ-

1025 1918 1145 1955 θρώποις
1170 1919 1278 1952 ἐνοικεῖ,
1308 1919 1355 1947 καλ⁴
1383 1920 1576 1955 ὲμπεριπατεῖ,
1599 1920 1712 1947 ἴτι-ταται
1731 1920 1761 1947 δὲ
1788 1922 1814 1947 ὲν

1024 1966 1080 1996 τοῖς
1093 1965 1236 2001 χερουϐίμ,
1252 1966 1308 1992 Καὶ
1329 1965 1448 2000 ἀνέμους
1470 1967 1494 1992 εἰ
1513 1967 1577 1997 τοὺς
1599 1965 1749 2001 αἰσθητοὺς
1770 1966 1813 1993 λᾶ-

1025 2009 1091 2042 6οις,
1104 2009 1142 2044 τῷ
1157 2009 1228 2045 λόγῳ
1245 2010 1294 2046 τῆς
1322 2011 1450 2046 προνοίας
1465 2010 1598 2038 ἐπιϐαίνει
1613 2011 1716 2044 αὐτῶν,
1740 2012 1811 2046 ἄγων

1023 2056 1061 2088 ὡς
1077 2056 1211 2091 βούλεται,

1058 2101 1113 2128 Kal
1123 2101 1205 2129 ἔθετο
1231 2102 1342 2135 σκότος
1374 2101 1554 2137 ἁποκρυφὴν
1579 2102 1685 2134 αὑτοῦ,
1713 2103 1811 2134 κύκλῳ

190 2147 302 2174 circuitu
324 2147 405 2183 607
429 2148 486 2183 ejus
513 2149 711 2175 tabernaculum
735 2148 792 2183 ejus
813 2150 973 2177 :lenebrosa

1055 2146 1117 2173 ᾶτοῦ
1131 2147 1150 2181 ἡ
1163 2146 1261 2181 σκηνὴ
1279 2147 1373 2174 αὐτοῦ
1383 2154 1390 2163 ⁸
1411 2147 1569 2174 σκοτεινὸν
1579 2147 1660 2181 ὕδωρ
1675 2148 1711 2174 ἐν
1727 2147 1809 2182 νεῖν-έ-

190 2200 260 2226 nqua
273 2193 300 2218 in
315 2193 427 2219 nubibus
444 2193 522 2225 aeris,
538 2197 592 2221 etc.
602 2193 734 2226 Quoniam
747 2194 835 2227 posuit
851 2195 975 2223 tenebras

189 2237 330 2264 latibulum
342 2245 431 2271 suum,
440 2243 466 2265 et
475 2238 500 2265 in
510 2238 623 2266 circuitu
632 2238 690 2273 ejus
702 2238 902 2266 tabernaculum
915 2241 972 2275 ejus

189 2287 250 2315 est,
267 2288 409 2318 propterea
430 2283 573 2311 tenebrosa
602 2291 671 2318 aqua
698 2284 724 2311 in
748 2285 864 2312 nubibus
888 2286 969 2319 aeris,

188 2329 241 2355 hoc
259 2332 300 2355 est
316 2328 343 2355 in
365 2328 521 2363 prophetis:
543 2337 553 2354 ι
568 2328 700 2356 Mandabo
721 2329 810 2361 enim,
823 2329 910 2364 inquit
929 2331 968 2364 ⁸⁸,

188 2371 304 2400 nubibus
319 2376 350 2399 ut
371 2380 424 2399 non
439 2372 532 2407 pluant
550 2379 632 2408 super
653 2373 712 2400 illos
723 2373 842 2408 pluviam
855 2394 862 2407 ,
878 2379 904 2402 et
918 2377 971 2403 erit

188 2417 273 2446 fames
283 2438 290 2451 ,
305 2426 357 2445 non
383 2418 469 2445 t‘atncs
491 2417 586 2452 panis,
602 2418 649 2445 sed
669 2418 754 2446 fames
765 2420 894 2447 audiendi
909 2428 971 2448 ver-

186 2465 250 2491 bum
281 2463 388 2491 Domini
403 2463 437 2489 ".
458 2471 467 2488 ι
486 2462 514 2490 Si
542 2462 614 2490 Deus
641 2469 732 2492 noster
761 2464 807 2491 lux
835 2471 892 2498 est,
908 2473 972 2501 quo-

186 2509 269 2536 modo
285 2508 404 2536 tenebris
424 2507 598 2535 occultatur?
613 2508 745 2537 Existimo
765 2509 840 2536 illum
853 2504 972 2537 tenebris

185 2555 317 2582 occultari
340 2554 567 2590 quemadmodum
583 2554 610 2582 id
633 2555 704 2590 quod
725 2555 968 2589 cognoscitur,oc-

1024 2193 1093 2225 λαις
1110 2191 1213 2225 ἀέρων,
1227 2201 1253 2219 κ.
1266 2201 1292 2219 τ.
1307 2193 1331 2219 ἐ.
1352 2193 1460 2228 Ἐπειδὴ
1471 2192 1545 2219 ἔθετο
1559 2192 1655 2224 σκότος
1669 2193 1726 2228 (76)
1748 2194 1810 2219 ἀπο-

1024 2236 1130 2272 κρυφὴν
1142 2235 1234 2268 αὐτοῦ,
1250 2237 1297 2264 καὶ
1310 2237 1366 2264 ἔστι
1381 2237 1472 2272 κύκλῳ
1487 2237 1569 2264 αὐτοῦ
1585 2238 1602 2273 ἡ
1617 2238 1705 2273 σκηνὴ
1721 2238 1807 2266 αὑτοῦ,

1023 2281 1067 2309 διὰ
1078 2281 1156 2308 τοῦτο
1166 2282 1196 2308 τὸ
1210 2283 1344 2309 σκοτεινὸν
1358 2283 1428 2318 ὕδωρ
1444 2283 1472 2310 ὲν
1484 2283 1608 2318 νεφέλαις
1623 2283 1724 2318 ἀέρων,
1735 2292 1807 2310 τουτ-

1023 2327 1081 2355 έστι
1108 2328 1139 2354 τὸ
1168 2329 1196 2354 ὲν
1221 2329 1277 2361 τοῖς
1310 2329 1489 2364 προφήταις,
1507 2339 1516 2355 ‹
1543 2329 1719 2365 Ἑντελοῦμαι
1741 2329 1807 2364 γὰρ,

1023 2373 1099 2408 φησὶ,
1113 2374 1171 2405 ταῖς
1182 2374 1305 2408 νεφέλαις
1319 2374 1365 2400 τοῦ
1384 2374 1421 2410 μὴ
1436 2375 1528 2410 βρέξαι
1545 2375 1589 2401 ἐπ’
1604 2375 1705 2407 αὐτοὺς
1722 2375 1804 2403 ὑετὸν.

1021 2419 1067 2444 καὶ
1083 2418 1158 2445 ἔσται
1174 2419 1261 2454 λιμὸς,
1280 2419 1310 2445 οὐ
1329 2418 1406 2454 λιμὸς
1430 2419 1511 2455 ἄρτου
1525 2439 1534 2452 ,
1563 2419 1632 2446 ἀλλὰ
1661 2419 1739 2455 λιμὸς
1761 2419 1806 2446 τοῦ

1021 2464 1135 2490 ἀκοῦσαι
1145 2464 1224 2498 λόγον
1239 2465 1352 2500 Κυρίου.
1369 2474 1377 2490 ι
1392 2464 1423 2490 Εἰ
1443 2465 1457 2491 ό
1479 2464 1546 2495 Θεὸς
1566 2464 1647 2500 ἡμῶν
1663 2465 1722 2499 φῶς
1741 2465 1804 2495 ἐστι,

1021 2509 1080 2541 πῶς
1095 2509 1261 2537 καλύπτεται
1285 2510 1391 2542 exosa;
1409 2507 1492 2545 οἶμαι
1508 2510 1546 2542 δὲ,
1568 2510 1609 2536 ὅτι
1633 2510 1717 2537 αὑτὸν
1739 2510 1804 2536 οὓτω

1022 2554 1154 2581 καλύπτει
1168 2555 1271 2587 σκότος,
1289 2555 1326 2587 ὡς
1338 2555 1385 2582 καὶ
1398 2556 1431 2590 τῇ
1444 2555 1541 2590 ἀγνοία
1560 2555 1592 2581 τὸ
1609 2555 1803 2590 γινωσκόμενον

222 2613 245 2628 ’⁵
258 2612 303 2640 Ps.
321 2619 420 2645 xxxm,
437 2612 480 2639 17.
520 2612 542 2628 ⁸⁵
558 2611 604 2640 Ps.
622 2619 660 2646 Iv,
676 2613 702 2639 ’1.
740 2613 763 2628 ⁸⁸
778 2613 828 2641 lsai
848 2621 873 2646 v,
891 2613 918 2640 0.
955 2614 976 2629 ⁸⁷

1055 2621 1078 2642 )s
1106 2622 1164 2647 νιιι,
1185 2614 1228 2642 ll.

219 2682 276 2752 ρος
291 2682 333 2715 Τῷ
345 2682 404 2723 per
419 2683 568 2716 ἑστηκότι,
585 2687 637 2710 etc.
654 2683 811 2712 Corderius.

234 2717 262 2743 'll
292 2718 346 2744 Καὶ
361 2725 419 2752 :zvp
434 2718 493 2744 ἀπὸ
508 2717 682 2752 προσώπου,
697 2723 750 2747 etc.
770 2719 811 2747 Scl

185 2717 276 2777 bii('ll)
292 2718 346 2744 Καὶ
361 2718 419 2752 πῦρ
434 2718 493 2744 ἀπὸ
508 2717 682 2752 προσώπου,
697 2723 750 2747 etc.
770 2719 883 2748 Schedae
898 2719 967 2748 Gra-

222 2785 277 2821 (72)
296 2787 342 2819 Ὠς
358 2787 467 2821 ἀγαθὸς
482 2788 498 2814 ὁ
510 2788 590 2820 Θεός,
606 2792 657 2816 etc.
673 2787 827 2817 Corderius.

1056 2686 1111 2721 (75)
1131 2686 1157 2713 Ὁ
1173 2686 1245 2720 Θεὸς
1263 2685 1298 2712 ἐν
1319 2685 1378 2720 μὲν
1399 2685 1462 2719 τοῖς
1485 2685 1596 2721 ἁγίοις,
1608 2689 1664 2721 etc.
1694 2683 1801 2711 Scheda:

1020 2719 1168 2757 Grab_i:i,_et
1182 2719 1475 2757 codeeroislinianns,
1489 2728 1564 2748 num.
1586 2719 1647 2757 Ψ.»
1709 2752 1724 2757 _
1744 2753 1750 2757 _
1770 2752 1784 2757 η

1055 2755 1111 2790 (74)
1136 2755 1255 2789 Ἐπειδὴ
1270 2756 1352 2783 ἐθετο
1368 2756 1489 2788 σκότος,
1507 2761 1565 2782 etc.
1593 2754 1683 2782 Codex
1706 2752 1798 2780 (ἑοὶΜὶ-

1022 2790 1128 2824 nianus,
1148 2799 1223 2819 num.
1239 2790 1282 2824 10,
1299 2796 1325 2820 et
1339 2791 1446 2819 scheda:
1461 2790 1566 2818 Grabii.
