  <div class='ocr_page' id='page_1' title='image "/cluster/home/n/w/nwhite01/storage/ocr_20150623/12/njp.32101077772422/667.png"; bbox 0 0 1860 3052; ppageno 0'>
   <div class='ocr_carea' id='block_1_1' title="bbox 184 137 245 166">
    <p class='ocr_par' dir='ltr' id='par_1_1' title="bbox 184 137 245 166">
     <span class='ocr_line' id='line_1_1' title="bbox 184 137 245 166; baseline 0 -2"><span class='ocrx_word' id='word_1_1' title='bbox 184 137 245 166; x_wconf 64' lang='grc'><strong>1251</strong></span> 
     </span>
    </p>
   </div>
   <div class='ocr_carea' id='block_1_2' title="bbox 865 136 1076 165">
    <p class='ocr_par' dir='ltr' id='par_1_2' title="bbox 865 136 1076 165">
     <span class='ocr_line' id='line_1_2' title="bbox 865 136 1076 165; baseline 0.009 -2"><span class='ocrx_word' id='word_1_2' title='bbox 865 137 909 164; x_wconf 76' lang='lat' dir='ltr'><strong>EX</strong></span> <span class='ocrx_word' id='word_1_3' title='bbox 927 136 1076 165; x_wconf 77' lang='lat' dir='ltr'><strong>ORIGENE</strong></span> 
     </span>
    </p>
   </div>
   <div class='ocr_carea' id='block_1_3' title="bbox 1744 141 1802 169">
    <p class='ocr_par' dir='ltr' id='par_1_3' title="bbox 1744 141 1802 169">
     <span class='ocr_line' id='line_1_3' title="bbox 1744 141 1802 169; baseline 0.017 -1"><span class='ocrx_word' id='word_1_4' title='bbox 1744 141 1802 169; x_wconf 68' lang='grc' dir='ltr'><strong>ΙΞΞΞ</strong></span> 
     </span>
    </p>
   </div>
   <div class='ocr_carea' id='block_1_4' title="bbox 179 195 955 235">
    <p class='ocr_par' dir='ltr' id='par_1_4' title="bbox 179 195 955 232">
     <span class='ocr_line' id='line_1_4' title="bbox 179 195 955 232; baseline -0.001 -7"><span class='ocrx_word' id='word_1_5' title='bbox 179 206 227 232; x_wconf 79' lang='lat' dir='ltr'><strong>per</strong></span> <span class='ocrx_word' id='word_1_6' title='bbox 250 197 377 232; x_wconf 72' lang='lat' dir='ltr'><strong>fulgura,</strong></span> <span class='ocrx_word' id='word_1_7' title='bbox 393 196 490 224; x_wconf 69' lang='lat' dir='ltr'><strong>(lirium</strong></span> <span class='ocrx_word' id='word_1_8' title='bbox 516 195 716 230; x_wconf 65' lang='lat' dir='ltr'><strong>prmdicntionis</strong></span> <span class='ocrx_word' id='word_1_9' title='bbox 742 196 903 232; x_wconf 81' lang='lat' dir='ltr'><strong>splendores</strong></span> <span class='ocrx_word' id='word_1_10' title='bbox 924 198 955 224; x_wconf 89' lang='lat' dir='ltr'><strong>in-</strong></span> 
     </span>
    </p>
   </div>
   <div class='ocr_carea' id='block_1_5' title="bbox 1035 195 1803 235">
    <p class='ocr_par' dir='ltr' id='par_1_5' title="bbox 1035 196 1803 235">
     <span class='ocr_line' id='line_1_5' title="bbox 1035 196 1803 235; baseline 0.007 -12"><span class='ocrx_word' id='word_1_11' title='bbox 1035 197 1061 223; x_wconf 69' lang='grc' dir='ltr'><strong>πὶ</strong></span> <span class='ocrx_word' id='word_1_12' title='bbox 1074 197 1123 228; x_wconf 84' lang='grc' dir='ltr'><strong>τὰς</strong></span> <span class='ocrx_word' id='word_1_13' title='bbox 1134 196 1328 234; x_wconf 77' lang='grc' dir='ltr'><strong>λαμπρότητας</strong></span> <span class='ocrx_word' id='word_1_14' title='bbox 1339 198 1386 225; x_wconf 80' lang='grc' dir='ltr'><strong>τοῦ</strong></span> <span class='ocrx_word' id='word_1_15' title='bbox 1403 198 1475 226; x_wconf 83' lang='grc' dir='ltr'>θείου</span> <span class='ocrx_word' id='word_1_16' title='bbox 1489 199 1670 235; x_wconf 76' lang='grc' dir='ltr'><strong>κηρύγματος</strong></span> <span class='ocrx_word' id='word_1_17' title='bbox 1683 200 1718 228; x_wconf 79' lang='grc' dir='ltr'>δι’</span> <span class='ocrx_word' id='word_1_18' title='bbox 1734 198 1763 228; x_wconf 64' lang='grc' dir='ltr'><strong>οἶδ</strong></span> <span class='ocrx_word' id='word_1_19' title='bbox 1775 204 1803 228; x_wconf 63' lang='grc' dir='ltr'>τὶ</span> 
     </span>
    </p>
   </div>
   <div class='ocr_carea' id='block_1_6' title="bbox 180 242 962 277">
    <p class='ocr_par' dir='ltr' id='par_1_6' title="bbox 180 242 962 277">
     <span class='ocr_line' id='line_1_6' title="bbox 180 242 962 277; baseline -0.001 -7"><span class='ocrx_word' id='word_1_20' title='bbox 180 243 317 277; x_wconf 77' lang='lat' dir='ltr'><strong>telligere,</strong></span> <span class='ocrx_word' id='word_1_21' title='bbox 334 249 388 277; x_wconf 86' lang='lat' dir='ltr'><strong>qua</strong></span> <span class='ocrx_word' id='word_1_22' title='bbox 417 242 534 269; x_wconf 82' lang='lat' dir='ltr'><strong>obscura</strong></span> <span class='ocrx_word' id='word_1_23' title='bbox 555 242 755 277; x_wconf 77' lang='lat' dir='ltr'><strong>prophetarum</strong></span> <span class='ocrx_word' id='word_1_24' title='bbox 785 242 868 270; x_wconf 86' lang='lat' dir='ltr'><strong>verba</strong></span> <span class='ocrx_word' id='word_1_25' title='bbox 899 242 962 270; x_wconf 91' lang='lat' dir='ltr'><strong>illu-</strong></span> 
     </span>
    </p>
   </div>
   <div class='ocr_carea' id='block_1_7' title="bbox 179 293 311 317">
    <p class='ocr_par' dir='ltr' id='par_1_7' title="bbox 179 293 311 317">
     <span class='ocr_line' id='line_1_7' title="bbox 179 293 311 317; baseline -0.023 0"><span class='ocrx_word' id='word_1_26' title='bbox 179 293 311 317; x_wconf 81' lang='lat' dir='ltr'><strong>stt&#39;autur.</strong></span> 
     </span>
    </p>
   </div>
   <div class='ocr_carea' id='block_1_8' title="bbox 214 331 962 369">
    <p class='ocr_par' dir='ltr' id='par_1_8' title="bbox 214 331 962 369">
     <span class='ocr_line' id='line_1_8' title="bbox 214 331 962 369; baseline 0 -9"><span class='ocrx_word' id='word_1_27' title='bbox 214 333 351 369; x_wconf 77' lang='lat' dir='ltr'><strong>Ejusdem.</strong></span> <span class='ocrx_word' id='word_1_28' title='bbox 369 331 421 359; x_wconf 81' lang='lat' dir='ltr'><strong>Per</strong></span> <span class='ocrx_word' id='word_1_29' title='bbox 438 331 528 360; x_wconf 74' lang='lat' dir='ltr'><strong>fontes</strong></span> <span class='ocrx_word' id='word_1_30' title='bbox 543 332 670 368; x_wconf 73' lang='lat' dir='ltr'><strong>intelligit</strong></span> <span class='ocrx_word' id='word_1_31' title='bbox 685 333 800 361; x_wconf 78' lang='lat' dir='ltr'><strong>virtutes</strong></span> <span class='ocrx_word' id='word_1_32' title='bbox 813 340 846 360; x_wconf 76' lang='lat' dir='ltr'><strong>ex</strong></span> <span class='ocrx_word' id='word_1_33' title='bbox 863 333 962 368; x_wconf 82' lang='lat' dir='ltr'><strong>quibus</strong></span> 
     </span>
    </p>
   </div>
   <div class='ocr_carea' id='block_1_9' title="bbox 180 376 962 414">
    <p class='ocr_par' dir='ltr' id='par_1_9' title="bbox 180 376 962 414">
     <span class='ocr_line' id='line_1_9' title="bbox 180 376 962 414; baseline -0.001 -8"><span class='ocrx_word' id='word_1_34' title='bbox 180 379 298 414; x_wconf 73' lang='lat' dir='ltr'><strong>cognitio</strong></span> <span class='ocrx_word' id='word_1_35' title='bbox 311 378 440 413; x_wconf 88' lang='lat' dir='ltr'><strong>procedit.</strong></span> <span class='ocrx_word' id='word_1_36' title='bbox 455 386 464 403; x_wconf 83' lang='grc' dir='ltr'><strong>ι</strong></span> <span class='ocrx_word' id='word_1_37' title='bbox 475 376 550 406; x_wconf 85' lang='lat' dir='ltr'><strong>Beati</strong></span> <span class='ocrx_word' id='word_1_38' title='bbox 562 388 571 404; x_wconf 77' lang='grc' dir='ltr'><strong>ι</strong></span> <span class='ocrx_word' id='word_1_39' title='bbox 585 380 674 411; x_wconf 82' lang='lat' dir='ltr'><strong>enim,</strong></span> <span class='ocrx_word' id='word_1_40' title='bbox 690 379 775 413; x_wconf 92' lang='lat' dir='ltr'><strong>inquit</strong></span> <span class='ocrx_word' id='word_1_41' title='bbox 787 379 821 411; x_wconf 87' lang='grc'><strong>⁷¹,</strong></span> <span class='ocrx_word' id='word_1_42' title='bbox 839 387 848 404; x_wconf 83' lang='grc' dir='ltr'><strong>ι</strong></span> <span class='ocrx_word' id='word_1_43' title='bbox 862 379 962 406; x_wconf 89' lang='lat' dir='ltr'><strong>mundo</strong></span> 
     </span>
    </p>
   </div>
   <div class='ocr_carea' id='block_1_10' title="bbox 179 425 763 460">
    <p class='ocr_par' dir='ltr' id='par_1_10' title="bbox 179 425 763 460">
     <span class='ocr_line' id='line_1_10' title="bbox 179 425 763 460; baseline -0.002 -9"><span class='ocrx_word' id='word_1_44' title='bbox 179 425 276 458; x_wconf 86' lang='lat' dir='ltr'><strong>corde,</strong></span> <span class='ocrx_word' id='word_1_45' title='bbox 289 425 416 459; x_wconf 88' lang='lat' dir='ltr'><strong>quoniam</strong></span> <span class='ocrx_word' id='word_1_46' title='bbox 434 425 484 460; x_wconf 80' lang='lat' dir='ltr'><strong>ipsi</strong></span> <span class='ocrx_word' id='word_1_47' title='bbox 500 425 583 452; x_wconf 90' lang='lat' dir='ltr'><strong>Deum</strong></span> <span class='ocrx_word' id='word_1_48' title='bbox 598 425 738 452; x_wconf 89' lang='lat' dir='ltr'><strong>videbunt.</strong></span> <span class='ocrx_word' id='word_1_49' title='bbox 749 434 763 450; x_wconf 64' lang='grc' dir='ltr'><strong>ι</strong></span> 
     </span>
    </p>
   </div>
   <div class='ocr_carea' id='block_1_11' title="bbox 213 469 962 504">
    <p class='ocr_par' dir='ltr' id='par_1_11' title="bbox 213 469 962 504">
     <span class='ocr_line' id='line_1_11' title="bbox 213 469 962 504; baseline -0.001 -8"><span class='ocrx_word' id='word_1_50' title='bbox 213 470 295 497; x_wconf 80' lang='lat' dir='ltr'><strong>Vens.</strong></span> <span class='ocrx_word' id='word_1_51' title='bbox 310 471 353 504; x_wconf 83' lang='grc'><strong>17,</strong></span> <span class='ocrx_word' id='word_1_52' title='bbox 370 471 412 498; x_wconf 77' lang='grc'><strong>18.</strong></span> <span class='ocrx_word' id='word_1_53' title='bbox 430 470 505 497; x_wconf 79' lang='lat' dir='ltr'><strong>Misit</strong></span> <span class='ocrx_word' id='word_1_54' title='bbox 530 471 562 497; x_wconf 88' lang='lat' dir='ltr'><strong>de</strong></span> <span class='ocrx_word' id='word_1_55' title='bbox 585 478 687 497; x_wconf 76' lang='lat' dir='ltr'><strong>summa</strong></span> <span class='ocrx_word' id='word_1_56' title='bbox 702 475 726 496; x_wconf 84' lang='lat' dir='ltr'><strong>et</strong></span> <span class='ocrx_word' id='word_1_57' title='bbox 751 469 850 504; x_wconf 75' lang='lat' dir='ltr'><strong>accepit</strong></span> <span class='ocrx_word' id='word_1_58' title='bbox 873 477 913 496; x_wconf 87' lang='lat' dir='ltr'><strong>me</strong></span> <span class='ocrx_word' id='word_1_59' title='bbox 936 473 962 496; x_wconf 75' lang='lat' dir='ltr'><strong>et</strong></span> 
     </span>
    </p>
   </div>
   <div class='ocr_carea' id='block_1_12' title="bbox 176 514 960 551">
    <p class='ocr_par' dir='ltr' id='par_1_12' title="bbox 176 514 960 551">
     <span class='ocr_line' id='line_1_12' title="bbox 176 514 960 551; baseline 0 -10"><span class='ocrx_word' id='word_1_60' title='bbox 176 514 487 551; x_wconf 71' lang='lat' dir='ltr'><strong>assumpsitmedeaquie</strong></span> <span class='ocrx_word' id='word_1_61' title='bbox 500 516 602 543; x_wconf 80' lang='lat' dir='ltr'><strong>multis.</strong></span> <span class='ocrx_word' id='word_1_62' title='bbox 617 515 716 551; x_wconf 83' lang='lat' dir='ltr'><strong>Eripiet</strong></span> <span class='ocrx_word' id='word_1_63' title='bbox 741 524 781 542; x_wconf 88' lang='lat' dir='ltr'><strong>me</strong></span> <span class='ocrx_word' id='word_1_64' title='bbox 797 516 828 543; x_wconf 83' lang='lat' dir='ltr'><strong>de</strong></span> <span class='ocrx_word' id='word_1_65' title='bbox 846 515 960 542; x_wconf 79' lang='lat' dir='ltr'><strong>inimicis</strong></span> 
     </span>
    </p>
   </div>
   <div class='ocr_carea' id='block_1_13' title="bbox 177 560 959 596">
    <p class='ocr_par' dir='ltr' id='par_1_13' title="bbox 177 560 959 596">
     <span class='ocr_line' id='line_1_13' title="bbox 177 560 959 596; baseline -0.001 -9"><span class='ocrx_word' id='word_1_66' title='bbox 177 562 241 588; x_wconf 69' lang='lat' dir='ltr'><strong>meis</strong></span> <span class='ocrx_word' id='word_1_67' title='bbox 256 560 420 595; x_wconf 71' lang='lat' dir='ltr'><strong>fortissimis,</strong></span> <span class='ocrx_word' id='word_1_68' title='bbox 435 566 458 588; x_wconf 88' lang='lat' dir='ltr'><strong>et</strong></span> <span class='ocrx_word' id='word_1_69' title='bbox 473 561 504 588; x_wconf 83' lang='lat' dir='ltr'><strong>ab</strong></span> <span class='ocrx_word' id='word_1_70' title='bbox 520 561 561 588; x_wconf 67' lang='lat' dir='ltr'><strong>his</strong></span> <span class='ocrx_word' id='word_1_71' title='bbox 574 561 619 595; x_wconf 83' lang='lat' dir='ltr'><strong>qui</strong></span> <span class='ocrx_word' id='word_1_72' title='bbox 633 561 743 588; x_wconf 79' lang='lat' dir='ltr'><strong>oderunt</strong></span> <span class='ocrx_word' id='word_1_73' title='bbox 757 569 798 587; x_wconf 88' lang='lat' dir='ltr'><strong>me</strong></span> <span class='ocrx_word' id='word_1_74' title='bbox 810 568 820 587; x_wconf 80' lang='lat'><strong>.&#39;</strong></span> <span class='ocrx_word' id='word_1_75' title='bbox 836 561 959 596; x_wconf 83' lang='lat' dir='ltr'><strong>quoniam</strong></span> 
     </span>
    </p>
   </div>
   <div class='ocr_carea' id='block_1_14' title="bbox 177 605 960 641">
    <p class='ocr_par' dir='ltr' id='par_1_14' title="bbox 177 605 960 641">
     <span class='ocr_line' id='line_1_14' title="bbox 177 605 960 641; baseline -0.001 -8"><span class='ocrx_word' id='word_1_76' title='bbox 177 606 320 641; x_wconf 75' lang='lat' dir='ltr'><strong>confortati</strong></span> <span class='ocrx_word' id='word_1_77' title='bbox 330 611 392 633; x_wconf 73' lang='lat' dir='ltr'><strong>sunt</strong></span> <span class='ocrx_word' id='word_1_78' title='bbox 405 614 484 641; x_wconf 75' lang='lat' dir='ltr'><strong>super</strong></span> <span class='ocrx_word' id='word_1_79' title='bbox 498 614 548 639; x_wconf 83' lang='lat' dir='ltr'><strong>me,</strong></span> <span class='ocrx_word' id='word_1_80' title='bbox 564 611 616 633; x_wconf 87' lang='lat' dir='ltr'><strong>etc.</strong></span> <span class='ocrx_word' id='word_1_81' title='bbox 643 605 702 641; x_wconf 86' lang='lat' dir='ltr'><strong>Ipse</strong></span> <span class='ocrx_word' id='word_1_82' title='bbox 716 606 748 633; x_wconf 92' lang='lat' dir='ltr'><strong>de</strong></span> <span class='ocrx_word' id='word_1_83' title='bbox 763 613 870 633; x_wconf 85' lang='lat' dir='ltr'><strong>summo</strong></span> <span class='ocrx_word' id='word_1_84' title='bbox 884 612 960 632; x_wconf 85' lang='lat' dir='ltr'><strong>ncce-</strong></span> 
     </span>
    </p>
   </div>
   <div class='ocr_carea' id='block_1_15' title="bbox 177 651 961 688">
    <p class='ocr_par' dir='ltr' id='par_1_15' title="bbox 177 651 961 688">
     <span class='ocr_line' id='line_1_15' title="bbox 177 651 961 688; baseline -0.001 -9"><span class='ocrx_word' id='word_1_85' title='bbox 177 652 216 687; x_wconf 89' lang='lat' dir='ltr'><strong>pit</strong></span> <span class='ocrx_word' id='word_1_86' title='bbox 227 659 286 685; x_wconf 89' lang='lat' dir='ltr'><strong>me,</strong></span> <span class='ocrx_word' id='word_1_87' title='bbox 301 659 363 679; x_wconf 91' lang='lat' dir='ltr'><strong>cum</strong></span> <span class='ocrx_word' id='word_1_88' title='bbox 376 660 418 680; x_wconf 90' lang='lat' dir='ltr'><strong>me</strong></span> <span class='ocrx_word' id='word_1_89' title='bbox 430 652 532 686; x_wconf 88' lang='lat' dir='ltr'><strong>lapsum</strong></span> <span class='ocrx_word' id='word_1_90' title='bbox 545 654 694 687; x_wconf 82' lang='lat' dir='ltr'><strong>assumpsit</strong></span> <span class='ocrx_word' id='word_1_91' title='bbox 703 652 736 681; x_wconf 91' lang='lat' dir='ltr'><strong>de</strong></span> <span class='ocrx_word' id='word_1_92' title='bbox 744 652 823 688; x_wconf 88' lang='lat' dir='ltr'><strong>aquis</strong></span> <span class='ocrx_word' id='word_1_93' title='bbox 837 651 961 678; x_wconf 73' lang='lat' dir='ltr'><strong>humana:</strong></span> 
     </span>
    </p>
   </div>
   <div class='ocr_carea' id='block_1_16' title="bbox 176 696 961 732">
    <p class='ocr_par' dir='ltr' id='par_1_16' title="bbox 176 696 961 732">
     <span class='ocr_line' id='line_1_16' title="bbox 176 696 961 732; baseline -0.003 -7"><span class='ocrx_word' id='word_1_94' title='bbox 176 698 253 730; x_wconf 78' lang='lat' dir='ltr'><strong>vitm,</strong></span> <span class='ocrx_word' id='word_1_95' title='bbox 266 702 293 725; x_wconf 88' lang='lat' dir='ltr'><strong>et</strong></span> <span class='ocrx_word' id='word_1_96' title='bbox 305 697 403 732; x_wconf 76' lang='lat' dir='ltr'><strong>eripuit</strong></span> <span class='ocrx_word' id='word_1_97' title='bbox 428 698 461 724; x_wconf 89' lang='lat' dir='ltr'><strong>de</strong></span> <span class='ocrx_word' id='word_1_98' title='bbox 485 697 603 724; x_wconf 84' lang='lat' dir='ltr'><strong>inimicis</strong></span> <span class='ocrx_word' id='word_1_99' title='bbox 618 697 680 724; x_wconf 88' lang='lat' dir='ltr'><strong>odio</strong></span> <span class='ocrx_word' id='word_1_100' title='bbox 698 696 866 724; x_wconf 67' lang='lat' dir='ltr'><strong>fortissimis.</strong></span> <span class='ocrx_word' id='word_1_101' title='bbox 879 697 961 724; x_wconf 71' lang='lat' dir='ltr'><strong>Cane-</strong></span> 
     </span>
    </p>
   </div>
   <div class='ocr_carea' id='block_1_17' title="bbox 176 743 958 778">
    <p class='ocr_par' dir='ltr' id='par_1_17' title="bbox 176 743 958 778">
     <span class='ocr_line' id='line_1_17' title="bbox 176 743 958 778; baseline 0 -8"><span class='ocrx_word' id='word_1_102' title='bbox 176 751 234 771; x_wconf 90' lang='lat' dir='ltr'><strong>rum</strong></span> <span class='ocrx_word' id='word_1_103' title='bbox 250 744 363 771; x_wconf 78' lang='lat' dir='ltr'><strong>observa</strong></span> <span class='ocrx_word' id='word_1_104' title='bbox 386 747 510 778; x_wconf 88' lang='lat' dir='ltr'><strong>potentes</strong></span> <span class='ocrx_word' id='word_1_105' title='bbox 527 743 581 770; x_wconf 83' lang='lat' dir='ltr'><strong>dici</strong></span> <span class='ocrx_word' id='word_1_106' title='bbox 603 743 743 770; x_wconf 76' lang='lat' dir='ltr'><strong>inimicos.</strong></span> <span class='ocrx_word' id='word_1_107' title='bbox 760 743 842 770; x_wconf 83' lang='lat' dir='ltr'><strong>Forte</strong></span> <span class='ocrx_word' id='word_1_108' title='bbox 868 749 958 770; x_wconf 86' lang='lat' dir='ltr'><strong>autem</strong></span> 
     </span>
    </p>
   </div>
   <div class='ocr_carea' id='block_1_18' title="bbox 175 788 959 824">
    <p class='ocr_par' dir='ltr' id='par_1_18' title="bbox 175 788 959 824">
     <span class='ocr_line' id='line_1_18' title="bbox 175 788 959 824; baseline -0.003 -7"><span class='ocrx_word' id='word_1_109' title='bbox 175 794 202 817; x_wconf 86' lang='lat' dir='ltr'><strong>et</strong></span> <span class='ocrx_word' id='word_1_110' title='bbox 219 789 367 824; x_wconf 75' lang='lat' dir='ltr'><strong>impietatis</strong></span> <span class='ocrx_word' id='word_1_111' title='bbox 383 789 508 824; x_wconf 76' lang='lat' dir='ltr'><strong>dogmata</strong></span> <span class='ocrx_word' id='word_1_112' title='bbox 523 793 586 816; x_wconf 87' lang='lat' dir='ltr'><strong>sunt</strong></span> <span class='ocrx_word' id='word_1_113' title='bbox 612 796 690 823; x_wconf 74' lang='lat' dir='ltr'><strong>aqua:</strong></span> <span class='ocrx_word' id='word_1_114' title='bbox 716 788 806 815; x_wconf 77' lang='lat' dir='ltr'><strong>multa:</strong></span> <span class='ocrx_word' id='word_1_115' title='bbox 827 795 886 823; x_wconf 69' lang='lat' dir='ltr'><strong>qum</strong></span> <span class='ocrx_word' id='word_1_116' title='bbox 906 795 959 816; x_wconf 91' lang='lat' dir='ltr'><strong>non</strong></span> 
     </span>
    </p>
   </div>
   <div class='ocr_carea' id='block_1_19' title="bbox 175 833 960 870">
    <p class='ocr_par' dir='ltr' id='par_1_19' title="bbox 175 833 960 870">
     <span class='ocr_line' id='line_1_19' title="bbox 175 833 960 870; baseline -0.004 -8"><span class='ocrx_word' id='word_1_117' title='bbox 175 839 289 870; x_wconf 87' lang='lat' dir='ltr'><strong>possunt</strong></span> <span class='ocrx_word' id='word_1_118' title='bbox 300 835 475 869; x_wconf 77' lang='lat' dir='ltr'><strong>exstinguere</strong></span> <span class='ocrx_word' id='word_1_119' title='bbox 488 834 659 861; x_wconf 85' lang='lat' dir='ltr'><strong>charitatem.</strong></span> <span class='ocrx_word' id='word_1_120' title='bbox 671 833 775 860; x_wconf 83' lang='lat' dir='ltr'><strong>Inimici</strong></span> <span class='ocrx_word' id='word_1_121' title='bbox 789 840 853 860; x_wconf 67' lang='lat' dir='ltr'><strong>Vero</strong></span> <span class='ocrx_word' id='word_1_122' title='bbox 871 833 960 860; x_wconf 74' lang='lat' dir='ltr'><strong>fortis-</strong></span> 
     </span>
    </p>
   </div>
   <div class='ocr_carea' id='block_1_20' title="bbox 174 879 958 914">
    <p class='ocr_par' dir='ltr' id='par_1_20' title="bbox 174 879 958 914">
     <span class='ocr_line' id='line_1_20' title="bbox 174 879 958 914; baseline -0.004 -5"><span class='ocrx_word' id='word_1_123' title='bbox 174 881 236 909; x_wconf 87' lang='lat' dir='ltr'><strong>simi</strong></span> <span class='ocrx_word' id='word_1_124' title='bbox 251 885 335 914; x_wconf 89' lang='lat' dir='ltr'><strong>sunt,</strong></span> <span class='ocrx_word' id='word_1_125' title='bbox 352 885 408 908; x_wconf 92' lang='lat' dir='ltr'><strong>tum</strong></span> <span class='ocrx_word' id='word_1_126' title='bbox 422 880 440 907; x_wconf 91' lang='lat' dir='ltr'><strong>ii</strong></span> <span class='ocrx_word' id='word_1_127' title='bbox 454 880 500 914; x_wconf 92' lang='lat' dir='ltr'><strong>qui</strong></span> <span class='ocrx_word' id='word_1_128' title='bbox 514 879 664 906; x_wconf 79' lang='lat' dir='ltr'><strong>invisibiles</strong></span> <span class='ocrx_word' id='word_1_129' title='bbox 676 883 747 910; x_wconf 87' lang='lat' dir='ltr'><strong>sunt,</strong></span> <span class='ocrx_word' id='word_1_130' title='bbox 767 882 824 905; x_wconf 91' lang='lat' dir='ltr'><strong>tum</strong></span> <span class='ocrx_word' id='word_1_131' title='bbox 835 879 958 906; x_wconf 81' lang='lat' dir='ltr'><strong>homines</strong></span> 
     </span>
    </p>
   </div>
   <div class='ocr_carea' id='block_1_21' title="bbox 173 923 957 962">
    <p class='ocr_par' dir='ltr' id='par_1_21' title="bbox 173 923 957 962">
     <span class='ocr_line' id='line_1_21' title="bbox 173 923 957 962; baseline -0.005 -7"><span class='ocrx_word' id='word_1_132' title='bbox 173 928 220 962; x_wconf 88' lang='lat' dir='ltr'><strong>qui</strong></span> <span class='ocrx_word' id='word_1_133' title='bbox 238 932 287 962; x_wconf 75' lang='lat' dir='ltr'><strong>per</strong></span> <span class='ocrx_word' id='word_1_134' title='bbox 302 926 370 954; x_wconf 79' lang='lat' dir='ltr'><strong>falso</strong></span> <span class='ocrx_word' id='word_1_135' title='bbox 385 925 602 962; x_wconf 74' lang='lat' dir='ltr'><strong>cognominatam</strong></span> <span class='ocrx_word' id='word_1_136' title='bbox 617 923 758 952; x_wconf 88' lang='lat' dir='ltr'><strong>scientiam</strong></span> <span class='ocrx_word' id='word_1_137' title='bbox 772 923 957 959; x_wconf 87' lang='lat' dir='ltr'><strong>deceptionem</strong></span> 
     </span>
    </p>
   </div>
   <div class='ocr_carea' id='block_1_22' title="bbox 173 978 331 1008">
    <p class='ocr_par' dir='ltr' id='par_1_22' title="bbox 173 978 331 1008">
     <span class='ocr_line' id='line_1_22' title="bbox 173 978 331 1008; baseline -0.013 -7"><span class='ocrx_word' id='word_1_138' title='bbox 173 978 331 1008; x_wconf 80' lang='lat' dir='ltr'><strong>operantur.</strong></span> 
     </span>
    </p>
   </div>
   <div class='ocr_carea' id='block_1_23' title="bbox 211 1017 958 1053">
    <p class='ocr_par' dir='ltr' id='par_1_23' title="bbox 211 1017 958 1053">
     <span class='ocr_line' id='line_1_23' title="bbox 211 1017 958 1053; baseline -0.004 -8"><span class='ocrx_word' id='word_1_139' title='bbox 211 1018 347 1053; x_wconf 84' lang='lat' dir='ltr'><strong>Ejusdem.</strong></span> <span class='ocrx_word' id='word_1_140' title='bbox 373 1017 412 1045; x_wconf 83' lang='lat' dir='ltr'><strong>Ex</strong></span> <span class='ocrx_word' id='word_1_141' title='bbox 446 1017 490 1044; x_wconf 86' lang='lat' dir='ltr'><strong>his</strong></span> <span class='ocrx_word' id='word_1_142' title='bbox 515 1017 704 1052; x_wconf 82' lang='lat' dir='ltr'><strong>cognoscimus</strong></span> <span class='ocrx_word' id='word_1_143' title='bbox 728 1017 864 1044; x_wconf 66' lang='lat' dir='ltr'><strong>daemones</strong></span> <span class='ocrx_word' id='word_1_144' title='bbox 895 1019 958 1043; x_wconf 88' lang='lat' dir='ltr'><strong>ante</strong></span> 
     </span>
    </p>
   </div>
   <div class='ocr_carea' id='block_1_24' title="bbox 174 1060 958 1094">
    <p class='ocr_par' dir='ltr' id='par_1_24' title="bbox 174 1060 958 1094">
     <span class='ocr_line' id='line_1_24' title="bbox 174 1060 958 1094; baseline -0.004 -3"><span class='ocrx_word' id='word_1_145' title='bbox 174 1064 325 1092; x_wconf 85' lang='lat' dir='ltr'><strong>Salvatoris</strong></span> <span class='ocrx_word' id='word_1_146' title='bbox 350 1063 495 1090; x_wconf 82' lang='lat' dir='ltr'><strong>adventum</strong></span> <span class='ocrx_word' id='word_1_147' title='bbox 522 1062 600 1089; x_wconf 86' lang='lat' dir='ltr'><strong>nobis</strong></span> <span class='ocrx_word' id='word_1_148' title='bbox 614 1081 622 1094; x_wconf 89' lang='lat'><strong>,</strong></span> <span class='ocrx_word' id='word_1_149' title='bbox 640 1069 711 1089; x_wconf 90' lang='lat' dir='ltr'><strong>nunc</strong></span> <span class='ocrx_word' id='word_1_150' title='bbox 731 1066 822 1089; x_wconf 86' lang='lat' dir='ltr'><strong>autem</strong></span> <span class='ocrx_word' id='word_1_151' title='bbox 839 1068 889 1088; x_wconf 91' lang='lat' dir='ltr'><strong>nos</strong></span> <span class='ocrx_word' id='word_1_152' title='bbox 905 1060 958 1088; x_wconf 89' lang='lat' dir='ltr'><strong>illis</strong></span> 
     </span>
    </p>
   </div>
   <div class='ocr_carea' id='block_1_25' title="bbox 173 1107 956 1143">
    <p class='ocr_par' dir='ltr' id='par_1_25' title="bbox 173 1107 956 1143">
     <span class='ocr_line' id='line_1_25' title="bbox 173 1107 956 1143; baseline -0.004 -7"><span class='ocrx_word' id='word_1_153' title='bbox 173 1110 300 1137; x_wconf 79' lang='lat' dir='ltr'><strong>fortiores</strong></span> <span class='ocrx_word' id='word_1_154' title='bbox 315 1115 393 1142; x_wconf 88' lang='lat' dir='ltr'><strong>esse,</strong></span> <span class='ocrx_word' id='word_1_155' title='bbox 417 1108 513 1143; x_wconf 88' lang='lat' dir='ltr'><strong>quibus</strong></span> <span class='ocrx_word' id='word_1_156' title='bbox 535 1107 611 1135; x_wconf 80' lang='lat' dir='ltr'><strong>dedit</strong></span> <span class='ocrx_word' id='word_1_157' title='bbox 620 1107 745 1135; x_wconf 84' lang='lat' dir='ltr'><strong>Christus</strong></span> <span class='ocrx_word' id='word_1_158' title='bbox 768 1116 779 1132; x_wconf 85' lang='grc'><strong><em>‹</em></strong></span> <span class='ocrx_word' id='word_1_159' title='bbox 796 1111 956 1141; x_wconf 82' lang='lat' dir='ltr'><strong>potestatem</strong></span> 
     </span>
    </p>
   </div>
   <div class='ocr_carea' id='block_1_26' title="bbox 173 1154 958 1189">
    <p class='ocr_par' dir='ltr' id='par_1_26' title="bbox 173 1154 958 1189">
     <span class='ocr_line' id='line_1_26' title="bbox 173 1154 958 1189; baseline -0.004 -7"><span class='ocrx_word' id='word_1_160' title='bbox 173 1155 293 1183; x_wconf 87' lang='lat' dir='ltr'><strong>calcandi</strong></span> <span class='ocrx_word' id='word_1_161' title='bbox 319 1161 401 1189; x_wconf 87' lang='lat' dir='ltr'><strong>supra</strong></span> <span class='ocrx_word' id='word_1_162' title='bbox 426 1158 567 1188; x_wconf 78' lang='lat' dir='ltr'><strong>serpentes</strong></span> <span class='ocrx_word' id='word_1_163' title='bbox 594 1158 621 1181; x_wconf 92' lang='lat' dir='ltr'><strong>et</strong></span> <span class='ocrx_word' id='word_1_164' title='bbox 635 1154 807 1188; x_wconf 88' lang='lat' dir='ltr'><strong>scorpiones,</strong></span> <span class='ocrx_word' id='word_1_165' title='bbox 825 1158 853 1181; x_wconf 88' lang='lat' dir='ltr'><strong>ct</strong></span> <span class='ocrx_word' id='word_1_166' title='bbox 877 1159 958 1188; x_wconf 89' lang='lat' dir='ltr'><strong>super</strong></span> 
     </span>
    </p>
   </div>
   <div class='ocr_carea' id='block_1_27' title="bbox 172 1199 618 1228">
    <p class='ocr_par' dir='ltr' id='par_1_27' title="bbox 172 1199 618 1228">
     <span class='ocr_line' id='line_1_27' title="bbox 172 1199 618 1228; baseline -0.009 0"><span class='ocrx_word' id='word_1_167' title='bbox 172 1207 281 1228; x_wconf 88' lang='lat' dir='ltr'><strong>otnnem</strong></span> <span class='ocrx_word' id='word_1_168' title='bbox 299 1200 424 1227; x_wconf 69' lang='lat' dir='ltr'><strong>virtutem</strong></span> <span class='ocrx_word' id='word_1_169' title='bbox 440 1199 544 1226; x_wconf 89' lang='lat' dir='ltr'><strong>inimici</strong></span> <span class='ocrx_word' id='word_1_170' title='bbox 559 1199 591 1225; x_wconf 84' lang='lat'><strong>&quot;.</strong></span> <span class='ocrx_word' id='word_1_171' title='bbox 609 1208 618 1224; x_wconf 77' lang='grc' dir='ltr'><strong>ι</strong></span> 
     </span>
    </p>
   </div>
   <div class='ocr_carea' id='block_1_28' title="bbox 208 1244 956 1280">
    <p class='ocr_par' dir='ltr' id='par_1_28' title="bbox 208 1244 956 1280">
     <span class='ocr_line' id='line_1_28' title="bbox 208 1244 956 1280; baseline -0.003 -7"><span class='ocrx_word' id='word_1_172' title='bbox 208 1246 287 1273; x_wconf 69' lang='lat' dir='ltr'><strong>Vens.</strong></span> <span class='ocrx_word' id='word_1_173' title='bbox 304 1245 348 1278; x_wconf 75' lang='lat' dir='ltr'><strong>i9,</strong></span> <span class='ocrx_word' id='word_1_174' title='bbox 364 1244 410 1272; x_wconf 74' lang='lat'><strong>20.</strong></span> <span class='ocrx_word' id='word_1_175' title='bbox 434 1244 626 1272; x_wconf 65' lang='lat' dir='ltr'><strong>Pramenerunt’</strong></span> <span class='ocrx_word' id='word_1_176' title='bbox 642 1253 681 1272; x_wconf 82' lang='lat' dir='ltr'><strong>me</strong></span> <span class='ocrx_word' id='word_1_177' title='bbox 703 1245 730 1272; x_wconf 83' lang='lat' dir='ltr'><strong>in</strong></span> <span class='ocrx_word' id='word_1_178' title='bbox 753 1245 795 1272; x_wconf 86' lang='lat' dir='ltr'><strong>die</strong></span> <span class='ocrx_word' id='word_1_179' title='bbox 810 1245 956 1280; x_wconf 77' lang='lat' dir='ltr'><strong>aﬂlirtionie</strong></span> 
     </span>
    </p>
   </div>
   <div class='ocr_carea' id='block_1_29' title="bbox 171 1290 956 1326">
    <p class='ocr_par' dir='ltr' id='par_1_29' title="bbox 171 1290 956 1326">
     <span class='ocr_line' id='line_1_29' title="bbox 171 1290 956 1326; baseline -0.003 -6"><span class='ocrx_word' id='word_1_180' title='bbox 171 1301 234 1320; x_wconf 70' lang='lat' dir='ltr'><strong>metu</strong></span> <span class='ocrx_word' id='word_1_181' title='bbox 243 1313 250 1325; x_wconf 86' lang='lat'><strong>,</strong></span> <span class='ocrx_word' id='word_1_182' title='bbox 263 1297 286 1320; x_wconf 83' lang='lat' dir='ltr'><strong>et</strong></span> <span class='ocrx_word' id='word_1_183' title='bbox 298 1292 383 1326; x_wconf 75' lang='lat' dir='ltr'><strong>factus</strong></span> <span class='ocrx_word' id='word_1_184' title='bbox 396 1295 432 1318; x_wconf 74' lang='lat' dir='ltr'><strong>est</strong></span> <span class='ocrx_word' id='word_1_185' title='bbox 446 1290 574 1318; x_wconf 69' lang='lat' dir='ltr'><strong>Dominus</strong></span> <span class='ocrx_word' id='word_1_186' title='bbox 581 1295 712 1326; x_wconf 72' lang='lat' dir='ltr'><strong>protector</strong></span> <span class='ocrx_word' id='word_1_187' title='bbox 725 1300 808 1319; x_wconf 76' lang='lat' dir='ltr'><strong>metu.</strong></span> <span class='ocrx_word' id='word_1_188' title='bbox 821 1291 956 1319; x_wconf 65' lang='lat' dir='ltr'><strong>Eteduxit</strong></span> 
     </span>
    </p>
   </div>
   <div class='ocr_carea' id='block_1_30' title="bbox 171 1335 957 1372">
    <p class='ocr_par' dir='ltr' id='par_1_30' title="bbox 171 1335 957 1372">
     <span class='ocr_line' id='line_1_30' title="bbox 171 1335 957 1372; baseline -0.001 -7"><span class='ocrx_word' id='word_1_189' title='bbox 171 1346 212 1366; x_wconf 74' lang='lat' dir='ltr'><strong>nre</strong></span> <span class='ocrx_word' id='word_1_190' title='bbox 225 1339 253 1364; x_wconf 87' lang='lat' dir='ltr'><strong>in</strong></span> <span class='ocrx_word' id='word_1_191' title='bbox 266 1337 450 1368; x_wconf 80' lang='lat' dir='ltr'><strong>latitudinem,</strong></span> <span class='ocrx_word' id='word_1_192' title='bbox 465 1335 566 1363; x_wconf 69' lang='lat' dir='ltr'><strong>salvum</strong></span> <span class='ocrx_word' id='word_1_193' title='bbox 584 1344 623 1364; x_wconf 86' lang='lat' dir='ltr'><strong>me</strong></span> <span class='ocrx_word' id='word_1_194' title='bbox 647 1337 745 1371; x_wconf 80' lang='lat' dir='ltr'><strong>faciet,</strong></span> <span class='ocrx_word' id='word_1_195' title='bbox 761 1337 888 1372; x_wconf 78' lang='lat' dir='ltr'><strong>quoniam</strong></span> <span class='ocrx_word' id='word_1_196' title='bbox 912 1345 957 1364; x_wconf 79' lang='lat' dir='ltr'><strong>vo-</strong></span> 
     </span>
    </p>
   </div>
   <div class='ocr_carea' id='block_1_31' title="bbox 171 1381 956 1417">
    <p class='ocr_par' dir='ltr' id='par_1_31' title="bbox 171 1381 956 1417">
     <span class='ocr_line' id='line_1_31' title="bbox 171 1381 956 1417; baseline 0 -7"><span class='ocrx_word' id='word_1_197' title='bbox 171 1385 219 1411; x_wconf 83' lang='lat' dir='ltr'><strong>luit</strong></span> <span class='ocrx_word' id='word_1_198' title='bbox 238 1391 294 1414; x_wconf 84' lang='lat' dir='ltr'><strong>me,</strong></span> <span class='ocrx_word' id='word_1_199' title='bbox 308 1387 361 1410; x_wconf 87' lang='lat' dir='ltr'><strong>etc.</strong></span> <span class='ocrx_word' id='word_1_200' title='bbox 384 1382 435 1415; x_wconf 89' lang='lat' dir='ltr'><strong>Qui</strong></span> <span class='ocrx_word' id='word_1_201' title='bbox 456 1381 658 1409; x_wconf 82' lang='lat' dir='ltr'><strong>tribulationem</strong></span> <span class='ocrx_word' id='word_1_202' title='bbox 679 1383 840 1417; x_wconf 85' lang='lat' dir='ltr'><strong>patiuntur,</strong></span> <span class='ocrx_word' id='word_1_203' title='bbox 855 1387 883 1410; x_wconf 89' lang='lat' dir='ltr'><strong>et</strong></span> <span class='ocrx_word' id='word_1_204' title='bbox 903 1390 956 1410; x_wconf 86' lang='lat' dir='ltr'><strong>non</strong></span> 
     </span>
    </p>
   </div>
   <div class='ocr_carea' id='block_1_32' title="bbox 170 1427 955 1464">
    <p class='ocr_par' dir='ltr' id='par_1_32' title="bbox 170 1427 955 1464">
     <span class='ocr_line' id='line_1_32' title="bbox 170 1427 955 1464; baseline -0.001 -8"><span class='ocrx_word' id='word_1_205' title='bbox 170 1428 358 1464; x_wconf 76' lang='lat' dir='ltr'><strong>angustiantur</strong></span> <span class='ocrx_word' id='word_1_206' title='bbox 371 1447 379 1461; x_wconf 92' lang='lat'><strong>,</strong></span> <span class='ocrx_word' id='word_1_207' title='bbox 394 1428 483 1456; x_wconf 85' lang='lat' dir='ltr'><strong>sciant</strong></span> <span class='ocrx_word' id='word_1_208' title='bbox 505 1435 535 1455; x_wconf 88' lang='lat' dir='ltr'><strong>se</strong></span> <span class='ocrx_word' id='word_1_209' title='bbox 559 1435 574 1455; x_wconf 87' lang='lat' dir='ltr'><strong>a</strong></span> <span class='ocrx_word' id='word_1_210' title='bbox 590 1427 764 1455; x_wconf 89' lang='lat' dir='ltr'><strong>tribulatione</strong></span> <span class='ocrx_word' id='word_1_211' title='bbox 788 1427 955 1460; x_wconf 85' lang='lat' dir='ltr'><strong>liberandos.</strong></span> 
     </span>
    </p>
   </div>
   <div class='ocr_carea' id='block_1_33' title="bbox 170 1473 954 1507">
    <p class='ocr_par' dir='ltr' id='par_1_33' title="bbox 170 1473 954 1507">
     <span class='ocr_line' id='line_1_33' title="bbox 170 1473 954 1507; baseline -0.003 -4"><span class='ocrx_word' id='word_1_212' title='bbox 170 1480 198 1504; x_wconf 86' lang='lat' dir='ltr'><strong>et</strong></span> <span class='ocrx_word' id='word_1_213' title='bbox 222 1476 256 1503; x_wconf 91' lang='lat' dir='ltr'><strong>ad</strong></span> <span class='ocrx_word' id='word_1_214' title='bbox 272 1478 393 1503; x_wconf 89' lang='lat' dir='ltr'><strong>sanctam</strong></span> <span class='ocrx_word' id='word_1_215' title='bbox 412 1474 464 1501; x_wconf 89' lang='lat' dir='ltr'><strong>Dei</strong></span> <span class='ocrx_word' id='word_1_216' title='bbox 486 1473 656 1502; x_wconf 86' lang='lat' dir='ltr'><strong>latitudinem</strong></span> <span class='ocrx_word' id='word_1_217' title='bbox 684 1473 861 1501; x_wconf 82' lang='lat' dir='ltr'><strong>adducendas</strong></span> <span class='ocrx_word' id='word_1_218' title='bbox 875 1480 954 1507; x_wconf 87' lang='lat' dir='ltr'><strong>esse;</strong></span> 
     </span>
    </p>
   </div>
   <div class='ocr_carea' id='block_1_34' title="bbox 1015 242 1739 281">
    <p class='ocr_par' dir='ltr' id='par_1_34' title="bbox 1015 242 1739 281">
     <span class='ocr_line' id='line_1_34' title="bbox 1015 242 1739 281; baseline 0.007 -13"><span class='ocrx_word' id='word_1_219' title='bbox 1015 242 1138 269; x_wconf 81' lang='grc' dir='ltr'>σκοτεινὰ</span> <span class='ocrx_word' id='word_1_220' title='bbox 1157 243 1211 270; x_wconf 81' lang='grc' dir='ltr'>τῶν</span> <span class='ocrx_word' id='word_1_221' title='bbox 1232 244 1379 279; x_wconf 79' lang='grc' dir='ltr'><strong>προφητῶν</strong></span> <span class='ocrx_word' id='word_1_222' title='bbox 1393 245 1504 281; x_wconf 78' lang='grc' dir='ltr'>ῥήματα</span> <span class='ocrx_word' id='word_1_223' title='bbox 1518 246 1739 281; x_wconf 76' lang='grc' dir='ltr'>διηυγάσθησαν.</span> 
     </span>
    </p>
   </div>
   <div class='ocr_carea' id='block_1_35' title="bbox 1050 332 1802 370">
    <p class='ocr_par' dir='ltr' id='par_1_35' title="bbox 1050 332 1802 370">
     <span class='ocr_line' id='line_1_35' title="bbox 1050 332 1802 370; baseline 0.003 -10"><span class='ocrx_word' id='word_1_224' title='bbox 1050 333 1106 360; x_wconf 81' lang='grc' dir='ltr'><strong>Τοῦ</strong></span> <span class='ocrx_word' id='word_1_225' title='bbox 1124 334 1228 361; x_wconf 80' lang='grc' dir='ltr'>αὑτοῦ.</span> <span class='ocrx_word' id='word_1_226' title='bbox 1244 334 1340 370; x_wconf 80' lang='grc' dir='ltr'>Πηγὰς</span> <span class='ocrx_word' id='word_1_227' title='bbox 1361 335 1411 367; x_wconf 78' lang='grc' dir='ltr'><strong>τὰς</strong></span> <span class='ocrx_word' id='word_1_228' title='bbox 1427 335 1528 370; x_wconf 81' lang='grc' dir='ltr'>ἀρετὰς</span> <span class='ocrx_word' id='word_1_229' title='bbox 1545 335 1602 370; x_wconf 88' lang='lat'><strong>(77)</strong></span> <span class='ocrx_word' id='word_1_230' title='bbox 1626 335 1705 369; x_wconf 80' lang='grc' dir='ltr'>λέγει</span> <span class='ocrx_word' id='word_1_231' title='bbox 1724 336 1752 369; x_wconf 80' lang='grc' dir='ltr'>ἐξ</span> <span class='ocrx_word' id='word_1_232' title='bbox 1771 332 1802 363; x_wconf 65' lang='grc' dir='ltr'>ὧν</span> 
     </span>
    </p>
   </div>
   <div class='ocr_carea' id='block_1_36' title="bbox 1012 377 1801 418">
    <p class='ocr_par' dir='ltr' id='par_1_36' title="bbox 1012 377 1801 418">
     <span class='ocr_line' id='line_1_36' title="bbox 1012 377 1801 418; baseline 0.008 -16"><span class='ocrx_word' id='word_1_233' title='bbox 1012 377 1149 413; x_wconf 75' lang='grc' dir='ltr'>ἐξέρχεται</span> <span class='ocrx_word' id='word_1_234' title='bbox 1165 379 1275 412; x_wconf 82' lang='grc' dir='ltr'>γνῶσις.</span> <span class='ocrx_word' id='word_1_235' title='bbox 1293 389 1302 405; x_wconf 76' lang='grc' dir='ltr'><strong>ι</strong></span> <span class='ocrx_word' id='word_1_236' title='bbox 1319 380 1457 415; x_wconf 81' lang='grc' dir='ltr'><strong>Μακάριοι</strong></span> <span class='ocrx_word' id='word_1_237' title='bbox 1469 380 1532 416; x_wconf 82' lang='grc' dir='ltr'>γὰρ,</span> <span class='ocrx_word' id='word_1_238' title='bbox 1544 381 1639 416; x_wconf 78' lang='grc' dir='ltr'>φησὶν,</span> <span class='ocrx_word' id='word_1_239' title='bbox 1652 382 1679 408; x_wconf 78' lang='lat' dir='ltr'><strong>oi</strong></span> <span class='ocrx_word' id='word_1_240' title='bbox 1692 382 1801 418; x_wconf 63' lang='grc' dir='ltr'>καθαμὶ</span> 
     </span>
    </p>
   </div>
   <div class='ocr_carea' id='block_1_37' title="bbox 1011 422 1614 460">
    <p class='ocr_par' dir='ltr' id='par_1_37' title="bbox 1011 422 1614 460">
     <span class='ocr_line' id='line_1_37' title="bbox 1011 422 1614 460; baseline 0.007 -13"><span class='ocrx_word' id='word_1_241' title='bbox 1011 422 1043 456; x_wconf 77' lang='grc' dir='ltr'>τῇ</span> <span class='ocrx_word' id='word_1_242' title='bbox 1060 423 1168 458; x_wconf 81' lang='grc' dir='ltr'><strong>καρδίᾳ,</strong></span> <span class='ocrx_word' id='word_1_243' title='bbox 1183 424 1224 450; x_wconf 88' lang='grc' dir='ltr'>ὅτι</span> <span class='ocrx_word' id='word_1_244' title='bbox 1240 425 1316 451; x_wconf 72' lang='grc' dir='ltr'>αὐτοὶ</span> <span class='ocrx_word' id='word_1_245' title='bbox 1328 425 1374 451; x_wconf 80' lang='grc' dir='ltr'>τὸν</span> <span class='ocrx_word' id='word_1_246' title='bbox 1388 425 1453 451; x_wconf 76' lang='grc' dir='ltr'>Θεὸν</span> <span class='ocrx_word' id='word_1_247' title='bbox 1463 425 1583 460; x_wconf 65' lang='grc' dir='ltr'>δψονται.</span> <span class='ocrx_word' id='word_1_248' title='bbox 1603 435 1614 451; x_wconf 75' lang='grc' dir='ltr'><strong>ι</strong></span> 
     </span>
    </p>
   </div>
   <div class='ocr_carea' id='block_1_38' title="bbox 1054 467 1801 505">
    <p class='ocr_par' dir='ltr' id='par_1_38' title="bbox 1054 467 1801 505">
     <span class='ocr_line' id='line_1_38' title="bbox 1054 467 1801 505; baseline 0.007 -12"><span class='ocrx_word' id='word_1_249' title='bbox 1054 467 1282 498; x_wconf 67' lang='grc' dir='ltr'>Ἐξαπέστειλεν</span> <span class='ocrx_word' id='word_1_250' title='bbox 1295 469 1329 501; x_wconf 79' lang='grc' dir='ltr'><strong>ἐξ</strong></span> <span class='ocrx_word' id='word_1_251' title='bbox 1340 469 1437 503; x_wconf 76' lang='grc' dir='ltr'>ὕψους</span> <span class='ocrx_word' id='word_1_252' title='bbox 1453 471 1502 497; x_wconf 75' lang='grc' dir='ltr'>καὶ</span> <span class='ocrx_word' id='word_1_253' title='bbox 1519 470 1610 497; x_wconf 75' lang='grc' dir='ltr'>ἔλαϐέ</span> <span class='ocrx_word' id='word_1_254' title='bbox 1621 479 1663 505; x_wconf 80' lang='grc' dir='ltr'><strong>με</strong></span> <span class='ocrx_word' id='word_1_255' title='bbox 1674 491 1682 502; x_wconf 91' lang='grc'><strong>,</strong></span> <span class='ocrx_word' id='word_1_256' title='bbox 1697 478 1801 505; x_wconf 73' lang='grc' dir='ltr'>προσε-</span> 
     </span>
    </p>
   </div>
   <div class='ocr_carea' id='block_1_39' title="bbox 1011 510 1800 551">
    <p class='ocr_par' dir='ltr' id='par_1_39' title="bbox 1011 510 1800 551">
     <span class='ocr_line' id='line_1_39' title="bbox 1011 510 1800 551; baseline 0.008 -14"><span class='ocrx_word' id='word_1_257' title='bbox 1011 510 1118 538; x_wconf 76' lang='grc' dir='ltr'>λάϐετό</span> <span class='ocrx_word' id='word_1_258' title='bbox 1127 521 1165 546; x_wconf 80' lang='grc' dir='ltr'><strong>με</strong></span> <span class='ocrx_word' id='word_1_259' title='bbox 1178 513 1212 545; x_wconf 82' lang='grc' dir='ltr'><strong>ἐξ</strong></span> <span class='ocrx_word' id='word_1_260' title='bbox 1238 513 1356 540; x_wconf 78' lang='grc' dir='ltr'><strong>ὑδάτων</strong></span> <span class='ocrx_word' id='word_1_261' title='bbox 1376 514 1508 542; x_wconf 76' lang='grc' dir='ltr'>πολλῶν.</span> <span class='ocrx_word' id='word_1_262' title='bbox 1541 515 1686 543; x_wconf 70' lang='grc' dir='ltr'>Ῥὐσεταί</span> <span class='ocrx_word' id='word_1_263' title='bbox 1709 525 1749 551; x_wconf 81' lang='grc' dir='ltr'>με</span> <span class='ocrx_word' id='word_1_264' title='bbox 1770 517 1800 548; x_wconf 79' lang='grc' dir='ltr'><strong>ἐξ</strong></span> 
     </span>
    </p>
   </div>
   <div class='ocr_carea' id='block_1_40' title="bbox 1010 556 1796 597">
    <p class='ocr_par' dir='ltr' id='par_1_40' title="bbox 1010 556 1796 597">
     <span class='ocr_line' id='line_1_40' title="bbox 1010 556 1796 597; baseline 0.008 -14"><span class='ocrx_word' id='word_1_265' title='bbox 1010 556 1124 591; x_wconf 76' lang='grc' dir='ltr'><strong>ἐχθρῶν</strong></span> <span class='ocrx_word' id='word_1_266' title='bbox 1133 567 1192 592; x_wconf 83' lang='grc' dir='ltr'><strong>μου</strong></span> <span class='ocrx_word' id='word_1_267' title='bbox 1209 559 1356 592; x_wconf 78' lang='grc' dir='ltr'><strong>δυνατῶν,</strong></span> <span class='ocrx_word' id='word_1_268' title='bbox 1373 560 1420 587; x_wconf 75' lang='grc' dir='ltr'>καὶ</span> <span class='ocrx_word' id='word_1_269' title='bbox 1435 561 1469 588; x_wconf 78' lang='grc' dir='ltr'>ἐκ</span> <span class='ocrx_word' id='word_1_270' title='bbox 1486 561 1546 588; x_wconf 78' lang='grc' dir='ltr'>τῶν</span> <span class='ocrx_word' id='word_1_271' title='bbox 1555 562 1736 596; x_wconf 69' lang='grc' dir='ltr'>μισούντων</span> <span class='ocrx_word' id='word_1_272' title='bbox 1748 570 1796 597; x_wconf 81' lang='grc' dir='ltr'><strong>με·</strong></span> 
     </span>
    </p>
   </div>
   <div class='ocr_carea' id='block_1_41' title="bbox 1010 601 1798 639">
    <p class='ocr_par' dir='ltr' id='par_1_41' title="bbox 1010 601 1798 639">
     <span class='ocr_line' id='line_1_41' title="bbox 1010 601 1798 639; baseline 0.008 -12"><span class='ocrx_word' id='word_1_273' title='bbox 1010 601 1055 628; x_wconf 79' lang='grc' dir='ltr'>ὅτι</span> <span class='ocrx_word' id='word_1_274' title='bbox 1071 602 1296 637; x_wconf 81' lang='grc' dir='ltr'><strong>ἐστερεώθησαν</strong></span> <span class='ocrx_word' id='word_1_275' title='bbox 1314 604 1392 638; x_wconf 79' lang='grc' dir='ltr'>ὑπὲρ</span> <span class='ocrx_word' id='word_1_276' title='bbox 1413 605 1466 639; x_wconf 81' lang='grc' dir='ltr'><strong>ἐμὲ</strong></span> <span class='ocrx_word' id='word_1_277' title='bbox 1479 626 1486 637; x_wconf 89' lang='grc'><strong>,</strong></span> <span class='ocrx_word' id='word_1_278' title='bbox 1506 614 1533 632; x_wconf 85' lang='grc' dir='ltr'><strong>κ.</strong></span> <span class='ocrx_word' id='word_1_279' title='bbox 1559 614 1584 633; x_wconf 87' lang='grc' dir='ltr'><strong>τ.</strong></span> <span class='ocrx_word' id='word_1_280' title='bbox 1612 606 1637 632; x_wconf 84' lang='grc' dir='ltr'>ὲ.</span> <span class='ocrx_word' id='word_1_281' title='bbox 1660 607 1750 638; x_wconf 74' lang='grc' dir='ltr'>Αὐτὸς</span> <span class='ocrx_word' id='word_1_282' title='bbox 1772 607 1798 638; x_wconf 74' lang='grc' dir='ltr'><strong>ἐξ</strong></span> 
     </span>
    </p>
   </div>
   <div class='ocr_carea' id='block_1_42' title="bbox 1011 644 1797 686">
    <p class='ocr_par' dir='ltr' id='par_1_42' title="bbox 1011 644 1797 686">
     <span class='ocr_line' id='line_1_42' title="bbox 1011 644 1797 686; baseline 0.01 -16"><span class='ocrx_word' id='word_1_283' title='bbox 1011 644 1094 680; x_wconf 75' lang='grc' dir='ltr'>ὕψους</span> <span class='ocrx_word' id='word_1_284' title='bbox 1109 646 1187 674; x_wconf 76' lang='grc' dir='ltr'>ἔλαϐέ</span> <span class='ocrx_word' id='word_1_285' title='bbox 1202 657 1235 683; x_wconf 86' lang='grc' dir='ltr'><strong>με</strong></span> <span class='ocrx_word' id='word_1_286' title='bbox 1253 649 1320 684; x_wconf 88' lang='grc'><strong>(78),</strong></span> <span class='ocrx_word' id='word_1_287' title='bbox 1333 649 1379 676; x_wconf 82' lang='grc' dir='ltr'><strong>τὸν</strong></span> <span class='ocrx_word' id='word_1_288' title='bbox 1392 650 1549 677; x_wconf 77' lang='grc' dir='ltr'>καταῦάντα</span> <span class='ocrx_word' id='word_1_289' title='bbox 1578 651 1797 686; x_wconf 67' lang='grc' dir='ltr'>προσλαϐόμενος</span> 
     </span>
    </p>
   </div>
   <div class='ocr_carea' id='block_1_43' title="bbox 1010 691 1797 732">
    <p class='ocr_par' dir='ltr' id='par_1_43' title="bbox 1010 691 1797 732">
     <span class='ocr_line' id='line_1_43' title="bbox 1010 691 1797 732; baseline 0.008 -15"><span class='ocrx_word' id='word_1_290' title='bbox 1010 691 1063 717; x_wconf 83' lang='grc' dir='ltr'><strong>ἀπὸ</strong></span> <span class='ocrx_word' id='word_1_291' title='bbox 1078 692 1182 719; x_wconf 84' lang='grc' dir='ltr'><strong>πολλῶν</strong></span> <span class='ocrx_word' id='word_1_292' title='bbox 1203 693 1305 721; x_wconf 86' lang='grc' dir='ltr'><strong>ὑδάτων</strong></span> <span class='ocrx_word' id='word_1_293' title='bbox 1316 694 1363 720; x_wconf 79' lang='grc' dir='ltr'><strong>τοῦ</strong></span> <span class='ocrx_word' id='word_1_294' title='bbox 1379 695 1549 730; x_wconf 80' lang='grc' dir='ltr'>ἀνθρωπίνου</span> <span class='ocrx_word' id='word_1_295' title='bbox 1564 695 1636 730; x_wconf 75' lang='grc' dir='ltr'>βίου,</span> <span class='ocrx_word' id='word_1_296' title='bbox 1654 697 1703 723; x_wconf 77' lang='grc' dir='ltr'>καὶ</span> <span class='ocrx_word' id='word_1_297' title='bbox 1720 697 1797 732; x_wconf 74' lang='grc' dir='ltr'>ῥυσὰ-</span> 
     </span>
    </p>
   </div>
   <div class='ocr_carea' id='block_1_44' title="bbox 1012 738 1795 778">
    <p class='ocr_par' dir='ltr' id='par_1_44' title="bbox 1012 738 1795 778">
     <span class='ocr_line' id='line_1_44' title="bbox 1012 738 1795 778; baseline 0.009 -15"><span class='ocrx_word' id='word_1_298' title='bbox 1012 746 1091 772; x_wconf 84' lang='grc' dir='ltr'>μενος</span> <span class='ocrx_word' id='word_1_299' title='bbox 1103 738 1132 771; x_wconf 79' lang='grc' dir='ltr'>ἐξ</span> <span class='ocrx_word' id='word_1_300' title='bbox 1144 739 1246 775; x_wconf 82' lang='grc' dir='ltr'>ἐχθρῶν</span> <span class='ocrx_word' id='word_1_301' title='bbox 1261 741 1289 767; x_wconf 75' lang='grc' dir='ltr'>ἐν</span> <span class='ocrx_word' id='word_1_302' title='bbox 1296 741 1334 776; x_wconf 86' lang='grc' dir='ltr'>τῷ</span> <span class='ocrx_word' id='word_1_303' title='bbox 1351 741 1503 777; x_wconf 80' lang='grc' dir='ltr'>ὲχθραίνειν</span> <span class='ocrx_word' id='word_1_304' title='bbox 1514 741 1724 778; x_wconf 81' lang='grc' dir='ltr'>δυνατῶν.’ορα</span> <span class='ocrx_word' id='word_1_305' title='bbox 1740 743 1795 778; x_wconf 82' lang='grc' dir='ltr'>μέν·</span> 
     </span>
    </p>
   </div>
   <div class='ocr_carea' id='block_1_45' title="bbox 1009 783 1794 824">
    <p class='ocr_par' dir='ltr' id='par_1_45' title="bbox 1009 783 1794 824">
     <span class='ocr_line' id='line_1_45' title="bbox 1009 783 1794 824; baseline 0.009 -15"><span class='ocrx_word' id='word_1_306' title='bbox 1009 792 1093 817; x_wconf 82' lang='grc' dir='ltr'>τοιγε,</span> <span class='ocrx_word' id='word_1_307' title='bbox 1111 785 1152 811; x_wconf 82' lang='grc' dir='ltr'><strong>ὅτι</strong></span> <span class='ocrx_word' id='word_1_308' title='bbox 1167 785 1275 813; x_wconf 84' lang='grc' dir='ltr'>δυνατοὶ</span> <span class='ocrx_word' id='word_1_309' title='bbox 1296 783 1364 814; x_wconf 75' lang='grc' dir='ltr'>εἶναι</span> <span class='ocrx_word' id='word_1_310' title='bbox 1391 788 1416 814; x_wconf 79' lang='grc' dir='ltr'>οἱ</span> <span class='ocrx_word' id='word_1_311' title='bbox 1442 787 1534 824; x_wconf 79' lang='grc' dir='ltr'>ἐχθροὶ</span> <span class='ocrx_word' id='word_1_312' title='bbox 1558 789 1794 824; x_wconf 77' lang='grc' dir='ltr'>μεμαρτύρηνται.</span> 
     </span>
    </p>
   </div>
   <div class='ocr_carea' id='block_1_46' title="bbox 1012 829 1797 870">
    <p class='ocr_par' dir='ltr' id='par_1_46' title="bbox 1012 829 1797 870">
     <span class='ocr_line' id='line_1_46' title="bbox 1012 829 1797 870; baseline 0.006 -14"><span class='ocrx_word' id='word_1_313' title='bbox 1012 829 1091 862; x_wconf 86' lang='grc' dir='ltr'><strong>Ἴσως</strong></span> <span class='ocrx_word' id='word_1_314' title='bbox 1104 830 1132 857; x_wconf 73' lang='grc' dir='ltr'>δὲ</span> <span class='ocrx_word' id='word_1_315' title='bbox 1144 831 1190 857; x_wconf 74' lang='grc' dir='ltr'>καὶ</span> <span class='ocrx_word' id='word_1_316' title='bbox 1202 831 1236 858; x_wconf 79' lang='grc' dir='ltr'><strong>τὰ</strong></span> <span class='ocrx_word' id='word_1_317' title='bbox 1254 832 1304 867; x_wconf 83' lang='grc' dir='ltr'>τῆς</span> <span class='ocrx_word' id='word_1_318' title='bbox 1329 831 1474 868; x_wconf 81' lang='grc' dir='ltr'><strong>ἀθεότητος</strong></span> <span class='ocrx_word' id='word_1_319' title='bbox 1495 833 1620 868; x_wconf 81' lang='grc' dir='ltr'><strong>δόγματα</strong></span> <span class='ocrx_word' id='word_1_320' title='bbox 1647 833 1723 870; x_wconf 82' lang='grc' dir='ltr'>ὓδωρ</span> <span class='ocrx_word' id='word_1_321' title='bbox 1742 834 1797 861; x_wconf 73' lang='grc' dir='ltr'>ἐστὶ</span> 
     </span>
    </p>
   </div>
   <div class='ocr_carea' id='block_1_47' title="bbox 973 865 1795 915">
    <p class='ocr_par' dir='ltr' id='par_1_47' title="bbox 973 865 1795 915">
     <span class='ocr_line' id='line_1_47' title="bbox 973 865 1795 915; baseline 0.006 -14"><span class='ocrx_word' id='word_1_322' title='bbox 973 865 995 895; x_wconf 74' lang='grc' dir='ltr'><strong>Β</strong></span> <span class='ocrx_word' id='word_1_323' title='bbox 1010 875 1088 907; x_wconf 77' lang='grc' dir='ltr'>πολὺ,</span> <span class='ocrx_word' id='word_1_324' title='bbox 1105 875 1135 902; x_wconf 79' lang='grc' dir='ltr'>οὐ</span> <span class='ocrx_word' id='word_1_325' title='bbox 1147 865 1295 912; x_wconf 83' lang='grc' dir='ltr'>δυνάμενον</span> <span class='ocrx_word' id='word_1_326' title='bbox 1310 878 1404 905; x_wconf 77' lang='grc' dir='ltr'>σϐέσαι</span> <span class='ocrx_word' id='word_1_327' title='bbox 1422 865 1475 914; x_wconf 75' lang='grc' dir='ltr'>τὴν</span> <span class='ocrx_word' id='word_1_328' title='bbox 1494 865 1614 914; x_wconf 49' lang='grc' dir='ltr'>ἀγᾶπην.</span> <span class='ocrx_word' id='word_1_329' title='bbox 1635 865 1747 915; x_wconf 63' lang='grc' dir='ltr'>Ἐχθροὶ</span> <span class='ocrx_word' id='word_1_330' title='bbox 1770 880 1795 906; x_wconf 66' lang='grc' dir='ltr'><strong>ἐξ</strong></span> 
     </span>
    </p>
   </div>
   <div class='ocr_carea' id='block_1_48' title="bbox 1005 919 1795 958">
    <p class='ocr_par' dir='ltr' id='par_1_48' title="bbox 1005 919 1795 958">
     <span class='ocr_line' id='line_1_48' title="bbox 1005 919 1795 958; baseline 0.005 -13"><span class='ocrx_word' id='word_1_331' title='bbox 1005 919 1127 952; x_wconf 77' lang='grc' dir='ltr'>δυνατοὶ,</span> <span class='ocrx_word' id='word_1_332' title='bbox 1144 920 1171 946; x_wconf 81' lang='grc' dir='ltr'><strong>οῖ</strong></span> <span class='ocrx_word' id='word_1_333' title='bbox 1179 929 1208 947; x_wconf 90' lang='grc' dir='ltr'><strong>τε</strong></span> <span class='ocrx_word' id='word_1_334' title='bbox 1222 921 1342 957; x_wconf 83' lang='grc' dir='ltr'>ἀόρατοι,</span> <span class='ocrx_word' id='word_1_335' title='bbox 1357 921 1402 948; x_wconf 76' lang='grc' dir='ltr'>καὶ</span> <span class='ocrx_word' id='word_1_336' title='bbox 1413 922 1550 958; x_wconf 78' lang='grc' dir='ltr'>ἄνθρωποι</span> <span class='ocrx_word' id='word_1_337' title='bbox 1569 923 1593 948; x_wconf 84' lang='grc' dir='ltr'>οἱ</span> <span class='ocrx_word' id='word_1_338' title='bbox 1603 922 1648 949; x_wconf 74' lang='grc' dir='ltr'><strong>διὰ</strong></span> <span class='ocrx_word' id='word_1_339' title='bbox 1660 923 1795 957; x_wconf 72' lang='grc' dir='ltr'>ψευδωνύ-</span> 
     </span>
    </p>
   </div>
   <div class='ocr_carea' id='block_1_49' title="bbox 1010 964 1780 1003">
    <p class='ocr_par' dir='ltr' id='par_1_49' title="bbox 1010 964 1780 1003">
     <span class='ocr_line' id='line_1_49' title="bbox 1010 964 1780 1003; baseline 0.006 -12"><span class='ocrx_word' id='word_1_340' title='bbox 1010 973 1061 999; x_wconf 88' lang='grc' dir='ltr'><strong>μου</strong></span> <span class='ocrx_word' id='word_1_341' title='bbox 1080 964 1206 999; x_wconf 80' lang='grc' dir='ltr'>γνὼσεως</span> <span class='ocrx_word' id='word_1_342' title='bbox 1217 967 1267 1002; x_wconf 83' lang='grc' dir='ltr'>τὴν</span> <span class='ocrx_word' id='word_1_343' title='bbox 1290 967 1398 1002; x_wconf 80' lang='grc' dir='ltr'><strong>ἀπάτην</strong></span> <span class='ocrx_word' id='word_1_344' title='bbox 1409 967 1602 1003; x_wconf 78' lang='grc' dir='ltr'>ἐργαζόμενοι.</span> <span class='ocrx_word' id='word_1_345' title='bbox 1774 965 1780 972; x_wconf 82' lang='grc'><strong>’</strong></span> 
     </span>
    </p>
   </div>
   <div class='ocr_carea' id='block_1_50' title="bbox 1047 1009 1795 1049">
    <p class='ocr_par' dir='ltr' id='par_1_50' title="bbox 1047 1009 1795 1049">
     <span class='ocr_line' id='line_1_50' title="bbox 1047 1009 1795 1049; baseline 0.004 -12"><span class='ocrx_word' id='word_1_346' title='bbox 1047 1009 1101 1036; x_wconf 86' lang='grc' dir='ltr'><strong>Τοῦ</strong></span> <span class='ocrx_word' id='word_1_347' title='bbox 1120 1011 1222 1038; x_wconf 84' lang='grc' dir='ltr'>αὐτοῦ.</span> <span class='ocrx_word' id='word_1_348' title='bbox 1245 1011 1382 1038; x_wconf 78' lang='grc' dir='ltr'><strong>Ἐντεῦθεν</strong></span> <span class='ocrx_word' id='word_1_349' title='bbox 1398 1011 1568 1047; x_wconf 81' lang='grc' dir='ltr'>γινώσκομεν</span> <span class='ocrx_word' id='word_1_350' title='bbox 1591 1012 1659 1048; x_wconf 79' lang='grc'>(79),</span> <span class='ocrx_word' id='word_1_351' title='bbox 1682 1014 1724 1040; x_wconf 68' lang='grc' dir='ltr'>ὄιι</span> <span class='ocrx_word' id='word_1_352' title='bbox 1746 1014 1795 1049; x_wconf 68' lang='grc' dir='ltr'><strong>πρὸ</strong></span> 
     </span>
    </p>
   </div>
   <div class='ocr_carea' id='block_1_51' title="bbox 1007 1054 1795 1094">
    <p class='ocr_par' dir='ltr' id='par_1_51' title="bbox 1007 1054 1795 1094">
     <span class='ocr_line' id='line_1_51' title="bbox 1007 1054 1795 1094; baseline 0.006 -13"><span class='ocrx_word' id='word_1_353' title='bbox 1007 1054 1057 1089; x_wconf 86' lang='grc' dir='ltr'>τῆς</span> <span class='ocrx_word' id='word_1_354' title='bbox 1071 1055 1219 1092; x_wconf 74' lang='grc' dir='ltr'><strong>ἐπιδημίας</strong></span> <span class='ocrx_word' id='word_1_355' title='bbox 1233 1057 1279 1084; x_wconf 84' lang='grc' dir='ltr'>τοῦ</span> <span class='ocrx_word' id='word_1_356' title='bbox 1294 1057 1420 1093; x_wconf 86' lang='grc' dir='ltr'><strong>Σωτῆρος</strong></span> <span class='ocrx_word' id='word_1_357' title='bbox 1437 1057 1604 1094; x_wconf 76' lang='grc' dir='ltr'>ἰσχυρότεροι</span> <span class='ocrx_word' id='word_1_358' title='bbox 1623 1059 1704 1093; x_wconf 82' lang='grc' dir='ltr'>ὴμῶν</span> <span class='ocrx_word' id='word_1_359' title='bbox 1728 1057 1795 1094; x_wconf 75' lang='grc' dir='ltr'>ἦσαν</span> 
     </span>
    </p>
   </div>
   <div class='ocr_carea' id='block_1_52' title="bbox 1007 1100 1796 1140">
    <p class='ocr_par' dir='ltr' id='par_1_52' title="bbox 1007 1100 1796 1140">
     <span class='ocr_line' id='line_1_52' title="bbox 1007 1100 1796 1140; baseline 0.006 -14"><span class='ocrx_word' id='word_1_360' title='bbox 1007 1102 1031 1127; x_wconf 86' lang='grc' dir='ltr'>οἱ</span> <span class='ocrx_word' id='word_1_361' title='bbox 1047 1100 1182 1136; x_wconf 86' lang='grc' dir='ltr'>δαίμονες,</span> <span class='ocrx_word' id='word_1_362' title='bbox 1199 1102 1245 1129; x_wconf 83' lang='grc' dir='ltr'>νῦν</span> <span class='ocrx_word' id='word_1_363' title='bbox 1255 1103 1283 1129; x_wconf 71' lang='grc' dir='ltr'>δὲ</span> <span class='ocrx_word' id='word_1_364' title='bbox 1296 1103 1398 1130; x_wconf 80' lang='grc' dir='ltr'>τούτων</span> <span class='ocrx_word' id='word_1_365' title='bbox 1413 1105 1493 1138; x_wconf 83' lang='grc' dir='ltr'>ἡμεῖς</span> <span class='ocrx_word' id='word_1_366' title='bbox 1505 1105 1743 1140; x_wconf 73' lang='grc' dir='ltr'><strong>ἐπικρατέστεροι,</strong></span> <span class='ocrx_word' id='word_1_367' title='bbox 1756 1102 1796 1136; x_wconf 78' lang='grc' dir='ltr'>οἷς</span> 
     </span>
    </p>
   </div>
   <div class='ocr_carea' id='block_1_53' title="bbox 1008 1146 1796 1186">
    <p class='ocr_par' dir='ltr' id='par_1_53' title="bbox 1008 1146 1796 1186">
     <span class='ocr_line' id='line_1_53' title="bbox 1008 1146 1796 1186; baseline 0.005 -13"><span class='ocrx_word' id='word_1_368' title='bbox 1008 1146 1106 1174; x_wconf 77' lang='grc' dir='ltr'>ἔδωκεν</span> <span class='ocrx_word' id='word_1_369' title='bbox 1119 1148 1259 1183; x_wconf 83' lang='grc' dir='ltr'>όΧριστὸς</span> <span class='ocrx_word' id='word_1_370' title='bbox 1274 1158 1284 1174; x_wconf 70' lang='grc' dir='ltr'><strong>ι</strong></span> <span class='ocrx_word' id='word_1_371' title='bbox 1302 1150 1396 1176; x_wconf 78' lang='grc' dir='ltr'>πατεῖν</span> <span class='ocrx_word' id='word_1_372' title='bbox 1411 1149 1505 1176; x_wconf 78' lang='grc' dir='ltr'>ἐπάνω</span> <span class='ocrx_word' id='word_1_373' title='bbox 1523 1150 1610 1184; x_wconf 73' lang='grc' dir='ltr'>ὄφεων</span> <span class='ocrx_word' id='word_1_374' title='bbox 1635 1150 1684 1176; x_wconf 80' lang='grc' dir='ltr'>καὶ</span> <span class='ocrx_word' id='word_1_375' title='bbox 1714 1158 1796 1186; x_wconf 68' lang='grc' dir='ltr'>σκορ-</span> 
     </span>
    </p>
   </div>
   <div class='ocr_carea' id='block_1_54' title="bbox 1008 1192 1716 1231">
    <p class='ocr_par' dir='ltr' id='par_1_54' title="bbox 1008 1192 1716 1231">
     <span class='ocr_line' id='line_1_54' title="bbox 1008 1192 1716 1231; baseline 0.004 -13"><span class='ocrx_word' id='word_1_376' title='bbox 1008 1192 1086 1225; x_wconf 75' lang='grc' dir='ltr'>πίων,</span> <span class='ocrx_word' id='word_1_377' title='bbox 1104 1192 1151 1219; x_wconf 79' lang='grc' dir='ltr'>καὶ</span> <span class='ocrx_word' id='word_1_378' title='bbox 1167 1192 1213 1219; x_wconf 74' lang='grc' dir='ltr'><strong>ἐπὶ</strong></span> <span class='ocrx_word' id='word_1_379' title='bbox 1226 1194 1316 1220; x_wconf 84' lang='grc' dir='ltr'>πᾶσαν</span> <span class='ocrx_word' id='word_1_380' title='bbox 1334 1193 1384 1229; x_wconf 76' lang='grc' dir='ltr'><strong>τὴν</strong></span> <span class='ocrx_word' id='word_1_381' title='bbox 1396 1193 1510 1230; x_wconf 83' lang='grc' dir='ltr'>δύναμιν</span> <span class='ocrx_word' id='word_1_382' title='bbox 1523 1195 1570 1221; x_wconf 76' lang='grc' dir='ltr'>τοῦ</span> <span class='ocrx_word' id='word_1_383' title='bbox 1586 1194 1716 1231; x_wconf 75' lang='grc' dir='ltr'>ἐχθροῦ.»</span> 
     </span>
    </p>
   </div>
   <div class='ocr_carea' id='block_1_55' title="bbox 1042 1237 1795 1274">
    <p class='ocr_par' dir='ltr' id='par_1_55' title="bbox 1042 1237 1795 1274">
     <span class='ocr_line' id='line_1_55' title="bbox 1042 1237 1795 1274; baseline 0.003 -10"><span class='ocrx_word' id='word_1_384' title='bbox 1042 1237 1240 1272; x_wconf 66' lang='grc' dir='ltr'>Προέφθασάν</span> <span class='ocrx_word' id='word_1_385' title='bbox 1251 1247 1289 1273; x_wconf 84' lang='grc' dir='ltr'><strong>με</strong></span> <span class='ocrx_word' id='word_1_386' title='bbox 1307 1239 1342 1266; x_wconf 84' lang='grc' dir='ltr'><strong>ὲν</strong></span> <span class='ocrx_word' id='word_1_387' title='bbox 1361 1239 1457 1274; x_wconf 64' lang='grc' dir='ltr'><strong>⁴ιὶμέμῖμι</strong></span> <span class='ocrx_word' id='word_1_388' title='bbox 1477 1239 1634 1272; x_wconf 80' lang='grc' dir='ltr'>κακώσεώς</span> <span class='ocrx_word' id='word_1_389' title='bbox 1653 1249 1727 1274; x_wconf 81' lang='grc' dir='ltr'>μου,</span> <span class='ocrx_word' id='word_1_390' title='bbox 1749 1240 1795 1266; x_wconf 66' lang='grc' dir='ltr'>καὶ</span> 
     </span>
    </p>
   </div>
   <div class='ocr_carea' id='block_1_56' title="bbox 1007 1282 1798 1320">
    <p class='ocr_par' dir='ltr' id='par_1_56' title="bbox 1007 1282 1798 1320">
     <span class='ocr_line' id='line_1_56' title="bbox 1007 1282 1798 1320; baseline 0.005 -11"><span class='ocrx_word' id='word_1_391' title='bbox 1007 1282 1124 1316; x_wconf 78' lang='grc' dir='ltr'>ἐγένετο</span> <span class='ocrx_word' id='word_1_392' title='bbox 1134 1283 1241 1317; x_wconf 84' lang='grc' dir='ltr'>Κύριος</span> <span class='ocrx_word' id='word_1_393' title='bbox 1251 1283 1466 1319; x_wconf 79' lang='grc' dir='ltr'>ἁντιστήριγμά</span> <span class='ocrx_word' id='word_1_394' title='bbox 1485 1293 1555 1320; x_wconf 74' lang='grc' dir='ltr'>μου.</span> <span class='ocrx_word' id='word_1_395' title='bbox 1581 1285 1637 1312; x_wconf 80' lang='lat' dir='ltr'><strong>Kal</strong></span> <span class='ocrx_word' id='word_1_396' title='bbox 1667 1284 1798 1320; x_wconf 61' lang='grc' dir='ltr'><strong>ἐξήταῖὲ</strong></span> 
     </span>
    </p>
   </div>
   <div class='ocr_carea' id='block_1_57' title="bbox 1004 1327 1797 1364">
    <p class='ocr_par' dir='ltr' id='par_1_57' title="bbox 1004 1327 1797 1364">
     <span class='ocr_line' id='line_1_57' title="bbox 1004 1327 1797 1364; baseline 0.005 -11"><span class='ocrx_word' id='word_1_397' title='bbox 1004 1334 1042 1361; x_wconf 84' lang='grc' dir='ltr'><strong>με</strong></span> <span class='ocrx_word' id='word_1_398' title='bbox 1053 1327 1096 1359; x_wconf 77' lang='grc' dir='ltr'>εἰς</span> <span class='ocrx_word' id='word_1_399' title='bbox 1108 1327 1433 1363; x_wconf 75' lang='grc' dir='ltr'>πλατυσμὺν,ρύσεται</span> <span class='ocrx_word' id='word_1_400' title='bbox 1450 1337 1504 1364; x_wconf 82' lang='grc' dir='ltr'>με,</span> <span class='ocrx_word' id='word_1_401' title='bbox 1524 1329 1571 1356; x_wconf 80' lang='grc' dir='ltr'>ὅτι</span> <span class='ocrx_word' id='word_1_402' title='bbox 1592 1329 1731 1363; x_wconf 77' lang='grc' dir='ltr'><strong>ἠθέλησέ</strong></span> <span class='ocrx_word' id='word_1_403' title='bbox 1748 1339 1797 1364; x_wconf 76' lang='grc' dir='ltr'><strong>με.</strong></span> 
     </span>
    </p>
   </div>
   <div class='ocr_carea' id='block_1_58' title="bbox 1007 1373 1786 1410">
    <p class='ocr_par' dir='ltr' id='par_1_58' title="bbox 1007 1373 1786 1410">
     <span class='ocr_line' id='line_1_58' title="bbox 1007 1373 1786 1410; baseline 0.004 -12"><span class='ocrx_word' id='word_1_404' title='bbox 1007 1381 1034 1399; x_wconf 89' lang='grc' dir='ltr'><strong>κ.</strong></span> <span class='ocrx_word' id='word_1_405' title='bbox 1051 1381 1075 1399; x_wconf 84' lang='grc' dir='ltr'><strong>τ.</strong></span> <span class='ocrx_word' id='word_1_406' title='bbox 1088 1373 1111 1399; x_wconf 83' lang='grc' dir='ltr'>ὲ.</span> <span class='ocrx_word' id='word_1_407' title='bbox 1124 1373 1154 1399; x_wconf 82' lang='grc' dir='ltr'><strong>Οἱ</strong></span> <span class='ocrx_word' id='word_1_408' title='bbox 1165 1373 1315 1409; x_wconf 74' lang='grc' dir='ltr'>θλιϐόμενοι</span> <span class='ocrx_word' id='word_1_409' title='bbox 1328 1375 1384 1410; x_wconf 82' lang='lat'><strong>(80)</strong></span> <span class='ocrx_word' id='word_1_410' title='bbox 1401 1375 1448 1401; x_wconf 78' lang='grc' dir='ltr'>καὶ</span> <span class='ocrx_word' id='word_1_411' title='bbox 1472 1375 1508 1410; x_wconf 83' lang='grc' dir='ltr'>μὴ</span> <span class='ocrx_word' id='word_1_412' title='bbox 1536 1375 1786 1410; x_wconf 78' lang='grc' dir='ltr'>στενοχωρούμενοι</span> 
     </span>
    </p>
   </div>
   <div class='ocr_carea' id='block_1_59' title="bbox 1009 1417 1798 1456">
    <p class='ocr_par' dir='ltr' id='par_1_59' title="bbox 1009 1417 1798 1456">
     <span class='ocr_line' id='line_1_59' title="bbox 1009 1417 1798 1456; baseline 0.005 -12"><span class='ocrx_word' id='word_1_413' title='bbox 1009 1417 1125 1445; x_wconf 79' lang='grc' dir='ltr'><strong>ἴστωσαν</strong></span> <span class='ocrx_word' id='word_1_414' title='bbox 1142 1419 1351 1455; x_wconf 77' lang='grc' dir='ltr'>ὲξαχθησόμενοι</span> <span class='ocrx_word' id='word_1_415' title='bbox 1371 1421 1428 1447; x_wconf 78' lang='grc' dir='ltr'>ἀπὸ</span> <span class='ocrx_word' id='word_1_416' title='bbox 1455 1422 1504 1456; x_wconf 84' lang='grc' dir='ltr'><strong>τῆς</strong></span> <span class='ocrx_word' id='word_1_417' title='bbox 1535 1421 1651 1455; x_wconf 80' lang='grc' dir='ltr'>θλίψεως</span> <span class='ocrx_word' id='word_1_418' title='bbox 1682 1422 1733 1448; x_wconf 73' lang='grc' dir='ltr'>καὶ</span> <span class='ocrx_word' id='word_1_419' title='bbox 1759 1423 1798 1454; x_wconf 81' lang='grc' dir='ltr'><strong>είς</strong></span> 
     </span>
    </p>
   </div>
   <div class='ocr_carea' id='block_1_60' title="bbox 1007 1463 1799 1501">
    <p class='ocr_par' dir='ltr' id='par_1_60' title="bbox 1007 1463 1799 1501">
     <span class='ocr_line' id='line_1_60' title="bbox 1007 1463 1799 1501; baseline 0.004 -12"><span class='ocrx_word' id='word_1_420' title='bbox 1007 1463 1084 1497; x_wconf 78' lang='grc' dir='ltr'>ἅγιον</span> <span class='ocrx_word' id='word_1_421' title='bbox 1103 1463 1150 1490; x_wconf 77' lang='grc' dir='ltr'>τοῦ</span> <span class='ocrx_word' id='word_1_422' title='bbox 1165 1464 1233 1490; x_wconf 82' lang='grc' dir='ltr'>Θεοῦ</span> <span class='ocrx_word' id='word_1_423' title='bbox 1245 1464 1401 1500; x_wconf 83' lang='grc' dir='ltr'>πλατυσμὸν</span> <span class='ocrx_word' id='word_1_424' title='bbox 1416 1465 1597 1501; x_wconf 82' lang='grc' dir='ltr'>ἀχθήσεσθαι·</span> <span class='ocrx_word' id='word_1_425' title='bbox 1616 1466 1645 1492; x_wconf 86' lang='grc' dir='ltr'>ὲν</span> <span class='ocrx_word' id='word_1_426' title='bbox 1655 1466 1715 1501; x_wconf 85' lang='grc' dir='ltr'><strong>γὰρ</strong></span> <span class='ocrx_word' id='word_1_427' title='bbox 1735 1467 1799 1501; x_wconf 75' lang='grc' dir='ltr'>ὴμέ-</span> 
     </span>
    </p>
   </div>
   <div class='ocr_carea' id='block_1_61' title="bbox 171 1509 955 1564">
    <p class='ocr_par' dir='ltr' id='par_1_61' title="bbox 171 1519 953 1556">
     <span class='ocr_line' id='line_1_61' title="bbox 171 1519 953 1556; baseline -0.006 -6"><span class='ocrx_word' id='word_1_428' title='bbox 171 1523 246 1550; x_wconf 91' lang='lat' dir='ltr'><strong>illum</strong></span> <span class='ocrx_word' id='word_1_429' title='bbox 261 1521 333 1549; x_wconf 89' lang='lat' dir='ltr'><strong>enim</strong></span> <span class='ocrx_word' id='word_1_430' title='bbox 349 1521 394 1556; x_wconf 95' lang='lat' dir='ltr'><strong>qui</strong></span> <span class='ocrx_word' id='word_1_431' title='bbox 409 1520 436 1548; x_wconf 90' lang='lat' dir='ltr'><strong>in</strong></span> <span class='ocrx_word' id='word_1_432' title='bbox 452 1520 494 1548; x_wconf 91' lang='lat' dir='ltr'><strong>die</strong></span> <span class='ocrx_word' id='word_1_433' title='bbox 504 1519 657 1548; x_wconf 84' lang='lat' dir='ltr'><strong>alllictionis</strong></span> <span class='ocrx_word' id='word_1_434' title='bbox 669 1519 703 1546; x_wconf 90' lang='lat' dir='ltr'><strong>ad</strong></span> <span class='ocrx_word' id='word_1_435' title='bbox 715 1520 802 1554; x_wconf 91' lang='lat' dir='ltr'><strong>ipsum</strong></span> <span class='ocrx_word' id='word_1_436' title='bbox 819 1519 953 1554; x_wconf 81' lang='lat' dir='ltr'><strong>confugit,</strong></span> 
     </span>
    </p>
   </div>
   <div class='ocr_carea' id='block_1_62' title="bbox 1035 1509 1799 1564">
    <p class='ocr_par' dir='ltr' id='par_1_62' title="bbox 1035 1509 1799 1546">
     <span class='ocr_line' id='line_1_62' title="bbox 1035 1509 1799 1546; baseline 0.005 -11"><span class='ocrx_word' id='word_1_437' title='bbox 1035 1518 1043 1536; x_wconf 93' lang='grc' dir='ltr'><strong>ι</strong></span> <span class='ocrx_word' id='word_1_438' title='bbox 1064 1509 1211 1541; x_wconf 84' lang='grc' dir='ltr'>κακώσεως</span> <span class='ocrx_word' id='word_1_439' title='bbox 1225 1510 1271 1538; x_wconf 76' lang='grc' dir='ltr'>τὸν</span> <span class='ocrx_word' id='word_1_440' title='bbox 1293 1510 1360 1546; x_wconf 80' lang='grc' dir='ltr'>πρὸς</span> <span class='ocrx_word' id='word_1_441' title='bbox 1380 1511 1459 1537; x_wconf 78' lang='grc' dir='ltr'>αὑτὸν</span> <span class='ocrx_word' id='word_1_442' title='bbox 1489 1511 1698 1546; x_wconf 76' lang='grc' dir='ltr'>καταφεύγοντα</span> <span class='ocrx_word' id='word_1_443' title='bbox 1725 1513 1799 1539; x_wconf 80' lang='grc' dir='ltr'>ἀντι-</span> 
     </span>
    </p>
   </div>
   <div class='ocr_carea' id='block_1_63' title="bbox 170 1555 955 1600">
    <p class='ocr_par' dir='ltr' id='par_1_63' title="bbox 170 1566 955 1600">
     <span class='ocr_line' id='line_1_63' title="bbox 170 1566 955 1600; baseline -0.006 -3"><span class='ocrx_word' id='word_1_444' title='bbox 170 1568 315 1597; x_wconf 82' lang='lat' dir='ltr'><strong>cont’irmat</strong></span> <span class='ocrx_word' id='word_1_445' title='bbox 334 1568 403 1595; x_wconf 86' lang='lat' dir='ltr'><strong>Deus</strong></span> <span class='ocrx_word' id='word_1_446' title='bbox 414 1586 421 1600; x_wconf 87' lang='lat'><strong>,</strong></span> <span class='ocrx_word' id='word_1_447' title='bbox 436 1573 471 1594; x_wconf 88' lang='lat' dir='ltr'><strong>ne</strong></span> <span class='ocrx_word' id='word_1_448' title='bbox 483 1566 562 1594; x_wconf 87' lang='lat' dir='ltr'><strong>malis</strong></span> <span class='ocrx_word' id='word_1_449' title='bbox 575 1573 725 1594; x_wconf 83' lang='lat' dir='ltr'><strong>concussus</strong></span> <span class='ocrx_word' id='word_1_450' title='bbox 737 1566 914 1594; x_wconf 85' lang='lat' dir='ltr'><strong>succumbat:</strong></span> <span class='ocrx_word' id='word_1_451' title='bbox 928 1570 955 1593; x_wconf 84' lang='lat' dir='ltr'><strong>et</strong></span> 
     </span>
    </p>
   </div>
   <div class='ocr_carea' id='block_1_64' title="bbox 1035 1555 1800 1600">
    <p class='ocr_par' dir='ltr' id='par_1_64' title="bbox 1035 1555 1800 1594">
     <span class='ocr_line' id='line_1_64' title="bbox 1035 1555 1800 1594; baseline 0.005 -13"><span class='ocrx_word' id='word_1_452' title='bbox 1035 1555 1128 1590; x_wconf 56' lang='grc' dir='ltr'>πηρίζει</span> <span class='ocrx_word' id='word_1_453' title='bbox 1146 1556 1221 1588; x_wconf 78' lang='grc' dir='ltr'>Θεὸς,</span> <span class='ocrx_word' id='word_1_454' title='bbox 1240 1556 1277 1588; x_wconf 84' lang='grc' dir='ltr'><strong>ὡς</strong></span> <span class='ocrx_word' id='word_1_455' title='bbox 1295 1556 1327 1583; x_wconf 83' lang='grc' dir='ltr'>ἂν</span> <span class='ocrx_word' id='word_1_456' title='bbox 1348 1557 1385 1592; x_wconf 83' lang='grc' dir='ltr'><strong>μὴ</strong></span> <span class='ocrx_word' id='word_1_457' title='bbox 1407 1556 1548 1591; x_wconf 82' lang='grc' dir='ltr'>κλονηθεὶς</span> <span class='ocrx_word' id='word_1_458' title='bbox 1567 1558 1733 1594; x_wconf 75' lang='grc' dir='ltr'>καταπέσῃ·</span> <span class='ocrx_word' id='word_1_459' title='bbox 1755 1560 1800 1585; x_wconf 65' lang='grc' dir='ltr'>καὶ</span> 
     </span>
    </p>
   </div>
   <div class='ocr_carea' id='block_1_65' title="bbox 169 1610 956 1647">
    <p class='ocr_par' dir='ltr' id='par_1_65' title="bbox 169 1610 956 1647">
     <span class='ocr_line' id='line_1_65' title="bbox 169 1610 956 1647; baseline -0.008 -4"><span class='ocrx_word' id='word_1_460' title='bbox 169 1615 197 1643; x_wconf 90' lang='lat' dir='ltr'><strong>in</strong></span> <span class='ocrx_word' id='word_1_461' title='bbox 215 1613 433 1643; x_wconf 82' lang='lat' dir='ltr'><strong>tribulationibus</strong></span> <span class='ocrx_word' id='word_1_462' title='bbox 445 1617 612 1647; x_wconf 81' lang='lat' dir='ltr'><strong>gementem,</strong></span> <span class='ocrx_word' id='word_1_463' title='bbox 634 1613 667 1639; x_wconf 94' lang='lat' dir='ltr'><strong>ad</strong></span> <span class='ocrx_word' id='word_1_464' title='bbox 691 1612 861 1639; x_wconf 84' lang='lat' dir='ltr'><strong>latitudinem</strong></span> <span class='ocrx_word' id='word_1_465' title='bbox 890 1610 956 1638; x_wconf 87' lang='lat' dir='ltr'><strong>edu-</strong></span> 
     </span>
    </p>
   </div>
   <div class='ocr_carea' id='block_1_66' title="bbox 170 1657 952 1697">
    <p class='ocr_par' dir='ltr' id='par_1_66' title="bbox 170 1657 952 1697">
     <span class='ocr_line' id='line_1_66' title="bbox 170 1657 952 1697; baseline -0.008 -8"><span class='ocrx_word' id='word_1_466' title='bbox 170 1662 222 1695; x_wconf 86' lang='lat' dir='ltr'><strong>cit,</strong></span> <span class='ocrx_word' id='word_1_467' title='bbox 232 1661 309 1697; x_wconf 82' lang='lat' dir='ltr'><strong>juxta</strong></span> <span class='ocrx_word' id='word_1_468' title='bbox 322 1660 388 1688; x_wconf 86' lang='lat' dir='ltr'><strong>lllud</strong></span> <span class='ocrx_word' id='word_1_469' title='bbox 401 1660 444 1685; x_wconf 76' lang='lat'><strong>7&#39;:</strong></span> <span class='ocrx_word' id='word_1_470' title='bbox 465 1668 474 1685; x_wconf 88' lang='grc'><em>‹</em></span> <span class='ocrx_word' id='word_1_471' title='bbox 490 1659 518 1686; x_wconf 93' lang='lat' dir='ltr'><strong>lu</strong></span> <span class='ocrx_word' id='word_1_472' title='bbox 531 1658 705 1686; x_wconf 88' lang='lat' dir='ltr'><strong>tribulatione</strong></span> <span class='ocrx_word' id='word_1_473' title='bbox 715 1658 834 1685; x_wconf 85' lang='lat' dir='ltr'><strong>dilatasti</strong></span> <span class='ocrx_word' id='word_1_474' title='bbox 849 1657 928 1686; x_wconf 92' lang='lat' dir='ltr'><strong>mihi.</strong></span> <span class='ocrx_word' id='word_1_475' title='bbox 943 1666 952 1683; x_wconf 77' lang='grc' dir='ltr'><strong>ι</strong></span> 
     </span>
    </p>
   </div>
   <div class='ocr_carea' id='block_1_67' title="bbox 170 1703 954 1742">
    <p class='ocr_par' dir='ltr' id='par_1_67' title="bbox 170 1703 954 1742">
     <span class='ocr_line' id='line_1_67' title="bbox 170 1703 954 1742; baseline -0.005 -7"><span class='ocrx_word' id='word_1_476' title='bbox 170 1708 247 1742; x_wconf 84' lang='lat' dir='ltr'><strong>Quod</strong></span> <span class='ocrx_word' id='word_1_477' title='bbox 272 1706 301 1734; x_wconf 82' lang='lat' dir='ltr'><strong>lit</strong></span> <span class='ocrx_word' id='word_1_478' title='bbox 320 1706 421 1738; x_wconf 91' lang='lat' dir='ltr'><strong>etiam,</strong></span> <span class='ocrx_word' id='word_1_479' title='bbox 439 1706 502 1733; x_wconf 90' lang='lat' dir='ltr'><strong>dum</strong></span> <span class='ocrx_word' id='word_1_480' title='bbox 525 1712 578 1732; x_wconf 93' lang='lat' dir='ltr'><strong>non</strong></span> <span class='ocrx_word' id='word_1_481' title='bbox 601 1704 713 1733; x_wconf 90' lang='lat' dir='ltr'><strong>omnino</strong></span> <span class='ocrx_word' id='word_1_482' title='bbox 736 1704 885 1738; x_wconf 85' lang='lat' dir='ltr'><strong>liberatur,</strong></span> <span class='ocrx_word' id='word_1_483' title='bbox 904 1703 954 1732; x_wconf 85' lang='lat' dir='ltr'><strong>sed</strong></span> 
     </span>
    </p>
   </div>
   <div class='ocr_carea' id='block_1_68' title="bbox 170 1752 438 1788">
    <p class='ocr_par' dir='ltr' id='par_1_68' title="bbox 170 1752 438 1788">
     <span class='ocr_line' id='line_1_68' title="bbox 170 1752 438 1788; baseline -0.004 -8"><span class='ocrx_word' id='word_1_484' title='bbox 170 1759 299 1788; x_wconf 72' lang='lat' dir='ltr'><strong>generose</strong></span> <span class='ocrx_word' id='word_1_485' title='bbox 313 1752 438 1779; x_wconf 70' lang='lat' dir='ltr'><strong>sustinet.</strong></span> 
     </span>
    </p>
   </div>
   <div class='ocr_carea' id='block_1_69' title="bbox 207 1796 950 1829">
    <p class='ocr_par' dir='ltr' id='par_1_69' title="bbox 207 1796 950 1829">
     <span class='ocr_line' id='line_1_69' title="bbox 207 1796 950 1829; baseline -0.003 -4"><span class='ocrx_word' id='word_1_486' title='bbox 207 1798 285 1826; x_wconf 73' lang='lat' dir='ltr'><strong>Vens.</strong></span> <span class='ocrx_word' id='word_1_487' title='bbox 299 1797 344 1824; x_wconf 77' lang='grc'><strong>21.</strong></span> <span class='ocrx_word' id='word_1_488' title='bbox 362 1797 394 1824; x_wconf 80' lang='lat' dir='ltr'><strong>Et</strong></span> <span class='ocrx_word' id='word_1_489' title='bbox 404 1797 529 1824; x_wconf 81' lang='lat' dir='ltr'><strong>retribuet</strong></span> <span class='ocrx_word' id='word_1_490' title='bbox 541 1796 604 1824; x_wconf 81' lang='lat' dir='ltr'><strong>mihi</strong></span> <span class='ocrx_word' id='word_1_491' title='bbox 613 1796 741 1824; x_wconf 77' lang='lat' dir='ltr'><strong>Dominus</strong></span> <span class='ocrx_word' id='word_1_492' title='bbox 750 1796 894 1824; x_wconf 73' lang='lat' dir='ltr'><strong>secundum</strong></span> <span class='ocrx_word' id='word_1_493' title='bbox 907 1796 950 1829; x_wconf 75' lang='lat' dir='ltr'><strong>ju-</strong></span> 
     </span>
    </p>
   </div>
   <div class='ocr_carea' id='block_1_70' title="bbox 167 1842 956 1876">
    <p class='ocr_par' dir='ltr' id='par_1_70' title="bbox 167 1842 956 1876">
     <span class='ocr_line' id='line_1_70' title="bbox 167 1842 956 1876; baseline -0.004 -6"><span class='ocrx_word' id='word_1_494' title='bbox 167 1843 266 1871; x_wconf 78' lang='lat' dir='ltr'><strong>stitiam</strong></span> <span class='ocrx_word' id='word_1_495' title='bbox 275 1850 369 1875; x_wconf 80' lang='lat' dir='ltr'><strong>meum,</strong></span> <span class='ocrx_word' id='word_1_496' title='bbox 376 1848 398 1869; x_wconf 83' lang='lat' dir='ltr'><strong>et</strong></span> <span class='ocrx_word' id='word_1_497' title='bbox 405 1842 548 1869; x_wconf 72' lang='lat' dir='ltr'><strong>secundum</strong></span> <span class='ocrx_word' id='word_1_498' title='bbox 553 1842 693 1876; x_wconf 80' lang='lat' dir='ltr'><strong>puritatem</strong></span> <span class='ocrx_word' id='word_1_499' title='bbox 702 1850 828 1868; x_wconf 85' lang='lat' dir='ltr'><strong>manuum</strong></span> <span class='ocrx_word' id='word_1_500' title='bbox 838 1848 956 1868; x_wconf 84' lang='lat' dir='ltr'><strong>mearum</strong></span> 
     </span>
    </p>
   </div>
   <div class='ocr_carea' id='block_1_71' title="bbox 169 1880 953 1922">
    <p class='ocr_par' dir='ltr' id='par_1_71' title="bbox 169 1880 953 1922">
     <span class='ocr_line' id='line_1_71' title="bbox 169 1880 953 1922; baseline -0.005 -6"><span class='ocrx_word' id='word_1_501' title='bbox 169 1880 291 1916; x_wconf 80' lang='lat' dir='ltr'><strong>retribuet</strong></span> <span class='ocrx_word' id='word_1_502' title='bbox 307 1888 516 1922; x_wconf 80' lang='lat' dir='ltr'><strong>mihi,quoniam</strong></span> <span class='ocrx_word' id='word_1_503' title='bbox 532 1887 659 1914; x_wconf 68' lang='lat' dir='ltr'><strong>custodiri</strong></span> <span class='ocrx_word' id='word_1_504' title='bbox 674 1887 730 1914; x_wconf 71' lang='lat' dir='ltr'><strong>uia:</strong></span> <span class='ocrx_word' id='word_1_505' title='bbox 743 1886 825 1922; x_wconf 76' lang='lat'><strong>609</strong></span> <span class='ocrx_word' id='word_1_506' title='bbox 837 1886 953 1919; x_wconf 82' lang='lat' dir='ltr'><strong>Domini,</strong></span> 
     </span>
    </p>
   </div>
   <div class='ocr_carea' id='block_1_72' title="bbox 169 1931 952 1968">
    <p class='ocr_par' dir='ltr' id='par_1_72' title="bbox 169 1931 952 1968">
     <span class='ocr_line' id='line_1_72' title="bbox 169 1931 952 1968; baseline -0.006 -6"><span class='ocrx_word' id='word_1_507' title='bbox 169 1940 223 1964; x_wconf 84' lang='lat' dir='ltr'><strong>etc.</strong></span> <span class='ocrx_word' id='word_1_508' title='bbox 240 1933 290 1968; x_wconf 86' lang='lat' dir='ltr'><strong>Qui</strong></span> <span class='ocrx_word' id='word_1_509' title='bbox 304 1933 403 1960; x_wconf 84' lang='lat' dir='ltr'><strong>attollit</strong></span> <span class='ocrx_word' id='word_1_510' title='bbox 417 1937 526 1960; x_wconf 87' lang='lat' dir='ltr'><strong>sanctas</strong></span> <span class='ocrx_word' id='word_1_511' title='bbox 543 1939 639 1959; x_wconf 90' lang='lat' dir='ltr'><strong>manus</strong></span> <span class='ocrx_word' id='word_1_512' title='bbox 653 1931 788 1965; x_wconf 85' lang='lat' dir='ltr'><strong>audetque</strong></span> <span class='ocrx_word' id='word_1_513' title='bbox 810 1931 900 1958; x_wconf 86' lang='lat' dir='ltr'><strong>dicere</strong></span> <span class='ocrx_word' id='word_1_514' title='bbox 913 1931 952 1958; x_wconf 71' lang='grc' dir='ltr'><strong>’δι</strong></span> 
     </span>
    </p>
   </div>
   <div class='ocr_carea' id='block_1_73' title="bbox 175 1977 955 2011">
    <p class='ocr_par' dir='ltr' id='par_1_73' title="bbox 175 1977 955 2011">
     <span class='ocr_line' id='line_1_73' title="bbox 175 1977 955 2011; baseline -0.004 -5"><span class='ocrx_word' id='word_1_515' title='bbox 175 1991 184 2006; x_wconf 76' lang='grc' dir='ltr'><strong>ε</strong></span> <span class='ocrx_word' id='word_1_516' title='bbox 202 1980 323 2008; x_wconf 84' lang='lat' dir='ltr'><strong>Elevatio</strong></span> <span class='ocrx_word' id='word_1_517' title='bbox 337 1986 464 2006; x_wconf 85' lang='lat' dir='ltr'><strong>manuum</strong></span> <span class='ocrx_word' id='word_1_518' title='bbox 479 1985 599 2005; x_wconf 87' lang='lat' dir='ltr'><strong>mearum</strong></span> <span class='ocrx_word' id='word_1_519' title='bbox 613 1998 620 2010; x_wconf 85' lang='lat'><strong>,</strong></span> <span class='ocrx_word' id='word_1_520' title='bbox 640 1977 806 2005; x_wconf 83' lang='lat' dir='ltr'><strong>sacriﬁcium</strong></span> <span class='ocrx_word' id='word_1_521' title='bbox 821 1977 955 2011; x_wconf 84' lang='lat' dir='ltr'><strong>vesperti-</strong></span> 
     </span>
    </p>
   </div>
   <div class='ocr_carea' id='block_1_74' title="bbox 170 2025 954 2062">
    <p class='ocr_par' dir='ltr' id='par_1_74' title="bbox 170 2025 954 2062">
     <span class='ocr_line' id='line_1_74' title="bbox 170 2025 954 2062; baseline -0.003 -8"><span class='ocrx_word' id='word_1_522' title='bbox 170 2035 234 2054; x_wconf 91' lang='lat' dir='ltr'><strong>nttm</strong></span> <span class='ocrx_word' id='word_1_523' title='bbox 245 2048 253 2060; x_wconf 93' lang='lat'><strong>,</strong></span> <span class='ocrx_word' id='word_1_524' title='bbox 271 2037 280 2054; x_wconf 78' lang='grc' dir='ltr'><strong>ι</strong></span> <span class='ocrx_word' id='word_1_525' title='bbox 299 2026 446 2062; x_wconf 88' lang='lat' dir='ltr'><strong>puritatem</strong></span> <span class='ocrx_word' id='word_1_526' title='bbox 466 2032 573 2059; x_wconf 87' lang='lat' dir='ltr'><strong>quoque</strong></span> <span class='ocrx_word' id='word_1_527' title='bbox 591 2032 718 2052; x_wconf 88' lang='lat' dir='ltr'><strong>manuum</strong></span> <span class='ocrx_word' id='word_1_528' title='bbox 733 2032 762 2052; x_wconf 83' lang='lat' dir='ltr'><strong>se</strong></span> <span class='ocrx_word' id='word_1_529' title='bbox 773 2025 875 2052; x_wconf 83' lang='lat' dir='ltr'><strong>habere</strong></span> <span class='ocrx_word' id='word_1_530' title='bbox 889 2032 954 2059; x_wconf 85' lang='lat' dir='ltr'><strong>pro-</strong></span> 
     </span>
    </p>
   </div>
   <div class='ocr_carea' id='block_1_75' title="bbox 170 2068 955 2104">
    <p class='ocr_par' dir='ltr' id='par_1_75' title="bbox 170 2068 955 2104">
     <span class='ocr_line' id='line_1_75' title="bbox 170 2068 955 2104; baseline -0.005 -5"><span class='ocrx_word' id='word_1_531' title='bbox 170 2071 300 2099; x_wconf 89' lang='lat' dir='ltr'><strong>Iitebitur.</strong></span> <span class='ocrx_word' id='word_1_532' title='bbox 329 2070 380 2098; x_wconf 77' lang='lat' dir='ltr'><strong>llic</strong></span> <span class='ocrx_word' id='word_1_533' title='bbox 395 2077 486 2097; x_wconf 80' lang='lat' dir='ltr'><strong>sermo</strong></span> <span class='ocrx_word' id='word_1_534' title='bbox 500 2074 541 2096; x_wconf 89' lang='lat' dir='ltr'><strong>cst</strong></span> <span class='ocrx_word' id='word_1_535' title='bbox 554 2068 612 2102; x_wconf 79' lang='lat' dir='ltr'><strong>eius</strong></span> <span class='ocrx_word' id='word_1_536' title='bbox 632 2069 677 2102; x_wconf 86' lang='lat' dir='ltr'><strong>qui</strong></span> <span class='ocrx_word' id='word_1_537' title='bbox 706 2069 838 2104; x_wconf 85' lang='lat' dir='ltr'><strong>perspicit</strong></span> <span class='ocrx_word' id='word_1_538' title='bbox 858 2076 955 2096; x_wconf 83' lang='lat' dir='ltr'><strong>unum-</strong></span> 
     </span>
    </p>
   </div>
   <div class='ocr_carea' id='block_1_76' title="bbox 169 2113 953 2151">
    <p class='ocr_par' dir='ltr' id='par_1_76' title="bbox 169 2113 953 2151">
     <span class='ocr_line' id='line_1_76' title="bbox 169 2113 953 2151; baseline -0.005 -7"><span class='ocrx_word' id='word_1_539' title='bbox 169 2117 295 2151; x_wconf 86' lang='lat' dir='ltr'><strong>quodque</strong></span> <span class='ocrx_word' id='word_1_540' title='bbox 317 2122 377 2142; x_wconf 92' lang='lat' dir='ltr'><strong>cum</strong></span> <span class='ocrx_word' id='word_1_541' title='bbox 398 2114 501 2149; x_wconf 82' lang='lat' dir='ltr'><strong>judicio</strong></span> <span class='ocrx_word' id='word_1_542' title='bbox 524 2113 593 2141; x_wconf 83' lang='lat' dir='ltr'><strong>ﬁeri.</strong></span> <span class='ocrx_word' id='word_1_543' title='bbox 623 2114 694 2141; x_wconf 88' lang='lat' dir='ltr'><strong>Sunt</strong></span> <span class='ocrx_word' id='word_1_544' title='bbox 714 2118 803 2141; x_wconf 84' lang='lat' dir='ltr'><strong>autem</strong></span> <span class='ocrx_word' id='word_1_545' title='bbox 829 2113 953 2147; x_wconf 62' lang='lat' dir='ltr'><strong>quaedam</strong></span> 
     </span>
    </p>
   </div>
   <div class='ocr_carea' id='block_1_77' title="bbox 169 2157 954 2196">
    <p class='ocr_par' dir='ltr' id='par_1_77' title="bbox 169 2157 954 2196">
     <span class='ocr_line' id='line_1_77' title="bbox 169 2157 954 2196; baseline -0.006 -7"><span class='ocrx_word' id='word_1_546' title='bbox 169 2161 215 2189; x_wconf 78' lang='lat' dir='ltr'><strong>Dei</strong></span> <span class='ocrx_word' id='word_1_547' title='bbox 229 2159 335 2196; x_wconf 82' lang='lat' dir='ltr'><strong>judicia</strong></span> <span class='ocrx_word' id='word_1_548' title='bbox 349 2159 422 2187; x_wconf 83' lang='lat' dir='ltr'><strong>circa</strong></span> <span class='ocrx_word' id='word_1_549' title='bbox 435 2157 574 2193; x_wconf 87' lang='lat' dir='ltr'><strong>quodlibet</strong></span> <span class='ocrx_word' id='word_1_550' title='bbox 596 2163 747 2193; x_wconf 87' lang='lat' dir='ltr'><strong>peccatum.</strong></span> <span class='ocrx_word' id='word_1_551' title='bbox 775 2158 891 2191; x_wconf 85' lang='lat' dir='ltr'><strong>Quando</strong></span> <span class='ocrx_word' id='word_1_552' title='bbox 904 2158 954 2192; x_wconf 82' lang='lat' dir='ltr'><strong>igi-</strong></span> 
     </span>
    </p>
   </div>
   <div class='ocr_carea' id='block_1_78' title="bbox 1006 1601 1800 1640">
    <p class='ocr_par' dir='ltr' id='par_1_78' title="bbox 1006 1601 1800 1640">
     <span class='ocr_line' id='line_1_78' title="bbox 1006 1601 1800 1640; baseline 0.004 -12"><span class='ocrx_word' id='word_1_553' title='bbox 1006 1601 1200 1638; x_wconf 80' lang='grc' dir='ltr'>ἀντιστηρίζων</span> <span class='ocrx_word' id='word_1_554' title='bbox 1219 1602 1330 1638; x_wconf 80' lang='grc' dir='ltr'>ἐκφέρει</span> <span class='ocrx_word' id='word_1_555' title='bbox 1353 1604 1393 1634; x_wconf 80' lang='grc' dir='ltr'>εἰς</span> <span class='ocrx_word' id='word_1_556' title='bbox 1424 1602 1524 1634; x_wconf 78' lang='grc' dir='ltr'>πλάτός</span> <span class='ocrx_word' id='word_1_557' title='bbox 1548 1602 1594 1630; x_wconf 75' lang='grc' dir='ltr'>τὸν</span> <span class='ocrx_word' id='word_1_558' title='bbox 1615 1604 1800 1640; x_wconf 58' lang='grc' dir='ltr'>κενούμενον</span> 
     </span>
    </p>
   </div>
   <div class='ocr_carea' id='block_1_79' title="bbox 1005 1647 1798 1685">
    <p class='ocr_par' dir='ltr' id='par_1_79' title="bbox 1005 1647 1798 1685">
     <span class='ocr_line' id='line_1_79' title="bbox 1005 1647 1798 1685; baseline 0.004 -11"><span class='ocrx_word' id='word_1_559' title='bbox 1005 1649 1064 1680; x_wconf 83' lang='grc' dir='ltr'>ταῖς</span> <span class='ocrx_word' id='word_1_560' title='bbox 1080 1648 1195 1683; x_wconf 76' lang='grc' dir='ltr'>θλίψεσι,</span> <span class='ocrx_word' id='word_1_561' title='bbox 1208 1648 1278 1675; x_wconf 85' lang='grc' dir='ltr'>κατὰ</span> <span class='ocrx_word' id='word_1_562' title='bbox 1294 1648 1335 1675; x_wconf 85' lang='grc' dir='ltr'><strong>τό.</strong></span> <span class='ocrx_word' id='word_1_563' title='bbox 1355 1657 1364 1674; x_wconf 85' lang='grc'><em>‹</em></span> <span class='ocrx_word' id='word_1_564' title='bbox 1376 1648 1420 1675; x_wconf 84' lang='grc' dir='ltr'>Ἐν</span> <span class='ocrx_word' id='word_1_565' title='bbox 1435 1647 1521 1683; x_wconf 81' lang='grc' dir='ltr'>θλίψει</span> <span class='ocrx_word' id='word_1_566' title='bbox 1548 1649 1704 1681; x_wconf 78' lang='grc' dir='ltr'>ὲπλάτυνὰς</span> <span class='ocrx_word' id='word_1_567' title='bbox 1722 1659 1758 1685; x_wconf 83' lang='grc' dir='ltr'><strong>με</strong></span> <span class='ocrx_word' id='word_1_568' title='bbox 1771 1660 1778 1666; x_wconf 80' lang='grc'><em>”</em></span> <span class='ocrx_word' id='word_1_569' title='bbox 1789 1661 1798 1677; x_wconf 75' lang='grc' dir='ltr'><strong>ι</strong></span> 
     </span>
    </p>
   </div>
   <div class='ocr_carea' id='block_1_80' title="bbox 1005 1693 1801 1730">
    <p class='ocr_par' dir='ltr' id='par_1_80' title="bbox 1005 1693 1801 1730">
     <span class='ocr_line' id='line_1_80' title="bbox 1005 1693 1801 1730; baseline 0.005 -9"><span class='ocrx_word' id='word_1_570' title='bbox 1005 1693 1074 1730; x_wconf 80' lang='grc' dir='ltr'>ὅπερ</span> <span class='ocrx_word' id='word_1_571' title='bbox 1087 1695 1202 1729; x_wconf 85' lang='grc' dir='ltr'>γίνεται,</span> <span class='ocrx_word' id='word_1_572' title='bbox 1219 1695 1250 1722; x_wconf 78' lang='grc' dir='ltr'>οὐ</span> <span class='ocrx_word' id='word_1_573' title='bbox 1268 1695 1376 1727; x_wconf 77' lang='grc' dir='ltr'>πάντως</span> <span class='ocrx_word' id='word_1_574' title='bbox 1386 1694 1623 1730; x_wconf 78' lang='grc' dir='ltr'>ἀπαλλαττομένου</span> <span class='ocrx_word' id='word_1_575' title='bbox 1637 1716 1645 1729; x_wconf 85' lang='grc'><strong>,</strong></span> <span class='ocrx_word' id='word_1_576' title='bbox 1663 1698 1801 1730; x_wconf 76' lang='grc' dir='ltr'>γενναίως</span> 
     </span>
    </p>
   </div>
   <div class='ocr_carea' id='block_1_81' title="bbox 1005 1739 1187 1776">
    <p class='ocr_par' dir='ltr' id='par_1_81' title="bbox 1005 1739 1187 1776">
     <span class='ocr_line' id='line_1_81' title="bbox 1005 1739 1187 1776; baseline 0.011 -10"><span class='ocrx_word' id='word_1_577' title='bbox 1005 1739 1034 1766; x_wconf 79' lang='grc' dir='ltr'>δὲ</span> <span class='ocrx_word' id='word_1_578' title='bbox 1050 1740 1187 1776; x_wconf 84' lang='grc' dir='ltr'>φέροντος.</span> 
     </span>
    </p>
   </div>
   <div class='ocr_carea' id='block_1_82' title="bbox 1041 1797 1802 1834">
    <p class='ocr_par' dir='ltr' id='par_1_82' title="bbox 1041 1797 1802 1834">
     <span class='ocr_line' id='line_1_82' title="bbox 1041 1797 1802 1834; baseline 0.004 -10"><span class='ocrx_word' id='word_1_579' title='bbox 1041 1797 1095 1825; x_wconf 83' lang='lat' dir='ltr'><strong>Kal</strong></span> <span class='ocrx_word' id='word_1_580' title='bbox 1108 1797 1312 1826; x_wconf 65' lang='grc' dir='ltr'>ἀνταποδώσω</span> <span class='ocrx_word' id='word_1_581' title='bbox 1322 1807 1373 1834; x_wconf 82' lang='grc' dir='ltr'>μοι</span> <span class='ocrx_word' id='word_1_582' title='bbox 1389 1799 1495 1833; x_wconf 79' lang='grc' dir='ltr'>Κύριος</span> <span class='ocrx_word' id='word_1_583' title='bbox 1517 1799 1593 1825; x_wconf 81' lang='grc' dir='ltr'>κατὰ</span> <span class='ocrx_word' id='word_1_584' title='bbox 1608 1799 1669 1833; x_wconf 74' lang='grc' dir='ltr'>τὴν</span> <span class='ocrx_word' id='word_1_585' title='bbox 1687 1799 1802 1827; x_wconf 77' lang='grc' dir='ltr'>δικαιο-</span> 
     </span>
    </p>
   </div>
   <div class='ocr_carea' id='block_1_83' title="bbox 1006 1842 1802 1880">
    <p class='ocr_par' dir='ltr' id='par_1_83' title="bbox 1006 1842 1802 1880">
     <span class='ocr_line' id='line_1_83' title="bbox 1006 1842 1802 1880; baseline 0.003 -10"><span class='ocrx_word' id='word_1_586' title='bbox 1006 1844 1106 1878; x_wconf 71' lang='grc' dir='ltr'>σύνην</span> <span class='ocrx_word' id='word_1_587' title='bbox 1117 1853 1189 1878; x_wconf 84' lang='grc' dir='ltr'>μου,</span> <span class='ocrx_word' id='word_1_588' title='bbox 1205 1845 1254 1871; x_wconf 65' lang='grc' dir='ltr'><strong>καὶ</strong></span> <span class='ocrx_word' id='word_1_589' title='bbox 1270 1845 1345 1871; x_wconf 79' lang='grc' dir='ltr'>κατὰ</span> <span class='ocrx_word' id='word_1_590' title='bbox 1363 1842 1419 1878; x_wconf 76' lang='grc' dir='ltr'><strong>τὴν</strong></span> <span class='ocrx_word' id='word_1_591' title='bbox 1438 1845 1637 1879; x_wconf 77' lang='grc' dir='ltr'>καθαριότητα</span> <span class='ocrx_word' id='word_1_592' title='bbox 1660 1844 1726 1871; x_wconf 78' lang='grc' dir='ltr'><strong>τῶν</strong></span> <span class='ocrx_word' id='word_1_593' title='bbox 1744 1855 1802 1880; x_wconf 80' lang='grc' dir='ltr'>χει-</span> 
     </span>
    </p>
   </div>
   <div class='ocr_carea' id='block_1_84' title="bbox 1002 1889 1802 1924">
    <p class='ocr_par' dir='ltr' id='par_1_84' title="bbox 1002 1889 1802 1924">
     <span class='ocr_line' id='line_1_84' title="bbox 1002 1889 1802 1924; baseline -0.001 -8"><span class='ocrx_word' id='word_1_594' title='bbox 1002 1889 1066 1923; x_wconf 78' lang='grc' dir='ltr'><strong>ρῶν</strong></span> <span class='ocrx_word' id='word_1_595' title='bbox 1090 1898 1149 1923; x_wconf 83' lang='grc' dir='ltr'>μου</span> <span class='ocrx_word' id='word_1_596' title='bbox 1177 1889 1381 1917; x_wconf 77' lang='grc' dir='ltr'>ἀνταποδώσει</span> <span class='ocrx_word' id='word_1_597' title='bbox 1405 1899 1456 1924; x_wconf 82' lang='grc' dir='ltr'><strong>μοι</strong></span> <span class='ocrx_word' id='word_1_598' title='bbox 1469 1909 1476 1922; x_wconf 91' lang='grc'><strong>,</strong></span> <span class='ocrx_word' id='word_1_599' title='bbox 1501 1889 1546 1916; x_wconf 81' lang='grc' dir='ltr'>ὅτι</span> <span class='ocrx_word' id='word_1_600' title='bbox 1570 1890 1716 1923; x_wconf 63' lang='grc' dir='ltr'><strong>ἐφύλαξα</strong></span> <span class='ocrx_word' id='word_1_601' title='bbox 1750 1892 1802 1923; x_wconf 78' lang='grc' dir='ltr'><strong>τὰς</strong></span> 
     </span>
    </p>
   </div>
   <div class='ocr_carea' id='block_1_85' title="bbox 1006 1934 1803 1970">
    <p class='ocr_par' dir='ltr' id='par_1_85' title="bbox 1006 1934 1803 1970">
     <span class='ocr_line' id='line_1_85' title="bbox 1006 1934 1803 1970; baseline 0 -9"><span class='ocrx_word' id='word_1_602' title='bbox 1006 1934 1096 1967; x_wconf 80' lang='grc' dir='ltr'>ὁδοὺς</span> <span class='ocrx_word' id='word_1_603' title='bbox 1110 1935 1232 1968; x_wconf 77' lang='grc' dir='ltr'>Κυρίου,</span> <span class='ocrx_word' id='word_1_604' title='bbox 1243 1944 1270 1961; x_wconf 85' lang='grc' dir='ltr'><strong>κ.</strong></span> <span class='ocrx_word' id='word_1_605' title='bbox 1285 1944 1309 1961; x_wconf 88' lang='grc' dir='ltr'>τ.</span> <span class='ocrx_word' id='word_1_606' title='bbox 1322 1935 1344 1961; x_wconf 81' lang='grc' dir='ltr'><strong>ἐ.</strong></span> <span class='ocrx_word' id='word_1_607' title='bbox 1364 1935 1392 1961; x_wconf 89' lang='lat'><strong>&#39;0</strong></span> <span class='ocrx_word' id='word_1_608' title='bbox 1411 1935 1532 1970; x_wconf 73' lang='grc' dir='ltr'>ἐπαίρων</span> <span class='ocrx_word' id='word_1_609' title='bbox 1546 1935 1638 1966; x_wconf 83' lang='grc' dir='ltr'>ὁσίους</span> <span class='ocrx_word' id='word_1_610' title='bbox 1658 1935 1719 1970; x_wconf 79' lang='lat'><strong>(8|)</strong></span> <span class='ocrx_word' id='word_1_611' title='bbox 1749 1937 1803 1970; x_wconf 78' lang='grc' dir='ltr'>χεῖ-</span> 
     </span>
    </p>
   </div>
   <div class='ocr_carea' id='block_1_86' title="bbox 1007 1980 1801 2017">
    <p class='ocr_par' dir='ltr' id='par_1_86' title="bbox 1007 1980 1801 2017">
     <span class='ocr_line' id='line_1_86' title="bbox 1007 1980 1801 2017; baseline 0.003 -11"><span class='ocrx_word' id='word_1_612' title='bbox 1007 1988 1066 2016; x_wconf 86' lang='grc' dir='ltr'>ρας,</span> <span class='ocrx_word' id='word_1_613' title='bbox 1080 1980 1128 2007; x_wconf 69' lang='grc' dir='ltr'><strong>κα)⁸</strong></span> <span class='ocrx_word' id='word_1_614' title='bbox 1143 1980 1250 2016; x_wconf 76' lang='grc' dir='ltr'>θαρρῶν</span> <span class='ocrx_word' id='word_1_615' title='bbox 1265 1981 1367 2007; x_wconf 78' lang='grc' dir='ltr'>εἰπεῖν·</span> <span class='ocrx_word' id='word_1_616' title='bbox 1384 1989 1393 2007; x_wconf 78' lang='grc' dir='ltr'><strong>ι</strong></span> <span class='ocrx_word' id='word_1_617' title='bbox 1409 1981 1544 2016; x_wconf 84' lang='grc' dir='ltr'>Ἐπαρσις</span> <span class='ocrx_word' id='word_1_618' title='bbox 1557 1980 1612 2007; x_wconf 83' lang='grc' dir='ltr'><strong>τῶν</strong></span> <span class='ocrx_word' id='word_1_619' title='bbox 1629 1982 1737 2017; x_wconf 81' lang='grc' dir='ltr'>χειρῶν</span> <span class='ocrx_word' id='word_1_620' title='bbox 1753 1991 1801 2017; x_wconf 66' lang='grc' dir='ltr'><strong>μου</strong></span> 
     </span>
    </p>
   </div>
   <div class='ocr_carea' id='block_1_87' title="bbox 1007 2025 1803 2062">
    <p class='ocr_par' dir='ltr' id='par_1_87' title="bbox 1007 2025 1803 2062">
     <span class='ocr_line' id='line_1_87' title="bbox 1007 2025 1803 2062; baseline 0.004 -11"><span class='ocrx_word' id='word_1_621' title='bbox 1007 2025 1086 2052; x_wconf 83' lang='grc' dir='ltr'>Θυσία</span> <span class='ocrx_word' id='word_1_622' title='bbox 1101 2026 1242 2061; x_wconf 80' lang='grc' dir='ltr'>ὲσπερινὴ,</span> <span class='ocrx_word' id='word_1_623' title='bbox 1264 2035 1273 2052; x_wconf 69' lang='grc' dir='ltr'><strong>ι</strong></span> <span class='ocrx_word' id='word_1_624' title='bbox 1294 2026 1342 2052; x_wconf 69' lang='grc' dir='ltr'>καὶ</span> <span class='ocrx_word' id='word_1_625' title='bbox 1364 2025 1537 2061; x_wconf 82' lang='grc' dir='ltr'>καθαρότητα</span> <span class='ocrx_word' id='word_1_626' title='bbox 1550 2026 1652 2061; x_wconf 82' lang='grc' dir='ltr'>χειρῶν</span> <span class='ocrx_word' id='word_1_627' title='bbox 1666 2027 1803 2062; x_wconf 71' lang='grc' dir='ltr'>ὁμολογή-</span> 
     </span>
    </p>
   </div>
   <div class='ocr_carea' id='block_1_88' title="bbox 1007 2070 1800 2107">
    <p class='ocr_par' dir='ltr' id='par_1_88' title="bbox 1007 2070 1800 2107">
     <span class='ocr_line' id='line_1_88' title="bbox 1007 2070 1800 2107; baseline 0.003 -10"><span class='ocrx_word' id='word_1_628' title='bbox 1007 2079 1048 2097; x_wconf 88' lang='grc' dir='ltr'><strong>σει</strong></span> <span class='ocrx_word' id='word_1_629' title='bbox 1058 2070 1140 2106; x_wconf 77' lang='grc' dir='ltr'>έχειν.</span> <span class='ocrx_word' id='word_1_630' title='bbox 1155 2071 1326 2106; x_wconf 75' lang='grc' dir='ltr'>Θεωροῦντος</span> <span class='ocrx_word' id='word_1_631' title='bbox 1342 2072 1370 2098; x_wconf 86' lang='grc' dir='ltr'>δὲ</span> <span class='ocrx_word' id='word_1_632' title='bbox 1383 2071 1420 2102; x_wconf 82' lang='grc' dir='ltr'><strong>ὡς</strong></span> <span class='ocrx_word' id='word_1_633' title='bbox 1438 2071 1553 2098; x_wconf 71' lang='grc' dir='ltr'>ἕκαστον</span> <span class='ocrx_word' id='word_1_634' title='bbox 1574 2072 1668 2107; x_wconf 85' lang='grc' dir='ltr'>κρίσει</span> <span class='ocrx_word' id='word_1_635' title='bbox 1696 2073 1800 2106; x_wconf 75' lang='grc' dir='ltr'>γίνεται</span> 
     </span>
    </p>
   </div>
   <div class='ocr_carea' id='block_1_89' title="bbox 1004 2114 1800 2151">
    <p class='ocr_par' dir='ltr' id='par_1_89' title="bbox 1004 2114 1800 2151">
     <span class='ocr_line' id='line_1_89' title="bbox 1004 2114 1800 2151; baseline 0.001 -10"><span class='ocrx_word' id='word_1_636' title='bbox 1004 2114 1094 2148; x_wconf 75' lang='grc' dir='ltr'>λόγος.</span> <span class='ocrx_word' id='word_1_637' title='bbox 1109 2115 1187 2141; x_wconf 86' lang='grc' dir='ltr'>Ἔστι</span> <span class='ocrx_word' id='word_1_638' title='bbox 1202 2115 1230 2142; x_wconf 86' lang='grc' dir='ltr'><strong>δέ</strong></span> <span class='ocrx_word' id='word_1_639' title='bbox 1244 2123 1304 2142; x_wconf 87' lang='grc' dir='ltr'>τινα</span> <span class='ocrx_word' id='word_1_640' title='bbox 1319 2115 1440 2151; x_wconf 84' lang='grc' dir='ltr'>κρίματα</span> <span class='ocrx_word' id='word_1_641' title='bbox 1454 2115 1501 2141; x_wconf 80' lang='grc' dir='ltr'>τοῦ</span> <span class='ocrx_word' id='word_1_642' title='bbox 1512 2115 1581 2141; x_wconf 80' lang='grc' dir='ltr'>Θεοῦ</span> <span class='ocrx_word' id='word_1_643' title='bbox 1601 2117 1669 2151; x_wconf 73' lang='grc' dir='ltr'>περὶ</span> <span class='ocrx_word' id='word_1_644' title='bbox 1683 2117 1800 2144; x_wconf 74' lang='grc' dir='ltr'>ἑκάστω</span> 
     </span>
    </p>
   </div>
   <div class='ocr_carea' id='block_1_90' title="bbox 1004 2158 1800 2196">
    <p class='ocr_par' dir='ltr' id='par_1_90' title="bbox 1004 2158 1800 2196">
     <span class='ocr_line' id='line_1_90' title="bbox 1004 2158 1800 2196; baseline 0.003 -10"><span class='ocrx_word' id='word_1_645' title='bbox 1004 2159 1061 2187; x_wconf 78' lang='grc' dir='ltr'>τῶν</span> <span class='ocrx_word' id='word_1_646' title='bbox 1075 2160 1314 2195; x_wconf 79' lang='grc' dir='ltr'>ἁμαρτανομένων.</span> <span class='ocrx_word' id='word_1_647' title='bbox 1335 2161 1418 2187; x_wconf 80' lang='grc' dir='ltr'>Ἐπὰν</span> <span class='ocrx_word' id='word_1_648' title='bbox 1431 2158 1477 2188; x_wconf 79' lang='grc' dir='ltr'>οὖν</span> <span class='ocrx_word' id='word_1_649' title='bbox 1488 2160 1523 2187; x_wconf 77' lang='grc' dir='ltr'><strong>τὰ</strong></span> <span class='ocrx_word' id='word_1_650' title='bbox 1537 2161 1602 2196; x_wconf 80' lang='grc' dir='ltr'>περὶ</span> <span class='ocrx_word' id='word_1_651' title='bbox 1615 2161 1732 2188; x_wconf 81' lang='grc' dir='ltr'>πάντων</span> <span class='ocrx_word' id='word_1_652' title='bbox 1750 2161 1800 2187; x_wconf 68' lang='grc' dir='ltr'><strong>τῶν</strong></span> 
     </span>
    </p>
   </div>
   <div class='ocr_carea' id='block_1_91' title="bbox 169 2203 955 2242">
    <p class='ocr_par' dir='ltr' id='par_1_91' title="bbox 169 2203 952 2241">
     <span class='ocr_line' id='line_1_91' title="bbox 169 2203 952 2241; baseline -0.005 -7"><span class='ocrx_word' id='word_1_653' title='bbox 169 2213 214 2234; x_wconf 91' lang='lat' dir='ltr'><strong>tur</strong></span> <span class='ocrx_word' id='word_1_654' title='bbox 235 2206 297 2241; x_wconf 91' lang='lat' dir='ltr'><strong>quis</strong></span> <span class='ocrx_word' id='word_1_655' title='bbox 313 2205 405 2233; x_wconf 90' lang='lat' dir='ltr'><strong>omnia</strong></span> <span class='ocrx_word' id='word_1_656' title='bbox 421 2205 455 2232; x_wconf 87' lang='lat' dir='ltr'><strong>de</strong></span> <span class='ocrx_word' id='word_1_657' title='bbox 479 2204 598 2239; x_wconf 86' lang='lat' dir='ltr'><strong>peccatis</strong></span> <span class='ocrx_word' id='word_1_658' title='bbox 621 2204 748 2231; x_wconf 87' lang='lat' dir='ltr'><strong>omnibus</strong></span> <span class='ocrx_word' id='word_1_659' title='bbox 759 2203 862 2237; x_wconf 84' lang='lat' dir='ltr'><strong>judicia</strong></span> <span class='ocrx_word' id='word_1_660' title='bbox 888 2208 952 2230; x_wconf 86' lang='lat' dir='ltr'><strong>ante</strong></span> 
     </span>
    </p>
   </div>
   <div class='ocr_carea' id='block_1_92' title="bbox 1035 2203 1799 2242">
    <p class='ocr_par' dir='ltr' id='par_1_92' title="bbox 1035 2205 1799 2242">
     <span class='ocr_line' id='line_1_92' title="bbox 1035 2205 1799 2242; baseline 0.004 -12"><span class='ocrx_word' id='word_1_661' title='bbox 1035 2205 1210 2240; x_wconf 79' lang='grc' dir='ltr'>ιαρτημάτων</span> <span class='ocrx_word' id='word_1_662' title='bbox 1224 2205 1347 2241; x_wconf 81' lang='grc' dir='ltr'>κρίματα</span> <span class='ocrx_word' id='word_1_663' title='bbox 1358 2206 1446 2233; x_wconf 85' lang='grc' dir='ltr'>πάντα</span> <span class='ocrx_word' id='word_1_664' title='bbox 1458 2206 1512 2241; x_wconf 75' lang='grc' dir='ltr'>πρὸ</span> <span class='ocrx_word' id='word_1_665' title='bbox 1519 2206 1672 2241; x_wconf 77' lang='grc' dir='ltr'>ὀφθαλμῶν</span> <span class='ocrx_word' id='word_1_666' title='bbox 1687 2215 1732 2238; x_wconf 78' lang='grc' dir='ltr'><strong>τις</strong></span> <span class='ocrx_word' id='word_1_667' title='bbox 1742 2207 1799 2242; x_wconf 66' lang='grc' dir='ltr'>ἔχῃ,</span> 
     </span>
    </p>
   </div>
   <div class='ocr_carea' id='block_1_93' title="bbox 167 2247 951 2283">
    <p class='ocr_par' dir='ltr' id='par_1_93' title="bbox 167 2247 951 2283">
     <span class='ocr_line' id='line_1_93' title="bbox 167 2247 951 2283; baseline -0.004 -4"><span class='ocrx_word' id='word_1_668' title='bbox 167 2251 261 2279; x_wconf 89' lang='lat' dir='ltr'><strong>oculos</strong></span> <span class='ocrx_word' id='word_1_669' title='bbox 276 2251 375 2283; x_wconf 86' lang='lat' dir='ltr'><strong>habet,</strong></span> <span class='ocrx_word' id='word_1_670' title='bbox 400 2249 488 2277; x_wconf 88' lang='lat' dir='ltr'><strong>dicet:</strong></span> <span class='ocrx_word' id='word_1_671' title='bbox 508 2257 517 2274; x_wconf 79' lang='grc' dir='ltr'><strong>ι</strong></span> <span class='ocrx_word' id='word_1_672' title='bbox 534 2247 631 2276; x_wconf 85' lang='lat' dir='ltr'><strong>Omnia</strong></span> <span class='ocrx_word' id='word_1_673' title='bbox 645 2248 747 2283; x_wconf 86' lang='lat' dir='ltr'><strong>judicia</strong></span> <span class='ocrx_word' id='word_1_674' title='bbox 761 2249 819 2282; x_wconf 86' lang='lat' dir='ltr'><strong>ejus</strong></span> <span class='ocrx_word' id='word_1_675' title='bbox 843 2249 870 2276; x_wconf 94' lang='lat' dir='ltr'><strong>in</strong></span> <span class='ocrx_word' id='word_1_676' title='bbox 885 2257 951 2277; x_wconf 88' lang='lat' dir='ltr'><strong>con-</strong></span> 
     </span>
    </p>
   </div>
   <div class='ocr_carea' id='block_1_94' title="bbox 167 2294 954 2334">
    <p class='ocr_par' dir='ltr' id='par_1_94' title="bbox 167 2294 954 2334">
     <span class='ocr_line' id='line_1_94' title="bbox 167 2294 954 2334; baseline -0.004 -8"><span class='ocrx_word' id='word_1_677' title='bbox 167 2301 261 2334; x_wconf 82' lang='lat' dir='ltr'><strong>specto</strong></span> <span class='ocrx_word' id='word_1_678' title='bbox 275 2303 370 2324; x_wconf 58' lang='lat' dir='ltr'><strong>meou</strong></span> <span class='ocrx_word' id='word_1_679' title='bbox 393 2295 527 2323; x_wconf 70' lang='lat' dir='ltr'><strong>Creterum</strong></span> <span class='ocrx_word' id='word_1_680' title='bbox 546 2295 592 2329; x_wconf 91' lang='lat' dir='ltr'><strong>qui</strong></span> <span class='ocrx_word' id='word_1_681' title='bbox 615 2295 673 2322; x_wconf 74' lang='lat' dir='ltr'><strong>haec</strong></span> <span class='ocrx_word' id='word_1_682' title='bbox 695 2294 775 2326; x_wconf 84' lang='lat' dir='ltr'><strong>dicit,</strong></span> <span class='ocrx_word' id='word_1_683' title='bbox 791 2294 817 2321; x_wconf 93' lang='lat' dir='ltr'><strong>in</strong></span> <span class='ocrx_word' id='word_1_684' title='bbox 836 2294 908 2322; x_wconf 91' lang='lat' dir='ltr'><strong>nulla</strong></span> <span class='ocrx_word' id='word_1_685' title='bbox 925 2302 954 2323; x_wconf 90' lang='lat' dir='ltr'><strong>re</strong></span> 
     </span>
    </p>
   </div>
   <div class='ocr_carea' id='block_1_95' title="bbox 168 2339 951 2380">
    <p class='ocr_par' dir='ltr' id='par_1_95' title="bbox 168 2339 951 2380">
     <span class='ocr_line' id='line_1_95' title="bbox 168 2339 951 2380; baseline -0.005 -8"><span class='ocrx_word' id='word_1_686' title='bbox 168 2344 288 2380; x_wconf 87' lang='lat' dir='ltr'><strong>seipsum</strong></span> <span class='ocrx_word' id='word_1_687' title='bbox 304 2342 480 2370; x_wconf 85' lang='lat' dir='ltr'><strong>condemnat.</strong></span> <span class='ocrx_word' id='word_1_688' title='bbox 505 2339 582 2368; x_wconf 88' lang='lat' dir='ltr'><strong>Unde</strong></span> <span class='ocrx_word' id='word_1_689' title='bbox 595 2340 653 2367; x_wconf 83' lang='lat' dir='ltr'><strong>haec</strong></span> <span class='ocrx_word' id='word_1_690' title='bbox 670 2340 753 2367; x_wconf 87' lang='lat' dir='ltr'><strong>etiam</strong></span> <span class='ocrx_word' id='word_1_691' title='bbox 774 2340 807 2368; x_wconf 89' lang='lat' dir='ltr'><strong>ad</strong></span> <span class='ocrx_word' id='word_1_692' title='bbox 827 2339 951 2368; x_wconf 78' lang='lat' dir='ltr'><strong>Salvato-</strong></span> 
     </span>
    </p>
   </div>
   <div class='ocr_carea' id='block_1_96' title="bbox 169 2387 951 2422">
    <p class='ocr_par' dir='ltr' id='par_1_96' title="bbox 169 2387 951 2422">
     <span class='ocr_line' id='line_1_96' title="bbox 169 2387 951 2422; baseline -0.006 -3"><span class='ocrx_word' id='word_1_693' title='bbox 169 2398 225 2418; x_wconf 87' lang='lat' dir='ltr'><strong>rem</strong></span> <span class='ocrx_word' id='word_1_694' title='bbox 243 2389 384 2418; x_wconf 79' lang='lat' dir='ltr'><strong>referenda</strong></span> <span class='ocrx_word' id='word_1_695' title='bbox 397 2392 477 2421; x_wconf 86' lang='lat' dir='ltr'><strong>sunt,</strong></span> <span class='ocrx_word' id='word_1_696' title='bbox 501 2387 602 2422; x_wconf 86' lang='lat' dir='ltr'><strong>quippe</strong></span> <span class='ocrx_word' id='word_1_697' title='bbox 622 2395 632 2411; x_wconf 73' lang='grc' dir='ltr'><strong>ι</strong></span> <span class='ocrx_word' id='word_1_698' title='bbox 650 2389 782 2413; x_wconf 86' lang='lat' dir='ltr'><strong>tentatum</strong></span> <span class='ocrx_word' id='word_1_699' title='bbox 796 2393 843 2421; x_wconf 86' lang='lat' dir='ltr'><strong>per</strong></span> <span class='ocrx_word' id='word_1_700' title='bbox 859 2387 951 2414; x_wconf 87' lang='lat' dir='ltr'><strong>omnia</strong></span> 
     </span>
    </p>
   </div>
   <div class='ocr_carea' id='block_1_97' title="bbox 167 2431 718 2472">
    <p class='ocr_par' dir='ltr' id='par_1_97' title="bbox 167 2431 718 2472">
     <span class='ocr_line' id='line_1_97' title="bbox 167 2431 718 2472; baseline -0.013 -8"><span class='ocrx_word' id='word_1_701' title='bbox 167 2444 216 2472; x_wconf 88' lang='lat' dir='ltr'><strong>pro</strong></span> <span class='ocrx_word' id='word_1_702' title='bbox 229 2434 406 2471; x_wconf 82' lang='lat' dir='ltr'><strong>similitudine</strong></span> <span class='ocrx_word' id='word_1_703' title='bbox 419 2434 522 2466; x_wconf 89' lang='lat' dir='ltr'><strong>absque</strong></span> <span class='ocrx_word' id='word_1_704' title='bbox 538 2435 648 2466; x_wconf 85' lang='lat' dir='ltr'><strong>peccato</strong></span> <span class='ocrx_word' id='word_1_705' title='bbox 658 2431 692 2458; x_wconf 80' lang='grc'><strong>⁷³.</strong></span> <span class='ocrx_word' id='word_1_706' title='bbox 709 2440 718 2456; x_wconf 76' lang='grc' dir='ltr'><strong>ι</strong></span> 
     </span>
    </p>
   </div>
   <div class='ocr_carea' id='block_1_98' title="bbox 203 2476 950 2517">
    <p class='ocr_par' dir='ltr' id='par_1_98' title="bbox 203 2476 950 2517">
     <span class='ocr_line' id='line_1_98' title="bbox 203 2476 950 2517; baseline -0.008 -8"><span class='ocrx_word' id='word_1_707' title='bbox 203 2482 337 2517; x_wconf 74' lang='lat' dir='ltr'><strong>Ejusdem.</strong></span> <span class='ocrx_word' id='word_1_708' title='bbox 354 2479 462 2506; x_wconf 80' lang='lat' dir='ltr'><strong>Puritas</strong></span> <span class='ocrx_word' id='word_1_709' title='bbox 478 2478 576 2506; x_wconf 89' lang='lat' dir='ltr'><strong>mentis</strong></span> <span class='ocrx_word' id='word_1_710' title='bbox 597 2482 640 2505; x_wconf 84' lang='lat' dir='ltr'><strong>est</strong></span> <span class='ocrx_word' id='word_1_711' title='bbox 665 2476 808 2504; x_wconf 84' lang='lat' dir='ltr'><strong>all&#39;ectuum</strong></span> <span class='ocrx_word' id='word_1_712' title='bbox 829 2477 950 2504; x_wconf 85' lang='lat' dir='ltr'><strong>carentia</strong></span> 
     </span>
    </p>
   </div>
   <div class='ocr_carea' id='block_1_99' title="bbox 166 2521 952 2561">
    <p class='ocr_par' dir='ltr' id='par_1_99' title="bbox 166 2521 952 2561">
     <span class='ocr_line' id='line_1_99' title="bbox 166 2521 952 2561; baseline -0.006 -9"><span class='ocrx_word' id='word_1_713' title='bbox 166 2533 198 2553; x_wconf 84' lang='lat' dir='ltr'><strong>ex</strong></span> <span class='ocrx_word' id='word_1_714' title='bbox 216 2525 300 2561; x_wconf 77' lang='lat' dir='ltr'><strong>gratia</strong></span> <span class='ocrx_word' id='word_1_715' title='bbox 323 2523 385 2556; x_wconf 89' lang='lat' dir='ltr'><strong>Dei,</strong></span> <span class='ocrx_word' id='word_1_716' title='bbox 411 2521 502 2549; x_wconf 92' lang='lat' dir='ltr'><strong>addito</strong></span> <span class='ocrx_word' id='word_1_717' title='bbox 522 2521 603 2548; x_wconf 89' lang='lat' dir='ltr'><strong>etiam</strong></span> <span class='ocrx_word' id='word_1_718' title='bbox 626 2521 742 2548; x_wconf 88' lang='lat' dir='ltr'><strong>hominis</strong></span> <span class='ocrx_word' id='word_1_719' title='bbox 757 2521 857 2548; x_wconf 82' lang='lat' dir='ltr'><strong>studio.</strong></span> <span class='ocrx_word' id='word_1_720' title='bbox 874 2521 952 2548; x_wconf 69' lang='lat' dir='ltr'><strong>Puri-</strong></span> 
     </span>
    </p>
   </div>
   <div class='ocr_carea' id='block_1_100' title="bbox 1005 2249 1802 2287">
    <p class='ocr_par' dir='ltr' id='par_1_100' title="bbox 1005 2249 1802 2287">
     <span class='ocr_line' id='line_1_100' title="bbox 1005 2249 1802 2287; baseline 0.003 -11"><span class='ocrx_word' id='word_1_721' title='bbox 1005 2252 1080 2286; x_wconf 78' lang='grc' dir='ltr'>ἐρεῖ·</span> <span class='ocrx_word' id='word_1_722' title='bbox 1095 2259 1105 2276; x_wconf 76' lang='grc' dir='ltr'><strong>ι</strong></span> <span class='ocrx_word' id='word_1_723' title='bbox 1121 2251 1212 2278; x_wconf 84' lang='grc' dir='ltr'>Πάντα</span> <span class='ocrx_word' id='word_1_724' title='bbox 1222 2251 1255 2278; x_wconf 78' lang='grc' dir='ltr'><strong>τὰ</strong></span> <span class='ocrx_word' id='word_1_725' title='bbox 1267 2251 1389 2287; x_wconf 82' lang='grc' dir='ltr'>κρίματα</span> <span class='ocrx_word' id='word_1_726' title='bbox 1406 2251 1487 2278; x_wconf 81' lang='grc' dir='ltr'>αὑτοῦ</span> <span class='ocrx_word' id='word_1_727' title='bbox 1499 2249 1615 2278; x_wconf 76' lang='grc' dir='ltr'>ἐνώπιόν</span> <span class='ocrx_word' id='word_1_728' title='bbox 1635 2260 1702 2286; x_wconf 75' lang='grc' dir='ltr'>μου.</span> <span class='ocrx_word' id='word_1_729' title='bbox 1717 2261 1727 2278; x_wconf 75' lang='grc' dir='ltr'><strong>ι</strong></span> <span class='ocrx_word' id='word_1_730' title='bbox 1749 2252 1802 2278; x_wconf 70' lang='grc' dir='ltr'><strong>Καὶ</strong></span> 
     </span>
    </p>
   </div>
   <div class='ocr_carea' id='block_1_101' title="bbox 1001 2296 1800 2331">
    <p class='ocr_par' dir='ltr' id='par_1_101' title="bbox 1001 2296 1800 2331">
     <span class='ocr_line' id='line_1_101' title="bbox 1001 2296 1800 2331; baseline -0.001 -7"><span class='ocrx_word' id='word_1_731' title='bbox 1001 2296 1091 2328; x_wconf 85' lang='grc' dir='ltr'>ἄλλως</span> <span class='ocrx_word' id='word_1_732' title='bbox 1103 2296 1204 2323; x_wconf 75' lang='grc' dir='ltr'>οὐδὲνό</span> <span class='ocrx_word' id='word_1_733' title='bbox 1225 2296 1310 2323; x_wconf 79' lang='grc' dir='ltr'>ταῦτα</span> <span class='ocrx_word' id='word_1_734' title='bbox 1339 2297 1425 2331; x_wconf 83' lang='grc' dir='ltr'>λέγων</span> <span class='ocrx_word' id='word_1_735' title='bbox 1455 2296 1552 2324; x_wconf 74' lang='grc' dir='ltr'>ἑαυτοῦ</span> <span class='ocrx_word' id='word_1_736' title='bbox 1581 2298 1800 2331; x_wconf 74' lang='grc' dir='ltr'>καταγινώσκει.</span> 
     </span>
    </p>
   </div>
   <div class='ocr_carea' id='block_1_102' title="bbox 1005 2341 1800 2378">
    <p class='ocr_par' dir='ltr' id='par_1_102' title="bbox 1005 2341 1800 2378">
     <span class='ocr_line' id='line_1_102' title="bbox 1005 2341 1800 2378; baseline 0 -10"><span class='ocrx_word' id='word_1_737' title='bbox 1005 2341 1087 2368; x_wconf 82' lang='grc' dir='ltr'>Ὅθεν</span> <span class='ocrx_word' id='word_1_738' title='bbox 1100 2341 1147 2368; x_wconf 81' lang='grc' dir='ltr'><strong>καὶ</strong></span> <span class='ocrx_word' id='word_1_739' title='bbox 1168 2343 1214 2369; x_wconf 77' lang='grc' dir='ltr'><strong>ἐπὶ</strong></span> <span class='ocrx_word' id='word_1_740' title='bbox 1232 2342 1277 2369; x_wconf 80' lang='grc' dir='ltr'><strong>τὸν</strong></span> <span class='ocrx_word' id='word_1_741' title='bbox 1298 2343 1413 2378; x_wconf 85' lang='grc' dir='ltr'>Σωτῆρα</span> <span class='ocrx_word' id='word_1_742' title='bbox 1444 2342 1512 2369; x_wconf 77' lang='grc' dir='ltr'>αὐτὰ</span> <span class='ocrx_word' id='word_1_743' title='bbox 1538 2343 1580 2369; x_wconf 79' lang='grc' dir='ltr'><strong>δεῖ</strong></span> <span class='ocrx_word' id='word_1_744' title='bbox 1598 2343 1800 2378; x_wconf 75' lang='grc' dir='ltr'>ἀναφέρεσθαι.</span> 
     </span>
    </p>
   </div>
   <div class='ocr_carea' id='block_1_103' title="bbox 1003 2387 1800 2423">
    <p class='ocr_par' dir='ltr' id='par_1_103' title="bbox 1003 2387 1800 2423">
     <span class='ocr_line' id='line_1_103' title="bbox 1003 2387 1800 2423; baseline 0.003 -12"><span class='ocrx_word' id='word_1_745' title='bbox 1003 2394 1013 2411; x_wconf 73' lang='grc' dir='ltr'><strong>ι</strong></span> <span class='ocrx_word' id='word_1_746' title='bbox 1036 2387 1084 2412; x_wconf 79' lang='grc' dir='ltr'>τὸν</span> <span class='ocrx_word' id='word_1_747' title='bbox 1106 2387 1324 2423; x_wconf 77' lang='grc' dir='ltr'>πεπειρασμένον</span> <span class='ocrx_word' id='word_1_748' title='bbox 1357 2387 1427 2415; x_wconf 82' lang='grc' dir='ltr'>κατὰ</span> <span class='ocrx_word' id='word_1_749' title='bbox 1446 2388 1534 2414; x_wconf 76' lang='grc' dir='ltr'>πάντα</span> <span class='ocrx_word' id='word_1_750' title='bbox 1564 2387 1626 2414; x_wconf 79' lang='grc' dir='ltr'>καθ’</span> <span class='ocrx_word' id='word_1_751' title='bbox 1648 2389 1800 2423; x_wconf 69' lang='grc' dir='ltr'>ὁμοιότητα</span> 
     </span>
    </p>
   </div>
   <div class='ocr_carea' id='block_1_104' title="bbox 1000 2432 1274 2468">
    <p class='ocr_par' dir='ltr' id='par_1_104' title="bbox 1000 2432 1274 2468">
     <span class='ocr_line' id='line_1_104' title="bbox 1000 2432 1274 2468; baseline 0.007 -10"><span class='ocrx_word' id='word_1_752' title='bbox 1000 2432 1087 2467; x_wconf 77' lang='grc' dir='ltr'>χωρὶς</span> <span class='ocrx_word' id='word_1_753' title='bbox 1099 2433 1244 2468; x_wconf 82' lang='grc' dir='ltr'>ἁμαρτίας.</span> <span class='ocrx_word' id='word_1_754' title='bbox 1264 2444 1274 2460; x_wconf 75' lang='grc' dir='ltr'><strong>ι</strong></span> 
     </span>
    </p>
   </div>
   <div class='ocr_carea' id='block_1_105' title="bbox 1042 2477 1800 2514">
    <p class='ocr_par' dir='ltr' id='par_1_105' title="bbox 1042 2477 1800 2514">
     <span class='ocr_line' id='line_1_105' title="bbox 1042 2477 1800 2514; baseline 0.004 -11"><span class='ocrx_word' id='word_1_755' title='bbox 1042 2477 1099 2504; x_wconf 86' lang='grc' dir='ltr'><strong>Τοῦ</strong></span> <span class='ocrx_word' id='word_1_756' title='bbox 1118 2479 1221 2505; x_wconf 81' lang='grc' dir='ltr'>αὑτοῦ.</span> <span class='ocrx_word' id='word_1_757' title='bbox 1247 2479 1434 2514; x_wconf 74' lang='grc' dir='ltr'>Καθαρειότης</span> <span class='ocrx_word' id='word_1_758' title='bbox 1453 2479 1540 2514; x_wconf 80' lang='grc' dir='ltr'>ψυχῆς</span> <span class='ocrx_word' id='word_1_759' title='bbox 1554 2477 1610 2514; x_wconf 72' lang='lat'><strong>(82)</strong></span> <span class='ocrx_word' id='word_1_760' title='bbox 1627 2480 1705 2506; x_wconf 77' lang='grc' dir='ltr'>ἐστιν</span> <span class='ocrx_word' id='word_1_761' title='bbox 1727 2479 1800 2506; x_wconf 68' lang='grc' dir='ltr'><strong>ἁπά-</strong></span> 
     </span>
    </p>
   </div>
   <div class='ocr_carea' id='block_1_106' title="bbox 1004 2523 1800 2560">
    <p class='ocr_par' dir='ltr' id='par_1_106' title="bbox 1004 2523 1800 2560">
     <span class='ocr_line' id='line_1_106' title="bbox 1004 2523 1800 2560; baseline 0 -10"><span class='ocrx_word' id='word_1_762' title='bbox 1004 2523 1065 2550; x_wconf 71' lang='grc' dir='ltr'>θεια</span> <span class='ocrx_word' id='word_1_763' title='bbox 1088 2524 1120 2550; x_wconf 75' lang='grc' dir='ltr'>ἐκ</span> <span class='ocrx_word' id='word_1_764' title='bbox 1139 2524 1249 2560; x_wconf 82' lang='grc' dir='ltr'>χάριτος</span> <span class='ocrx_word' id='word_1_765' title='bbox 1269 2524 1348 2558; x_wconf 78' lang='grc' dir='ltr'>Θεοῦ,</span> <span class='ocrx_word' id='word_1_766' title='bbox 1377 2523 1594 2560; x_wconf 85' lang='grc' dir='ltr'>προσγινομένης</span> <span class='ocrx_word' id='word_1_767' title='bbox 1611 2525 1661 2550; x_wconf 73' lang='grc' dir='ltr'>καὶ</span> <span class='ocrx_word' id='word_1_768' title='bbox 1683 2525 1800 2558; x_wconf 49' lang='lat' dir='ltr'><strong>mwﬁ;</strong></span> 
     </span>
    </p>
   </div>
   <div class='ocr_carea' id='block_1_107' title="bbox 218 2603 955 2638">
    <p class='ocr_par' dir='ltr' id='par_1_107' title="bbox 218 2603 948 2638">
     <span class='ocr_line' id='line_1_107' title="bbox 218 2603 948 2638; baseline -0.003 -5"><span class='ocrx_word' id='word_1_769' title='bbox 218 2607 241 2622; x_wconf 89' lang='grc'><strong>⁷¹</strong></span> <span class='ocrx_word' id='word_1_770' title='bbox 256 2605 351 2633; x_wconf 80' lang='lat' dir='ltr'><strong>Matth.</strong></span> <span class='ocrx_word' id='word_1_771' title='bbox 365 2613 390 2638; x_wconf 87' lang='grc' dir='ltr'><strong>ν,</strong></span> <span class='ocrx_word' id='word_1_772' title='bbox 405 2605 432 2633; x_wconf 90' lang='lat'><strong>8.</strong></span> <span class='ocrx_word' id='word_1_773' title='bbox 469 2605 492 2621; x_wconf 84' lang='lat'>&quot;</span> <span class='ocrx_word' id='word_1_774' title='bbox 510 2603 577 2632; x_wconf 90' lang='lat' dir='ltr'><strong>Luc.</strong></span> <span class='ocrx_word' id='word_1_775' title='bbox 592 2612 619 2637; x_wconf 71' lang='grc' dir='ltr'>κ,</span> <span class='ocrx_word' id='word_1_776' title='bbox 635 2604 678 2631; x_wconf 83' lang='grc'><strong>19.</strong></span> <span class='ocrx_word' id='word_1_777' title='bbox 717 2603 740 2619; x_wconf 87' lang='grc'>⁷³</span> <span class='ocrx_word' id='word_1_778' title='bbox 752 2603 796 2632; x_wconf 89' lang='lat' dir='ltr'><strong>Ps.</strong></span> <span class='ocrx_word' id='word_1_779' title='bbox 811 2611 848 2637; x_wconf 87' lang='lat' dir='ltr'><strong>tv,</strong></span> <span class='ocrx_word' id='word_1_780' title='bbox 860 2604 888 2631; x_wconf 80' lang='lat'><strong>2.</strong></span> <span class='ocrx_word' id='word_1_781' title='bbox 926 2604 948 2621; x_wconf 79' lang='lat'><strong>&quot;</strong></span> 
     </span>
    </p>
   </div>
   <div class='ocr_carea' id='block_1_108' title="bbox 1035 2603 1424 2638">
    <p class='ocr_par' dir='ltr' id='par_1_108' title="bbox 1035 2603 1424 2637">
     <span class='ocr_line' id='line_1_108' title="bbox 1035 2603 1424 2637; baseline -0.005 -5"><span class='ocrx_word' id='word_1_782' title='bbox 1035 2613 1077 2632; x_wconf 74' lang='grc' dir='ltr'>ιιι.</span> <span class='ocrx_word' id='word_1_783' title='bbox 1091 2624 1098 2637; x_wconf 83' lang='grc'><strong>,</strong></span> <span class='ocrx_word' id='word_1_784' title='bbox 1116 2604 1143 2630; x_wconf 74' lang='lat'><strong>2.</strong></span> <span class='ocrx_word' id='word_1_785' title='bbox 1182 2604 1205 2620; x_wconf 84' lang='lat'>”</span> <span class='ocrx_word' id='word_1_786' title='bbox 1222 2604 1304 2631; x_wconf 89' lang='lat' dir='ltr'><strong>llebr.</strong></span> <span class='ocrx_word' id='word_1_787' title='bbox 1319 2611 1362 2637; x_wconf 84' lang='lat' dir='ltr'><strong>Iv,</strong></span> <span class='ocrx_word' id='word_1_788' title='bbox 1380 2603 1424 2631; x_wconf 83' lang='lat' dir='ltr'><strong>l5.</strong></span> 
     </span>
    </p>
   </div>
   <div class='ocr_carea' id='block_1_109' title="bbox 169 2676 949 2738">
    <p class='ocr_par' dir='ltr' id='par_1_109' title="bbox 169 2676 949 2738">
     <span class='ocr_line' id='line_1_109' title="bbox 169 2676 949 2738; baseline 0.003 -34"><span class='ocrx_word' id='word_1_789' title='bbox 169 2711 189 2738; x_wconf 63' lang='grc' dir='ltr'><strong>Β</strong></span> <span class='ocrx_word' id='word_1_790' title='bbox 202 2677 259 2738; x_wconf 48' lang='lat' dir='ltr'><strong>(&quot;lg&quot;)</strong></span> <span class='ocrx_word' id='word_1_791' title='bbox 273 2677 374 2712; x_wconf 75' lang='grc' dir='ltr'>Πηγὰς</span> <span class='ocrx_word' id='word_1_792' title='bbox 387 2676 440 2710; x_wconf 80' lang='grc' dir='ltr'>τὰς</span> <span class='ocrx_word' id='word_1_793' title='bbox 453 2677 571 2711; x_wconf 79' lang='grc' dir='ltr'>ἀρετάς,</span> <span class='ocrx_word' id='word_1_794' title='bbox 586 2679 644 2705; x_wconf 79' lang='lat' dir='ltr'><strong>ctc.‘</strong></span> <span class='ocrx_word' id='word_1_795' title='bbox 664 2676 769 2704; x_wconf 59' lang='lat' dir='ltr'><strong>Eadem</strong></span> <span class='ocrx_word' id='word_1_796' title='bbox 792 2676 911 2709; x_wconf 70' lang='lat' dir='ltr'><strong>schedm,</strong></span> <span class='ocrx_word' id='word_1_797' title='bbox 924 2682 949 2706; x_wconf 68' lang='lat' dir='ltr'><strong>et</strong></span> 
     </span>
     <span class='ocr_line' id='line_1_110' title="bbox 190 2720 312 2738; baseline 0.008 -1"><span class='ocrx_word' id='word_1_798' title='bbox 190 2720 218 2737; x_wconf 75' lang='lat' dir='ltr'><strong>at</strong></span> <span class='ocrx_word' id='word_1_799' title='bbox 241 2730 247 2737; x_wconf 84' lang='grc'><strong>.</strong></span> <span class='ocrx_word' id='word_1_800' title='bbox 258 2720 312 2738; x_wconf 81' lang='lat' dir='ltr'><strong>l&#39;lIS.</strong></span> 
     </span>
    </p>
   </div>
   <div class='ocr_carea' id='block_1_110' title="bbox 190 2712 947 2781">
    <p class='ocr_par' dir='ltr' id='par_1_110' title="bbox 190 2712 947 2781">
     <span class='ocr_line' id='line_1_111' title="bbox 190 2712 947 2781; baseline 0.001 -9"><span class='ocrx_word' id='word_1_801' title='bbox 190 2712 366 2780; x_wconf 41' lang='lat' dir='ltr'><strong>&quot;(rigging</strong></span> <span class='ocrx_word' id='word_1_802' title='bbox 378 2746 411 2779; x_wconf 80' lang='grc' dir='ltr'><strong>ἐξ</strong></span> <span class='ocrx_word' id='word_1_803' title='bbox 425 2747 524 2780; x_wconf 74' lang='grc' dir='ltr'>ὕψους</span> <span class='ocrx_word' id='word_1_804' title='bbox 537 2746 627 2773; x_wconf 77' lang='grc' dir='ltr'>ἔλαϐέ</span> <span class='ocrx_word' id='word_1_805' title='bbox 641 2755 689 2781; x_wconf 85' lang='grc' dir='ltr'><strong>με,</strong></span> <span class='ocrx_word' id='word_1_806' title='bbox 708 2750 764 2775; x_wconf 90' lang='lat' dir='ltr'><strong>etc.</strong></span> <span class='ocrx_word' id='word_1_807' title='bbox 778 2746 868 2774; x_wconf 81' lang='lat' dir='ltr'><strong>Codex</strong></span> <span class='ocrx_word' id='word_1_808' title='bbox 881 2745 947 2780; x_wconf 78' lang='lat' dir='ltr'><strong>Roe,</strong></span> 
     </span>
    </p>
   </div>
   <div class='ocr_carea' id='block_1_111' title="bbox 168 2777 795 2815">
    <p class='ocr_par' dir='ltr' id='par_1_111' title="bbox 168 2777 795 2815">
     <span class='ocr_line' id='line_1_112' title="bbox 168 2777 795 2815; baseline 0 -8"><span class='ocrx_word' id='word_1_809' title='bbox 168 2777 312 2807; x_wconf 75' lang='lat' dir='ltr'><strong>Cortlérius</strong></span> <span class='ocrx_word' id='word_1_810' title='bbox 324 2777 412 2808; x_wconf 68' lang='lat' dir='ltr'><strong>autem</strong></span> <span class='ocrx_word' id='word_1_811' title='bbox 424 2777 503 2808; x_wconf 72' lang='lat' dir='ltr'><strong>habet</strong></span> <span class='ocrx_word' id='word_1_812' title='bbox 512 2777 649 2815; x_wconf 69' lang='lat' dir='ltr'><strong>tanqunnf</strong></span> <span class='ocrx_word' id='word_1_813' title='bbox 659 2777 795 2815; x_wconf 82' lang='lat' dir='ltr'><strong>anonymi.</strong></span> 
     </span>
    </p>
   </div>
   <div class='ocr_carea' id='block_1_112' title="bbox 169 2814 944 2875">
    <p class='ocr_par' dir='ltr' id='par_1_112' title="bbox 169 2814 944 2875">
     <span class='ocr_line' id='line_1_113' title="bbox 205 2814 944 2849; baseline 0.005 -11"><span class='ocrx_word' id='word_1_814' title='bbox 205 2814 258 2847; x_wconf 57' lang='lat' dir='ltr'><strong>t79l</strong></span> <span class='ocrx_word' id='word_1_815' title='bbox 276 2815 428 2842; x_wconf 74' lang='grc' dir='ltr'>Ἐντεῦθεν</span> <span class='ocrx_word' id='word_1_816' title='bbox 441 2814 626 2849; x_wconf 70' lang='grc' dir='ltr'>γινώσκομεν</span> <span class='ocrx_word' id='word_1_817' title='bbox 638 2835 645 2848; x_wconf 91' lang='grc'><strong>,</strong></span> <span class='ocrx_word' id='word_1_818' title='bbox 660 2820 712 2844; x_wconf 81' lang='lat' dir='ltr'><strong>etc.</strong></span> <span class='ocrx_word' id='word_1_819' title='bbox 727 2814 840 2844; x_wconf 68' lang='lat' dir='ltr'><strong>Scltcda&#39;:</strong></span> <span class='ocrx_word' id='word_1_820' title='bbox 854 2815 944 2844; x_wconf 78' lang='lat' dir='ltr'><strong>Grabii</strong></span> 
     </span>
     <span class='ocr_line' id='line_1_114' title="bbox 169 2848 356 2875; baseline 0 -1"><span class='ocrx_word' id='word_1_821' title='bbox 169 2855 201 2874; x_wconf 85' lang='lat' dir='ltr'><strong>ac</strong></span> <span class='ocrx_word' id='word_1_822' title='bbox 215 2848 356 2875; x_wconf 80' lang='lat' dir='ltr'><strong>Barbarus.</strong></span> 
     </span>
    </p>
   </div>
   <div class='ocr_carea' id='block_1_113' title="bbox 1052 2675 1576 2711">
    <p class='ocr_par' dir='ltr' id='par_1_113' title="bbox 1052 2675 1576 2711">
     <span class='ocr_line' id='line_1_115' title="bbox 1052 2675 1576 2711; baseline -0.004 -8"><span class='ocrx_word' id='word_1_823' title='bbox 1052 2676 1095 2711; x_wconf 90' lang='lat'><strong>80)</strong></span> <span class='ocrx_word' id='word_1_824' title='bbox 1112 2678 1144 2703; x_wconf 87' lang='grc' dir='ltr'><em>Οἱ</em></span> <span class='ocrx_word' id='word_1_825' title='bbox 1159 2677 1338 2711; x_wconf 64' lang='grc' dir='ltr'>θλιϐόμενοι,</span> <span class='ocrx_word' id='word_1_826' title='bbox 1350 2680 1405 2703; x_wconf 87' lang='lat' dir='ltr'><strong>etc.</strong></span> <span class='ocrx_word' id='word_1_827' title='bbox 1418 2675 1576 2711; x_wconf 69' lang='lat' dir='ltr'><strong>Cordcrius.</strong></span> 
     </span>
    </p>
   </div>
   <div class='ocr_carea' id='block_1_114' title="bbox 1050 2706 1799 2745">
    <p class='ocr_par' dir='ltr' id='par_1_114' title="bbox 1050 2706 1799 2745">
     <span class='ocr_line' id='line_1_116' title="bbox 1050 2706 1799 2745; baseline -0.004 -7"><span class='ocrx_word' id='word_1_828' title='bbox 1050 2706 1094 2745; x_wconf 75' lang='lat'><strong>8|)</strong></span> <span class='ocrx_word' id='word_1_829' title='bbox 1115 2711 1147 2738; x_wconf 92' lang='lat'><strong>&#39;0</strong></span> <span class='ocrx_word' id='word_1_830' title='bbox 1159 2706 1289 2745; x_wconf 71' lang='grc' dir='ltr'>ἐπαίρων</span> <span class='ocrx_word' id='word_1_831' title='bbox 1305 2710 1421 2743; x_wconf 79' lang='grc' dir='ltr'>ὁσίους,</span> <span class='ocrx_word' id='word_1_832' title='bbox 1433 2715 1488 2738; x_wconf 82' lang='lat' dir='ltr'><strong>etc.</strong></span> <span class='ocrx_word' id='word_1_833' title='bbox 1502 2709 1592 2737; x_wconf 74' lang='lat' dir='ltr'><strong>Codex</strong></span> <span class='ocrx_word' id='word_1_834' title='bbox 1608 2708 1678 2736; x_wconf 82' lang='lat' dir='ltr'><strong>Roe.</strong></span> <span class='ocrx_word' id='word_1_835' title='bbox 1695 2706 1799 2735; x_wconf 76' lang='lat' dir='ltr'><strong>Corde-</strong></span> 
     </span>
    </p>
   </div>
   <div class='ocr_carea' id='block_1_115' title="bbox 1001 2746 1436 2780">
    <p class='ocr_par' dir='ltr' id='par_1_115' title="bbox 1001 2746 1436 2780">
     <span class='ocr_line' id='line_1_117' title="bbox 1001 2746 1436 2780; baseline -0.007 -6"><span class='ocrx_word' id='word_1_836' title='bbox 1001 2748 1059 2775; x_wconf 81' lang='lat' dir='ltr'><strong>rius</strong></span> <span class='ocrx_word' id='word_1_837' title='bbox 1075 2751 1162 2773; x_wconf 82' lang='lat' dir='ltr'><strong>autem</strong></span> <span class='ocrx_word' id='word_1_838' title='bbox 1180 2753 1313 2780; x_wconf 87' lang='lat' dir='ltr'><strong>anonymo</strong></span> <span class='ocrx_word' id='word_1_839' title='bbox 1331 2746 1436 2780; x_wconf 81' lang='lat' dir='ltr'><strong>tribuit.</strong></span> 
     </span>
    </p>
   </div>
   <div class='ocr_carea' id='block_1_116' title="bbox 1036 2777 1798 2815">
    <p class='ocr_par' dir='ltr' id='par_1_116' title="bbox 1036 2777 1798 2815">
     <span class='ocr_line' id='line_1_118' title="bbox 1036 2777 1798 2815; baseline -0.004 -6"><span class='ocrx_word' id='word_1_840' title='bbox 1036 2783 1092 2813; x_wconf 58' lang='grc' dir='ltr'><strong>(αεὶ)</strong></span> <span class='ocrx_word' id='word_1_841' title='bbox 1108 2777 1306 2815; x_wconf 65' lang='grc' dir='ltr'>Κηθαρειόὶης</span> <span class='ocrx_word' id='word_1_842' title='bbox 1319 2779 1435 2814; x_wconf 69' lang='grc' dir='ltr'><strong>ψυχῆς,</strong></span> <span class='ocrx_word' id='word_1_843' title='bbox 1450 2785 1504 2808; x_wconf 90' lang='lat' dir='ltr'><strong>etc.</strong></span> <span class='ocrx_word' id='word_1_844' title='bbox 1521 2779 1636 2808; x_wconf 74' lang='lat' dir='ltr'><strong>Schedae</strong></span> <span class='ocrx_word' id='word_1_845' title='bbox 1648 2777 1761 2814; x_wconf 78' lang='lat' dir='ltr'><strong>Grnbii,</strong></span> <span class='ocrx_word' id='word_1_846' title='bbox 1774 2778 1798 2802; x_wconf 65' lang='grc' dir='ltr'><strong>ριι</strong></span> 
     </span>
    </p>
   </div>
   <div class='ocr_carea' id='block_1_117' title="bbox 1002 2819 1145 2847">
    <p class='ocr_par' dir='ltr' id='par_1_117' title="bbox 1002 2819 1145 2847">
     <span class='ocr_line' id='line_1_119' title="bbox 1002 2819 1145 2847; baseline -0.014 0"><span class='ocrx_word' id='word_1_847' title='bbox 1002 2819 1145 2847; x_wconf 84' lang='lat' dir='ltr'><strong>Barbarus.</strong></span> 
     </span>
    </p>
   </div>
  </div>
