1860 3052
64 117 128 146 ίῗίὸὃ

553 117 709 146 SELECTA
729 119 761 146 IN
780 113 946 150 PSALMOS.
966 139 1000 144 -.
1020 125 1119 153 ps.tt..
1140 123 1218 152 xvn.

1613 121 1623 149 ί
1627 121 1677 150 25.5

62 177 105 204 τοῦ
115 175 268 212 ἀνθρώπου.
288 175 505 212 Καθαρειότηται
519 177 618 212 χειρῶν
631 177 680 209 τὰς
702 186 837 213 προφητι-

920 185 970 208 tem
986 190 1126 215 manuum,
1140 183 1333 218 prophetarum
1346 185 1424 208 vocat
1438 184 1560 208 actiones
1573 186 1632 214 quae
1644 179 1679 206 ab

61 224 109 255 κάς
125 231 203 258 φησιν
216 224 356 260 ἐνεργείας
370 222 534 258 ἁμολύντους
548 222 629 255 οὔσας
648 224 701 250 ἀπὸ
713 224 763 260 τῆς
780 224 840 260 βελ-

61 269 149 303 τίστης
165 267 260 301 ἕξεως.

92 314 144 341 Kal
160 313 267 348 ἔσομαι
279 314 398 349 ἄμωμος
410 313 473 349 μετ’
488 313 592 345 αὐτοῦ,
604 313 654 340 καὶ
672 314 839 350 φυλάξομαι

60 359 115 387 ἀπὸ
126 359 180 394 τῆς
190 360 315 394 ἀνομίας
328 368 398 394 μου,
415 368 477 387 κ.τ.
495 360 518 386 ὲ.
534 359 626 394 Χωρὶς
641 359 705 386 Θεοῦ
724 359 777 396 (85)
791 361 840 387 οὐκ

63 406 131 432 ἔστιν
154 403 222 432 εἶναι
248 405 377 441 ἄμωμον·
406 406 464 440 μετ’
480 406 558 440 ὀλίγα
582 402 628 432 οὖν
651 414 732 440 φησι·
751 416 760 431 1
786 407 841 433 Καὶ

61 450 133 476 ἔθετο
151 449 264 485 ἄμωμον
276 450 325 485 τὴν
343 449 401 476 ὀδόν
413 458 473 485 μου.
493 459 501 475 ι
520 450 576 476 Οὐκ
595 449 653 477 ἔστι
669 449 696 476 δὲ
710 450 780 477 κατὰ
796 451 841 477 τὸν

61 496 169 530 λέγοντα
196 496 235 523 τό.
258 506 267 522 1
287 495 484 523 Ἀνταποδώσει
512 505 556 532 μοι
577 496 680 532 Κύριος
701 496 770 523 κατὰ
794 497 842 533 τὴν

58 540 226 577 δικαιοσύνην
244 550 307 577 μου,
323 551 332 567 υ
349 542 396 568 καὶ
410 542 440 568 τὸ
460 542 534 577 ἑξῆς,
550 541 622 577 ἔχειν
642 542 767 577 ἀνομίαν.
788 542 842 569 Καὶ

58 587 98 614 τό.
112 597 120 613 1
136 587 292 623 Φυλάξομαι
307 588 361 614 ἀπὸ
372 588 422 623 τῆς
437 588 550 624 ἀνομίας
565 597 642 623 pou,»
659 588 768 616 δύναται
783 589 844 615 ἁνα-

60 632 187 668 φὲρεσϐαι
205 633 251 659 ἐπὶ
266 633 298 660 τὸ
319 633 463 669 λεγόμενον
477 634 507 660 τὸ
526 634 554 661 ὲν
571 634 636 669 ἡμῖν
650 634 755 666 σκότος,
773 634 842 661 κατὰ

59 677 86 703 τό
95 686 101 693 ·
121 688 130 703 1
149 679 181 705 Et
197 677 244 705 οὖν
256 678 287 705 τὸ
305 679 363 714 φῶς
373 679 403 705 τὸ
418 680 447 706 ὲν
460 679 501 706 σοὶ
513 679 608 712 σκότος
619 680 689 712 ἐστὶ,
704 679 735 706 τὸ
748 679 843 712 σκότος

57 723 136 751 πόσον
147 732 154 757 ;
174 734 183 749 ι

92 822 146 850 Τοῦ
161 823 267 850 αὑτοῦ.
287 823 418 858 Ἀμωμὸς
431 824 504 851 ἐστιν
517 823 571 860 (εᾶ)
592 825 605 852 ὁ
621 825 689 860 ἔχων
705 826 733 853 ὲν
753 827 842 862 ἑαυτῷ

891 228 993 262 optimo
1008 228 1102 256 habitu
1118 232 1223 258 munda:
1236 235 1262 257 et
1273 227 1486 263 incoinquinatre
1500 230 1587 254 erant.

926 325 1011 352 Vens.
1030 323 1075 351 24.
1095 325 1130 352 Et
1148 335 1192 354 ero
1208 328 1394 355 immacutalus
1414 333 1474 354 cum
1491 332 1532 356 eo,
1549 329 1571 351 et
1585 324 1676 350 obser-

889 371 953 398 vabo
969 379 1010 398 me
1026 371 1057 397 ab
1074 371 1210 405 iniquitate
1232 381 1300 405 mea,
1319 378 1372 401 etc.
1393 373 1504 406 Absque
1521 370 1577 396 Deo
1597 375 1676 396 nemo

889 420 979 451 potest
995 421 1056 443 esse
1071 415 1271 444 immaculatus.
1287 417 1377 451 Quare
1391 417 1471 452 paulo
1484 419 1544 451 post
1561 414 1614 442 ait:
1625 422 1633 439 1
1645 412 1677 439 Et

891 461 980 497 posuit
1002 460 1202 488 immaculatam
1220 463 1291 489 viam
1318 470 1416 490 meam.
1430 472 1439 489 ι
1464 461 1523 489 Νοη
1547 459 1676 489 convenit

891 511 982 533 autem
995 506 1033 534 illi
1045 506 1090 541 qui
1102 506 1140 533 ait
1154 513 1161 532 :
1177 514 1186 531 1
1205 506 1346 534 Retribuet
1357 507 1423 534 mihi
1440 507 1569 534 Dominus
1579 511 1677 533 secun-

892 551 955 578 dum
966 551 1101 586 justitiam
1118 558 1216 583 meam,
1233 559 1242 576 ι
1261 556 1315 578 etc.
1326 571 1333 583 .
1352 556 1382 578 ut
1406 551 1487 578 ullam
1506 551 1605 578 habeat
1622 549 1676 577 ini-

892 597 1036 631 quitatem.
1057 596 1090 624 Et
1108 597 1173 624 illud
1189 605 1198 623 :
1216 606 1225 622 1
1238 595 1396 624 Observabo
1411 604 1456 624 me
1475 596 1509 623 ab
1532 597 1677 631 iniquitate

892 650 963 675 mea.
986 652 996 668 ι
1015 642 1112 670 referri
1136 646 1224 677 potest
1241 643 1273 670 ad
1294 642 1360 669 illud
1377 642 1449 676 quod
1464 642 1491 669 in
1506 642 1583 669 nobis
1597 649 1678 669 voca-

893 692 937 714 tur
960 687 1090 720 tenebraz,
1111 686 1187 722 juxta
1205 687 1269 714 illud
1281 688 1304 703 "
1319 696 1327 714 :
1342 695 1352 713 1
1368 685 1397 713 Si
1416 693 1483 721 ergo
1498 686 1588 714 lumen
1606 686 1677 721 quod

894 733 920 760 in
950 737 975 760 te
1001 737 1061 765 est,
1089 732 1208 760 tenebrae
1233 732 1298 765 sint,
1329 732 1394 767 ipsa:
1421 732 1541 759 tenebrae
1569 735 1677 767 quantae

893 778 988 804 erunt?
1005 788 1014 804 ι

928 821 1066 858 Ejusdem.
1093 823 1284 851 lmmaculatus
1310 827 1353 850 est
1367 822 1412 850 ille
1427 822 1472 858 qui
1488 823 1559 850 viam
1585 822 1632 849 Dei
1651 823 1677 849 in

55 867 102 903 τὴν
116 868 175 895 ὁδὸν
189 869 235 895 τοῦ
255 868 333 901 Θεοῦ,
349 870 394 896 τὸν
412 870 539 906 Χριστόν.
555 880 563 896 1
583 870 653 905 Ἐγὼ
669 871 733 907 γὰρ,
747 872 839 907 φησὶν,

919 879 922 895 ι
939 869 1030 902 habet,
1044 869 1184 898 Christum
1201 870 1319 898 scilicet.
1341 869 1416 904 1Ego
1428 869 1510 901 enim,
1529 867 1618 903 inquit
1633 868 1655 883 "
1668 887 1676 899 ,

55 914 111 949 εἰμὶ
134 915 151 949 ή
179 914 247 946 ὁδός.
280 924 288 940 ι
313 915 444 950 Ἀμωμον
467 915 495 942 δὲ
515 916 617 952 ταύτην
643 917 692 952 τὴν
714 917 773 944 ὁδὸν
793 918 841 944 καὶ

55 956 133 989 αὐτὸς
145 957 159 983 ὁ
171 957 253 985 Δαυῒδ
269 957 319 994 ἔφη
337 958 425 993 λέγων
438 968 444 974 ·
467 969 476 985 1
500 959 528 987 '0
541 960 607 993 Θεός
619 969 679 996 μου,
695 961 810 997 ἄμωμος
824 962 842 998 ὴ

54 1001 112 1033 ὁδός
128 1010 186 1028 σου.
209 1011 217 1028 ι

87 1048 140 1075 Kal
158 1048 368 1077 ἀνταποδώσει
385 1059 436 1085 μοι
457 1052 567 1086 Κύριος
578 1052 653 1080 κατὰ
666 1053 724 1087 τὴν
732 1053 844 1081 δικαιο-

53 1094 152 1128 σύνην
164 1103 235 1129 μου,
252 1103 279 1123 κ.
297 1104 322 1121 τ.
338 1097 361 1122 ἑ.
383 1106 391 1122 1
419 1097 462 1123 Ἐν
514 1097 604 1134 μέτρῳ
625 1099 681 1134 (85)
707 1101 841 1136 μετρεῖτε,

52 1140 316 1176 ἀντιμετρηθήσεται
334 1142 408 1177 ὑμῖν.
435 1152 444 1167 ι
465 1143 564 1178 Ἀγὶων
584 1144 613 1170 δὲ
640 1144 710 1180 αὕτη
727 1147 743 1181 ἡ
766 1146 842 1181 φωνὴ

52 1183 103 1210 τῶν
116 1184 160 1211 διὰ
175 1185 277 1220 πολλὴν
290 1187 445 1221 παρρησίαν
455 1187 610 1223 δυναμένων
622 1189 722 1224 λέγειν·
737 1201 746 1216 1
766 1192 842 1218 Ἀντ-

52 1230 148 1262 απόδος
167 1231 208 1266 τῷ
227 1231 312 1267 δούλῳ
330 1240 386 1259 σου.
414 1242 423 1257 ι
442 1234 619 1270 Δικαιοσύνην
637 1235 711 1270 λέγει
740 1236 789 1272 τὴν
810 1238 843 1264 ἐκ

52 1274 170 1308 πίστεως
188 1277 276 1312 ’1ησοῦ
303 1278 428 1313 Χριστοῦ,
441 1279 501 1314 ἥτις
516 1281 704 1316 πεφανέρωται
720 1283 760 1314 είς
775 1283 842 1310 πάν-

51 1329 100 1353 τας
113 1322 177 1354 τοὺς
201 1322 393 1355 πιστεύοντας·
410 1326 467 1356 τοῖς
483 1325 537 1361 γὰρ
560 1326 647 1362 ὀρθῶς
668 1328 841 1357 πιστεύουσιν

51 1367 66 1401 ἠ
83 1367 173 1400 πίστις
185 1369 228 1400 εἰς
241 1368 413 1405 δικαιοσύνην
429 1370 575 1405 λογίζεται.

83 1413 164 1439 Μετὰ
175 1413 264 1440 ὁσίου
279 1406 442 1450 ὁσιιιᾶθήσῃ,
459 1416 507 1442 καὶ
519 1417 596 1451 μετὰ
612 1418 722 1453 ἀνδρὸς
745 1420 842 1448 ἀθώου

49 1456 145 1491 ἀθῶος
166 1458 239 1492 ἔσῃ,
262 1459 311 1485 καί
333 1459 409 1493 μετὰ
435 1460 579 1489 ἐκλεκτοῦ
605 1463 749 1497 ἐκλεκτὸς
769 1465 840 1500 ἔσῃ,

49 1503 98 1529 καὶ
107 1504 185 1538 μετὰ
202 1506 352 1539 inpediat";
374 1506 574 1542 διαστρέψεις,
593 1518 619 1536 κ.
635 1518 661 1536 τ.
678 1511 701 1537 ὲ.
725 1512 767 1543 Ὠς
780 1512 840 1539 ἐσο-

51 1558 98 1584 μιαι
116 1550 173 1586 (86)
192 1551 310 1587 ἄμωμος
325 1553 382 1587 μετ’
396 1552 478 1580 αὑτοῦ
490 1553 537 1580 τοῦ
554 1554 632 1588 Θεοῦ,
645 1556 731 1588 οὕτως
747 1557 761 1583 ὁ
774 1558 840 1591 Θεὸς

49 1596 119 1630 μετὰ
144 1597 223 1624 ὁσίου
249 1598 442 1634 ὀσιωθήσεται,
470 1600 516 1626 καὶ
541 1600 610 1635 μετὰ
638 1600 726 1628 ἀθώου
754 1602 840 1635 ἀϐῶος

48 1640 133 1673 ἔσται,
143 1642 192 1669 καὶ
208 1641 278 1677 μετὰ
292 1643 419 1670 ὲκλεκτοῦ
433 1644 560 1676 ἐκλεκτὸς
570 1644 646 1672 ἔσται
661 1645 751 1678 αὐτός.
764 1647 841 1674 Μετὰ

49 1687 179 1720 στρεϐλοῦ
195 1687 224 1713 δὲ
236 1687 295 1723 οὐχὶ
316 1688 442 1723 στρεὸλδς
455 1689 530 1715 ἔσται
545 1689 614 1724 (οὐδὲ
638 1689 692 1726 γὰρ
708 1691 840 1728 θεμιτὸν),

47 1730 113 1758 ἀλλὰ
126 1732 313 1768 διατι-τρέψεις,
327 1733 365 1765 ὡς
383 1734 452 1769 μετὰ
466 1734 575 1769 Φαραώ.

84 1773 139 1804 Τοῦ
159 1778 268 1805 αὑτοῦ.
291 1778 336 1805 Ἐν
361 1779 410 1813 μὲν
426 1781 485 1812 τοῖς
497 1779 581 1812 ὁσίοις
597 1781 654 1816 (87)
675 1782 749 1814 ὅσιός
766 1784 840 1810 ἐστιν

45 1822 58 1848 ὁ
71 1822 147 1855 Θεὸς,
167 1824 197 1850 ἐν
214 1823 244 1851 δὲ
259 1825 315 1856 τοῖς
329 1824 429 1857 ἀθώοις
436 1825 533 1858 ἀθῶος,
547 1827 576 1853 ἐν
591 1827 620 1854 δὲ
634 1828 690 1860 τοῖς
704 1828 840 1861 ἐκλεκτοῖς

46 1869 187 1903 ἐκλεκτὸς,
209 1871 240 1897 ἐν
265 1870 293 1896 δὲ
313 1872 370 1901 τοῖς
391 1871 530 1906 πρεὸλοῖς
554 1872 585 1899 οὗ
612 1873 748 1908 στρεϐλὺς,
771 1874 842 1901 ἀλλὰ

45 1915 303 1951 συστρεΰλούμενος
320 1916 412 1947 αὐτοῖς
431 1916 474 1943 διὰ
495 1916 526 1942 τὸ
550 1916 682 1953 εὔφημον.
707 1918 839 1953 Στρεϐλὸν

42 1959 97 1996 γὰρ
110 1961 157 1988 τὸν
169 1961 240 1988 Θεδν
252 1963 338 1988 εἰπεῖν
350 1962 510 1996 ἐφυλάξατο.
524 1962 641 1994 Τούτους
654 1964 718 1996 τοὺς
733 1965 840 2000 στίχους

41 2006 67 2032 οἶ
81 2007 268 2043 ἁπλούστεροι
284 2007 330 2034 ἐπὶ
349 2007 403 2035 τῶν
422 2007 573 2044 ἀνθρώπων
589 2008 719 2041 πολλάκις
734 2009 839 2045 λαμὸά-

41 2061 144 2081 νουσιν.
161 2052 246 2080 Οὕτω
259 2053 286 2080 δὲ
298 2054 507 2089 συστρεϐλοῦται
518 2053 594 2086 Θεὸς,
603 2054 640 2086 ὡς
654 2055 682 2082 ὲν
693 2054 732 2090 τῷ
745 2056 840 2082 Δευτε-

41 2099 163 2135 ρονομίῳ
180 2099 275 2134 λέγει·
304 2109 313 2125 1
330 2099 393 2126 Ἐὰν
413 2099 601 2135 είσελεύσησθε
625 2101 693 2136 πρὸς
711 2100 744 2136 μὲ
769 2102 839 2129 πλά-

39 2151 104 2177 γιοι,
118 2143 400 2178 εἰσελεύσομαικάγὼ
412 2145 480 2180 πρὸς
489 2145 560 2180 ὑμᾶς
576 2145 604 2172 ἐν
613 2145 690 2181 θυμῷ
703 2146 835 2182 πλαγίῳ.»

77 2190 134 2217 Τοῦ
149 2189 260 2217 αὐτοῦ.
272 2189 344 2225 Πρδς
359 2189 410 2222 τὰς
421 2190 532 2225 γνώμας
548 2190 601 2226 (88)
620 2191 673 2217 τῶν
688 2192 841 2227 ἀνθρώπων

37 2237 190 2272 ἀρμόττεις
208 2237 260 2269 τὰς
272 2237 430 2270 ἀντιδόσεις,
447 2235 470 2264 ὦ
483 2239 615 2266 Δέσποτα.
631 2239 767 2274 Παρέχεις
782 2240 837 2276 γὰρ

38 2285 95 2315 τοῖς
112 2284 203 2316 ὁσίοις
221 2283 257 2310 τὰ
272 2284 409 2320 ὁσιότητος
432 2284 504 2317 ἄξια,
529 2285 585 2316 τοῖς
610 2285 765 2317 ἀνευθύνοις
789 2287 836 2314 καὶ

37 2329 157 2361 δικαίοις
174 2329 211 2356 τὰ
225 2330 378 2366 πρόσφορα,
394 2330 440 2356 καὶ
451 2331 507 2361 τοῖς
517 2329 654 2361 ἐκλεκτοῖς
667 2329 713 2356 καὶ
725 2331 837 2363 τελείοις

38 2373 72 2400 τὰ
87 2374 200 2402 τέλεια-
220 2375 278 2406 τοῖς
296 2374 325 2401 δὲ
347 2376 507 2410 ἐκτραπεῖσι
529 2375 575 2401 καὶ
594 2374 642 2410 τὴν
666 2375 790 2402 ἐναντίαν
809 2378 836 2404 ό-

36 2420 148 2447 δεὺουσι
182 2420 353 2455 κατάλληλον
380 2420 597 2456 παρασκευάζεις
627 2421 678 2456 τῆς
717 2421 775 2449 ὁδοῦ
807 2423 837 2450 τὺ

37 2471 123 2503 τέλος.
141 2471 201 2498 Καὶ
230 2470 291 2498 τίνα
312 2471 428 2507 τρόπον;
451 2481 459 2497 1
483 2471 542 2497 ’Ὁτι
567 2470 599 2496 σὺ
624 2469 688 2497 λαὸν
710 2469 836 2496 ταπεινὸν

37 2525 148 2549 σωσεις.
167 2526 178 2542 ι

70 2583 95 2600 ⁷·
115 2583 221 2610 Matth.
238 2584 323 2615 “33.
368 2583 391 2599 ⁷⁷
406 2583 485 2611 Joan.
498 2590 553 2616 xiv,
566 2581 593 2610 6.

36 2626 112 2651 xxvi,
134 2617 235 2650 2738.

71 2689 131 2724 (85)
146 2687 252 2722 Χωρὶς
268 2687 350 2724 Θεοῦ,
363 2692 416 2716 etc.
431 2688 522 2716 Codex
533 2688 599 2716 noe.
613 2687 759 2715 Corderius
772 2695 836 2716 vero

36 2723 170 2758 tanquam
190 2723 293 2750 incerti
308 2723 399 2750 habet.

70 2757 130 2794 (8-5)
149 2758 292 2793 ’Ἀμωμός
307 2757 403 2791 ἐστιν,
428 2762 481 2785 ctc.
510 2758 623 2785 Sehcda:
648 2757 752 2791 Grabii,
770 2757 834 2785 Bur-

34 2796 130 2865 bzggi
153 2830 209 2857 Ἐν
221 2825 248 2864 ᾧ
260 2828 366 2864 μέτρῳ,
379 2833 431 2856 etc.
446 2827 557 2856 Scltcdtc
571 2827 674 2863 G’rabii,
686 2828 831 2857 Barbarus.

649 2583 673 2599 ⁷⁸
684 2582 727 2610 Ps.
738 2589 804 2615 ινιι,
818 2582 862 2610 5!.

892 923 951 943 sum
964 916 1018 943 via.
1031 925 1040 942 ι
1065 916 1268 944 lmtnaculatam
1291 916 1361 943 hanc
1384 915 1458 942 viam
1473 919 1500 942 et
1517 915 1573 949 ipse
1592 913 1679 942 David

893 960 1012 995 appellat
1028 960 1118 988 dicens
1132 961 1176 989 ⁷⁸ι
1196 969 1205 986 1
1222 961 1293 989 Deus
1322 967 1408 992 meus,
1432 959 1605 987 immaculata
1633 959 1677 986 via

893 1010 949 1033 tua.
968 1015 979 1032 ι

932 1050 1012 1078 Vens.
1032 1050 1078 1077 25.
1106 1051 1136 1078 Et
1161 1052 1284 1080 retribuet
1305 1052 1368 1079 mihi
1390 1051 1520 1078 Dominus
1534 1051 1678 1078 secundum

889 1096 1024 1132 justitiam
1040 1103 1135 1127 meam,
1153 1101 1204 1124 etc.
1223 1107 1232 1123 1
1248 1097 1306 1130 Qua
1330 1103 1457 1124 mensura
1483 1095 1570 1123 mensi
1595 1095 1677 1122 fueri-

894 1143 940 1175 tis.
957 1143 1116 1171 renietictur
1133 1147 1160 1170 et
1174 1144 1251 1171 vobis
1269 1144 1301 1171 7°.
1315 1153 1324 1170 ι
1341 1143 1503 1171 Sanctorum
1520 1145 1610 1168 autem
1623 1141 1679 1168 hac

892 1197 945 1216 vox
963 1187 1068 1225 est,qui
1096 1195 1150 1223 pra:
1178 1187 1276 1223 ingenti
1302 1189 1399 1216 ﬁducia
1427 1186 1516 1214 dicere
1543 1191 1676 1220 possunt:

896 1243 904 1260 1
920 1235 1051 1262 Retribue
1067 1240 1146 1262 servo
1165 1237 1209 1261 tuo
1224 1235 1256 1261 κο.
1269 1244 1278 1261 ι
1294 1235 1430 1262 Justitiam
1447 1241 1513 1262 vero
1525 1239 1584 1261 eam
1602 1231 1677 1263 dicit,

892 1289 952 1317 qua:
969 1286 1011 1309 est
1025 1288 1059 1309 ex
1075 1280 1129 1308 ﬁde
1147 1280 1210 1308 Jesu
1231 1281 1343 1316 Christi,
1369 1289 1430 1317 qua:
1445 1280 1618 1309 manifestata
1637 1283 1679 1306 est

894 1328 920 1355 in
942 1335 1036 1355 omnes
1063 1327 1207 1355 credentes
1225 1335 1231 1353 :
1248 1334 1308 1354 nam
1333 1328 1367 1355 iis
1387 1328 1432 1363 qui
1450 1332 1526 1356 recte
1542 1326 1677 1357 credunt,

893 1374 961 1402 ﬁdes
973 1374 1006 1401 ad
1017 1373 1150 1408 justitiam
1167 1376 1316 1407 reputatur.

928 1419 1011 1448 Vsus.
1026 1419 1072 1453 26,
1088 1418 1135 1446 27.
1147 1418 1212 1446 Cum
1225 1422 1315 1445 sancta
1329 1422 1432 1444 tam-tur
1444 1426 1505 1451 ens,
1517 1424 1609 1446 etcum
1622 1417 1687 1445 uiro.

893 1465 1030 1492 innocente
1047 1467 1171 1492 innocens
1186 1465 1254 1496 erit;
1276 1467 1301 1490 et
1318 1471 1377 1490 cum
1397 1463 1475 1490 electa
1499 1464 1595 1490 electus
1613 1464 1677 1495 erit,

893 1515 917 1538 ιι
939 1519 995 1537 cum
1015 1518 1134 1544 perverso
1166 1509 1337 1544 pet-verteris,
1362 1512 1414 1536 etc.
1446 1508 1676 1542 Qucmadmodum

893 1555 1084 1584 immaculatus
1105 1562 1153 1582 ero
1179 1562 1240 1582 cum
1265 1555 1323 1589 ipso
1347 1553 1417 1587 Deo,
1442 1553 1482 1581 sic
1505 1553 1586 1581 etiam
1609 1555 1678 1582 Deus

892 1609 953 1630 cum
977 1606 1072 1629 sancto
1091 1600 1325 1634 sanctiﬁcabitur,
1350 1605 1377 1628 et
1400 1607 1460 1627 cum
1478 1599 1624 1627 innocente
1636 1599 1678 1625 in-

892 1655 991 1675 nocens
1019 1647 1081 1679 erit,
1106 1651 1133 1674 et
1160 1653 1221 1674 cum
1247 1645 1335 1674 electo
1358 1645 1470 1673 electus.
1495 1645 1593 1673 Verum
1617 1653 1679 1673 cum

892 1700 1023 1727 perverso
1040 1699 1210 1727 nequaquam
1226 1699 1372 1727 perversus
1396 1692 1448 1719 erit
1466 1691 1530 1727 (hoc
1542 1690 1613 1718 enim
1630 1698 1679 1719 nc-

894 1737 955 1772 ias),
971 1737 1017 1764 sed
1032 1737 1208 1772 perveneris,
1221 1741 1251 1764 ut
1261 1745 1322 1765 cum
1340 1737 1491 1766 Pharaone.

927 1782 1067 1818 Ejutdem.
1093 1783 1121 1809 In
1137 1783 1238 1810 sanctis
1255 1786 1365 1810 sanctus
1385 1788 1426 1810 est
1445 1783 1529 1816 Deus,
1554 1783 1582 1809 in
1600 1783 1678 1811 inno-

891 1830 1018 1857 centibus
1043 1829 1192 1861 innocens,
1210 1829 1236 1855 in
1258 1828 1350 1855 electis
1366 1828 1482 1861 electus,
1501 1829 1526 1856 in
1543 1830 1679 1863 perversis

891 1884 945 1903 non
961 1882 1117 1910 perversos,
1133 1875 1180 1902 sed
1195 1874 1275 1902 simul
1288 1879 1419 1907 mutatus,
1430 1875 1511 1909 idque
1520 1875 1678 1902 reverentia:

890 1928 973 1949 causa
989 1920 1099 1948 dicitur.
1117 1920 1279 1948 Perversum
1293 1921 1376 1956 610
1399 1921 1471 1948 enim
1492 1921 1575 1948 Deum
1592 1928 1627 1948 nc
1640 1921 1680 1948 di-

890 1972 976 2001 ceret,
995 1968 1078 1995 cavit.
1100 1967 1155 1994 llos
1173 1974 1267 1995 versus
1297 1967 1479 2002 simpliciores
1508 1967 1541 1995 de
1559 1967 1678 1996 homini-

890 2014 940 2041 hus
954 2021 1026 2048 saepe
1044 2013 1191 2048 accipiunt.
1205 2014 1274 2041 Deus
1289 2017 1379 2041 autem
1392 2014 1571 2046 convertitur,
1584 2021 1679 2048 quem-

890 2060 1035 2088 admodum
1053 2060 1079 2087 in
1096 2060 1307 2088 Deuteronomio
1328 2060 1394 2088 dicit
1411 2060 1433 2076 ⁸¹
1452 2069 1459 2086 :
1477 2070 1487 2086 1
1506 2059 1534 2088 Si
1560 2060 1677 2096 ingrcssi

890 2107 997 2135 fueritis
1013 2106 1047 2134 ad
1063 2115 1108 2135 me
1124 2107 1257 2141 perversi,
1272 2107 1410 2143 ingrediar
1426 2112 1453 2135 ct
1469 2114 1519 2144 ego
1534 2108 1567 2135 ad
1585 2115 1633 2135 vos
1650 2107 1677 2134 in

890 2155 930 2180 ira
949 2159 1089 2188 perversa.
1107 2162 1116 2178 ι

926 2199 1063 2234 Ejusdem.
1081 2198 1133 2226 Pro
1147 2198 1245 2226 mentis
1257 2198 1354 2226 aﬂ‘ectu
1371 2197 1530 2228 nominibus
1542 2206 1616 2227 vices
1632 2206 1678 2227 re-

890 2245 996 2280 pendis,
1014 2253 1030 2273 o
1048 2245 1171 2273 Domine.
1189 2245 1257 2272 Nam
1284 2245 1387 2273 sanctis
1410 2253 1470 2280 quae
1500 2246 1676 2274 sanctitatem

891 2291 998 2324 decent,
1014 2291 1206 2319 innocentibus
1220 2296 1248 2319 et
1260 2291 1341 2326 justis
1354 2291 1562 2326 convenientia,
1583 2292 1677 2320 electis

891 2342 917 2365 et
947 2337 1075 2373 perfectis
1094 2336 1214 2371 perfecta
1233 2336 1350 2369 tribuis;
1368 2336 1401 2364 iis
1417 2341 1508 2364 autent
1526 2337 1572 2372 qui
1590 2337 1676 2365 decli-

890 2389 955 2411 nant
970 2391 985 2411 a
1001 2384 1042 2410 via
1055 2403 1063 2416 ,
1086 2388 1113 2411 et
1132 2383 1301 2411 contrarium
1333 2382 1385 2410 iter
1417 2383 1584 2416 ambulant,
1609 2391 1676 2412 con-

889 2437 986 2464 gruum
1003 2431 1065 2458 vita:
1084 2431 1165 2458 tinem
1181 2429 1388 2457 accommodas.
1402 2428 1454 2457 Sed
1471 2436 1524 2463 qua
1544 2430 1650 2457 ratione
1664 2430 1676 2458 ἲ

891 2485 900 2502 1
918 2476 1050 2511 Quoniam
1068 2482 1097 2504 tu
1112 2476 1240 2512 populum
1257 2476 1387 2504 humilem
1409 2476 1511 2505 salvum
1526 2476 1622 2504 facies.
1638 2486 1647 2502 ι

919 2583 942 2599 ⁷ο
952 2582 1051 2611 Matth.
1073 2591 1119 2616 rit,
1141 2583 1168 2611 Ξ.
1224 2583 1247 2599 ⁸⁰
1262 2583 1307 2611 Ps.
1332 2590 1427 2616 cxvnt,
1453 2581 1496 2609 I7.
1552 2580 1674 2609 “Levit.

926 2688 982 2759 (8ϋέ
1003 2689 1051 2722 Ὧς
1066 2689 1183 2724 ἔσομαι,
1198 2693 1252 2716 etc.
1267 2689 1426 2717 Cordcrius.

926 2725 970 2759 (87
1000 2725 1052 2752 Ἐν
1062 2724 1120 2758 μὲν
1131 2724 1193 2756 τοῖς
1211 2725 1318 2756 ὁσίοις,
1342 2729 1395 2753 etc.
1416 2725 1426 2752 (

925 2723 981 2759 (87)
1000 2725 1052 2752 Ἐν
1062 2724 1120 2758 μὲν
1131 2724 1193 2756 τοῖς
1211 2725 1318 2756 ὁσίοις,
1342 2729 1395 2753 etc.
1416 2724 1506 2752 Codex
1529 2723 1674 2753 Coislinia-

889 2760 1072 2830 "uagina;
1088 2795 1139 2828 τὰς
1155 2793 1279 2830 γνώμας,
1298 2798 1350 2822 ctc.
1370 2794 1483 2823 St'acda:
1498 2794 1602 2823 Grabii.
