1860 3052
46 145 114 172 1241

524 145 680 175 SELECTA
700 146 734 175 IN
751 146 922 176 PSALMUS.
943 164 977 168 —
996 149 1090 177 PSAL.
1114 150 1203 178 XVIII.

1603 157 1672 185 1262

84 201 139 229 Τοῦ
153 200 258 229 αὑτοῦ,
274 200 342 228 Οὔτε
358 201 412 237 γὰρ
428 202 461 237 γῆ
478 202 545 238 (12),
560 201 621 230 οὔτε
633 204 647 230 ὁ
664 203 695 230 ὲκ
710 204 761 239 γῆς
781 213 809 239 χο

925 205 1061 240 Ejusdem.
1077 207 1172 242 Neque
1192 207 1264 235 enim
1283 212 1366 241 terra,
1377 216 1465 245 neque
1481 212 1514 239 de
1531 216 1601 240 terra
1619 219 1672 241 ter-

42 247 92 279 κδς
106 246 288 282 διηγήσασθαι
306 246 416 273 δύναται
432 246 510 280 δόξαν
523 247 601 274 Θεοῦ.
616 256 627 274 ι
647 248 675 274 ’0
689 248 742 284 γὰρ
757 247 794 275 ὣν
804 250 836 275 ὲκ

39 292 93 328 τῆς
110 292 162 328 γῆς
177 293 209 318 ἐκ
238 292 289 327 τῆς
305 292 357 327 γῆς
370 292 454 319 λαλεῖ.
476 302 485 317 ι
500 293 576 328 Τάχα
590 294 619 320 δὲ
647 294 756 330 οὐρανοί
767 295 835 322 εἰσιν

40 338 68 366 οἱ
84 337 132 365 τοῦ
147 339 274 374 οὐρανίου
290 338 338 373 τὴν
356 340 447 367 εἰκόνα
476 340 632 376 φοροῦντες,
658 341 756 372 οἵτινες
775 341 835 378 διη-

39 382 156 418 γοῦνται
168 383 246 416 δόξαν
259 382 336 410 Θεοῦ.
355 384 415 410 Εἰσὶ
430 384 457 411 δὲ
476 386 522 411 καὶ
536 385 646 420 οὐρανοὶ
656 385 761 421 ποίημα
778 394 836 421 χει-

41 429 100 465 ρῶν
116 428 193 456 Geo-3.
209 429 293 464 Τήρει
308 429 335 456 δὲ
350 429 491 465 διαφορὰν,
507 430 537 457 τὸ
554 431 604 466 μὲν
616 431 768 466 διηγεῖσθαι
787 431 834 458 ἐπὶ

38 475 98 502 τῶν
126 475 248 510 οὐρανῶν
267 475 403 511 κείμενον,
427 476 458 502 τὸ
472 476 500 502 δὲ
525 476 700 511 ἀναγγέλλειν
725 477 771 503 ἐπὶ
787 477 836 503 τοῦ

40 528 89 546 στε
93 519 147 555 ρεώ
150 528 234 554 ματος
251 528 263 545 ε
268 520 274 545 l
278 528 310 555 ρη
316 519 406 555 μένον.

23 579 27 603 ξ
85 565 195 599 Ἡμέρα
219 564 258 599 τῇ
283 564 379 599 ἡμέρᾳ
407 565 557 600 ἐρεύγεται
576 566 669 600 ῥῆμα,
697 565 746 592 καὶ
775 565 833 599 νὺξ

37 611 128 638 ’νυκτὶ
149 610 326 645 ἀναγγέλλει
340 610 462 645 γνῶσιν,
488 620 515 638 κ.
531 620 556 638 τ.
584 612 606 638 ὲ.
640 611 718 638 Ἀλλὰ
738 612 784 638 καὶ
808 612 833 638 οἱ

35 657 87 683 τὸν
105 656 160 692 (15)
177 656 312 692 θεωρητὸν
329 655 512 691 ἀσπαζόμενοι
541 657 597 692 βίον
623 656 832 693 θησαυρίζουσιν

35 703 69 729 ὲν
82 701 199 738 οὐρανῷ,
214 702 293 728 κάκεῖ
307 702 356 738 τὴν
378 703 493 738 καρδίαν
515 702 633 738 ἔχοντες,
651 702 762 738 οὐρανοί
777 704 831 730 εἰσι

33 746 212 782 διηγούμενοι
221 746 270 781 τὴν
283 747 484 782 προειρημένην
493 746 559 773 Θεοῦ
570 746 648 778 δόξαν
658 747 702 774 διὰ
715 747 832 783 Θεωρίας

34 792 89 827 τῆς
105 793 169 827 περὶ
185 791 288 827 νοητῶν
305 792 487 827 πραγμάτων.
516 793 547 819 Ol
565 793 712 827 πρακτικοὶ
728 792 756 819 δὲ
772 801 833 819 στε-

35 839 137 874 ρέωμα
149 840 227 870 εἰσιν,
245 838 343 874 ἑδραῖοι
359 838 548 873 τυγχάνοντες,
566 838 613 865 καὶ
630 838 830 872 ἀπαγγέλλουσι

32 885 88 921 τὴν
101 884 208 919 ποίησιν
235 884 290 911 τῶν
314 884 361 911 τοῦ
377 884 444 911 Θεοῦ
461 885 570 921 χειρῶν,
597 885 775 920 ἐργαζόμενοι
796 886 830 913 τὰ
846 884 866 911 Β

33 931 84 958 τοῦ
105 931 183 963 Θεοῦ,
199 931 245 958 καὶ
261 931 357 958 τούτου
374 931 554 966 τυγχάνοντες
569 931 648 966 ἔργα.
666 932 721 958 Καὶ
738 933 755 966 ἡ
770 940 827 966 φω-

31 977 112 1013 nivi]
127 978 155 1004 δὲ
171 977 263 1012 νόησις
279 977 385 1013 ἡμέρας
399 976 476 1008 οὖσα,
506 977 588 1012 ἑτέρᾳ
604 978 720 1012 φωτεινῇ
737 977 828 1013 νοήσει

32 1023 184 1058 σύμφωνος
196 1021 273 1055 οὖσα,
285 1022 426 1058 ἐρεύγεται
439 1023 523 1058 ῥῆμα·
537 1022 602 1058 ὠςή
616 1022 720 1049 Παλαιὰ
733 1023 827 1059 Γραφὴ

31 1069 90 1096 τῶν
111 1069 300 1105 πνευματικῶν
315 1068 490 1105 πληρωθεῖσα
504 1068 621 1104 τροφῶν,
634 1069 687 1096 ἀπὸ
698 1069 745 1096 τοῦ
761 1069 829 1106 πλη-

31 1114 164 1152 ρώματος
181 1114 358 1150 ἐρευγομένη,
371 1114 555 1150 προσφέρεται
568 1115 677 1150 ῥήματα
686 1116 720 1150 τῇ
739 1116 826 1151 Καινῇ

31 1159 167 1196 Διαϐήκῃ.
206 1160 238 1186 Ἡ
263 1160 292 1186 δὲ
307 1160 364 1192 νὺξ,
394 1161 410 1196 ἡ
448 1160 585 1195 βαθυτάτη
605 1160 659 1187 τῶν
688 1162 827 1196 μυστικῶν

31 1205 207 1242 πραγμάτων
232 1205 366 1240 διάληψις,
390 1205 458 1241 πρὸς
480 1205 576 1241 ἑτέραν
597 1206 672 1241 ἡμᾶς
694 1206 826 1240 ἀσάφειαν

29 1251 136 1286 ὁδηγεῖ,
165 1252 254 1287 ἤνπερ
270 1251 395 1286 διάληψιν
410 1251 501 1278 δίδωσι
518 1251 547 1278 τὸ
560 1251 607 1277 τοῦ
630 1250 698 1278 Θεοῦ
715 1252 826 1287 Πνεῦμα

28 1299 90 1329 τοῖς
101 1296 207 1332 ἔχουσιν
221 1297 301 1324 αὐτόν
319 1297 348 1323 τδ
360 1297 407 1323 καὶ
418 1296 452 1323 τὰ
469 1296 538 1331 βάθη
553 1297 670 1333 ἐρευνῶν
685 1297 731 1324 τοῦ
747 1297 824 1324 Θεοῦ.

37 1343 74 1369 Ἡ
89 1342 170 1370 λαλιὰ
184 1343 210 1369 δὲ
228 1344 399 1379 προποιεῖται
416 1344 472 1374 τοῖς
489 1342 594 1377 λόγοις,
609 1344 633 1370 οἱ
648 1344 675 1370 δὲ
689 1343 762 1378 λόγοι
776 1344 826 1380 τὴν

27 1390 190 1426 ἐπιστήμην
217 1390 368 1423 ἐπάγουσι,
395 1390 445 1421 τὰς
470 1389 621 1422 ἀποδείξεις
650 1390 823 1426 παρέχοντες.

35 1436 196 1472 ’Λμφότερα
208 1436 237 1462 δὲ
258 1435 302 1462 διὰ
315 1435 394 1462 τοῦτο
417 1435 493 1471 παρὰ
509 1435 576 1462 Θεοῦ
593 1435 728 1468 λέλεκται,
751 1437 825 1469 ὅπως

26 1483 64 1509 ἂν
91 1481 260 1509 ἁκουσθῶσι·
297 1481 337 1508 διὸ
363 1481 410 1508 καὶ
425 1483 480 1514 τοῖς
502 1481 660 1509 ἀπειθοῦσιν
687 1483 737 1509 οὐκ
752 1482 824 1510 ἔστιν

25 1528 176 1563 ἀπολογία.
191 1527 316 1564 Χωροῦσι
341 1528 370 1554 δὲ
390 1528 437 1554 τὸν
454 1528 572 1563 φθόγγον
589 1529 646 1555 ὅσοι
659 1529 823 1564 τυγχάνουσι

24 1576 69 1610 γῆ
83 1574 152 1610 πρὸς
181 1574 281 1610 σπόρον
297 1574 448 1610 ἐπιτηδεία,
475 1574 523 1610 τὴν
540 1574 611 1607 λέξιν
627 1574 675 1610 τὴν
694 1575 764 1601 κατὰ
794 1575 823 1601 τὺ

25 1619 163 1654 αἰσθητὸν
176 1619 223 1655 τῆς
237 1619 358 1655 Γραφῆς.
377 1620 408 1646 0i.
425 1619 453 1645 δὲ
467 1620 578 1651 τούτους
594 1619 822 1655 ὑπερϐεϐηκότες,

23 1665 80 1693 καὶ
94 1665 201 1701 πέρατα
212 1666 438 1701 χρηματίζοντες,
463 1665 586 1701 δέχονται
603 1665 638 1692 τὰ
652 1666 761 1701 ῥήματα
777 1675 824 1692 σα-

24 1711 92 1747 φῶς
104 1711 304 1746 παιδευόμενοι·
323 1712 353 1738 οὑ
371 1711 489 1746 φθόγγου
506 1710 560 1747 γὰρ
574 1710 680 1737 ἀκούων
694 1711 708 1737 ὁ
720 1711 823 1746 Πέτρος

23 1758 109 1790 ἔλεγε
121 1764 130 1772 ·
148 1765 156 1782 l
178 1757 301 1792 Ῥήματα
325 1756 396 1792 ζωῆς
414 1757 524 1783 αἰωνίου
537 1756 618 1792 ἔχεις.
640 1766 649 1782 ›
667 1757 721 1784 Καὶ
735 1757 749 1783 ὁ
771 1758 824 1784 Σω-

21 1803 84 1838 τὴρ
107 1802 178 1837 ἔφη·
196 1810 205 1826 ι
235 1801 275 1828 Τὰ
304 1802 413 1837 ῥήματα
434 1800 452 1828 ἃ
471 1801 590 1836 ἐλάλησα
614 1801 691 1836 ὑμῖν,
715 1801 823 1837 πνεῦμά

21 1850 116 1876 ἐστιν.
137 1856 146 1873 ι
171 1847 343 1879 Ἀποστόλοις
359 1847 412 1883 γὰρ
424 1847 510 1882 ἔλεγε,
521 1847 626 1883 πέρατα
643 1846 822 1882 τυγχάνουσιν

21 1896 51 1922 οἱ
56 1903 107 1920 κου
111 1893 203 1929 μένης.

67 1941 130 1967 οὐκ
148 1940 206 1967 εὶσὶ
222 1940 325 1967 λαλιαὶ
343 1939 414 1967 οὐδὲ
428 1940 523 1976 λόγοι,
546 1937 590 1966 ὧν
613 1940 680 1974 οὐχ),
696 1938 823 1967 datatim».

21 1996 75 2015 ται
90 1987 121 2013 αἱ
137 1986 231 2020 φωναὶ
247 1985 356 2018 αὐτῶν,
370 1995 397 2012 κ.
416 1995 441 2013 τ.
462 1986 486 2013 ὲ.
502 1987 539 2012 Οὐ
553 1986 650 2013 ταυτὸν
661 1987 740 2014 λαλιὰ
765 1987 820 2023 (Μ)

23 2034 77 2061 καὶ
104 2032 193 2066 λόγος,
220 2032 281 2060 ἐπεὶ
304 2033 364 2059 οὐδὲ
393 2033 489 2060 ταυτὸν
504 2034 517 2060 ὁ
534 2033 613 2065 λάλος
631 2033 670 2069 τῷ
682 2034 780 2069 λογίῳ·
803 2034 820 2070 ἦ

21 2082 103 2114 τάχα
119 2078 218 2105 λαλιῶν
234 2079 282 2114 μὲν
295 2079 309 2105 ὁ
322 2079 450 2114 φθόγγος,
465 2078 551 2113 λόγων
571 2080 599 2106 δὲ
616 2079 649 2106 τὰ
666 2080 784 2115 ῥήματα.

69 2169 125 2196 Ἐν
138 2167 178 2200 τῷ
196 2169 271 2202 ἡλίῳ
287 2168 370 2196 ἔθετο
385 2168 417 2196 τὸ
431 2169 576 2204 σκήνωμα
590 2169 697 2202 αὐτοῦ,
713 2178 740 2196 κ.
756 2178 783 2196 τ.
796 2170 819 2196 ἐ.

24 2216 61 2243 '0
81 2214 186 2250 Κύριος
200 2214 277 2249 ὴμῶν
293 2214 347 2249 (15)
365 2216 378 2241 ό
388 2215 462 2250 ἥλιος
478 2216 528 2250 τῆς
543 2215 716 2251 δικαιοσύνης
732 2215 817 2248 ἐστὶν,

16 2263 54 2288 ἐν
69 2259 148 2295 αὑτῷ
165 2259 194 2286 δὲ
210 2262 376 2296 κατασκηνοῖ
395 2262 409 2287 ὁ
434 2261 538 2297 Πατὴρ,
556 2261 627 2288 κατὰ
654 2261 700 2288 τόι
719 2271 727 2287 ι
749 2261 820 2296 Ἐγὼ

16 2310 52 2336 ἐν
77 2307 119 2342 τῷ
144 2306 241 2342 Πατρὶ,
265 2307 312 2333 καὶ
332 2308 346 2333 ὁ
368 2307 462 2343 Πατὴρ
479 2308 508 2334 ἐν
523 2308 594 2343 ἐμοί.
616 2318 625 2333 ι
644 2308 701 2335 Καὶ
716 2308 798 2335 πάλιν
812 2316 821 2324 ⁸

20 2362 31 2378 l
61 2352 95 2378 Ὀ
112 2351 207 2386 Πατὴρ
232 2352 261 2377 ὲν
280 2351 342 2386 ἐμοὶ
367 2352 455 2387 μένων
470 2352 551 2384 αὐτὸς
573 2354 645 2379 ποιεῖ
660 2353 694 2379 τὰ
711 2352 789 2389 ἔργα.
809 2363 818 2380 ι

15 2398 83 2426 Καὶ
99 2396 114 2422 ὀ
135 2396 311 2428 Ἀπόστολος·
333 2407 342 2422 ε
358 2397 424 2430 Θεὸς
438 2395 472 2433 ἦν
486 2398 516 2425 ὲν
532 2397 570 2432 τῷ
585 2398 696 2434 Χριστῷ
718 2399 820 2434 κόσμον

17 2441 222 2471 καταλλάσσων
235 2442 332 2478 ἐαυτῷ.
351 2453 360 2468 ι

4 2500 8 2524 l

887 259 968 279 renus
982 260 1112 280 enarrare
1129 257 1218 287 potest
1234 253 1347 288 gloriam
1373 255 1430 282 Dei.
1458 256 1524 285 Nam
1544 268 1552 284 ι
1573 260 1617 294 qui
1637 268 1671 287 ex

887 301 959 324 terra
982 302 1034 331 est,
1061 299 1095 326 de
1118 303 1188 326 terra
1213 299 1332 334 loquitur
1350 300 1383 326 ³³.
1403 311 1411 326 ι
1425 301 1507 330 Forte
1523 312 1588 331 vero
1610 306 1671 333 coeli

885 347 957 376 sunt,
979 345 1023 378 qui
1047 350 1143 379 gerunt
1170 346 1314 382 imaginem
1335 349 1464 378 ccelestis.
1487 351 1519 378 Hi
1543 357 1672 380 enarrant

885 389 998 424 gloriam
1020 391 1076 418 Del.
1093 391 1162 419 Sunt
1178 399 1267 420 autem
1286 394 1367 422 etiam
1380 396 1441 423 cceli
1456 404 1526 432 opus
1543 406 1670 426 manuum

886 434 941 462 Dei.
955 435 1074 464 Observa
1087 437 1232 465 discrimen
1246 447 1253 465 :
1265 439 1326 467 cccli
1340 441 1465 470 dicuntur
1475 444 1583 478 quidem
1596 452 1672 472 enar—

885 488 954 513 rare,
972 481 1171 511 firmamentum
1188 493 1252 513 vero
1268 488 1441 516 aununtiarc.

920 572 1001 601 Vsus.
1021 574 1048 602 5.
1073 574 1135 602 Dies
1160 575 1214 603 a‘iei
1235 581 1337 604 eructat
1360 578 1475 610 verbum,
1490 584 1513 605 et
1531 587 1585 606 no.1:
1601 580 1672 607 nocti

883 619 984 646 indicat
1005 621 1152 654 scientiam,
1169 626 1223 650 etc.
1242 622 1295 651 Sed
1316 627 1343 650 et
1367 623 1393 650 hi
1409 624 1454 658 qui
1470 626 1672 660 contemplatri-

883 671 941 692 cem
960 665 1041 692 vitam
1059 666 1266 700 amplectuntur,
1288 668 1314 695 in
1339 668 1409 696 ecelo
1431 670 1625 702 thesaurizant.
1643 676 1670 699 et

883 718 943 738 eum
962 711 997 738 ibi
1016 719 1064 738 cor
1082 711 1209 746 habeant,
1228 713 1288 740 coeli
1306 718 1370 741 sunt
1391 715 1437 749 qui
1453 716 1608 747 praedictam
1624 716 1670 744 Dei

882 757 993 792 gloriam
1011 764 1139 785 enarrant
1164 767 1211 793 per
1231 760 1413 794 spiritualium
1435 768 1526 788 rerum
1547 766 1670 789 contem-

882 804 1037 838 plationem.
1061 805 1111 837 Qui
1135 809 1223 832 autem
1247 807 1375 834 actricem
1391 807 1473 834 vitam
1489 812 1581 843 agunt,
1595 809 1613 836 ii
1636 809 1670 836 ob

882 850 1045 878 soliditatem
1061 855 1121 878 sunt
1143 851 1352 886 firmamentum,
1367 859 1394 881 et
1409 856 1570 882 annuntiant
1589 862 1669 889 opera
1706 859 1708 862 '

881 904 1007 923 manuum
1031 896 1088 928 Dei,
1101 897 1163 923 dum
1181 905 1261 932 opera
1279 898 1325 926 Dei
1339 904 1467 927 exercent
1490 906 1518 927 et
1543 901 1593 935 ipsi
1613 900 1670 934 ejus

879 950 962 977 opera
982 942 1115 970 existunt.
1132 943 1186 970 Diei
1203 944 1321 978 cognitio
1339 953 1400 972 eum
1420 946 1454 973 sit
1475 946 1572 978 lucida,
1588 951 1615 973 et
1629 947 1670 973 al-

881 988 930 1014 teri
958 987 1053 1014 lucida:
1076 987 1221 1022 cognitioni
1246 996 1384 1023 congrua,
1408 995 1514 1018 eructat
1538 991 1668 1018 verbum:

880 1032 1107 1067 quemadmodum
1124 1033 1265 1068 Scriptura
1283 1034 1364 1063 Vetus
1380 1036 1549 1071 spiritalibus
1568 1037 1669 1064 referta

879 1078 956 1109 cibis,
980 1079 1013 1105 de
1034 1078 1200 1113 plenitudine
1228 1087 1276 1107 sua
1299 1085 1437 1114 eructans,
1460 1082 1560 1117 przcbet
1586 1083 1668 1110 verba

878 1123 953 1150 Nm‘o
970 1122 1153 1151 Testamento.
1176 1124 1234 1152 Nox
1255 1131 1329 1158 vero,
1346 1133 1406 1160 quae
1429 1131 1470 1154 est
1488 1127 1668 1161 profundissi-

879 1176 921 1195 ma
937 1176 1028 1195 rerum
1045 1176 1203 1196 arcanarum
1222 1171 1443 1204 comprehensio,
1455 1172 1496 1198 'ad
1521 1171 1601 1199 aliam
1619 1179 1668 1199 nos

878 1212 1072 1240 obscuritatem
1091 1214 1209 1241 adducit.
1232 1214 1308 1242 lianc
1330 1216 1598 1250 comprehensronem
1619 1217 1666 1244 Dci

878 1258 995 1293 Spiritus
1021 1259 1115 1286 tribuit
1141 1259 1173 1286 iis
1190 1260 1235 1294 qui
1262 1260 1349 1295 ipsum
1376 1261 1486 1289 habent.
1507 1261 1555 1290 Ilic
1582 1263 1666 1289 ctiam

877 1304 1010 1339 profunda
1027 1305 1073 1332 Dei
1087 1309 1224 1332 scrutatur
1237 1305 1270 1332 ⁸⁵.
1290 1305 1423 1333 Creterqu
1440 1307 1545 1341 loquela
1559 1315 1666 1335 sermo-

878 1350 956 1377 nilms
970 1351 1154 1385 praemittitur,
1167 1359 1310 1379 sermones
1321 1356 1411 1379 autem
1426 1353 1567 1380 scientiam
1582 1354 1667 1380 addu~

877 1401 957 1429 cunt,
983 1398 1047 1424 dum
1073 1398 1203 1425 exhibent
1228 1398 1484 1427 demonstrationes.
1516 1398 1667 1435 Utrumque

877 1447 966 1470 autem
985 1450 1000 1470 a
1017 1442 1072 1471 Dco
1089 1443 1190 1471 dictum
1209 1448 1250 1471 cst
1271 1449 1301 1471 ut
1324 1445 1478 1473 audiantur.
1497 1445 1666 1479 Quapropter

875 1488 948 1515 nulla
965 1494 1090 1524 superest
1105 1489 1253 1518 incredulis
1266 1490 1415 1519 excusatio.
1433 1490 1536 1518 Sonum
1555 1491 1666 1525 capiunt

876 1534 1031 1568 quicunque
1051 1539 1114 1562 sunt
1130 1541 1201 1562 terra
1222 1535 1317 1563 semini
1341 1540 1414 1570 apta,
1440 1537 1467 1563 id
1489 1540 1532 1564 est
1555 1537 1664 1564 litterali

876 1579 1023 1614 Scripturac
1040 1581 1141 1609 sensui.
1169 1580 1219 1614 Qui
1232 1589 1295 1608 vero
1312 1581 1355 1609 his
1377 1582 1533 1616 superiores
1549 1587 1620 1615 sunt,
1639 1588 1665 1610 ct

875 1625 942 1653 lines
955 1626 1134 1661 appellantur,
1147 1631 1240 1662 aperte
1253 1627 1271 1654 ii
1285 1628 1384 1655 eruditi
1400 1628 1550 1663 suscipiunt
1561 1629 1642 1656 verba
1655 1637 1663 1656 :

875 1679 962 1707 neque
978 1672 1050 1700 enim
1066 1679 1160 1700 sonum
1179 1673 1266 1701 solum
1290 1674 1401 1701 auribus
1422 1674 1542 1709 percepit
1558 1674 1664 1706 Petrus.

875 1726 935 1746 cum
948 1719 1049 1746 dixit”
1066 1727 1073 1746 :
1089 1719 1172 1755 614
1184 1729 1193 1745 ι
1212 1720 1300 1747 Verba
1321 1721 1382 1748 vitae
1401 1725 1510 1748 :cternze
1535 1721 1630 1749 trabes.
1653 1731 1663 1747 ι

874 1763 907 1791 Ει
924 1763 1050 1792 Salvator
1063 1765 1101 1791 ait
1113 1765 1136 1780 ³⁸
1152 1774 1158 1792 :
1175 1774 1184 1790 ι
1204 1765 1290 1793 Verba
1303 1773 1364 1801 quae
1380 1766 1487 1793 locutus
1503 1773 1562 1793 sum
1577 1767 1664 1800 vobis,

873 1810 985 1845 spiritus
997 1815 1070 1838 sunt.
1088 1820 1097 1836 ›
1110 1811 1222 1838 Dicebat
1234 1811 1306 1839 enim
1319 1812 1371 1839 hoc
1385 1812 1513 1847 apostolis
1524 1813 1570 1847 qui
1585 1819 1664 1840 erant

875 1856 942 1883 lines
958 1856 1034 1884 orbis
1050 1861 1196 1884 terrarum.

910 1944 1025 1972 Vens.4.
1038 1943 1098 1972 Non
1112 1950 1173 1971 sunt
1187 1944 1298 1980 loquelte
1313 1953 1394 1981 neque
1406 1953 1537 1973 sermones
1552 1954 1664 1981 quorum

874 1998 923 2017 non
933 1990 1078 2017 audiantur
1087 1999 1158 2017 voces
1168 1999 1268 2024 eorum,
1283 1995 1336 2018 etc.
1347 1991 1404 2019 Non
1420 1991 1491 2019 idern
1503 1997 1546 2019 est
1558 1992 1662 2027 loquela

874 2039 955 2069 atque
968 2043 1069 2068 sermo,
1084 2036 1213 2069 quoniam
1230 2044 1282 2063 non
1297 2037 1370 2064 idem
1391 2041 1433 2065 est
1456 2036 1554 2072 loquax
1573 2046 1605 2066 ac
1619 2039 1662 2066 di-

873 2087 971 2109 sertus.
988 2082 1035 2109 Vel
1053 2082 1121 2110 forte
1137 2089 1222 2111 sonus
1247 2083 1279 2111 ad
1304 2083 1434 2119 loquelas,
1448 2084 1529 2111 verba
1548 2085 1581 2113 ad
1601 2092 1662 2113 ser-

874 2135 967 2154 mones
978 2127 1126 2162 pertinent.

909 2171 991 2200 Vsus.
1006 2172 1032 2200 6.
1049 2173 1083 2200 In
1104 2174 1159 2201 sole
1173 2176 1261 2209 posuit
1281 2174 1479 2202 tabernaculum
1506 2183 1593 2208 suum,
1608 2179 1660 2203 etc.

875 2218 1002 2246 Dominus
1018 2223 1111 2246 noster
1122 2220 1233 2255 justitiae
1247 2221 1287 2248 sol
1303 2225 1354 2254 est,
1376 2222 1402 2248 iu
1415 2229 1468 2256 quo
1491 2221 1570 2248 Pater
1583 2221 1661 2248 habi-

874 2267 921 2296 tat,
932 2263 1010 2298 juxta
1026 2264 1091 2292 illud
1103 2265 1125 2280 "
1140 2273 1147 2292 :
1160 2275 1170 2291 ι
1188 2265 1243 2301 Ego
1259 2267 1284 2293 in
1297 2266 1388 2301 Patre,
1404 2271 1432 2293 et
1444 2265 1524 2294 Pater
1536 2267 1563 2294 in
1578 2274 1630 2294 me.
1650 2277 1660 2293 ι

872 2309 906 2337 Ει
921 2310 1056 2339 rursus":
1073 2320 1081 2335 ι
1097 2310 1176 2338 Pater
1187 2311 1213 2338 in
1229 2319 1271 2339 me
1282 2319 1394 2339 manens
1406 2312 1463 2346 ipse
1473 2312 1536 2340 facit
1549 2320 1660 2347 opera.»

872 2356 906 2383 Et
921 2356 1067 2391 Apostolus
1085 2358 1106 2373 ³⁹
1126 2365 1156 2385 :t
1175 2358 1245 2385 Deus
1266 2362 1324 2385 erat
1355 2358 1382 2385 in
1400 2358 1507 2386 Christo
1532 2358 1662 2385 mundum

873 2403 1052 2431 reconcilians
1069 2403 1132 2430 sibi.
1153 2412 1161 2429 ι

61 2543 121 2579 (16)
137 2542 171 2570 In
185 2543 239 2571 sole
259 2545 345 2579 posuit
361 2545 558 2572 tabernaculum
580 2554 668 2574 suum.
685 2546 755 2580 Quid
781 2552 823 2575 est
846 2549 918 2583 quod
940 2549 1027 2576 dixit:
1047 2559 1056 2575 ‹
1077 2548 1104 2576 lu
1117 2549 1175 2576 sole
1192 2547 1280 2583 posuit
1305 2547 1509 2576 tabernaculum
1534 2549 1630 2576 suum?
1648 2559 1658 2575 ι

13 2591 145 2626 Quidam
161 2591 270 2625 quidem
288 2592 412 2620 dicebant
429 2594 500 2628 quod
517 2593 644 2621 Salvator
658 2599 750 2622 noster
766 2597 917 2624 ascendens
939 2605 955 2624 e
978 2597 1057 2624 terris
1077 2597 1110 2623 ad
1133 2597 1241 2628 coelum,
1259 2600 1286 2624 et
1299 2603 1396 2630 corpus
1416 2603 1493 2623 suum
1508 2603 1659 2631 assumens,

12 2638 153 2676 pervertit
169 2646 252 2673 usque
269 2640 302 2667 ad
318 2648 380 2668 eum
397 2641 527 2669 circulum
547 2642 593 2676 qui
619 2642 684 2670 solis
701 2651 769 2670 zona
792 2645 958 2678 nominatur,
971 2649 999 2672 et
1022 2645 1069 2679 ibi,
1090 2646 1177 2679 aiunt,
1194 2646 1286 2680 posuit
1309 2645 1511 2672 tabernaculum
1537 2647 1660 2680 corporis

61 2709 85 2725 ’³
95 2707 176 2736 Joan.
192 2717 240 2742 xu,
253 2710 298 2737 5!.
336 2710 447 2740 “iCor.
461 2719 488 2745 It,
503 2712 545 2740 10.
584 2712 606 2728 ⁵⁵
617 2711 692 2740 Joan.
709 2721 746 2747 vr,
759 2713 802 2742 (i9.
840 2715 862 2730 ⁹⁶
875 2714 996 2742 ibid.65.
1034 2713 1125 2740 "ibid.
1141 2714 1252 2744 x1v.l0.
1291 2715 1314 2731 ⁸⁸
1328 2712 1392 2742 ibid.
1433 2715 1456 2731 ”
1472 2714 1491 2742 ll
1503 2715 1598 2746 Conv,
1614 2715 1658 2751 l9_

77 2766 110 2792 19
131 2765 206 2792 Οὔτε
222 2765 277 2801 γὰρ
291 2766 339 2802 γῆ,
355 2772 406 2795 etc.
427 2767 583 2797 Cordcrius.

61 2766 122 2831 l5;
140 2800 229 2828 Ἀλλὰ
245 2802 294 2828 καὶ
319 2804 345 2829 οἱ
363 2803 427 2831 τόν.
447 2808 501 2831 etc.
525 2804 583 2831 Cori

68 2800 121 2841 [i5)
140 2800 229 2841 Ἄρει
245 2800 299 2828 καῖ
319 2804 347 2841 οξ
363 2803 427 2841 τον,
447 2808 501 2832 etc.
525 2804 671 2833 Cordcrius
690 2805 813 2841 Origcni,

11 2835 166 2864 Barbarus
180 2835 292 2871 Didyme
305 2837 408 2864 tribuit.

62 2870 120 2906 ιιι)
138 2871 180 2898 οὺ
196 2871 306 2899 ταυτὸν
321 2872 422 2906 λαλιά,
438 2878 491 2902 etc.
510 2874 622 2904 Schoda:
638 2875 742 2905 Grabii.

907 2771 962 2807 (Ιὸ)
984 2771 1015 2798 '0
1029 2771 1136 2805 Κύριος
1151 2771 1244 2806 ἡμῶν,
1260 2777 1313 2799 etc.
1335 2772 1450 2800 Schedm
1470 2773 1576 2806 Grabii,
1594 2772 1659 2800 Baro

975 2841 1071 2878 Exstat
1100 2842 1151 2868 hoc
1172 2841 1355 2878 fragmentum
1382 2843 1407 2871 in
1429 2843 1553 2878 Apologia
1579 2842 1658 2871 Pam-

871 2876 935 2912 phili
951 2877 1077 2912 martyris
1098 2885 1145 2912 pro
1165 2876 1286 2912 Origene.
