1860 3052
21 126 80 154 lilii

490 122 644 151 SELECTA
663 122 696 150 IN
715 121 886 151 PSALMOS.
903 122 941 143 ’-
960 122 1058 151 PSAL.
1077 123 1136 151 XX.

1565 125 1632 153 1256

16 184 66 220 (34)
92 182 121 210 ὲν
134 182 251 218 νοητοῖς,
278 181 326 209 καὶ
349 181 451 218 θεωρία
465 181 615 217 ὀφθαλμῶν
639 181 668 207 ἐν
691 181 791 216 ὁρατοῖς

879 189 909 207 im
929 181 955 208 in
968 181 1119 208 visibilibus
1135 184 1163 207 et
1178 180 1352 215 spectaculis,
1377 181 1499 209 voluntas
1514 189 1578 209 Vero
1593 185 1632 211 la-

16 229 57 256 καὶ
80 228 205 263 θεάμασι,
231 227 340 262 θέλησις
362 226 390 253 δὲ
403 226 513 262 χειλέων
527 228 555 253 ὲν
566 228 598 263 τῇ
612 226 739 262 περὶτῶν
754 235 797 253 νε-

13 271 144 306 νοημένων
160 271 206 298 καὶ
221 270 434 306 τεθεωρημένων
448 271 610 307 ἐπαγγελίᾳ.

48 318 175 351 Ἔθηκας
200 317 249 343 ἐπὶ
276 317 333 351 τὴν
359 317 498 352 κεφαλὴν
524 318 617 345 αὑτοῦ
645 318 798 353 στέφανον

12 362 45 390 ἐκ
70 362 153 390 λίθου
176 363 285 397 τιμίου,
309 371 336 389 κ.
356 372 380 390 τ.
401 363 424 390 ἐ.
455 364 590 398 Στέφανος
608 364 657 399 μὲν
677 364 795 401 Χριστοῦ

13 408 64 444 (55)
86 409 100 434 ὁ
112 407 186 440 Θεὸς,
204 409 321 444 Χριστὸς
344 409 372 435 δὲ
386 409 435 444 τῆς
448 410 559 446 λογικῆς
582 410 698 445 φύσεως.
720 411 795 438 Λίθοι

11 454 90 489 τίμιοι
113 455 137 480 οἱ
154 456 320 490 μαργαρῖται
335 455 420 490 λόγοι,
441 456 505 492 περὶ
524 453 561 483 ὧν
576 456 700 493 εἴρηταιο
727 467 736 484 ι
749 459 794 494 Μὴ

12 496 102 532 ῥίψητε
117 498 179 530 τοὺς
197 499 369 534 μαργαρίτας
397 499 473 536 ὑμῶν
500 501 653 537 ἔμπροσθεν
670 503 724 529 τῶν
737 503 794 538 χοί-

11 550 70 578 ρων.
93 552 101 568 ι
115 543 170 570 Καὶ
187 545 201 570 ὁ
212 543 394 580 πολυτίμητος
412 547 583 583 μαργαρίτης
600 548 646 574 τοῦ
660 549 793 584 ἐμπόρου,

10 588 52 614 καὶ
65 589 86 615 οἱ
101 588 219 624 Χριστοῦ
244 590 374 626 μαθηταὶ,
390 592 415 617 οἳ
440 592 477 623 ὡς
497 593 628 627 στέφανος
646 594 794 627 πλακέντες

10 635 39 670 τῇ
53 635 167 670 Χριστοῦ
187 636 292 672 κεφαλῇ
307 637 524 673 ὲπιτεθήσονται.

43 680 96 708 Τοῦ
106 681 209 708 αὐτοῦ.
237 682 281 715 Ἐξ
300 680 337 710 ὦν
351 692 393 715 τις
409 685 563 720 ἐπιτηδεύει
577 686 641 721 (56),
669 687 716 715 καὶ
731 697 792 715 στε-

8 725 143 758 φανοῦται.
167 726 196 752 '0
209 727 262 763 γὰρ
275 727 387 760 δίκαιος,
404 728 501 762 διώξας
516 730 545 756 τὸ
557 730 670 764 δίκαιον,
685 732 730 759 τὸν
744 733 794 769 τῆς

8 769 174 806 δικαιοσύνης
195 771 363 808 ἀπολήψεται
388 774 536 809 στέφανον’
557 777 571 802 ὁ
584 779 793 814 κατατρυφήσας

7 815 34 841 δὲ
48 816 94 842 τοῦ
110 817 214 853 Κυρίου
229 819 354 855 στεφάνῳ
368 821 474 856 τρυφῆς
496 821 713 858 ὑπερασπίζεται
725 833 732 840 ·
746 825 793 852 καὶ

7 862 21 887 ὁ
36 862 126 897 χάριτι
151 863 248 896 σωθεὶς
275 865 406 899 στέφανον
428 867 547 902 χαρίτων
568 869 614 895 ἐπὶ
629 870 679 905 τῆς
695 871 792 899 ἑαυτοῦ

6 906 108 942 δέχεται
133 909 273 944 κορυφῆς·
298 910 344 936 καὶ
367 911 381 936 ὁ
397 911 565 948 θησαυρίσας
586 915 655 949 μετὰ
679 917 791 952 χρυσίου

5 952 48 978 καὶ
70 953 202 990 ἀργυρίου
228 954 317 987 λίθους
341 957 457 992 τιμίους,
473 958 518 992 ὑφ’
533 955 571 986 ὧν
592 960 737 995 εἰργάσατο
753 963 792 989 λί-

5 997 56 1025 θων
73 1001 322 1036 στεφανωθήσεται.
341 1003 396 1029 Καὶ
419 1004 434 1029 ὁ
455 1004 558 1040 Κύριος
579 1007 642 1038 τοὺς
661 1008 700 1040 εἰς
714 1009 793 1036 αὑτὸν

4 1043 162 1079 ἐλπίζοντας
176 1049 303 1081 στεφανοῖ
319 1048 347 1074 ἐν
359 1048 427 1075 ἐλέει
441 1050 487 1076 καὶ
500 1051 661 1087 οίκτιρμοῖς.

35 1135 122 1170 Ζωὴν
136 1136 273 1172 ᾐτήσατό
288 1147 334 1171 σε,
352 1139 402 1165 καὶ
419 1140 532 1174 ἔδωκας
547 1142 626 1176 αὐτῷ
642 1145 792 1180 μαχρᾴτη-

4 1188 37 1206 τα
51 1181 171 1216 ἡμερῶν
185 1184 228 1216 εἰς
241 1183 333 1211 αἰῶνα
343 1184 460 1219 αἰῶνος,
478 1195 504 1213 κ.
517 1196 541 1214 τ.
554 1188 576 1214 ἐ.
600 1190 720 1224 Ζήτησον
737 1190 791 1226 (57)

37 1227 52 1262 ἡ
70 1227 119 1262 μὲν
134 1227 210 1255 ἔστιν
225 1229 279 1256 ἀπὸ
294 1230 362 1257 Θεοῦ
374 1231 502 1268 δεδομένη
517 1231 583 1269 ζωὴ,
599 1235 615 1269 ἠ
632 1235 659 1261 δὲ
676 1236 729 1262 ἀπὸ
743 1237 793 1272 τῆς

4 1269 65 1307 ὕλης
78 1273 230 1309 ἐρχομένη,
247 1275 293 1300 καὶ
315 1275 459 1312 σύγκρινον
475 1277 514 1304 τό*
535 1286 544 1303 ι
556 1279 736 1315 Ἑνεφύσησεν
752 1269 792 1314 είς

4 1316 29 1343 τὸ
44 1319 191 1354 πρόσωπον
206 1320 289 1347 αὐτοῦ
302 1323 386 1357 πνοὴν
403 1322 504 1358 ζωῆς,ι
524 1324 562 1359 τῷ
572 1333 579 1339 ·
599 1335 608 1351 ι
619 1326 792 1361 Ἐξαγαγέτω

4 1362 14 1396 ἡ
27 1363 61 1398 γῆ
77 1364 170 1400 ψυχὴν
185 1365 284 1397 ζῶσαν.
298 1375 308 1393 ι
334 1367 411 1403 Ζωὴν
424 1369 542 1404 ῂτήσατό
565 1379 604 1403 σε,
620 1370 664 1397 τὸν
679 1372 732 1407 πρὸ
745 1373 793 1408 τῆς

4 1408 74 1434 κόσου
90 1409 149 1444 βίον
173 1410 266 1438 αὑτοῦ.

33 1455 89 1482 Τοῦ
106 1456 215 1484 αὐτοῦ.
240 1457 269 1483 ’0
294 1457 419 1493 βασιλεὺς
436 1459 489 1496 (58)
504 1460 541 1493 ὡς
557 1462 659 1496 ἀγαθὸν
674 1463 792 1500 ᾐτήσατο

4 1500 44 1535 τὴν
62 1501 135 1537 ζωὴν
150 1502 206 1529 ἀπὸ
221 1503 335 1540 Κυρίου,
348 1505 394 1531 καὶ
407 1504 527 1541 εἴληφεν.
547 1507 660 1541 Ἀγαθὸν
678 1509 706 1535 δέ
719 1511 792 1537 ἐστιν

4 1545 12 1580 5
28 1546 94 1582 ζωὴ,
107 1548 122 1573 ὸ
135 1547 237 1575 εἰπών’
257 1559 265 1575 ι
278 1549 347 1584 Ἐγώ
362 1551 419 1586 είμι
434 1551 528 1588 ήξωή.
544 1562 553 1579 ι
571 1548 709 1590 Καὶῖτάχα
721 1556 735 1582 ὁ
749 1556 791 1582 δό-

4 1590 43 1623 ξας
63 1593 208 1626 φιλοζωεῖν
231 1594 355 1628 Ἐζεκίας
374 1596 482 1633 ἐκείνην
505 1598 583 1634 ἤθελε
597 1599 647 1636 τὴν
662 1599 742 1637 ζωὴν,
757 1603 790 1638 ἥν

4 1639 171 1674 ῖυμϐολικῶς
188 1642 338 1677 ὲφιλοξώει.

27 1686 153 1721 Μεγάλη
176 1688 197 1722 ἠ
222 1688 297 1721 δόξα
322 1690 415 1718 αὐτοῦ
442 1692 477 1719 ὲν
499 1692 539 1726 τῷ
564 1695 699 1730 σωτηρίῳ
720 1705 788 1729 σου,

4 1739 25 1779 5.-
34 1739 57 1779 τι
75 1732 97 1759 ἐ.
121 1733 161 1760 Τὸ
181 1735 313 1770 σωτήριον
329 1735 383 1771 (59)
406 1737 484 1771 δόξαν
511 1742 649 1775 περιποιεῖ
669 1743 789 1779 μεγάλην

4 1775 29 1810 ῑῷ
46 1777 79 1804 ἐκ
91 1779 204 1814 νεκρῶν
221 1781 366 1809 ἀναστάντι
389 1783 510 1818 βασιλεῖ·
536 1785 582 1812 καὶ
601 1775 678 1820 δόξαν
701 1775 788 1823 έχοντι

4 1823 36 1849 ταὶ
51 1823 152 1860 ἐτέραν
169 1826 326 1863 προσέθηκε
349 1829 396 1855 καὶ
411 1830 443 1856 ἐκ
457 1831 506 1865 τῆς
523 1831 707 1867 ἀναστάσεως,
720 1835 789 1861 κατὰ

5 1867 32 1893 ὁ·
46 1877 55 1893 ι
69 1869 206 1903 Ἑδόξασα
219 1872 266 1898 καὶ
279 1873 359 1900 πάλιν
372 1874 484 1907 δοξάσω.
497 1886 505 1902 ι

22 1914 207 1964 {eadem}.
238 1918 270 1944 Ἥ
291 1918 354 1952 δόξα
376 1921 431 1957 (40)
455 1922 502 1949 τοῦ
528 1923 661 1958 βασιλέως
684 1927 788 1964 μεγάλη

5 1959 62 1986 στὶν
85 1961 116 1988 ἐν
139 1961 182 1997 τῷ
200 1964 327 2000 σωτηρίῳ
343 1965 389 1992 τοῦ
412 1967 524 2003 Κυρίου,
548 1970 595 1996 καὶ
617 1972 667 1998 οὐκ
684 1959 711 2000 ἓν
725 1959 789 2001 ⁷τινί

4 2004 41 2031 ὦν
56 2008 231 2044 χατωτέρων
246 2009 376 2038 ἐκείνου.«
385 2011 467 2045 Δόξαν
484 2014 531 2040 καὶ
553 2017 788 2053 μεγαλοπρέπειαν

4 2050 130 2086 πιθήσεις
147 2053 196 2079 ἐπ’
211 2053 390 2091 αὐτόν.)Εἷχε
414 2058 464 2092 μὲν
487 2060 501 2085 ὁ
514 2060 629 2096 Χριστὸς
644 2050 722 2097 δόξαν
742 2067 788 2092 καὶ

4 2097 237 2133 ηεγαλοπρέπειαν
251 2100 281 2126 ὲν
296 2103 385 2137 μορφῇ
402 2102 468 2130 Θεοῦ
484 2105 613 2142 ὑπάρχων
623 2116 629 2122 ·
643 2109 687 2135 ὅτε
701 2110 728 2136 δὲ
742 2112 789 2138 καὶ

4 2141 131 2178 νθρωπος
146 2145 274 2179 γέγονεν,
287 2147 302 2172 ὁ
316 2146 381 2179 Θεὸς
396 2148 477 2176 αὐτὸν
491 2151 660 2187 ὑπερύψωσε.

809 854 829 881 Β

847 226 954 254 b‘iorum
970 227 996 253 in
1015 233 1108 253 eorum
1124 231 1185 260 qua
1205 224 1345 252 intellectu
1370 225 1485 261 visuque
1504 232 1633 261 percepta

847 276 921 306 sunt,
934 272 1121 300 enuntiatione
1137 271 1272 300 consistit.

882 318 964 346 Vens.
984 318 1012 345 4.
1030 318 1146 345 Posuisti
1170 319 1196 344 in
1211 318 1296 352 capite
1316 318 1374 351 eius
1396 327 1521 345 coronam
1539 321 1573 346 de
1594 319 1634 346 la-

845 364 905 399 pide
919 363 1041 398 pretioso,
1057 368 1110 391 etc.
1128 362 1228 391 Christi
1242 363 1324 396 Deus,
1341 365 1465 391 Christus
1482 369 1571 392 autem
1590 372 1634 392 ra-

847 411 983 438 tionabilis
997 415 1099 437 naturae
1116 417 1216 437 corona
1232 414 1282 437 est.
1299 410 1414 445 Lapides
1439 411 1549 445 pretiosi
1570 416 1635 438 sunt

845 456 998 491 margarita:
1010 463 1160 488 sermones,
1175 456 1208 483 de
1224 456 1322 490 quibus
1336 457 1436 483 dictum
1447 461 1490 484 est
1504 457 1514 472 ⁸
1527 466 1535 486 :
1551 467 1560 483 ε
1579 457 1635 484 No-

845 501 891 529 lite
918 501 1051 537 projicere
1076 502 1238 537 margaritas
1271 507 1375 529 vestras
1397 508 1459 529 ante
1486 511 1594 537 porcos.
1620 513 1630 530 ι

844 548 966 576 Pretiosa
985 549 1131 584 margarita
1157 548 1318 576 mercatoris
1334 549 1415 576 etiam
1430 548 1531 576 Christi
1553 550 1634 577 disci-

845 594 898 629 puli
915 599 986 627 sunt,
999 595 1044 630 qui
1062 596 1149 622 instar
1160 601 1268 622 corona:
1286 594 1444 628 complicati
1459 594 1559 622 Christi
1583 603 1632 623 ca-

845 641 891 675 piti
911 641 1092 676 imponentur.

880 687 1018 722 Ejusdem.
1052 687 1154 722 Quibus
1194 687 1291 716 studiis
1312 688 1409 723 aliquis
1434 696 1542 723 operata
1568 688 1631 721 (lat,

844 733 939 761 iisdem
957 738 985 761 et
1012 738 1167 761 Coronatur.
1196 733 1261 761 Nam
1275 733 1365 768 justus
1379 734 1424 768 qui
1437 734 1571 769 justitiam
1587 743 1632 762 sev

844 780 946 814 quitur,
966 779 1079 814 iustitiae
1103 788 1233 808 coronam
1259 779 1390 814 accipiet;
1419 780 1465 815 qui
1480 781 1632 808 oblectatur

839 826 871 854 -in
896 826 1020 858 Domino,
1046 833 1146 853 corona
1167 825 1356 854 exsultationis
1380 831 1549 861 protegetur;
1585 828 1631 862 qui

844 873 930 908 gratia
947 873 1066 900 salvatus
1088 878 1140 906 est,
1166 873 1314 908 gratiarum
1338 881 1469 901 coronam
1487 874 1513 900 in
1530 874 1632 902 vertice

844 920 960 954 accipiet
973 927 1037 952 suo;
1051 924 1078 946 et
1094 919 1139 954 qui
1154 927 1220 946 auro
1231 923 1257 946 et
1270 924 1383 954 argento
1399 921 1559 947 thesaurum
1590 920 1631 947 la~

843 966 934 1001 pidum
959 966 1144 1000 pretiosorum
1165 965 1216 993 sibi
1239 966 1428 1000 comparavit,
1455 974 1489 993 ex
1515 966 1549 994 iis
1563 974 1632 1002 quos

843 1011 1033 1043 elaboraverit,
1067 1011 1203 1045 lapidibus
1232 1007 1421 1039 coronabitur.
1451 1012 1484 1038 Et
1500 1012 1631 1040 Dominus

843 1062 988 1092 sperantes
1013 1057 1039 1084 in
1062 1064 1091 1084 se
1112 1061 1226 1084 coronat
1241 1056 1268 1084 in
1290 1057 1478 1085 misericordia
1499 1063 1526 1085 et
1547 1058 1630 1086 mise-

843 1101 1004 1129 rationibus.

881 1147 965 1183 618
979 1145 1061 1176 Vsus.
1073 1147 1100 1176 5.
1123 1146 1208 1173 Vitam
1223 1147 1297 1180 petiit
1314 1155 1329 1174 η
1347 1152 1382 1180 le,
1397 1148 1513 1175 tribuisti
1538 1150 1562 1176 ei
1575 1149 1632 1176 lon-

842 1193 987 1227 gitudinem
1009 1193 1111 1219 dierum
1135 1192 1162 1218 in
1186 1192 1313 1219 uetulum
1333 1193 1433 1225 amenti,
1454 1198 1507 1220 etc.
1535 1193 1631 1226 Quam:

843 1247 907 1266 num
923 1238 976 1266 alia
993 1238 1054 1266 sita
1070 1238 1126 1265 Deo
1140 1237 1203 1264 data
1218 1238 1283 1271 vita,
1300 1244 1326 1265 et
1342 1239 1395 1280 alia
1411 1247 1470 1273 qua:
1486 1248 1499 1265 a
1517 1240 1629 1267 materia

843 1285 929 1318 venit,
953 1288 980 1311 e‘t
1003 1284 1098 1311 confer
1111 1283 1203 1310 istud’
1220 1293 1226 1311 :
1247 1293 1256 1310 ι
1276 1284 1308 1311 Et
1324 1285 1468 1319 inspiravit
1482 1286 1507 1312 in
1529 1286 1628 1314 faciem

843 1330 902 1364 ejus
929 1329 1095 1364 spiraculum
1118 1328 1192 1361 vitm,
1217 1339 1226 1354 ι
1253 1337 1314 1356 cum
1343 1329 1389 1357 illo
1411 1330 1440 1355 ⁸;
1460 1339 1469 1355 ι
1496 1330 1632 1358 Producat

844 1381 918 1404 terra
932 1375 1050 1402 animam
1065 1374 1211 1407 viventem.
1228 1385 1238 1401 ι
1259 1375 1347 1402 Vitam
1365 1376 1443 1411 petiit
1454 1385 1469 1404 ιι
1482 1381 1518 1411 te,
1538 1377 1564 1405 id
1576 1382 1629 1411 est,

843 1422 926 1449 vitam
939 1427 1001 1449 ante
1014 1420 1214 1449 inﬁrmitatem.

879 1465 1018 1502 Ejusdem.
1033 1467 1091 1494 Rex
1107 1472 1234 1502 tanquam
1249 1467 1351 1503 aliquid
1366 1468 1439 1502 boni,
1455 1469 1533 1504 petiit
1547 1469 1630 1496 vitam

845 1521 859 1541 a
884 1514 1010 1546 Domino,
1037 1519 1065 1541 et
1089 1514 1203 1548 accepit.
1220 1513 1323 1540 Bonum
1339 1515 1460 1547 estvita,
1488 1515 1533 1550 qui
1558 1516 1633 1543 dice-

844 1560 891 1587 bat
906 1560 916 1575 ⁹
933 1568 939 1586 :
957 1568 966 1585 ι
985 1559 1042 1594 Ego
1058 1567 1116 1586 sum
1127 1559 1199 1586 (vita.
1216 1569 1225 1586 ι
1245 1560 1275 1586 Ει
1294 1559 1409 1587 forsitan
1426 1560 1569 1593 Ezechias,
1583 1563 1630 1596 qui

844 1604 906 1631 vitae
917 1605 1030 1640 cupidus
1043 1605 1197 1638 videbatur,
1215 1605 1298 1632 vitam
1312 1605 1385 1633 illaut
1399 1606 1519 1641 petebat,
1548 1614 1629 1642 quam

844 1650 993 1686 symbolice
1009 1651 1161 1678 adamabat.

882 1696 963 1723 Vens.
980 1695 1007 1723 6.
1024 1696 1121 1732 Magna
1136 1701 1175 1724 est
1197 1696 1282 1731 gloria
1307 1697 1363 1731 ejus
1387 1697 1414 1724 in
1443 1698 1558 1725 salutari
1573 1704 1628 1733 tua,

843 1746 896 1768 etc.
916 1742 1041 1769 Salutare
1055 1749 1180 1776 magnam
1197 1742 1310 1775 gloriam
1327 1743 1397 1777 parit
1413 1744 1495 1778 regia
1512 1746 1628 1772 mortuis

843 1785 1011 1820 resurgenti;
1025 1789 1052 1812 et
1066 1786 1191 1820 quamvis
1212 1786 1326 1820 gloriam
1337 1787 1393 1821 jam
1420 1787 1530 1820 haheat,
1546 1789 1627 1816 aliam

843 1832 1002 1866 superaddit
1026 1838 1058 1858 ex
1089 1833 1302 1864 resurrectione,
1328 1833 1405 1866 juxta
1433 1833 1498 1860 illud
1512 1835 1552 1861 “'z
1570 1844 1579 1860 ‹
1596 1835 1629 1862 Et

842 1877 992 1912 gloriﬁcavi
1007 1882 1035 1904 et
1052 1877 1149 1904 iterum
1162 1877 1332 1912 gloriﬁcabo.
1352 1887 1361 1904 ι

878 1923 1015 1956 Eiusdem.
1033 1923 1123 1951 Gloria
1140 1923 1211 1959 regis
1225 1931 1322 1959 magna
1337 1928 1379 1951 est
1394 1924 1419 1951 in
1438 1925 1551 1952 salutari
1579 1925 1629 1953 Do-

843 1970 920 2003 mini,
939 1974 1031 1996 etnon
1048 1970 1074 1997 in
1092 1969 1181 2004 aliqua
1200 1976 1230 1997 re
1243 1969 1302 2004 ipso
1317 1970 1458 1998 inferiore.
1478 1981 1487 1997 ι
1505 1972 1625 1999 Gloriam

842 2021 869 2042 et
884 2022 1010 2050 magnum
1028 2015 1152 2043 decorem
1168 2015 1289 2050 impones
1303 2024 1384 2050 super
1395 2023 1467 2043 eum.
1494 2025 1503 2042 ι
1531 2017 1630 2044 llabuit

842 2061 950 2095 quidem
970 2060 1095 2089 Christus
1112 2061 1224 2096 gloriam
1243 2066 1270 2088 et
1284 2069 1410 2096 magnum
1428 2062 1553 2090 decorem
1567 2071 1628 2090 eum

843 2107 869 2134 in
883 2107 969 2134 forma
988 2107 1033 2134 Dei
1049 2112 1108 2134 erat
1129 2116 1135 2133 :
1152 2108 1261 2142 quando
1272 2113 1362 2136 autem
1377 2109 1459 2136 homo
1475 2110 1562 2137 factus
1576 2115 1628 2142 est,

843 2153 914 2180 Deus
929 2153 1005 2180 ilium
1019 2153 1243 2188 superexaltavit.

17 2189 170 2223 Εὐρεθείη
192 2191 214 2224 ἠ
235 2191 300 2225 χείρ
321 2199 379 2220 σου
401 2193 476 2222 πᾶσι
496 2196 557 2230 τοῖς
578 2198 696 2233 ἐχθροῖς
719 2209 787 2235 σου,

880 2199 960 2226 Vsus.
974 2199 1000 2226 9.
1018 2198 1176 2226 Inveniatur
1199 2208 1291 2227 manus
1311 2205 1356 2227 tua
1370 2201 1489 2228 omnibus
1515 2202 1628 2228 inimicis

4 2242 46 2280 ἱτ..
58 2235 82 2261 ἐ.
105 2236 140 2261 Οἱ
167 2236 222 2271 μὲν
245 2236 337 2273 ἐχθροὶ
356 2238 412 2274 (41)
430 2239 476 2266 τοῦ
495 2242 596 2278 Κυρίου
616 2245 788 2280 εὑρίσκουσιν

4 2278 75 2311 ὒτὸν,
94 2281 121 2308 οἱ
138 2281 170 2307 δὲ
191 2282 337 2316 μισοῦντες
356 2285 436 2312 αὑτὸν
462 2287 634 2323 εὑρίσκονται
650 2278 724 2327 παρ’
739 2293 789 2320 αὺ-

4 2324 36 2370 Ῐῧ.
55 2327 114 2353 Καὶ
130 2327 181 2354 διὰ
204 2327 254 2362 μὲν
266 2328 312 2355 τοῦ
330 2331 412 2366 νόμου
432 2332 594 2370 εὑρίσκομεν
607 2336 682 2370 Θεὸν,
700 2324 749 2365 ’διὰ
761 2339 789 2366 δὲ

4 2369 34 2395 ὒν
44 2371 234 2418 Εὑαγγελίων
247 2373 430 2411 εὑρισκόμεθα
447 2379 512 2414 παρ’
526 2369 619 2414 αὖτοῦ,
641 2369 732 2418 ἐχθροὶ
745 2383 789 2410 δν-

4 2424 23 2447 ις
36 2416 67 2443 τὸ
83 2418 230 2453 πρότερον
241 2419 288 2445 καὶ
304 2429 312 2446 ι
324 2419 394 2452 ξένοι
407 2422 461 2449 τῶν
474 2423 609 2460 διαθηκῶν
623 2436 632 2452 ι
651 2416 698 2453 τοῦ)
709 2428 787 2462 Θεοῦ,

4 2460 103 2488 ἐλπίδα
119 2462 160 2498 μὴ
177 2462 289 2497 ἔχοντες
308 2464 355 2491 καὶ
369 2465 443 2493 ἄθεοι
457 2467 485 2495 ἐν
505 2467 544 2504 τῷ
560 2470 654 2506 κόσμῳ
664 2479 672 2487 ο
683 2481 693 2498 ι
712 2472 729 2507 ἥ
745 2460 789 2500 διὰ

4 2507 141 2542 ραχτικῆς
163 2508 221 2543 μὲν
233 2508 395 2546 εὑρίσκομεν
408 2511 484 2546 Θεὸν,
501 2514 544 2541 διὰ
559 2514 587 2541 δὲ
601 2515 726 2550 γνώσεως
745 2519 789 2545 εὑ-

9 2553 138 2589 ςκόμεθα
154 2554 228 2589 παρ’
240 2555 332 2583 αὐτοῦ.

11 2611 21 2626 ⁶
35 2610 138 2638 Matth.
153 2618 208 2644 vu,
234 2611 260 2639 6.
297 2613 307 2629 ⁷
322 2613 390 2642 Gen.
412 2624 443 2650 ιι,
469 2617 494 2645 7.
533 2618 543 2634 ⁸
557 2619 622 2648 ibid.
638 2628 658 2654 ι,
675 2621 722 2651 οι.
760 2623 769 2638 ³
783 2621 863 2650 Joan.
884 2631 939 2658 xiv,
963 2623 990 2651 6.

96 2682 266 2720 Ἑξειθυμία
281 2684 339 2718 μὲν
348 2686 483 2720 καρδίας,
499 2691 550 2713 etc.
567 2685 649 2714 idem.

4 2717 254 2778 ,(’.ῗὲζξζέρανος
263 2717 322 2753 μὲν
338 2717 478 2755 Χρὶστοῦ,
492 2727 546 2748 etc.
561 2721 672 2751 Schedae
682 2722 787 2758 Grabii,

11 2787 69 2824 (se)
95 2786 149 2824 Ἐξ
166 2783 217 2813 ὧν
229 2794 274 2822 τις
291 2789 469 2824 ἐπιτηδεύει,
486 2796 539 2818 etc.
554 2791 667 2820 Schedae
681 2793 785 2822 Grabii.

4 2823 71 2884 ι(ΞΤ)
89 2822 247 2856 Ζήτησον
263 2825 289 2851 el
303 2826 321 2859 ἡ
333 2822 390 2860 μὲν
404 2822 502 2860 ἔστιν,
517 2831 569 2855 etc.
589 2827 693 2856 Eaedem
708 2830 787 2858 scite-

841 2245 907 2277 tuis,
921 2249 975 2272 etc.
997 2245 1100 2272 inimici
1125 2245 1230 2272 Domini
1247 2246 1388 2274 inveniunt
1411 2253 1488 2279 eum;
1520 2247 1565 2282 qui
1579 2255 1628 2274 au-

841 2295 896 2318 tem
911 2298 973 2317 eum
987 2291 1114 2323 oderunt.
1128 2291 1303 2319 inveniuntur
1317 2293 1352 2319 ab
1364 2300 1407 2321 eo.
1424 2293 1458 2319 Et
1474 2299 1521 2327 per
1542 2293 1627 2327 legem

841 2336 948 2371 quidem
964 2336 1118 2365 invenimus
1135 2336 1230 2369 Deum,
1246 2345 1295 2372 per
1309 2337 1455 2372 Evangelia
1473 2345 1537 2365 vero
1551 2338 1584 2365 ab
1596 2346 1628 2365 eo

841 2382 1055 2419 invenimur,qui
1072 2384 1148 2417 prius
1163 2383 1268 2411 inimici
1290 2390 1408 2416 eramus,
1425 2393 1435 2409 ί
1457 2389 1484 2410 et
1510 2384 1629 2418 hospites

841 2433 1066 2457 testamentorum
1086 2438 1094 2454 ι
1110 2429 1168 2461 Dei,
1184 2439 1194 2456 ‹
1208 2436 1282 2463 spent
1297 2437 1348 2456 non
1375 2429 1516 2461 habentes,
1529 2434 1556 2456 et
1570 2430 1628 2456 sine

844 2476 898 2503 Deo
915 2476 941 2502 in
954 2475 1004 2502 hoc
1016 2475 1117 2503 mundo
1132 2475 1165 2502 “.
1182 2484 1192 2500 υ
1212 2474 1260 2503 Vel
1272 2483 1320 2509 per
1331 2475 1463 2502 actionem
1478 2475 1630 2502 invenimus

843 2523 938 2557 Deum,
953 2527 980 2550 et
994 2531 1042 2558 per
1058 2523 1239 2558 cognitionem
1255 2523 1409 2550 invenimur
1423 2523 1457 2550 ab
1469 2529 1511 2551 eo.

1041 2624 1063 2640 ¹⁶
1077 2624 1144 2651 ibid.
1170 2632 1217 2656 xu,
1240 2623 1286 2652 28.
1326 2624 1346 2640 ¹¹
1364 2624 1463 2659 Ephes.
1479 2623 1569 2656 ".12.

890 2690 935 2728 ἕξ)
955 2691 986 2728 ζο
995 2691 1157 2728 βασιλεύς,
1174 2698 1225 2720 etc.
1241 2693 1395 2721 Corderius.

889 2725 934 2759 39)
954 2725 988 2752 Τὸ
1001 2725 1157 2760 σωτήριον,
1172 2733 1225 2756 etc.
1242 2729 1352 2756 Scheda:
1364 2729 1468 2757 Grabii.

877 2760 932 2800 (liti)
1094 2781 1101 2794 ,
1116 2768 1167 2790 etc.
1186 2763 1285 2791 l’artlm
1307 2765 1451 2792 Corderius
1474 2765 1628 2800 partimque

839 2794 946 2821 scheda:
959 2796 1064 2822 Grahii.

876 2829 932 2868 (at)
954 2832 985 2868 Qt
1005 2831 1064 2868 μὲν
1086 2831 1202 2866 ἐχθροί,
1228 2838 1281 2861 etc.
1311 2833 1400 2862 Codex
1425 2835 1626 2868 Coislinianus,

839 2865 944 2893 schedae
957 2864 1061 2893 Grabii.
