1860 3052
45 98 101 127 ΗΜ

522 94 675 124 SELECTA
694 93 728 122 IN
743 93 912 122 PSALMOS.
928 109 963 114 —
982 93 1079 121 PSAL.
1099 92 1181 121 XXII.

1587 94 1657 123 1262

43 156 169 193 μαστίγων
196 155 242 183 καὶ
271 155 325 183 τῶν
348 155 484 183 κολάσεων
509 156 627 191 εἴρηται,
653 155 777 190 μαρτυρή

929 154 951 181 is
973 153 1026 180 crit
1041 152 1193 188 Scriptura,
1217 161 1277 188 qum
1292 153 1410 181 dicit“;
1429 164 1438 179 ι
1455 153 1483 181 Si
1507 154 1659 190 derelique-

41 204 102 238 αὑτὴ
126 203 144 238 ἡ
174 202 269 238 Γ
302 202 431 237 λέγουσα·
462 212 471 227 ι
497 202 558 228 Ἐὰν
591 201 822 236 ὲγκαταλείπωσιν

40 250 61 276 οἱ
77 249 124 276 υἱοί
141 257 190 284 μου
203 249 248 275 τὸν
265 249 345 284 νόμον
365 258 425 284 μου,
444 249 489 275 καὶ
515 250 570 280 τοῖς
586 248 700 284 κρίμασι
716 256 765 283 μου
785 247 822 282 μὴ

42 294 217 330 πορευθῶσιν·
240 294 287 320 ἐὰν
313 294 347 321 τὰ
371 293 544 329 δικαιώματά
564 302 614 329 μου
637 293 821 328 βεϐηλώσωσι,

39 342 82 368 καὶ
97 340 143 372 τὰς
157 340 267 372 ἐντολάς
287 349 336 376 μου
361 341 398 376 μὴ
418 340 580 374 φυλάξωσιν,
595 339 778 374 ἐπισκέψομαι
794 339 822 365 ὲν

40 387 122 422 ῥάϐδῳ
135 386 183 419 τὰς
195 387 309 422 ἀνομίας
323 387 423 418 αὐτῶν,
441 386 487 413 καὶ
502 387 531 412 ἐν
547 386 656 422 μάστιξι
672 386 720 417 τὰς
733 386 823 420 ἁμαρ-

38 433 94 465 τίας
107 433 204 464 αὐτῶν,
220 433 251 459 τὸ
268 433 296 459 δὲ
320 432 393 464 ἔλεός
410 440 459 468 μου
475 431 505 458 οὐ
527 432 563 466 μὴ
587 431 755 458 διασκεδάσω
775 429 822 457 ἀπ’

37 477 135 505 αὐτῶν·
153 487 161 504 ι
176 477 245 504 ὥστε
261 478 285 504 εἰ
300 478 422 513 ἥμαρτες
441 477 488 503 καὶ
511 476 618 511 βλέπεις
638 475 734 512 ῥάϐδον
754 474 821 501 Θεοῦ

37 524 208 559 ἐπικειμένην
223 532 273 556 σοι,
293 523 357 553 ἴσθι,
374 523 414 549 Em
434 522 464 549 τὺ
479 522 550 553 ἕλεος
573 522 620 548 τοῦ
637 521 704 549 Θεοῦ
721 521 751 548 οὺ
766 521 821 547 διε-

36 569 174 595 σκέδασται
189 569 243 595 ἀπὸ
259 568 316 595 σοῦ.
333 569 364 595 Et
381 568 409 595 δὲ
424 569 557 603 ἥμαρτες,
582 568 629 594 καὶ
642 567 758 602 οὐδαμοῦ
773 567 822 602 ρά-

37 616 102 647 ϐδος,
119 616 179 642 οὐδὲ
198 615 306 651 μάστιξ,
323 614 405 649 φοϐοῦ
417 623 424 629 ·
438 614 468 640 οὺ
485 613 666 649 παραδέχεταί
683 622 712 639 σε
730 614 743 639 ὁ
756 613 822 644 Θεὸς

36 672 44 686 ι
65 663 78 688 ὁ
92 661 230 697 μαστιγῶν
247 661 335 688 πάντα
352 661 408 688 υἱὸν
425 661 454 687 ὃν
467 661 658 696 παραδέχεται.
680 670 689 686 ι
705 659 822 686 Τοιαῦτα

34 709 135 742 λέγεται
151 707 215 744 περ).
230 707 284 734 τῶν
304 707 483 742 ἁμαρτωλῶν,
500 707 543 733 ὅτε
559 707 589 732 οὐ
609 706 820 740 μαστιγοῦνται’

34 764 42 779 ι
65 754 147 789 Ἐμοῦ
164 754 192 780 δὲ
209 753 285 789 παρὰ
303 752 398 788 μικρὸν
414 751 596 787 ὲσαλεύῦησαν
612 751 636 778 οἱ
655 751 742 782 πόδες,
757 751 822 786 παρ’

30 801 115 834 ὀλίγον
131 798 246 835 ἐξεχύθη
263 798 296 826 τὰ
308 798 461 833 διαδήματα
476 806 537 832 μου,
554 797 594 823 ὅτι
607 797 657 823 οὐκ
671 796 743 822 ἔστιν
755 796 821 823 ἀνά-

875 200 929 225 rint
944 198 991 225 ﬁlii
1010 199 1061 224 mei
1082 199 1166 233 legem
1184 205 1282 229 meatu,
1295 203 1322 225 et
1337 198 1362 225 in
1382 198 1494 233 judiciis
1518 199 1586 226 meis
1606 207 1660 226 tton

874 244 1089 276 ambulaverint;
1113 244 1134 271 si
1156 243 1278 278 justitias
1302 252 1376 272 meas
1397 244 1612 279 profanaverint.
1634 251 1662 271 ct

875 290 1000 317 mandata
1025 297 1084 316 mea
1108 297 1160 316 non
1188 290 1382 320 custodieriut,
1402 289 1518 317 visitabo
1534 290 1562 317 in
1586 291 1662 325 virga

874 335 1034 369 iniquitates
1053 341 1158 368 eorum,
1172 340 1199 362 et
1216 335 1242 362 in
1257 334 1414 362 verberibus
1427 339 1539 370 peccata
1553 343 1660 367 eorum,

874 381 1087 408 tttisericordiam
1101 386 1191 407 autem
1206 387 1290 407 meam
1309 388 1360 407 non
1376 379 1529 415 dispergam
1547 380 1581 407 ab
1592 381 1658 407 eis.»

874 427 1055 460 Quamobrem
1073 426 1094 453 si
1113 426 1247 461 peccasti,
1270 431 1298 453 et
1324 426 1398 454 vides
1415 426 1518 458 virgam
1543 426 1588 454 Dei
1613 426 1660 453 tibi

874 475 1027 506 imminere,
1041 473 1124 509 624
1138 473 1207 501 scito
1231 474 1444 501 misericordiam
1464 474 1510 502 Dei
1535 481 1587 502 non
1606 474 1662 501 dis-

874 529 980 556 persaln
1006 528 1066 549 esse
1084 529 1097 548 a
1121 526 1156 547 te.
1183 520 1211 547 Si
1239 524 1328 546 autem
1356 521 1493 554 peccasti,
1517 528 1567 548 nec
1585 520 1660 555 virga

873 576 922 596 nec
939 568 1073 603 ﬂagellum
1090 566 1229 594 ullnmodo
1244 566 1377 598 imminet,
1393 567 1457 593 time
1471 575 1478 593 :
1498 574 1550 593 non
1565 567 1662 601 recipit

875 619 899 641 te
921 614 991 641 Deus
1013 614 1059 647 qui
1078 623 1086 639 ι
1103 613 1223 648 ﬂagellat
1246 621 1354 641 ontnem
1382 613 1466 640 [ilium
1488 621 1567 648 quem
1593 613 1662 640 reci.

873 659 981 694 ρίι²¹.ι
1000 658 1067 686 Nam
1084 659 1116 686 de
1138 660 1328 693 peccatoribus
1352 667 1422 694 quos
1449 666 1501 687 non
1527 659 1660 694 castigat,

874 706 970 733 dicitur
982 706 1023 732 "1
1043 715 1052 731 ι
1069 704 1119 732 ὶιοί
1135 710 1223 733 autem
1240 713 1307 740 pene
1322 705 1388 732 moti
1405 710 1469 732 sunt
1483 705 1577 740 pedes,
1593 713 1661 740 pene

874 752 951 779 etlusi
969 757 1031 779 sunt
1049 760 1159 788 gressus
1182 752 1245 783 mei,
1268 752 1331 787 quia
1346 760 1397 779 non
1419 756 1461 779 est
1478 756 1615 786 respectus
1632 751 1659 778 in

874 802 960 824 morte
977 798 1107 832 ipsorum,
1129 802 1154 824 et
1173 797 1372 824 firmamentum
1397 797 1424 824 in
1449 797 1526 831 plaga
1552 804 1659 823 eortun.

29 854 118 877 νενσις
136 847 166 871 ὲν
188 844 228 880 τῷ
251 843 358 879 θανάτῳ
380 843 479 875 αὐτῶν,
503 842 550 868 καὶ
572 841 715 878 στερέωμα
738 841 763 867 ὲν

927 843 1056 871 uberibus
1070 843 1208 871 hominum
1227 850 1279 870 non
1297 847 1371 875 sunt,
1388 848 1417 870 et
1429 851 1488 869 cum
1506 842 1661 869 hominibus

30 892 140 926 μάστιγι
166 890 267 917 αὐτῶν.
290 890 332 916 Ἐν
350 889 444 921 κόποις
465 887 614 923 ἀνθρώπων
633 887 683 914 οὐκ
703 887 822 918 elotum).

27 936 95 971 μετὰ
122 934 278 970 ἀνθρώπων
305 935 335 961 οὐ
367 933 628 969 μστιγωοήσονται.
662 932 712 958 Διὰ
743 932 822 958 τοῦτο

26 982 178 1016 ἐκράτησεν
195 981 294 1012 αὐτοὺς
310 981 326 1015 ἡ
342 979 529 1015 ὑπερηφανία·
551 977 741 1014 περιεϐάλοντο
761 978 822 1004 ἁδι-

24 1026 84 1053 κίαν
97 1027 144 1052 καὶ
159 1025 289 1052 ἀσέϐειαν
302 1025 401 1052 αὐτῶν.
418 1026 450 1051 'H
463 1025 557 1061 ῥάϐδος
571 1034 617 1051 σου
634 1024 680 1051 καὶ
692 1025 709 1059 ἡ
722 1024 823 1059 βακτη-

25 1071 67 1105 ρία
90 1080 148 1097 σου.
167 1080 178 1096 ι
199 1071 292 1106 ’Λρκεί
317 1070 428 1106 ῥάϐδος·
451 1070 476 1096 τί
499 1071 571 1096 ποιεῖ
598 1069 748 1105 βακτηρία;
773 1069 821 1096 ἐὰν

22 1114 54 1153 ᾖς
77 1117 219 1153 πρόϐατον
247 1116 424 1152 ἁμαρτωλὸν,
445 1115 534 1151 ῥάϐδῳ
559 1115 699 1152 πληγήσῃ·
721 1114 769 1141 ἐὰν
786 1113 821 1151 ᾖς

20 1162 167 1198 ἄνθρωπος
183 1162 358 1199 ἁμαρτωλὸς,
376 1161 523 1198 βακτηρίᾳ·
540 1161 583 1189 διὰ
600 1161 678 1188 τοῦτο
696 1161 743 1187 ἐπὶ
758 1160 820 1187 τού-

20 1217 73 1235 των
87 1209 118 1235 οὐ
135 1209 249 1244 ῥάϐδος,
265 1209 332 1236 ἀλλὰ
354 1208 488 1244 βακτηρία
511 1206 656 1242 ὠνομάσθη
685 1207 760 1244 παρὰ
782 1205 820 1242 τῷ

19 1254 177 1289 Σολομῶντι
195 1256 226 1281 ὲν
240 1256 300 1286 ταῖς
312 1255 498 1289 Παροιμίαις·
519 1264 528 1280 ι
551 1255 580 1280 '0
596 1253 749 1289 φειδόμενος
770 1253 821 1289 τῆς

19 1299 177 1336 βακτηρίας
195 1302 272 1336 μισεῖ
284 1301 328 1327 τὸν
343 1300 439 1327 ἑαυτοῦ
453 1301 518 1327 υἱόν.
535 1310 544 1327 ι
559 1300 652 1327 Ταῦτα
667 1298 713 1327 οὖν
729 1309 820 1336 παρα-

873 897 925 916 non
941 889 1160 924 ﬂagellabuntur.
1175 889 1236 916 ideo
1251 889 1338 916 tenuit
1350 896 1398 916 eos
1413 889 1551 923 superbia.
1566 888 1659 923 Operti

873 940 937 962 sunt
955 935 1100 970 iniquitate
1114 939 1142 962 et
1161 935 1301 969 impietate
1323 941 1383 961 sua.
1401 933 1481 969 Virga
1502 939 1546 961 tua
1562 939 1589 961 et
1614 935 1661 961 ba-

873 981 949 1008 culus
965 985 1036 1008 tuus.
1049 990 1058 1006 ι
1078 979 1182 1008 διιίῐίεἰι
1198 980 1271 1014 virga
1288 988 1294 1006 :
1311 980 1374 1014 quid
1390 987 1459 1014 opus
1481 984 1523 1008 est
1546 980 1661 1007 baculo?

873 1026 895 1054 si
916 1026 999 1054 fueris
1015 1026 1073 1054 ovis
1087 1033 1195 1059 errans,
1209 1026 1301 1060 virga;
1317 1026 1339 1053 si
1362 1026 1445 1053 tueris
1461 1027 1542 1053 homo
1562 1033 1660 1060 pecca-

875 1076 928 1104 tor,
953 1071 1050 1099 baculo
1070 1071 1218 1106 vapulabis.
1245 1071 1307 1098 Ideo
1333 1071 1359 1098 in
1378 1071 1420 1098 his
1442 1079 1494 1098 non
1515 1072 1661 1105 virga,sed

873 1117 986 1145 baculus
1008 1118 1033 1145 in
1061 1116 1211 1144 Proverbiis
1236 1125 1249 1144 a
1275 1118 1420 1145 Salomone
1444 1117 1595 1152 appellatur
1613 1117 1658 1144 ":

876 1173 885 1190 ι
900 1163 950 1196 Qui
973 1163 1059 1198 parcit
1074 1163 1181 1196 baculo,
1195 1163 1252 1190 odit
1270 1163 1355 1190 lilium
1372 1170 1460 1190 suum.
1475 1172 1484 1189 ι
1509 1162 1572 1190 llaec
1593 1170 1661 1190 con-

873 1208 995 1236 solantur
1019 1215 1081 1235 eum
1105 1208 1150 1243 qui
1168 1207 1277 1242 vapulat
1298 1212 1326 1235 ct
1348 1208 1469 1242 punitur,
1495 1207 1596 1243 quippe
1615 1207 1660 1234 ctti

872 1262 1032 1289 persuasum
1047 1254 1083 1282 sit
1096 1262 1112 1282 ιι
1127 1253 1181 1281 Deo
1195 1261 1304 1282 omnem
1330 1254 1414 1282 tilium
1430 1262 1509 1290 quem
1531 1254 1660 1289 suscipit,

874 1299 1015 1335 ﬂagellari.

17 1345 95 1371 καλεῖ
110 1346 156 1372 τὸν
168 1346 339 1378 τυπτόμενον
352 1347 399 1373 xui.
410 1347 454 1374 τὸν
467 1345 655 1381 κολαζόμενον,
671 1346 863 1382 πεπεισμένον,
878 1346 918 1373 ὃτι
934 1346 1060 1382 μαστιγοῖ
1075 1347 1090 1373 ὁ
1103 1346 1169 1380 Θεὸς
1183 1347 1272 1375 πάντα
1289 1346 1346 1374 υἱὸν
1359 1346 1388 1373 ὃν
1402 1346 1594 1382 παραδέχεται.

55 1393 112 1420 Τοῦ
136 1393 248 1421 αὐτοῦ.
271 1395 374 1430 Ὥσπερ
404 1394 499 1429 ῥάϐδος
515 1395 570 1430 (74)
589 1393 726 1426 παιδεύει,
751 1394 789 1421 οὖι

927 1395 1050 1430 ῒῙυδᾱεηι.
1066 1395 1298 1428 Quemadmodum
1314 1395 1389 1431 virga
1405 1395 1504 1428 erudit,
1526 1396 1567 1423 sic
1590 1395 1661 1423 actio

15 1439 161 1475 πρακτικὴ
181 1447 234 1474 μετ
240 1439 366 1474 ροπαοεῖν
380 1439 545 1466 ἐκδιδάσκει·
560 1440 608 1466 καὶ
619 1439 713 1475 ὥσπερ
726 1439 825 1476 βακτη-

15 1485 61 1520 ρία
75 1485 235 1516 ἀναπαύει,
248 1484 318 1511 οὕτω
335 1485 381 1512 καὶ
394 1485 493 1519 γνῶσις
515 1486 665 1522 εὐφραίνει.
683 1485 824 1522 Βακτηρία

10 1531 40 1556 τὸ
62 1531 191 1566 ἰσχυρόν.
207 1529 336 1556 Βούλεται
348 1527 393 1557 οὖν
410 1531 505 1564 εἰπεῖν,
523 1532 573 1563 ὅτι,
592 1531 625 1557 Ἡ
638 1531 761 1566 βασιλεία
775 1540 822 1558 σου

11 1577 27 1610 ἠ
44 1577 173 1610 κραταιὶι
195 1576 250 1612 τῆς
270 1575 468 1612 παρακλήσεώς
486 1586 530 1612 μοι
545 1577 646 1613 ταύτης
659 1576 766 1611 ἐγένετο
779 1585 824 1613 χο-

8 1622 107 1658 sum.

49 1668 247 1703 Ἠῖοίμασης
264 1667 392 1696 ἐνώπιόν
410 1678 469 1703 μου
492 1667 651 1702 τράπεζαν,
680 1669 714 1702 ἐξ
735 1670 823 1697 ἐναν-

7 1714 71 1747 τίας
89 1715 155 1742 τῶν
172 1715 345 1742 θλιϐόντων
352 1724 400 1749 με,
415 1724 441 1742 κ.
456 1724 480 1741 τ.
494 1715 517 1741 ἑ.
532 1715 563 1741 Τί
576 1714 698 1750 βούλεται
782 1715 821 1748 τὸ,

7 1769 16 1784 ι
37 1761 68 1793 ἐξ
85 1762 226 1793 ἐναντίας
249 1761 302 1787 τῶν
318 1761 461 1788 Ολιϐόντων
484 1769 534 1796 ps;
559 1771 568 1786 ι
586 1761 661 1796 Ἔχει
678 1770 703 1788 τι
719 1762 822 1796 μυστή-

7 1815 62 1840 ριον
80 1806 269 1842 ἀπόρρητον,
286 1806 328 1832 ἴνα
350 1815 392 1837 τις
408 1805 520 1841 εὔχηται
536 1806 680 1833 Ολίϐεσοαι.
705 1807 822 1834 Ἐπινόει

7 1858 50 1883 μοι
65 1849 173 1885 ὥσπερ
205 1849 256 1876 ἐπὶ
280 1849 333 1876 τῶν
359 1851 470 1884 ἀγώνων
498 1850 550 1877 τῶν
575 1849 699 1886 μεγάλων
726 1851 823 1884 ἄθλους

7 1896 215 1932 Ξπικειμένους
245 1895 306 1922 καθ’
334 1896 447 1923 ἕκαστον
475 1896 627 1931 ἀγώνισμα,
656 1896 742 1929 οὕτως
760 1897 822 1924 καθ’

7 1944 129 1979 κάκην
146 1943 262 1977 θλίψιν,
276 1942 356 1977 ἡνίκα
369 1943 401 1969 ἂν
417 1943 445 1969 τὺ
458 1943 546 1969 θλίϐον
562 1945 646 1979 παρῇ,
665 1943 711 1970 καὶ
724 1944 751 1970 αἱ
767 1943 822 1970 Ολί-

7 1990 100 2016 {cecat
121 1990 270 2024 δυνάμεις
287 1989 313 2015 αἱ
336 1988 531 2024 ἀντικείμεναι,
547 1989 600 2016 νόει
620 1989 821 2025 ἡτοιμασμένην

7 2037 150 2071 γράπεζαν
173 2035 374 2071 πνευματικὴν
396 2035 442 2062 καὶ⁸
462 2035 568 2071 νοητὴν,
589 2035 632 2062 διὰ
649 2036 750 2072 ταύτην
772 2036 822 2071 τὴν

876 1442 984 1469 modum
1009 1443 1034 1468 in
1053 1441 1195 1469 allectibus
1219 1441 1365 1469 tenendum
1387 1442 1498 1473 edocet;
1514 1446 1542 1468 et
1561 1449 1658 1477 quent-

875 1487 1018 1515 admodum
1036 1488 1146 1515 baculus
1163 1489 1208 1516 dat
1224 1489 1355 1523 quietem,
1375 1487 1416 1515 sic
1433 1493 1461 1515 et
1477 1488 1589 1516 scientia
1612 1488 1660 1516 ltB-

874 1532 972 1559 titiam.
998 1532 1114 1560 Baculus
1127 1537 1168 1561 est
1194 1534 1258 1568 quid
1277 1533 1356 1561 forte.
1378 1532 1434 1561 Hoc
1456 1540 1521 1568 ergo
1544 1534 1598 1560 vult
1620 1534 1662 1561 di-

873 1584 955 1604 cere:
974 1578 1093 1612 Regnum
1118 1584 1192 1606 tuum
1213 1579 1333 1607 validum
1357 1579 1427 1607 hanc
1449 1579 1660 1608 consolationem

874 1623 938 1650 mihi
957 1624 1081 1657 pra-buit.

912 1668 992 1696 Vens.
1007 1669 1033 1696 5.
1058 1670 1165 1697 Parasfi
1189 1671 1218 1697 in
1240 1675 1378 1704 conspectu
1399 1679 1455 1698 meo
1470 1679 1587 1699 mensam
1607 1672 1660 1699 ad—

874 1723 962 1742 versus
985 1723 1028 1742 eos
1052 1716 1095 1750 qui
1121 1716 1247 1743 tribulam
1273 1725 1329 1749 me,
1354 1722 1407 1744 etc.
1426 1717 1503 1750 Quid
1532 1717 1583 1746 sibi
1603 1718 1661 1746 vult

874 1761 956 1794 istud,
976 1769 984 1785 ι
999 1761 1130 1789 adversus
1144 1769 1192 1788 eos
1213 1762 1258 1796 qui
1284 1761 1414 1789 tribulant
1438 1763 1500 1790 me?
1515 1771 1524 1788 ι
1550 1763 1659 1797 Aliquid

874 1806 995 1841 mysterii
1022 1807 1153 1837 continet.
1177 1812 1204 1833 ιιι
1229 1812 1355 1841 precetur
1370 1807 1432 1842 quis
1455 1807 1590 1834 trihulari.
1608 1809 1661 1836 Co-

873 1852 928 1888 gita
949 1852 1014 1879 mihi
1036 1853 1264 1887 quemadmodum
1282 1853 1309 1880 in
1327 1853 1431 1888 magnis
1451 1854 1660 1888 certaminibus,

874 1897 982 1924 cuilibet
995 1898 1125 1932 palms'rtc
1137 1903 1210 1926 certa
1224 1899 1360 1933 proposita
1372 1904 1435 1926 sunt
1447 1900 1567 1934 praemia,
1581 1900 1659 1929 sicin

874 1944 994 1978 qualibet
1007 1944 1190 1977 tribulatione,
1199 1945 1305 1980 quando
1321 1945 1346 1972 id
1356 1946 1428 1980 quod
1442 1946 1561 1979 tribulat,
1572 1947 1657 1980 adest,

873 1994 901 2016 et
929 1990 1129 2017 tribulationem
1158 1991 1277 2018 inferunt
1303 1990 1465 2019 adversariae
1495 1996 1658 2026 potestates,

874 2043 995 2063 mensam
1010 2036 1177 2070 spiritualem
1193 2042 1221 2063 et
1236 2037 1444 2065 intellectualem
1459 2045 1519 2065 esse
1538 2044 1659 2073 paratam

12 2084 103 2119 λὶᾦιν.
129 2083 260 2113 Ὁσάκις
272 2081 336 2115 γοῦν
354 2081 400 2108 ἐὰν
416 2081 504 2117 ολιϐᾔ,
518 2082 680 2112 τοσαυτάκις
695 2082 742 2109 καὶ

925 2087 986 2116 pter
1003 2083 1071 2109 hanc
1099 2082 1308 2110 tribulationem.
1331 2083 1550 2118 Quotiescunque
1578 2084 1659 2119 igitur

7 2130 70 2162 πεζά
89 2139 136 2157 σοι
158 2127 355 2164 παρατίθεται
370 2128 552 2163 πνευματική.
565 2127 652 2154 Μόνον
664 2128 707 2163 ἔχε
725 2128 823 2163 ὀφθαλ-

7 2179 65 2209 ιοὶλς
82 2178 157 2208 τοὺς
175 2175 339 2210 βλέποντας
360 2173 501 2210 τραπέζας
521 2182 581 2210 μου,
598 2174 630 2200 ἵν’
654 2175 822 2210 εὐχαριστῶν

8 2225 87 2258 έγοις
115 2222 199 2259 μετὰ
232 2220 284 2246 τοῦ
304 2220 479 2247 Ἀποστόλου·
499 2230 509 2246 ι
530 2220 567 2247 Οὐ
589 2220 666 2256 μόνον
689 2221 728 2254 δὲ,
755 2221 822 2248 ἀλλὰ

8 2271 38 2297 1':
56 2268 262 2304 καυχώμενοι
276 2266 302 2292 ἐν
318 2267 377 2297 ταῖς
393 2266 522 2301 θλίψεσιν.
540 2275 549 2291 ι
567 2266 610 2293 Ἑν
634 2266 730 2302 ἀρχαῖς
746 2266 774 2292 δὲ
793 2267 821 2292 ὲ-

8 2318 148 2351 άσκομεν
162 2315 219 2340 τὸν
237 2313 273 2338 ἐκ
289 2312 428 2348 προκοπῆς
444 2312 507 2339 ὄντα
520 2311 707 2346 κατασκηνοῦν
723 2313 762 2344 εις
777 2311 822 2338 τό-

7 2372 39 2389 ον
53 2363 162 2398 χλόης,
193 2358 283 2385 Ἐπεὶ
298 2356 343 2384 οὖν
365 2358 378 2384 ὁ
393 2358 554 2393 προκόπτων
573 2357 623 2384 κᾶν
637 2357 682 2383 ἐπὶ
699 2357 729 2384 τὸ
745 2357 820 2389 τέλος

7 2411 143 2440 Οάςειεν,
164 2405 277 2433 οὐκέτι
294 2404 388 2439 μείνας
402 2403 546 2439 πρόϐατον,
558 2403 625 2430 ἀλλὰ
638 2403 744 2437 λογικὸς
759 2404 821 2430 ἁνα-

7 2456 126 2492 τιχοεὶς,
154 2450 316 2489 τράπεζαν
341 2449 456 2483 λογικῶν
478 2449 586 2484 τροφῶν
602 2449 820 2485 ηὖτρεπισμένην

7 2513 40 2530 νει
60 2502 122 2529 ὑπὸ
138 2498 280 2534 Κυρίου.
299 2496 343 2531 Τῷ
358 2495 411 2531 γὰρ
425 2496 520 2531 Κυρίῳ
534 2496 693 2530 τυγχάνοντι
707 2496 722 2530 ὴ
741 2495 820 2529 σοφία

7 2534 143 2585 ῖοιμὰσει
162 2546 225 2581 τὴν
239 2543 346 2578 ἑαυτῆς
355 2541 504 2578 τράπεζαν,
514 2543 556 2576 ἐφ’
565 2540 598 2578 ἦς
607 2542 640 2567 τὰ
650 2541 702 2568 ἴδια
712 2541 820 2576 Ούματα

7 2597 165 2634 ιρέχετοιι.
196 2589 388 2624 [εὐχαριστῶν
409 2586 455 2615 οὖν
470 2597 548 2624 φησι⁸
567 2598 576 2613 ι
595 2587 760 2623 ’Πτοίμασοις
778 2587 821 2613 ἐν·

873 2127 957 2155 fueris
981 2129 1135 2160 tribulatus,
1153 2128 1231 2156 toties
1256 2129 1303 2156 tibi
1330 2137 1421 2157 tucnsa
1446 2130 1578 2164 spiritalis
1595 2138 1659 2165 pro-

872 2173 991 2209 ponitur.
1010 2173 1062 2201 Fac
1084 2174 1176 2202 oculos
1192 2174 1293 2202 habeas
1310 2175 1396 2202 solum
1413 2175 1445 2203 ad
1462 2183 1535 2204 meas
1551 2184 1660 2204 mensas

873 2224 1002 2252 attentos,
1023 2224 1050 2246 ut
1070 2220 1171 2255 gratias
1196 2228 1279 2255 agens
1302 2221 1376 2248 dicas
1398 2229 1458 2248 cutn
1475 2222 1658 2257 Apostolo“:

878 2276 887 2292 ι
904 2265 960 2293 Νυιι
975 2266 1061 2294 solum
1076 2271 1179 2298 autem,
1194 2267 1240 2294 sed
1259 2271 1285 2294 et
1299 2267 1448 2302 gloriamur
1464 2268 1490 2295 in
1506 2267 1660 2296 tribulatio-

875 2313 982 2339 nibus.»
1001 2312 1080 2340 Initio
1095 2312 1250 2340 dicebamus
1264 2320 1324 2339 etttn
1341 2313 1386 2348 qui
1404 2313 1520 2348 proiicit,
1535 2314 1658 2342 habitare

874 2358 900 2385 in
918 2358 976 2385 loco
991 2366 1106 2393 pascuze.
1132 2358 1184 2385 Sed
1199 2366 1258 2386 cum
1278 2359 1300 2386 is
1321 2359 1365 2393 qui
1386 2360 1504 2394 proﬁcit,
1526 2360 1559 2387 ad
1577 2361 1656 2386 tinent

873 2403 1043 2437 pervenerit,
1069 2407 1132 2430 tunc
1157 2410 1218 2430 cutn
1240 2410 1291 2429 non
1316 2403 1431 2437 amplius
1457 2407 1565 2431 maneat
1589 2404 1658 2436 ovis,

874 2449 919 2475 sed
940 2452 1011 2476 totus
1035 2447 1177 2475 rationalis
1195 2447 1348 2475 declaratus
1364 2448 1409 2482 sit,
1433 2455 1552 2476 mensam
1578 2448 1659 2475 ratio-

875 2493 1008 2520 nahilibus
1031 2494 1097 2522 cibis
1120 2501 1134 2520 a
1159 2494 1212 2521 Deo
1242 2494 1403 2520 instructam
1431 2493 1521 2521 habet.
1546 2493 1659 2521 Domino

873 2541 945 2566 enim
966 2540 1095 2574 sapientia
1120 2539 1284 2574 praeparabit
1305 2545 1426 2565 mensam
1452 2545 1528 2565 suam
1552 2538 1578 2564 in
1603 2545 1657 2572 qua

874 2586 998 2613 victimas
1020 2593 1083 2613 Suas
1099 2585 1239 2621 proponit.
1252 2584 1431 2619 Quamobrem
1453 2584 1554 2620 gratias
1574 2591 1658 2620 agens

13 2692 135 2719 “Psal.
149 2683 352 2716 Lxxxvtu,5t
367 2686 394 2710 et
407 2689 465 2717 seq.
504 2682 613 2710 “Hebr.
626 2689 679 2715 xu,
694 2681 720 2710 6.
758 2681 780 2698 ³¹
799 2680 968 2711 Psal.t.xsu,
983 2677 1001 2705 2
1017 2682 1044 2705 et
1066 2684 1123 2711 seq.
1161 2676 1184 2692 ³³
1203 2676 1284 2704 Prov.
1297 2683 1356 2708 xtn,
1369 2674 1414 2703 24.
1452 2674 1476 2692 ”
1496 2673 1573 2702 Rom.
1589 2682 1615 2706 ν,
1630 2674 1658 2702 5.

12 2761 91 2799 (τι)
116 2759 262 2799 ΞΩσῗξξρ
283 2752 411 2788 ῥάϐδος,
436 2757 488 2781 etc.
512 2753 602 2781 Codex
622 2753 819 2786 Coislinianus,

7 2793 94 2827 licitae
110 2793 244 2824 Grabii.

911 2750 966 2786 (75)
982 2749 1012 2786 τι
1027 2749 1180 2783 ,ϐούλεταις
1202 2752 1256 2776 etc.
1271 2747 1362 2776 Codex
1379 2746 1581 2778 Baroccrauus,
1595 2753 1660 2781 par-

875 2787 975 2821 timque
989 2785 1143 2813 Cor-durius.
