1860 3052
193 130 261 156 1263

193 192 251 214 ait:
271 196 279 213 1
296 187 404 215 Parasti
431 188 457 215 iu
483 191 630 222 conspectu
656 193 714 212 meo
746 192 881 216 mensam,
897 195 905 210 ι
932 191 984 210 nun
1000 185 1021 212 A

193 241 297 261 morum
307 233 504 264 formatriccm,
516 237 541 259 et
552 240 610 266 qua:
624 236 698 258 recte
710 231 815 258 vivendi
830 231 983 257 rudimenta

193 279 315 306 traderet
326 279 507 313 disciplinam,
524 282 550 303 ut
568 277 652 311 prius,
669 277 716 304 sed
732 276 873 312 mysticam
896 281 924 302 ct
940 283 984 302 ve-

194 325 281 352 ritatis
305 325 576 358 contemplationem.
599 323 747 351 Considera
773 331 838 350 num
864 323 984 357 quandin

193 370 290 403 aliquis
306 375 349 397 est
364 371 389 397 in
406 370 458 397 hac
473 369 538 402 vita,
557 374 585 396 ct
600 377 649 404 per
662 370 802 403 speculum
820 377 851 397 ac
870 371 984 405 :enigma

190 416 272 452 625
288 416 369 449 videt,
387 415 446 443 ovis
464 415 498 443 sit
516 423 575 450 quzc
589 416 640 442 sub
656 421 766 450 pastore
782 421 906 451 regatur;
923 424 984 443 cum

193 469 258 487 vero
274 461 307 487 ad
325 460 454 488 stcculum
475 459 594 486 futurum
623 460 773 491 transierit,
790 465 817 486 ct
840 459 936 486 faciem
953 459 984 485 ad

193 507 287 534 faciem
309 507 435 534 veritatis
453 506 616 538 admoverit,
637 507 670 532 ad
695 506 844 540 spiritalem
864 512 985 532 mensam

196 560 360 580 accessurus
375 553 423 583 sit,
433 551 510 586 juxta
524 552 589 578 illud
603 552 626 568 ³⁵
638 561 644 578 :
658 561 666 577 1
679 551 710 578 Et
720 559 769 586 rgo
781 552 922 586 disponam
939 559 986 577 vo-

193 601 234 626 bis
243 599 460 631 Testamentum,
476 604 504 624 ut
516 598 604 626 edatis
615 603 641 625 ct
657 598 755 625 bibatis
771 605 852 632 Super
866 605 986 624 mensam

195 646 285 673 Patris
301 646 328 671 in
354 646 478 672 veritate.
496 655 504 671 ι
522 644 599 672 Unde
619 649 646 672 et
663 645 733 671 istud
742 643 764 659 ³⁸
778 652 784 669 :
798 653 807 669 1
822 643 986 678 Prmparavit

193 693 265 720 Deus
281 700 342 727 qua:
368 693 463 720 oculus
485 700 538 719 non
565 691 642 722 vidit.
658 701 667 718 ι
696 697 750 719 etc.
772 690 838 717 Illud
857 698 922 717 vero
940 700 947 716 1
962 691 986 718 in

192 744 338 773 conspectu
355 747 428 771 meo,
442 749 451 764 ›
467 739 601 774 signiﬁcat
616 743 739 772 apertam
756 737 821 764 Inibi
838 744 897 764 esse
910 744 987 763 men-

192 793 250 811 sam
268 785 404 819 eregionc
423 784 612 811 tribulautium
631 791 673 810 mc
689 782 848 813 multorum,
866 782 911 817 qni
930 790 987 809 me-

192 838 252 856 eum
279 830 437 856 inimicitias
463 837 594 857 exercere
616 828 719 856 volunt.
746 829 778 855 Et
801 836 861 855 cum
878 834 988 863 propter

192 883 240 902 eos
256 875 301 909 qui
318 874 450 901 tribulant
466 882 519 906 me,
539 874 669 901 Dominus
684 873 749 899 velit
768 880 810 899 me
834 873 923 900 valide
936 873 984 900 ad-
1002 860 1023 888 Β

194 928 292 947 versus
308 920 382 955 ipsos
406 919 557 954 insurgere,
580 919 685 954 paravit
709 919 735 946 in
758 924 905 953 conspectu
926 926 985 946 meo

195 973 329 998 mensam,
348 966 374 993 in
391 973 444 1000 qna
458 965 562 993 solidus
581 965 723 1000 appositus
738 969 780 992 est
793 964 880 996 cibus,
893 969 922 991 ut
934 965 985 993 hoc

195 1010 325 1037 atliictice
351 1016 502 1042 saturnius.
518 1017 651 1045 generose
669 1010 773 1037 valeam
792 1010 921 1037 resistere
935 1010 984 1037 ad-

194 1063 290 1083 versus
310 1063 358 1083 cos
374 1056 419 1090 qni
448 1056 579 1083 tribulant
598 1062 650 1082 me.
680 1055 766 1090 Cujus
790 1061 879 1082 autem
905 1059 986 1090 caput

193 1102 255 1127 oleo
283 1109 297 1127 a
322 1101 439 1128 Domino
466 1101 662 1136 impingnatur,
687 1100 721 1132 is,
754 1101 984 1135 quemadmodum

193 1147 322 1175 Christus
338 1152 436 1175 unctus
451 1154 466 1174 a
485 1148 540 1174 Deo
562 1147 624 1174 oleo
649 1146 850 1179 exsultationis,
863 1146 985 1174 dicet":

197 1191 318 1219 10Icum
345 1197 437 1219 autem
464 1191 619 1226 peccatoris
644 1198 699 1218 non
730 1191 881 1226 impinguet
906 1197 987 1226 caput.

194 1243 296 1264 meum.
309 1246 319 1264 ι
336 1236 469 1265 Existimo
484 1238 564 1264 etiam
578 1245 640 1265 eum
658 1238 703 1273 qui
719 1237 835 1273 jejunat,
852 1237 892 1265 sic
906 1242 988 1272 caput

194 1291 295 1318 ungere
321 1289 350 1310 et
369 1283 467 1311 faciem
490 1282 593 1311 lavare.
620 1283 653 1311 Et
673 1284 803 1318 quoniam
827 1291 882 1311 non
896 1283 986 1311 solum

195 1336 318 1357 mensam
333 1328 441 1363 paravit
462 1329 609 1363 sapientia,
625 1336 720 1357 verum
736 1330 819 1356 etiam
840 1330 867 1356 in
881 1333 988 1357 cratem

196 1375 307 1402 miscuit
328 1375 422 1402 vinum
442 1382 476 1402 ex
499 1374 557 1410 ipsa
581 1382 644 1403 vera
670 1375 725 1402 vite
744 1382 918 1410 expressum,
934 1375 987 1402 hoc

198 1427 264 1447 vero
285 1420 378 1447 viuum
400 1420 525 1453 miscuit,
548 1427 610 1448 cum
631 1421 759 1449 humanis
783 1421 875 1449 verbis
891 1428 987 1449 sensus

197 1467 303 1494 divinos
318 1466 473 1500 admiscuit,
488 1473 523 1494 ex
534 1466 667 1502 ejusmodi
681 1472 788 1496 cratere
806 1467 922 1504 singulis
932 1468 988 1496 dis-

202 1512 319 1540 u-ihuens
340 1512 455 1540 calicem
476 1514 589 1548 praebet,
605 1513 652 1549 qui
674 1514 758 1546 calix,
785 1521 847 1542 cum
874 1514 986 1550 praecla~

203 1565 256 1591 vus,
278 1558 330 1585 hoc
351 1563 392 1586 est
415 1559 552 1594 pretiosus
574 1563 603 1587 et
627 1560 747 1588 eximius
762 1559 810 1594 sit,
825 1561 986 1596 accipientis

203 1610 264 1631 esse
278 1604 390 1632 dicitur.

235 1659 372 1694 Ejusdem.
404 1659 526 1688 Primum
550 1661 660 1696 quidem
685 1666 716 1690 ut
743 1667 838 1697 pastor
862 1661 988 1691 Christus

197 1707 288 1741 pascit
304 1713 380 1739 oves,
397 1714 470 1734 nunc
487 1714 551 1734 vero
570 1712 600 1735 ut
613 1707 718 1735 amicus
741 1713 822 1736 vocat
834 1708 938 1736 amicos
955 1708 988 1736 ad

199 1760 331 1780 mensam.
346 1761 357 1778 1
380 1751 438 1780 Non
459 1753 576 1788 amplius
587 1762 600 1780 ι
617 1753 701 1787 enim,
718 1754 848 1788 inquit",
867 1763 876 1780 1
887 1762 934 1782 vos
947 1754 989 1782 di-

197 1807 231 1826 co
243 1806 348 1832 servos,
365 1799 412 1827 sed
422 1799 540 1827 amicos.
551 1809 561 1826 ι
580 1799 619 1827 ‘Ac
637 1807 731 1828 servos
746 1800 856 1835 quidem
872 1799 938 1828 facit
953 1800 987 1827 ti-

198 1852 257 1872 mor
271 1845 327 1877 Dei,
341 1845 446 1872 amicos
457 1850 546 1872 autent
562 1845 682 1880 cognitio
701 1846 896 1881 mysteriorum
913 1846 985 1881 ejus.

198 1890 318 1918 Mensam
336 1891 387 1918 hoc
409 1890 469 1918 loco
492 1890 728 1918 immortalitatem
745 1896 836 1919 vocat.
852 1891 925 1919 Istud
940 1901 989 1919 au-

199 1940 272 1962 tem:
288 1935 445 1963 1Adversus
463 1942 510 1963 eos
536 1935 583 1970 qni
602 1936 735 1963 tribulaut
757 1943 810 1970 me,
824 1945 833 1962 ι
857 1937 927 1964 idem
947 1942 989 1965 est

198 1989 241 2014 ac,
264 1981 357 2008 invitis
379 1981 414 2008 iis
437 1981 484 2015 qui
504 1981 570 2008 mihi
600 1981 775 2010 insidiantur.
802 1982 895 2018 Neque
915 1983 988 2011 enim

199 2028 327 2055 volebant
347 2027 416 2056 forte
431 2027 574 2063 Babylonii
594 2035 642 2056 eos
657 2036 670 2055 a
684 2029 846 2064 captivitate
866 2029 987 2062 liberari,

199 2073 246 2101 scd
263 2073 351 2109 Cyrus
364 2073 452 2101 victor
467 2080 515 2101 eos
531 2073 557 2101 in
571 2073 727 2102 libertatem
742 2075 873 2103 asseruit.

237 2175 318 2204 Vsus.
332 2176 359 2204 6.
377 2175 410 2203 Et
424 2176 607 2204 misericordia
623 2181 669 2204 tua
691 2177 863 2212 subsequetur
876 2186 918 2206 me
933 2186 988 2206 om-

200 2223 275 2250 ηἱίιιιε
289 2223 379 2250 diebus
394 2223 453 2250 vim
472 2230 547 2256 mete,
564 2227 618 2250 etc.
631 2223 762 2256 Quaenam
776 2227 818 2251 est
832 2223 989 2252 misericor—
1005 2208 1027 2236 Β

200 2270 244 2296 dia
270 2276 329 2303 qua:
354 2269 541 2303 subsequitur,
561 2267 614 2295 nisi
631 2268 677 2295 illa
702 2269 737 2297 de
762 2276 814 2304 qua
843 2269 988 2305 Apostolus

199 2315 238 2341 ait
249 2313 292 2341 "z
308 2324 317 2340 1
333 2314 433 2342 Factus
449 2319 490 2342 est
513 2313 593 2342 nobis
607 2314 740 2349 sapientia
756 2323 771 2342 a
786 2315 850 2347 Deo,
866 2320 893 2343 et
905 2315 988 2349 justi-

164 2373 170 2386 ,-
199 2359 249 2392 tia,
271 2364 299 2387 et
323 2359 517 2392 sanctiﬁcatio,
539 2363 567 2386 et
586 2359 777 2394 redemptioii
802 2359 989 2388 Misericordia

163 2406 169 2421 τ
198 2411 259 2440 qua:
269 2409 293 2432 te
301 2406 484 2440 subsequitur,
494 2404 615 2431 animata
624 2405 758 2439 sequitur,
769 2410 795 2433 et
803 2405 870 2433 alios
879 2406 988 2441 quidem

198 2450 389 2487 apprehendit,
399 2450 466 2478 alios
477 2457 541 2478 vero
555 2457 620 2478 non.
635 2450 719 2477 Valde
728 2450 862 2486 fugientes
875 2452 989 2481 minime

198 2497 392 2533 apprehendit,
413 2497 505 2524 minus
520 2501 612 2524 autent
635 2496 770 2532 fugientes
788 2498 862 2533 capit
889 2503 919 2525 ut
937 2499 989 2526 ini-

199 2550 332 2571 sereatur.
348 2543 407 2570 Non
423 2543 510 2570 solum
526 2547 616 2570 autem
636 2543 824 2571 misericordia
843 2545 988 2581 subsequi-

199 2593 255 2622 tur,
271 2596 364 2615 verum
379 2588 461 2615 etiam
478 2588 529 2615 hoc
541 2587 619 2620 facit,
637 2597 647 2614 1
658 2593 686 2615 ut
703 2588 853 2617 iuliabitem
864 2591 890 2618 in
908 2593 990 2620 domo

202 2634 309 2662 Domini
323 2635 348 2661 in
360 2633 557 2669 longitudinem
579 2635 694 2663 dierum.
709 2645 718 2663 ι
742 2635 894 2672 Longitudo
915 2639 987 2666 enim

238 2705 261 2720 “
274 2704 340 2732 Luc.
361 2712 429 2737 nn,
440 2704 486 2732 29.
545 2705 566 2721 “
580 2705 588 2732 l
602 2705 666 2734 Cor.
679 2714 698 2740 ι,
718 2706 745 2734 9.
797 2705 820 2722 ³⁷
836 2705 907 2734 Psal.
923 2715 984 2740 ext,
998 2708 1014 2736 5

884 124 929 150 EX
947 122 1097 152 ORIGENE

1765 121 1826 149 ιεςι

1037 183 1121 209 dimov
1133 191 1183 217 μου
1197 181 1344 218 τράπεζαν.
1357 191 1366 206 ι
1377 181 1469 208 οὐκέτι
1481 180 1669 215 εἰσαγωγικὴν
1681 179 1730 207 καὶ
1739 180 1829 214 ἠθικὴν

1035 228 1208 255 διδασκαλίαν
1227 228 1297 255 καθὰ
1317 229 1459 264 πρότερον,
1475 227 1542 254 ἀλλὰ
1561 227 1701 263 μυστικὴν
1720 227 1768 253 καὶ
1787 227 1829 260 τὴν

1036 275 1086 310 τῆς
1102 275 1229 310 ἀληθείας
1241 275 1367 311 θεωρίαν.
1380 275 1542 310 Ἐπίστησον
1557 274 1596 305 δὲ,
1612 274 1637 299 εί
1654 273 1705 299 καὶ
1719 274 1783 299 ὅσον
1795 274 1830 304 τίς

1037 321 1110 348 ἐστιν
1121 323 1149 348 ἐν
1159 321 1196 356 τῷ
1209 321 1257 356 βίῳ
1267 322 1364 356 τούτῳ,
1377 320 1410 346 δι’
1418 321 1550 356 ἐσόπτρου
1565 321 1613 346 καὶ
1623 320 1657 346 δι’
1675 320 1831 354 αἰνίγματος

1039 367 1153 402 βλέπων,
1168 367 1302 403 πρόϐατόν
1319 367 1393 393 ἐστιν
1409 366 1461 392 ὑπὸ
1477 365 1587 401 ποιμένι
1611 365 1771 400 ἀγόμενον·

1037 413 1121 445 ταεὰς
1146 413 1174 440 δὲ
1195 414 1240 440 ἐπὶ
1256 413 1302 440 τὸν
1322 412 1452 448 μέλλοντα
1469 411 1572 442 αἰῶνα,
1589 411 1747 447 πρόσωπον
1774 420 1833 446 πμς

1038 460 1184 495 πρόσωπον
1219 457 1381 495 προσὸαλὼν
1413 459 1445 493 τῇ
1484 457 1618 493 ἀληθείᾳ,
1658 459 1830 492 πνευματικῇ

1039 506 1187 541 προσϐαλεῐ
1205 505 1339 541 τραπέζῃ,
1353 504 1424 531 κατὰ
1436 503 1467 530 τό
1479 511 1485 518 ·
1508 513 1517 529 ι
1531 503 1618 537 Κάγὼ
1633 503 1763 538 θήσομαι
1779 503 1831 537 ὑμῖν

1039 552 1187 587 Διαθήκην,
1203 551 1302 578 ἐσθίειν
1319 550 1366 577 καὶ
1383 550 1469 576 πίνειν
1493 548 1539 575 ἐπὶ
1554 548 1605 583 τῆς
1621 547 1776 583 τραπέζης
1794 547 1832 574 τοῦ

1039 598 1145 633 [Ix-.95;
1159 598 1186 624 ὲν
1201 598 1233 632 τῇ
1250 596 1371 632 ἀληθείᾳ.
1387 605 1396 621 ι
1415 594 1496 621 Ὅθεν
1513 595 1560 621 καὶ
1576 595 1617 620 τό·
1637 604 1647 619 1
1673 594 1832 628 Ἠτοίμαςεν

1039 645 1052 671 ὁ
1069 644 1134 674 Θεὸς
1150 643 1168 670 ἂ
1190 642 1327 678 ὀφθαλμὸς
1341 642 1391 668 οὐκ
1406 638 1470 673 εἶδε,
1483 650 1492 665 t
1518 641 1566 667 καὶ
1588 639 1623 666 τὰ
1649 639 1731 675 ἑξῆς.
1750 639 1787 665 Tt

1043 701 1051 716 1
1065 690 1179 717 ἐνώπιόν
1197 698 1259 724 μου,
1273 698 1282 714 ι
1301 688 1376 724 δηλοῖ
1392 686 1603 723 πεφανερῶσθαι
1622 686 1675 712 καὶ
1702 684 1833 719 ἐγνῶσθαῖ

1041 745 1092 772 μου
1109 736 1158 771 τὴν
1184 734 1324 770 τράπεζαν
1346 733 1376 766 ἐξ
1399 734 1522 765 ἐναντίας
1547 733 1601 759 τῶν
1629 732 1786 759 θλιϐόντων
1809 740 1835 765 με

1040 781 1145 808 πολλῶν
1166 781 1318 816 ἐχθραίνειν
1347 789 1390 816 μοι
1419 780 1598 816 βουλομένων.
1624 780 1685 806 Καὶ
1716 779 1764 806 διὰ
1790 779 1836 805 τιίιν

1040 827 1185 854 θλιϐόντων
1205 836 1238 862 με
1254 826 1444 861 ἐξανίστασθαί
1460 835 1493 861 με
1517 825 1637 861 ἰσχυρῶς
1652 825 1727 860 πρὸς
1745 825 1836 854 αὐτοὺς

1037 875 1051 900 ὁ
1068 873 1171 909 Κύριος
1188 873 1282 904 θέλων,
1297 873 1445 908 ἡτοίμασεν
1469 871 1585 898 ἐνώπιόν
1611 880 1666 906 μου
1684 871 1836 906 cpiunt.

1036 919 1065 945 ἐν
1114 918 1250 944 ἐπίκειται
1268 916 1367 952 στερεὰ
1382 916 1480 952 τροφὴ,
1495 916 1547 947 ἵνα,
1559 915 1665 950 ταύτης
1681 913 1837 948 ἀθλητικῶς

1036 963 1220 1000 ἐμφορηθεὶς,
1246 963 1404 998 ἀντιστῆναι
1432 962 1565 996 γενναίως
1591 960 1664 996 πρὸς
1691 961 1762 991 τοὺς
1787 960 1837 986 θλί-

1037 1010 1133 1042 ϐοντας
1160 1009 1277 1045 δυνηθῶ.
1293 1006 1332 1036 Οὖ
1355 1009 1384 1035 δὲ
1411 1008 1465 1035 ἀπὸ
1488 1007 1590 1044 Κυρίου
1621 1007 1789 1034 λιπαίνεται
1813 1007 1836 1032 ἐν

1037 1056 1117 1091 ἐλαίῳ
1139 1056 1156 1092 ἡ
1173 1055 1289 1090 κεφαλὴ,
1312 1056 1385 1091 ἐρεῖ·
1403 1065 1412 1080 ι
1429 1054 1538 1081 Ἐλαιον
1554 1053 1583 1080 δὲ
1606 1052 1785 1088 ἁμαρτωλοῧ
1807 1054 1836 1087 μὴ

1037 1102 1175 1129 λιπανάτω
1189 1102 1239 1137 τὴν
1253 1101 1374 1137 κεφαλήν
1388 1109 1450 1136 μου,
1464 1110 1473 1126 ι
1488 1100 1526 1131 ὼς
1536 1098 1590 1126 ἀπὺ
1603 1099 1674 1126 θεοῦ
1693 1098 1836 1134 χριόμε-ης

1037 1147 1121 1183 ἐλαίῳ
1137 1147 1324 1182 ἀγαλλιάσεως
1344 1146 1472 1182 Χριστός.
1488 1143 1572 1181 οἶμαι
1589 1144 1630 1176 δὲ,
1648 1145 1693 1171 ὅτι
1718 1144 1773 1171 ui.
1796 1152 1836 1177 vr,-

1037 1193 1150 1225 στεύων,
1163 1193 1250 1225 οὓτως
1266 1193 1404 1227 ἀλείφεται
1421 1191 1470 1227 τὴν
1484 1190 1618 1226 κεφαλὴν,
1637 1190 1689 1217 καὶ
1704 1189 1739 1216 τὸ
1758 1189 1837 1224 πρόπ-

1036 1249 1110 1267 ωπον
1122 1240 1256 1267 νίπτεται.
1273 1239 1329 1266 Καὶ
1348 1239 1409 1265 ἐπεὶ
1430 1239 1468 1275 μὴ
1492 1238 1571 1274 μόνον
1586 1236 1739 1273 τράπεζαν
1764 1236 1834 1272 ἡτοί-

1038 1294 1123 1322 μασεν
1139 1286 1156 1321 ἡ
1174 1286 1263 1320 σοφία,
1279 1285 1347 1313 ἀλλὰ
1363 1286 1409 1312 καὶ
1424 1284 1525 1321 κράτος
1537 1284 1658 1320 ἐκέρασε
1672 1283 1722 1310 τὸν
1741 1284 1836 1316 ἑαυτῆς

1036 1329 1117 1364 οἶνον,
1139 1331 1169 1364 ἐξ
1190 1331 1275 1367 αὐτῆς
1302 1331 1502 1367 γεγεννημένον
1529 1329 1656 1365 ἀμπέλου
1685 1329 1834 1364 ἀληθινῆς,

1037 1376 1154 1413 ἐκέρασε
1174 1376 1202 1403 δὲ
1221 1375 1315 1403 τοῦτον
1337 1376 1383 1404 τὸν
1405 1373 1487 1408 οἶνον,
1514 1374 1695 1410 καταμίξασα
1722 1375 1761 1401 τὰ
1784 1375 1835 1401 θεῖα

1037 1413 1162 1459 νοήματα
1183 1421 1288 1455 λέξεσιν
1303 1422 1498 1458 ἀνθρωπίναις,
1513 1422 1546 1448 ἐκ
1559 1420 1607 1448 τοῦ
1623 1421 1759 1448 τοιούτου
1777 1430 1834 1456 xpe-

1036 1469 1119 1505 τῆρος
1137 1468 1286 1505 μερίζουσα
1300 1468 1407 1503 ἑκάστῳ
1427 1467 1518 1494 δίδωσι
1537 1467 1683 1503 ποτήριον,
1699 1468 1778 1503 ὅπερ
1797 1475 1835 1493 πι-

1037 1515 1132 1551 τήριον
1148 1515 1292 1551 κράτιστον
1311 1514 1352 1547 ὃν,
1367 1515 1491 1541 τουτέστι
1506 1513 1597 1550 τίμιον
1611 1514 1663 1541 καὶ
1685 1513 1834 1550 ἐξαίρετον.

1038 1560 1085 1588 τοῦ
1097 1560 1224 1593 λαὸόντος
1237 1560 1356 1596 λέγεται.

1077 1665 1132 1693 Τοῦ
1151 1665 1255 1693 αὐτοῦ.
1273 1664 1411 1701 Πρότερον
1431 1663 1480 1701 μὲν
1492 1663 1548 1700 (76)
1563 1663 1603 1696 ὡς
1617 1663 1732 1700 ποιμὴν
1748 1665 1765 1692 ὁ
1779 1664 1840 1699 Χρι-

1040 1712 1102 1745 στδς
1123 1712 1263 1748 ποιμαίνει
1278 1711 1313 1739 τὰ
1329 1711 1470 1748 πρόὸαταο
1483 1710 1532 1738 νῦν
1546 1711 1575 1738 δὲ
1591 1710 1690 1738 λοιπὸν
1711 1711 1755 1743 ὡς
1769 1711 1838 1746 9-219;

1039 1758 1117 1786 καλεῖ
1134 1758 1199 1790 τοὺς
1210 1757 1304 1793 φίλους
1322 1757 1370 1783 ἐπὶ
1395 1758 1445 1794 τὴν
1461 1756 1611 1793 τράπεζαν.
1623 1756 1766 1784 «Οὐκέτι»
1780 1756 1838 1790 γάρ.

1040 1805 1132 1840 φησὶν,
1147 1803 1234 1840 (ὑμᾶς
1244 1803 1318 1831 καλῶ
1333 1803 1454 1835 δούλους,
1471 1802 1538 1830 ἀλλὰ
1554 1802 1663 1838 φίλους.
1674 1811 1687 1829 ι
1708 1802 1768 1830 Καὶ
1784 1802 1836 1829 hi-

1039 1851 1103 1883 λους
1119 1850 1169 1886 μὲν
1185 1851 1257 1877 ποιεῖ
1276 1849 1358 1884 φόϐος
1377 1848 1460 1876 Θεοῦ·
1485 1849 1580 1883 φίλους
1599 1849 1631 1875 δὲ
1655 1849 1769 1883 γνῶσις
1794 1858 1838 1884 μιν

1041 1897 1160 1933 στηρίων
1184 1895 1264 1924 Θεοῦ.
1293 1895 1438 1931 Τράπεζαν
1459 1894 1576 1922 ἐνταῦθα
1606 1895 1661 1931 τὴν
1689 1896 1838 1923 ἀθανασίαν

1039 1943 1125 1977 λέγει.
1139 1941 1176 1969 Τὸ
1191 1941 1231 1975 δὲ,
1244 1951 1253 1968 1
1268 1941 1298 1975 ἐξ
1314 1941 1439 1973 ἐναντίας
1450 1940 1505 1967 τῶν
1519 1939 1669 1968 θλιϐόντων
1691 1950 1741 1976 με,
1755 1951 1765 1967 ι
1785 1941 1838 1970 ἀπὲ

1039 1988 1099 2021 τοῦ,
1128 1987 1249 2015 ἀκόντων
1268 1987 1323 2014 τῶν
1349 1986 1587 2014 ἐπιὸουλευόπων.
1611 1987 1651 2013 οὐ
1679 1987 1740 2022 γὰρ
1769 1986 1839 2013 11:693-

1039 2034 1117 2062 λοντο
1132 2033 1213 2068 τυχὸν
1229 2033 1255 2060 oi
1272 2032 1437 2060 Βαϐυλώνιοι
1451 2031 1623 2068 ἀπολυθῆναι
1640 2033 1752 2066 αὐτούς
1764 2041 1772 2048 ·
1789 2032 1803 2058 ὁ
1816 2032 1838 2058 δὲ

1040 2079 1142 2116 Κῦρος,
1164 2078 1394 2115 ὲπικρατέστερος
1419 2079 1577 2114 γενόμενος,
1602 2078 1719 2114 ἀφῆκεν
1747 2078 1838 2107 nimi;

1040 2125 1091 2161 τῆς
1107 2124 1306 2161 αἰχμαλωσίας.

1076 2180 1133 2207 Καὶ
1146 2181 1180 2207 τὸ
1196 2180 1284 2213 ἔλεός
1297 2185 1356 2207 σου
1375 2178 1589 2212 καταδιώξεται
1604 2187 1645 2214 με
1664 2180 1779 2212 πάσας
1794 2179 1838 2209 τὰς

1041 2226 1154 2262 ἡμέρας
1178 2225 1234 2261 τῆς
1260 2225 1335 2261 ζωῆς
1352 2234 1422 2261 μου,
1446 2234 1472 2252 κ.
1487 2234 1513 2251 τ.
1530 2226 1555 2253 ἐ.
1571 2225 1621 2257 Τίς
1646 2226 1729 2252 ἐστιν
1762 2225 1841 2259 (Τηέ

1041 2271 1218 2299 καταδιώκων
1242 2271 1328 2303 ἔλεος,
1351 2270 1369 2306 ἢ
1386 2270 1450 2305 περὶ
1471 2265 1502 2296 οὗ
1526 2278 1610 2306 φησιν
1627 2271 1641 2297 ὀ
1662 2270 1837 2299 ’Δπύστοὶῳ

1045 2326 1054 2343 1
1075 2317 1206 2353 Ἐγενήθη
1223 2317 1289 2352 ἡμῖν
1307 2315 1387 2350 σοφία
1402 2315 1457 2342 ἀπὸ
1473 2315 1552 2347 Θεοῦ,
1570 2315 1741 2352 δικαιοσύνη
1757 2325 1786 2343 τε
1802 2315 1839 2341 2:1

1041 2361 1192 2398 ἁγιασμὸς,
1210 2362 1257 2389 καὶ
1283 2361 1488 2397 ἀπολύτρωτις;
1502 2371 1511 2387 ι
1536 2361 1566 2388 '0
1588 2361 1782 2388 καταδιώκων
1797 2362 1836 2394 ἔβ-

1042 2408 1127 2444 ψυχός
1144 2417 1174 2435 σε
1192 2407 1265 2440 ἔλεος
1290 2407 1393 2439 διώκει,
1411 2406 1457 2439 οὓς
1482 2407 1532 2442 μὲν
1553 2406 1785 2443 καταλαμϐάνει,
1801 2406 1836 2434 ὡς

1042 2454 1071 2482 δὲ
1087 2453 1128 2481 οὗ.
1140 2454 1210 2485 Τοὺς
1231 2453 1302 2480 πάνυ
1323 2453 1473 2488 φεύγοντας
1484 2453 1514 2479 οὐ
1533 2453 1768 2488 καταλαμβάνει·
1786 2452 1837 2480 ai;

1041 2499 1070 2527 δὲ
1087 2499 1196 2526 ἔλαττον
1213 2499 1323 2535 κρατεῖ,
1347 2499 1390 2525 ἵνα
1407 2498 1516 2534 ἐλεήσῃ.
1533 2498 1571 2524 Οὐ
1600 2498 1684 2533 μόνον
1713 2498 1746 2525 δὲ
1774 2498 1838 2526 ἒλεῡς

1042 2545 1224 2578 καταδιώκει,
1248 2545 1317 2572 ἀλλὰ
1339 2544 1384 2571 καὶ
1406 2543 1485 2570 τοῦτο
1505 2544 1595 2574 ποιεῖ,
1620 2553 1631 2569 1
1646 2544 1678 2570 τὸ
1702 2544 1836 2571 132011;?-

1046 2602 1078 2629 με
1094 2594 1122 2620 ἐν
1133 2593 1200 2628 οῐκῳ
1213 2591 1316 2628 Κυρίου
1331 2591 1370 2623 είς
1391 2589 1550 2625 μακὶρότητα
1571 2589 1700 2625 ἡμερῶν.
1720 2600 1732 2616 ι
1753 2590 1837 2622 Μῆτις

1045 2641 1098 2676 γὰρ
1120 2639 1227 2676 χρόνον,
1252 2637 1301 2665 καὶ
1326 2637 1366 2663 ἔτι
1382 2635 1470 2670 ζωῆς,
1493 2636 1522 2662 ἐν
1542 2635 1616 2671 δεξιᾷ
1646 2636 1700 2670 τῆς
1731 2637 1836 2670 ωςᾷις·

1064 2709 1086 2725 ³⁸
1099 2709 1178 2737 Joan.
1191 2716 1237 2742 xv,
1255 2707 1299 2736 Η.
1337 2706 1360 2723 ”
1375 2705 1384 2733 Ι
1399 2705 1462 2733 Cor.
1477 2713 1497 2741 ι,
1518 2705 1564 2733 50.

240 2796 296 2830 (76)
317 2797 465 2829 Πρότερον
476 2795 543 2830 μέν,
567 2799 619 2823 etc.
641 2794 754 2824 Scheda:
771 2794 864 2831 Grabii
876 2815 884 2830 ,
903 2796 986 2824 codex

1078 2799 1194 2828 ini-anus.

242 2831 298 2866 (Π)
317 2832 364 2864 Τίς
378 2831 473 2863 ἐστιν,
487 2835 541 2858 etc.
558 2831 714 2859 Cot‘derius.
