1860 3052
43 107 100 133 IL’hS

503 103 655 132 SELECTA
674 103 707 132 IN
726 103 894 132 PSAthOS.
915 120 949 125 —
967 104 1064 132 PSAL.
1087 103 1183 132 XXIII.

1571 105 1640 132 1ξῦίῖ

39 168 126 203 ἡμέραι
146 166 174 193 δὲ
197 164 270 202 ζωῆς
298 165 433 201 φωισμοί
450 165 503 192 εισι
526 165 649 201 διάφοροι
673 166 722 201 τῆς
749 165 811 201 ἀλη-

889 166 1007 201 Imporis,
1019 166 1073 194 imo
1089 169 1116 193 et
1134 166 1207 198 vitaz,
1222 165 1248 192 in
1258 165 1368 192 dextera
1381 170 1424 193 est
1436 165 1574 200 sapicntiaa
1584 175 1591 194 :
1603 168 1662 194 dies

38 213 110 244 θείας.

309 303 455 330 ΨΛΛΜΟΣ
474 303 536 330 ΚΡ.

69 349 119 377 Τοῦ
138 349 249 383 Κιιρίου
265 349 284 384 ἡ
313 349 350 384 γῆ
375 349 423 377 καὶ
450 350 483 377 τὸ
498 349 644 384 πλήρωμα
667 349 771 384 αὐτῆς,
797 350 816 384 ή

34 395 184 430 οἰκουμένη
195 415 202 427 ,
224 395 273 422 καὶ
289 395 400 428 πάντες
413 397 442 422 οἱ
455 396 666 429 κατοικοῦντες
677 397 712 423 ἐν
727 395 814 430 αὐτῇ,

33 449 55 467 κ,
70 449 93 467 τ.
111 441 132 467 ἐ.
149 441 220 476 Ὅρα
245 440 273 467 δὲ
288 441 334 467 καὶ
354 440 441 472 οὕτως
458 441 526 476 (78),
547 442 571 468 εί
592 441 629 477 μὴ
648 442 747 474 πάντες
770 442 816 469 ἆν-

32 487 129 521 Ορωποι
147 486 226 522 μερὶς
239 486 354 522 Κυρίου,
372 487 419 513 καὶ
435 487 483 522 οὐχ
494 487 588 519 ἁπλῶς
605 488 750 514 ἀκουστέον
768 487 815 514 τοῦ

31 532 128 563 πάντας
148 533 211 564 τοὺς
228 532 422 565 κατοικοῦντας
439 533 488 568 τὴν
504 533 665 569 οἰκουμένην
682 531 751 560 εἶναι
768 533 814 560 τοῦ

30 579 136 614 Κυρίου,
150 579 174 605 εί
198 579 235 614 μὴ
251 578 305 614 ἄρα
319 579 362 606 διὰ
384 579 433 615 τὴν
451 579 546 615 κλῆσιν
563 579 612 615 τὴν
629 580 683 607 ἀπὸ
706 580 814 607 πάντων

29 624 80 650 τῶν
91 624 173 651 ἐθνῶν
186 625 264 651 τοῦτο
282 626 493 661 προφητεύεται.

62 671 115 698 Τοῦ
141 671 245 698 αὐτοῦ.
274 671 331 707 Πρὸ
352 671 402 708 τῆς
432 672 550 708 Χριστοῦ
581 673 636 708 (79)
663 674 812 709 ἐπιδημίας

27 717 141 751 γνωστὸς
159 718 189 744 ὲν
208 719 240 752 τῇ
263 718 378 754 Ἰουδαίᾳ
401 719 480 754 μόνον
496 717 530 755 ἦν
548 720 562 747 ό
577 720 659 752 Θεός·
677 721 706 754 ἐξ
730 718 760 748 οὗ
783 721 811 748 δὲ

24 763 136 798 Χριστὸς
162 762 328 799 ἐπεδήμησε,
345 764 392 791 τοῦ
417 764 520 801 Κυρίου
546 766 621 792 πᾶσα
642 767 730 802 ὴ.γῆ.
755 768 810 794 Καὶ

24 808 86 844 πρὶν
107 808 157 843 μὲν
181 809 231 844 τῆς
247 808 365 845 Χριστοῦ
385 809 532 846 ἐπιδημίας
551 811 601 838 οὐκ
616 809 650 847 ἦν
671 812 761 848 εὑρεῖν
783 814 811 839 ὲν

21 855 95 890 πάσῃ
111 855 145 890 τῇ
160 855 196 890 γῇ
215 854 362 890 πλήρωμα,
383 855 440 882 ἀλλ’
459 854 493 892 ἦν
507 856 541 883 τὰ
555 857 669 885 πλεῖστα
683 858 733 893 τῆς
747 859 810 894 γῆς,

19 901 43 926 εἰ
56 899 97 926 δεῖ
114 899 202 932 οὕτως
220 901 317 933 εἰπεῖν,
336 901 462 937 κενότης’
477 903 522 929 ὅτε
536 903 564 929 δὲ
580 904 696 939 Χριστὸς
713 904 811 940 ἐπεδή-

21 954 99 981 μησε,
118 946 212 973 πολλοὶ
233 946 334 974 εἴποιεν
350 946 383 975 ἂν
405 948 458 975 τῶν
475 950 693 977 πεπιστευκότων
712 952 744 978 ὲκ
757 951 811 978 τῶν

17 992 119 1019 ἐθνῶν·
139 1003 148 1019 ι
172 993 219 1020 Ἐκ
235 993 282 1020 τοῦ
298 993 481 1030 πληρώματος
504 995 587 1022 αὑτοῦ
607 996 706 1029 πάντες
729 999 810 1034 ἡμεῖς

15 1039 151 1076 ἐλάϐομεν
168 1048 174 1055 ·
190 1050 199 1066 ι
219 1040 265 1068 καὶ
285 1040 330 1067 διὰ
353 1041 432 1068 τοῦτο
456 1042 538 1069 αὐτοῦ
566 1040 635 1070 εἶναι
662 1043 808 1080 πλήρωμα.

15 1085 51 1111 Οὐ
71 1085 127 1121 γὰρ
144 1086 172 1112 οί
189 1086 263 1113 κενοὶ
278 1086 330 1121 τῆς
345 1087 417 1114 κατὰ
432 1087 462 1114 τὸ
480 1087 647 1122 Εὐαγγέλιον
671 1089 809 1123 πολιτείας

14 1128 155 1165 πλήρωμα
183 1127 238 1156 εἷεν
254 1128 382 1166 Χριστοῦ.
406 1132 442 1157 Οὐ
470 1131 551 1167 μόνον
564 1132 593 1158 δὲ
617 1134 633 1168 ὴ
652 1133 688 1168 γῆ
712 1135 809 1162 καὶτὸ

14 1175 155 1210 πλήρωμα
171 1175 267 1211 αὐτῆς,
284 1175 351 1203 ἀλλὰ
368 1177 416 1204 καὶ
439 1177 455 1212 ή
473 1177 628 1214 οἰκουμένη.
651 1178 695 1205 Ἐν
711 1179 808 1216 ἐρήμῳ

12 1223 138 1248 κατοικεῖ
160 1222 176 1248 ὁ
191 1222 367 1257 ἁμαρτωλὸς,
391 1224 405 1249 ό
420 1223 448 1249 δὲ
465 1223 493 1250 ὲν
515 1225 548 1259 τῇ
570 1224 719 1262 Ἐκκλησία
744 1235 808 1261 τυγ-

10 1266 101 1301 χάνων
127 1269 162 1303 τῇ
181 1268 385 1304 πεπληρωμένη
403 1268 455 1304 τ’ἠς
480 1269 560 1303 ἁγίας
580 1269 705 1306 Τριάδος,
730 1268 807 1305 οὗτος

10 1316 137 1341 κατοικεῖ
152 1315 206 1350 τὴν
230 1315 403 1350 οἰκουμένην,
428 1315 489 1351 ἣτις
513 1316 619 1352 ὲστὶνὴ
643 1317 805 1353 Ἐκκλησία,

10 1359 54 1385 ἐπὶ
77 1359 230 1386 θαλασσῶν
249 1359 303 1386 τῶν
335 1361 494 1396 πειρασμῶν
516 1361 569 1389 ὑπὸ
592 1363 695 1399 Κυρίου
724 1364 806 1400 θεμε-

10 1402 154 1441 λιουμένη,
171 1405 219 1432 καὶ
233 1406 261 1432 ὲν
275 1406 366 1438 αὐτοῖς
376 1406 490 1439 νικῶσα,
502 1408 545 1436 ἵνα
560 1408 629 1444 μετὰ
641 1409 720 1437 τοῦτο
734 1418 807 1438 πατι-

10 1450 109 1486 ζομένη
124 1451 176 1477 ἐπὶ
195 1451 318 1486 ποταμοῦ
334 1451 493 1490 ἑτοιμασθῇ.

43 1497 92 1529 Τίς
117 1495 367 1530 ἀναϐήσεταιεις
383 1498 416 1524 τὸ
442 1498 510 1532 ὄρος
533 1500 586 1527 τοῦ
606 1501 732 1535 Κυρίου,
757 1502 806 1530 καί

10 1543 46 1575 λίς
61 1542 222 1576 στήσεται
242 1543 278 1569 ἐν
292 1544 373 1577 τόπῳ
388 1544 461 1578 ἁγίῳ
480 1546 591 1578 αὺτοῦ;
613 1555 640 1574 κ.
653 1556 678 1574 τ.
694 1548 718 1574 ἑ.
737 1548 807 1584 Σύγ-

10 1596 96 1623 ιρινον
114 1589 146 1615 δὲ
161 1588 254 1615 ταῦτα
269 1588 324 1624 (80)
338 1589 387 1625 τῷ,
406 1599 416 1615 ι
430 1590 527 1627 Κύριε,
543 1591 586 1624 τίς
601 1594 762 1630 παροικήσει
777 1596 807 1622 ἐν

11 1635 35 1669 ᾦ
53 1635 230 1671 σκηνώματί
247 1637 375 1668 σουμκαὶ
389 1637 424 1664 τὰ
443 1637 524 1673 ἐξῆς’
543 1638 590 1665 καὶ
606 1639 668 1674 ὅρα,
685 1639 726 1666 ὅτι
749 1641 808 1668 ἐκεῖ

10 1680 47 1706 ιὲν
72 1681 221 1717 πρότερον
245 1683 408 1718 παροικήσει
431 1683 460 1710 ἐν
487 1683 646 1720 σκηνώματι
666 1685 769 1721 Κυρίου
792 1687 807 1713 ὁ

10 1727 114 1759 οιόσδε,
141 1727 248 1754 ἔπειτα
268 1728 474 1764 κατασκηνώσει
492 1730 520 1756 ὲν
537 1731 595 1767 δρει
620 1731 689 1767 ἁγίῳ
706 1733 787 1759 αὐτοῦ
798 1742 804 1748 ·

10 1771 90 1798 νϐἁδε
107 1772 140 1805 δὲ
171 1772 308 1809 πρότερον
333 1774 499 1810 ἁναῦήσεται
515 1776 555 1807 είς
579 1776 643 1813 ὅρος
666 1777 769 1813 Κυρίου
791 1779 805 1805 ὁ

10 1818 110 1850 ῑιόσδε,
128 1818 268 1854 δεύτερον
284 1819 313 1846 δὲ
329 1821 456 1855 στήσεται
477 1822 506 1848 ἐν
520 1821 559 1857 τῷ
575 1822 649 1858 τόπῳ
668 1823 738 1860 ἁγίῳ
758 1825 806 1851 αὑ-

10 1864 46 1891 )ὖ.
74 1865 138 1891 Καὶ
165 1865 236 1901 ὅρος
259 1865 308 1900 μέν
325 1874 391 1901 φησι
408 1866 511 1902 Κυρίου
527 1867 557 1894 τὸ
572 1868 678 1896 τελικὸν
703 1869 805 1904 ἀγαθὸν

10 1910 31 1936 ιὶ
47 1911 99 1937 τὸν
118 1911 199 1937 Θεὸν
218 1911 319 1945 Λόγον·
337 1912 449 1944 σπάνιος
466 1912 519 1948 γὰρ
536 1914 550 1939 ὁ
564 1913 632 1949 πρὸς
652 1914 701 1950 τὴν
715 1915 806 1951 ἀκρώ-

10 1966 63 1983 .ιαν
79 1957 177 1983 αὐτοῦ
203 1956 249 1983 διὰ
263 1958 404 1993 προκοπῆς
420 1958 553 1993 ἀναϐῆναι
570 1959 734 1995 δυνάμενος·
750 1962 764 1988 ὁ
776 1961 804 1988 δὲ

10 2002 174 2034 λειωοεὶς,
206 2001 306 2037 μηκέτι
333 2002 488 2038 περαιτέρω
510 2006 609 2041 χωρεῖν
629 2003 684 2038 οἷός
701 2015 731 2032 τε
755 2006 802 2039 ὣν,

10 2057 97 2074 εαται
115 2047 244 2082 βέϐαιος
267 2047 314 2073 καὶ
336 2048 513 2082 χρηματίζων
530 2050 607 2083 ἆγιος
624 2050 705 2083 τόπος
723 2050 801 2078 Θεοῦ.

10 2093 97 2119 »πίσω
132 2092 200 2128 γὰρ
219 2091 322 2126 Κυρίου
341 2092 522 2128 πορευόμενος
550 2094 705 2127 ἀναϐαίνει,
723 2103 732 2121 t
749 2095 803 2123 τῶν

870 218 961 240 autem
975 213 1037 240 vita:
1048 217 1111 240 sunt
1122 212 1237 240 diversae
1251 211 1446 240 illustrationcs
1461 212 1596 240 veritatis.

1076 303 1160 339 626
1175 302 1235 330 PSA
1241 302 1286 330 LM
1292 302 1335 330 US
1352 301 1447 329 XXIII.

905 348 987 377 Vens.
1003 350 1029 376 I.
1045 349 1152 376 Domini
1167 354 1204 376 est
1222 355 1293 376 terra
1305 354 1330 376 et
1350 349 1487 383 plenitudo
1499 348 1568 382 ejus,
1589 348 1661 374 orlzis

867 400 1010 425 terrarum.
1029 400 1054 422 et
1080 395 1194 422 universi
1214 395 1257 430 qui
1284 395 1404 421 habitant
1419 395 1445 420 in
1463 402 1502 423 eo.
1520 399 1573 420 etc.
1595 393 1662 420 Vide

866 442 948 469 etiam
964 442 1002 468 sic
1020 449 1112 469 annon
1124 441 1245 468 universi
1259 441 1382 468 homines
1391 448 1453 474 pars
1468 440 1523 467 sint
1540 439 1661 470 Domini,

867 492 917 512 nec
933 486 1095 520 simpliciter
1108 486 1295 521 accipiendum
1317 485 1353 512 sit
1369 493 1466 513 omnes
1477 485 1552 513 orbis
1568 490 1658 512 terra-

867 539 926 557 rum
943 531 1113 559 habitatores
1127 539 1188 559 esse
1204 531 1324 563 Domini,
1345 532 1397 559 nisi
1411 536 1522 566 propter
1536 530 1660 558 vocatio-

866 584 927 603 nem
948 585 1008 611 quae
1028 585 1062 605 ex
1085 578 1212 606 omnibus
1227 578 1354 614 gentibus
1371 577 1442 605 facta
1455 582 1509 610 est,
1524 578 1576 605 hoc
1587 576 1660 605 vali-

867 623 955 650 cinetu
962 631 984 649 I'.

866 675 869 678 ’
901 668 1039 703 Ejusdem.
1053 668 1124 696 Ante
1142 668 1243 696 Christi
1258 670 1405 702 adventum
1424 674 1506 696 notus
1521 667 1610 696 solum
1629 667 1655 694 in

864 713 956 741 Judzea
981 714 1051 741 Deus
1073 713 1141 747 fuit;
1166 721 1200 742 cx
1217 722 1271 748 quo
1287 719 1376 742 autem
1392 715 1519 742 Christus
1533 713 1654 744 advenit,

865 759 972 787 homini
992 765 1033 788 est
1056 760 1184 788 universa
1206 764 1289 787 terra.
1305 761 1338 788 Et
1354 761 1512 796 priusquam
1528 760 1656 789 Christus

829 805 847 832 Β
863 806 1016 839 adveniret,
1033 814 1088 834 non
1107 811 1167 833 erat
1186 806 1211 833 iu
1227 806 1353 834 universa
1367 812 1439 834 terra
1455 807 1653 842 plenitudinem

863 851 996 885 invenire,
1009 852 1058 879 sed
1077 855 1138 879 erat
1152 851 1270 878 maxima
1291 859 1354 887 pars
1377 857 1465 885 terrae,
1483 852 1505 880 si
1528 853 1568 880 sic
1580 852 1652 886 loqui

863 896 904 924 fas
926 902 979 929 est,
1004 898 1145 931 vacuitas;
1162 899 1272 934 quando
1289 903 1377 925 autem
1393 898 1519 925 Christus
1532 898 1653 928 advenit,

863 943 971 978 plurimi
999 943 1094 971 ﬁdeles
1111 951 1145 971 ex
1171 944 1299 980 gentibus
1314 945 1406 971 dicere
1421 943 1553 979 possint‘o
1567 953 1574 971 :
1592 952 1601 968 ι
1618 943 1655 970 De

861 988 1031 1023 plenitudine
1047 988 1106 1024 ejus
1128 996 1177 1017 nos
1206 996 1304 1016 omnes
1327 990 1501 1024 aeccpimus;
1520 999 1529 1015 ›
1548 994 1576 1016 et
1592 996 1653 1022 pro-

861 1039 954 1068 pterea
978 1042 1008 1062 se
1029 1041 1092 1062 esse
1115 1035 1175 1070 ejus
1196 1034 1405 1070 plenitudinem.
1433 1034 1493 1061 Non
1510 1035 1582 1062 enim
1606 1036 1651 1068 qui

860 1081 1016 1115 evangeliea
1035 1080 1204 1108 institutione
1214 1081 1292 1108 vacui
1304 1085 1379 1112 sunt,
1393 1080 1533 1115 plenitudo
1548 1081 1651 1108 Christi

860 1132 919 1152 esse
938 1130 1061 1160 possunt.
1079 1125 1138 1153 Non
1156 1125 1242 1153 solum
1269 1131 1360 1153 autem
1381 1131 1452 1153 terra
1469 1133 1495 1153 ct
1513 1126 1653 1161 plenitudo

859 1171 929 1206 ejus,
950 1172 997 1198 sed
1024 1176 1053 1199 et
1079 1171 1154 1199 orbis
1177 1177 1312 1200 terrarum
1336 1172 1422 1206 ipsius
1449 1177 1502 1199 est.
1519 1172 1652 1199 PCL'CtIIOI'

860 1215 964 1243 habitat
986 1217 1014 1243 in
1036 1216 1161 1250 deserto;
1176 1217 1222 1251 qui
1245 1223 1309 1244 vero
1325 1216 1351 1244 in
1366 1217 1498 1250 Ecclesia,
1509 1225 1569 1252 (pne
1588 1225 1651 1245 san-

859 1262 986 1289 ctissima:
1001 1261 1143 1289 Trinitatis
1159 1263 1238 1296 plena
1254 1268 1307 1296 est,
1325 1269 1524 1295 commoratur,
1536 1263 1581 1290 hic
1603 1271 1650 1290 or-

858 1308 919 1335 bem
945 1314 1080 1336 terrarum
1103 1309 1248 1343 inhabitat,
1265 1317 1324 1344 qua:
1355 1315 1397 1337 est
1426 1309 1546 1337 Ecclesia
1569 1317 1650 1344 super

859 1355 946 1382 maria
973 1355 1151 1383 tentationum
1173 1362 1189 1382 a
1218 1355 1332 1385 Domino
1349 1356 1459 1383 fundata
1488 1361 1516 1384 et
1535 1356 1562 1383 in
1583 1357 1651 1391 ipsis

858 1407 1003 1437 superans,
1031 1406 1061 1429 ut
1086 1402 1259 1438 postmodum
1281 1407 1375 1438 potata
1404 1403 1432 1431 in
1451 1401 1563 1430 ﬂumine
1580 1411 1650 1438 prae-

860 1451 952 1482 parata
966 1447 1014 1475 sit.

893 1492 976 1520 Vens.
991 1493 1018 1521 5.
1037 1493 1104 1527 Qui:
1123 1495 1246 1523 ascendet
1266 1495 1294 1522 in
1321 1500 1437 1523 montem
1463 1495 1582 1529 Domini,
1601 1501 1650 1523 aut

856 1539 914 1574 quis
929 1539 1008 1566 stabit
1020 1541 1048 1567 in
1061 1540 1118 1568 loco
1133 1545 1224 1569 sancto
1238 1541 1317 1576 ejus?
1328 1547 1384 1570 etc.
1403 1542 1504 1570 Confer
1516 1543 1573 1570 lucc
1587 1550 1648 1569 cum

858 1585 920 1614 istis
932 1586 953 1602 ’θί
977 1595 984 1614 :
1010 1595 1020 1613 ι
1036 1586 1159 1621 Domine,
1189 1588 1251 1622 quis
1274 1588 1408 1617 habitabit
1425 1589 1451 1616 in
1470 1589 1648 1616 tabernaequ

858 1633 925 1660 tuo?
941 1642 950 1659 I
967 1637 1037 1666 etc.;
1055 1638 1083 1661 et
1103 1633 1166 1661 vide
1181 1634 1254 1662 hunc
1268 1635 1377 1669 quidem
1402 1635 1436 1662 ibi
1454 1636 1530 1670 prius
1543 1628 1649 1663 habita~

858 1684 948 1706 tttrum
975 1679 1001 1707 in
1028 1680 1204 1708 tabernaculo
1230 1681 1348 1714 Domini,
1372 1680 1472 1709 deinde
1499 1686 1596 1709 autent
1619 1682 1646 1709 in

857 1730 950 1753 monte
961 1731 1056 1753 sancto
1071 1725 1130 1760 ejus
1146 1735 1153 1754 :
1167 1726 1211 1754 hic
1223 1734 1290 1754 vero
1304 1727 1379 1761 prius
1395 1734 1573 1754 ascensurum
1586 1735 1648 1755 esse

857 1771 884 1798 in
903 1775 1021 1798 montem
1041 1772 1158 1806 Domini,
1190 1777 1219 1800 ut
1239 1773 1336 1800 deinde
1357 1777 1412 1800 stet
1435 1773 1461 1799 in
1478 1773 1538 1800 loco
1551 1779 1647 1801 sancto

856 1815 925 1850 ejus.
950 1817 983 1844 Et
1013 1822 1131 1845 montem
1154 1817 1264 1853 quidem
1291 1818 1398 1845 Domini
1424 1818 1490 1846 dicit
1510 1827 1646 1846 summum

857 1863 968 1895 bonum,
985 1868 1010 1890 et
1029 1863 1112 1891 Deum
1128 1863 1249 1892 Verbum
1266 1871 1277 1890 ι
1292 1871 1370 1892 rarus
1382 1865 1455 1892 enim
1472 1869 1515 1893 est
1533 1865 1580 1900 qui
1601 1866 1646 1901 ju-

855 1908 926 1944 giter
949 1909 1113 1943 proficieudo
1135 1909 1170 1937 ad
1194 1910 1254 1944 ejus
1272 1910 1406 1938 verticem
1423 1911 1579 1947 pertingere
1598 1919 1646 1939 va—

855 1954 920 1981 Icat.
941 1954 993 1986 Qui
1017 1962 1081 1982 vero
1107 1955 1246 1990 perfectus
1263 1960 1315 1990 est,
1337 1963 1399 1984 eum
1418 1964 1473 1983 non
1490 1957 1575 1991 possit
1591 1961 1647 1985 teu-

855 2001 920 2028 dere
943 2001 1069 2035 ulterius,
1095 2006 1151 2029 stat
1179 2001 1283 2034 III‘tllllS,
1303 2007 1332 2030 et
1353 2006 1465 2030 vocatur
1488 1996 1564 2030 Iocus
1582 2010 1644 2030 san-

855 2049 915 2073 ctus
937 2045 996 2073 Dei.
1018 2045 1084 2073 Nam
1109 2047 1155 2081 qui
1181 2047 1325 2074 Dominum
1346 2048 1480 2082 sequitur,
1506 2048 1644 2081 ascendit,

858 2100 867 2116 ι
883 2098 941 2125 qua:
960 2096 1033 2118 retro
1056 2096 1119 2119 sunt
1140 2092 1316 2127 obliviscens,
1332 2093 1365 2120 ad
1381 2101 1412 2120 ea
1427 2100 1491 2121 vero
1506 2100 1566 2128 qua:
1581 2098 1647 2121 sunt

13 2138 98 2165 ισθεν
128 2136 408 2172 ἐπιλανθανόμενος,
431 2140 486 2171 τοῖς
509 2139 537 2165 δὲ
562 2139 717 2176 ἔμπροσθεν
752 2142 802 2169 ὲπ-

889 2137 945 2163 iora
971 2138 1121 2166 extendens
1140 2138 1179 2165 δ’»
1207 2139 1338 2173 seipsum,
1362 2138 1443 2167 tinem
1469 2139 1572 2167 habens
1596 2139 1646 2166 ho»

10 2184 202 2220 τείνόμενος,
220 2192 229 2208 ι
240 2182 315 2214 τέλος
327 2183 395 2218 ἔχων
403 2184 503 2218 ἀγαθὸν
514 2185 544 2212 τὸ
556 2186 648 2221 στῆναι
659 2186 727 2222 μετὰ
735 2187 801 2214 Θεὸν

14 2231 103 2265 τόπῳ
121 2229 212 2264 ἁγίῳ
235 2228 328 2255 αὐτοῦ.
350 2229 382 2255 El
406 2229 533 2264 βούλεσθε
556 2231 731 2267 παράδειγμα
754 2232 802 2259 λα-

11 2284 27 2301 ν
52 2275 119 2302 ἀπὸ
149 2274 219 2300 τῶν
243 2273 322 2309 ἱερῶν
345 2275 526 2310 γραμμάτων,
545 2276 664 2311 Μωῡσῆς
682 2276 746 2313 ἔστη
772 2278 801 2303 ὲν

10 2331 45 2357 τῳ
78 2320 283 2356 ἀγιάσματος
299 2320 345 2346 τοῦ
363 2321 445 2347 Θεοῦ·
464 2321 532 2357 πρὸς
548 2321 578 2349 ὃν
591 2320 666 2349 εἶπεν
683 2323 697 2349 ὁ
713 2323 778 2355 Θεός
792 2332 798 2339 ·

12 2370 28 2395 ὖ
51 2368 84 2394 δὲ
113 2365 221 2394 αὐτοῦ
250 2365 328 2401 στῆθι
353 2368 410 2402 μετ’
433 2367 531 2403 ἐμοῦ.)
556 2368 625 2395 ’Λλλ¹
647 2369 687 2395 ὅτι
709 2368 801 2405 ζητεῖς

10 2423 103 2450 ασμα.
137 2412 199 2440 τοῦ
219 2411 300 2444 Θεοῦ,
315 2412 382 2439 ὅπου
397 2413 437 2439 δεῖ
453 2414 562 2448 στῆναι·
592 2424 600 2440 ι
616 2414 671 2440 Καὶ
685 2414 800 2450 ἔστησεν

25 2462 156 2496 πέτραν
174 2459 253 2489 τοὺς
273 2459 355 2491 πόδας
372 2468 433 2494 μου,
446 2469 455 2485 ›
470 2460 595 2494 λέγουσιν
610 2461 635 2487 οί
650 2462 798 2497 προφῆται,

10 2511 19 2536 ί
47 2520 57 2535 ι
79 2508 193 2543 πέτρα
218 2502 257 2540 ἦν
269 2506 282 2532 ό
299 2506 425 2540 Χριστός.
439 2515 447 2531 ι
467 2506 608 2541 Μάοωμεν
626 2506 654 2533 δὲ
667 2507 709 2539 τίς
726 2508 799 2534 ἐστιν

10 2558 44 2583 ὒν
58 2551 272 2588 ἐπαγγελιῶν
283 2550 385 2577 τούτων
398 2551 567 2586 τευξόμενος.

10 2601 122 2634 305,0;-
157 2596 266 2633 χερσί
290 2596 340 2624 καί
357 2597 485 2631 καθαρὸς
506 2595 544 2631 τῇ
560 2597 676 2632 καρδίᾳ,
697 2607 760 2625 κ.τ.
774 2599 796 2626 ἑ.

27 2681 129 2710 Joan.
152 2676 243 2711 IJG.
281 2676 301 2692 “
320 2676 392 2704 Psal.
409 2685 464 2711 xtv,
481 2678 506 2705 I.
545 2678 567 2694 “
584 2678 697 2714 Philipp.
716 2687 757 2712 Ill,
773 2680 811 2707 15⁴

892 2679 978 2706 Exod.
992 2687 1083 2707 xxxiv.

856 2191 930 2214 num,
946 2188 975 2210 ut
991 2188 1046 2211 stet
1060 2189 1120 2218 post
1139 2185 1222 2212 Deum
1242 2186 1268 2212 in
1282 2185 1342 2213 loco
1365 2190 1460 2213 sancto
1484 2186 1553 2220 ejus.
1568 2186 1644 2219 Quod

855 2229 877 2256 si
899 2228 980 2255 vultis
1005 2237 1037 2256 ex
1064 2229 1149 2257 sacris
1170 2229 1322 2266 Seripturis
1344 2231 1499 2265 exetuplum
1524 2239 1644 2261 sumere.

855 2275 931 2302 stetit
953 2275 979 2302 in
1007 2275 1069 2302 loco
1087 2277 1313 2304 sanctiﬁcationis
1331 2277 1378 2304 Dei
1394 2277 1500 2312 Moyses
1515 2278 1548 2304 ad
1564 2286 1644 2313 quem

855 2320 921 2347 dixit
935 2320 974 2348 “z
990 2331 998 2346 I
1013 2321 1051 2349 Tu
1071 2329 1134 2348 vero
1149 2322 1204 2349 illic
1219 2327 1262 2349 sta
1278 2330 1396 2350 meeum.
1408 2333 1417 2349 ι
1436 2323 1488 2350 Sed
1501 2325 1565 2358 quia
1581 2332 1645 2351 san-

855 2366 1049 2394 ctificationem
1081 2367 1126 2394 Dei
1144 2369 1245 2403 (pueris
1268 2368 1313 2396 ubi
1333 2372 1407 2396 stare
1432 2374 1567 2404 oporteat,
1585 2377 1646 2404 pro-

854 2414 942 2447 phetae
965 2413 1060 2441 dicunt
1083 2424 1089 2441 :
1116 2415 1169 2441 «Et
1194 2415 1290 2442 statuit
1321 2422 1403 2450 super
1435 2420 1540 2450 petram
1561 2415 1646 2450 pedes

855 2467 929 2487 meos
937 2459 970 2494 “,
984 2470 993 2486 ι
1010 2462 1139 2495 quoniam
1155 2466 1252 2496 «petra
1268 2461 1466 2489 eratChristus
1476 2461 1525 2488 “.t
1546 2461 1642 2488 Disca-

854 2512 915 2533 mus
931 2512 1022 2533 autent
1039 2507 1166 2541 quisnam
1182 2508 1217 2535 sit
1231 2508 1277 2543 qui
1294 2507 1489 2543 promissioues
1505 2506 1644 2541 hujusmo-

854 2552 879 2579 di
894 2557 1086 2587 consequatur.
1476 2556 1480 2560 ‘

888 2596 970 2632 627
989 2596 1068 2624 Vens.
1084 2598 1110 2625 4,
1128 2597 1257 2626 Iunacms
1271 2599 1392 2626 munibus
1403 2604 1427 2627 et
1440 2601 1538 2627 mundo
1553 2600 1642 2631 corde.

1124 2680 1146 2696 ⁵⁸³
1160 2680 1230 2708 I‘sul.
1248 2689 1342 2714 sun",
1357 2681 1382 2709 5.
1427 2681 1448 2697 ⁵⁵
1465 2682 1548 2710 lCor.
1571 2691 1596 2714 κ,
1615 2683 1640 2710 Α.

15 2764 49 2798 3)
76 2762 168 2798 ’Ὧρα
251 2757 298 2798 κει-ί
315 2757 418 2798 οὕτως,
434 2764 487 2786 etc.
504 2759 618 2798 St'lterdaer
629 2761 733 2798 Grabii,
744 2762 811 2789 liut‘lt

70 2793 145 2830 "13¢
170 2793 246 2825 τῆς
268 2794 408 2832 xli/frmi},
430 2800 482 2820 etc.
510 2796 672 2832 (Iorderius,
694 2797 839 2824 Barbarus.

10 2828 48 2869 γυ)
69 2828 282 2867 εὐποιία-[νον
296 2828 328 2854 δὲ
344 2829 447 2863 ταῦτα,
460 2835 513 2858 etc.
528 2830 628 2858 Partim
643 2832 799 2868 Cotdcrius,
812 2837 838 2861 et
857 2833 962 2862 schedm
976 2834 1079 2870 Grabii,
1101 2843 1132 2863 ac
1146 2835 1290 2864 Barbarus.
